4172 6184
345 205 413 264 85
1119 196 1496 254 MORALIUM
1535 195 1672 256 LIB.
1709 193 1915 286 XVIII.
1954 224 2026 237 —
2061 191 2292 252 CAPUT
2331 194 2566 252 XXVIII
2605 197 2668 254 B.
2709 197 2853 256 JOB.
3335 236 3349 250 .
3583 199 3652 256 86

351 328 627 393 Dominus,
653 324 739 396 qui
755 329 803 379 et
819 321 1146 379 illuminabit
1171 322 1474 378 abscondita
1507 323 1861 388 tenebrarum,
1887 323 1936 375 et
1963 323 2012 380 A
2047 319 2202 376 Pauli
2234 335 2426 378 vocem
2451 317 2735 377 Christum
2770 319 3031 378 novimus
3049 321 3148 380 Dei
3179 322 3468 393 virtutem,
3487 332 3539 381 et
3557 323 3658 383 Dei

354 413 925 488 mnifestabitconsilia
943 412 1180 468 cordium
1202 413 1260 484 (I
1283 413 1408 470 Cor.
1428 417 1508 481 Iv,
1523 412 1604 483 5).
1635 411 1931 485 Illaitaque
2040 408 2368 482 sapientiam
2394 409 2450 481 (Ι
2471 409 2596 465 Cor.
2622 426 2662 478 1,
2686 408 2771 477 18,
2793 408 2910 480 24),
2938 409 3131 467 Petrus
3151 427 3250 484 pro
3269 411 3374 471 hac
3388 412 3656 487 sapientia

359 509 542 566 civitas
566 521 682 577 qua
712 517 814 560 sua
841 501 1088 560 vicissim
1121 503 1355 574 singulis
1401 501 1566 560 corda
1597 501 1932 570 manifestat,

2047 514 2178 554 vasa
2193 497 2311 554 auri
2330 497 2545 555 excelsa
2560 504 2614 554 et
2629 497 2934 554 eminentia
2948 509 3292 557 commutare
3311 502 3511 572 noluit,
3529 503 3658 578 quia

360 615 424 654 ex
448 611 570 652 auro
596 592 802 651 dicitur
828 592 1032 648 similis
1057 591 1203 648 vitro
1230 591 1458 661 mundo,
1514 598 1577 648 ut
1619 590 1937 665 designetur
2046 587 2113 644 de
2123 586 2218 644 illa
2233 603 2344 644 non
2361 587 2514 644 aliud
2525 602 2690 660 quam
2709 593 2826 643 erat
2841 586 3138 644 intellexit.
3157 587 3414 662 Magnum
3432 591 3656 665 quippe,

358 702 476 743 auro
501 685 668 752 clara,
701 683 852 738 vitro
879 681 1186 754 perspicua.

415 775 494 832 79.
529 773 802 842 Quomodo
832 773 1004 832 sancti
1032 773 1140 828 Deo
1169 771 1364 828 similes
1397 771 1506 827 sint
1551 777 1599 826 et
1637 767 1936 826 dissimiles.

2043 685 2108 734 ut
2123 677 2334 735 dictum
2350 685 2452 746 est,
2469 693 2565 734 vas
2580 673 2699 734 auri
2713 677 2970 747 Joannes,
2989 693 3250 750 magnum
3268 694 3363 734 vas
3375 679 3496 734 auri
3509 681 3658 739 Elias

2051 768 2139 826 vel
2155 765 2418 824 Jeremias
2437 765 2564 824 fuit.
2587 765 2695 824 Sed
2723 765 2974 841 quisquis
2993 767 3248 824 eumdem
3261 769 3436 824 Deum
3459 785 3660 842 quem-

350 895 411 908 —-
449 850 552 920 Sed
582 863 844 937 quamvis
893 863 952 918 in
981 877 1045 918 ea
1072 862 1245 919 sancti
1276 877 1466 918 omnes
1494 866 1645 917 tanta
1694 858 1945 916 claritate
2052 857 2192 914 libet
2210 872 2402 914 eorum
2428 852 2554 913 'esse
2583 855 2841 926 credidit,
2865 873 2961 913 vas
2989 855 3106 913 auri
3129 857 3409 915 excelsum
3436 864 3490 914 et
3513 856 3660 915 emi-

350 955 602 1026 fulgeant,
649 959 806 1010 tanta
845 951 1232 1024 perspicuitate
1254 953 1272 986 ί
1321 950 1715 1017 transluceant,
1766 947 1817 1003 ei
1865 952 1944 1002 ta-

348 1061 462 1100 men
491 1043 781 1116 sapientia
811 1043 878 1099 de
910 1040 1070 1115 cujus
1097 1041 1334 1114 imagine
1362 1040 1568 1098 habent
1603 1053 1764 1095 omne
1800 1037 1948 1112 quod

347 1142 490 1202 sunt,
517 1133 730 1207 aquari
765 1149 876 1189 non
907 1137 1157 1205 possunt.
1205 1133 1350 1188 Bene
1378 1148 1506 1205 ergo
1530 1131 1737 1188 dicitur
1771 1149 1782 1186 :
1830 1129 1950 1187 Non

345 1226 714 1296 adaquabitur
727 1225 774 1280 ei
791 1242 985 1280 aurum
1015 1225 1094 1280 vel
1122 1224 1336 1280 vitrum.
1365 1224 1452 1280 Ad
1475 1223 1581 1282 hoc
1605 1223 1753 1280 enim
1775 1221 1950 1279 sancti

349 1329 529 1370 omnes
556 1313 627 1369 ad
659 1313 758 1369 illa
788 1312 985 1384 gaudia
1014 1317 1212 1367 aterna
1229 1313 1580 1384 perveniunt,
1611 1319 1673 1368 ut
1702 1327 1816 1368 esse
1841 1312 1954 1368 Deo

347 1401 546 1458 similes
569 1403 810 1474 possint,
840 1403 984 1459 sicut
1011 1399 1275 1473 scriptum
1304 1408 1421 1458 est:
1459 1403 1591 1458 Cum
1617 1399 1953 1472 apparuerit,

345 1491 534 1548 similes
561 1493 608 1548 ei
637 1492 864 1560 erimus,
893 1491 1144 1561 quoniam
1168 1491 1456 1546 videbimus
1475 1508 1592 1546 eum
1613 1488 1769 1546 sicuti
1787 1493 1861 1543 est
1904 1487 1956 1558 (Ι

347 1580 501 1638 Joan.
533 1598 620 1649 ω,
647 1581 737 1652 2).
769 1581 842 1636 Et
869 1585 1051 1636 tamen
1080 1579 1349 1652 scriptum
1364 1587 1480 1635 est:
1513 1580 1534 1614 ²
1564 1577 1788 1635 Domine
1812 1577 1957 1632 Deus

2053 961 2194 1004 nens
2221 963 2321 1020 pro
2339 945 2610 1018 sapientia
2624 945 3007 1002 commutavit.
3028 945 3273 1003 Ecclesia
3293 961 3425 1002 vero
3445 961 3544 1019 pro
3559 947 3662 1005 hac

2057 1035 2348 1110 sapientia,
2379 1051 2513 1092 vasa
2543 1033 2663 1090 auri
2694 1033 2911 1093 excelsa
2938 1043 2991 1092 et
3019 1034 3319 1092 eminentia
3347 1051 3460 1092 non
3502 1053 3664 1093 com-

2059 1133 2257 1195 mutat,
2307 1124 2437 1198 quia
2477 1123 2762 1182 Christum
2807 1125 3012 1182 Filium
3060 1125 3158 1182 Dei
3202 1143 3315 1183 non
3344 1141 3518 1183 unum
3548 1143 3662 1182 esse

2060 1215 2478 1291 prophetarum,
2511 1217 2530 1252 θ
2568 1216 2662 1272 sed
2712 1231 2885 1273 unum
2925 1218 3315 1290 prophetarum
3361 1217 3661 1275 Dominum

2061 1307 2257 1366 credit.
2273 1308 2450 1380 Ipsam
2468 1305 2670 1379 quippe
2685 1309 2754 1363 ad
2783 1324 2839 1363 se
2855 1309 3070 1365 venisse
3105 1303 3428 1382 sapientiam
3444 1309 3663 1378 videns,

2063 1397 2244 1454 noluit
2272 1413 2328 1452 se
2358 1395 2416 1452 in
2447 1394 2560 1452 illis
2588 1395 2770 1452 aureis
2789 1397 2936 1453 vasis
2964 1395 3148 1470 ﬁgere,
3179 1395 3273 1454 sed
3303 1397 3360 1454 in
3391 1414 3508 1455 eam
3539 1403 3666 1454 stu-

2064 1485 2186 1542 duit
2234 1483 2344 1541 ﬁde
2385 1483 2692 1542 certissima
2739 1486 3094 1558 pertransire.
3133 1486 3291 1544 Unde
3333 1487 3392 1542 in
3423 1485 3668 1544 Canticis

2065 1575 2411 1634 canticorum
2432 1573 2571 1632 dicit
2592 1592 2603 1629 :
2627 1574 2950 1631 Invenerunt
2964 1592 3044 1632 me
3061 1573 3245 1649 vigiles
3260 1577 3352 1648 qui
3369 1576 3669 1632 custodiunt

347 1669 622 1739 virtutum,
653 1669 776 1741 quis
794 1668 987 1726 similis
1013 1669 1106 1724 tibi
1131 1669 1308 1741 (Psal.
1328 1683 1608 1736 LXXXVIII,
1633 1668 1666 1726 9
1670 1666 1834 1738 )‘iEt
1852 1664 1950 1720 ite-
1984 1685 2031 1745 B
2065 1667 2344 1722 civitatem.
2389 1665 2532 1722 Num
2564 1681 2716 1735 quem
2745 1666 2768 1700 ⁸
2815 1664 2992 1738 diligit
3034 1665 3215 1722 anima
3249 1682 3365 1722 mea
3412 1665 3620 1722 vidistis
3639 1665 3670 1722 τ

349 1776 464 1816 rum
526 1777 540 1814 :
597 1759 716 1816 Aut
767 1758 885 1830 quis
939 1758 1042 1814 erit
1079 1757 1270 1813 similis
1307 1758 1417 1814 Deo
1455 1758 1596 1813 inter
1625 1756 1766 1828 ﬁlios
1808 1755 1952 1812 Dei?

347 1847 504 1905 Unde
531 1865 666 1920 ergo
693 1847 982 1916 similes,et
1000 1847 1146 1904 unde
1166 1863 1278 1904 non
1297 1845 1526 1916 similes,
1543 1845 1652 1902 nisi
1668 1845 1799 1918 quia
1821 1844 1956 1904 huic

345 1937 636 2009 sapientia
664 1945 716 1994 et
736 1937 943 2000 similes
957 1945 1120 1994 erunt
1147 1937 1218 1994 ad
1241 1937 1539 2010 imaginem
1562 1943 1618 1992 et
1641 1942 1826 1991 tamen
1840 1948 1956 1990 non

345 2035 510 2083 erunt
523 2027 597 2083 ad
610 2026 1010 2100 aequalitatem?
1019 2026 1353 2100 Aspiciendo
1372 2026 1574 2100 quippe
1593 2023 1956 2082 aternitatem

345 2116 464 2184 Dei,
489 2114 558 2172 ﬁt
583 2117 665 2173 eis
689 2125 752 2172 ut
775 2117 965 2173 aeterni
996 2115 1110 2173 sint
1139 2135 1153 2185 ;
1185 2125 1240 2172 et
1269 2115 1405 2172 dum
1435 2115 1672 2171 visionis
1694 2112 1816 2185 ejus
1845 2112 1958 2168 do-

345 2221 476 2262 num
503 2207 844 2278 percipiunt,
877 2222 948 2263 ex
977 2206 1326 2279 perceptione
1344 2203 1708 2262 beatitudinis
1735 2203 1956 2259 imitan-

342 2303 434 2352 tur
466 2297 626 2371 quod
673 2297 884 2355 vident.
936 2299 1012 2354 Et
1054 2297 1267 2354 similes
1293 2313 1423 2369 ergo
1469 2303 1619 2364 sunt,
1651 2295 1782 2369 quia
1811 2293 1958 2350 beati

343 2383 504 2454 ﬁunt;
525 2394 587 2442 et
597 2393 781 2443 tamen
801 2387 1036 2444 creatori
1051 2385 1264 2443 similes
1279 2402 1392 2442 non
1410 2385 1694 2457 sunt,quia
1710 2391 1960 2440 creatura

339 2482 494 2530 sunt.
515 2476 594 2530 Et
621 2474 830 2530 habent
857 2475 1042 2546 itaque
1069 2474 1365 2546 quamdam
1389 2474 1492 2529 Dei
1511 2471 1957 2539 similitudinem,

337 2562 478 2634 quia
508 2577 634 2616 non
660 2560 872 2616 habent
898 2561 1113 2628 ﬁnem;
1164 2569 1221 2615 et
1267 2569 1455 2615 tamen
1501 2558 1958 2630 incircumscripti

332 2647 732 2721 aequalitatem
757 2663 872 2702 non
899 2647 1123 2715 habent,
1157 2647 1252 2720 qui
1275 2646 1475 2702 habent
1489 2645 1959 2719 circumscriptio-

339 2753 490 2792 nem.
527 2735 766 2798 Dicatur
787 2735 959 2806 igitur
970 2741 1116 2790 recte
1139 2753 1152 2790 :
1181 2737 1303 2792 Non
1320 2734 1598 2806 adeequabi
1603 2740 1691 2789 tur
1704 2735 1752 2790 ei
1763 2752 1957 2792 aurum

341 2827 420 2882 vel
443 2825 675 2892 uitrum,
723 2828 868 2886 595
906 2823 1036 2896 quia
1065 2823 1404 2896 quantalibet
1427 2823 1600 2880 sancti
1629 2824 1876 2881 claritate
1904 2830 1961 2881 et

347 2923 736 2996 perspicuitate
762 2922 1030 2994 fulgeant,
1054 2923 1205 2978 aliud
1235 2929 1317 2978 est
1333 2921 1587 2978 homines
1604 2937 1722 2979 esse
1748 2922 1959 2994 sapien-

351 3023 425 3072 tes
450 3015 512 3071 in
544 3015 684 3082 Deo,
731 3021 896 3086 atque
939 3013 1094 3070 aliud
1145 3027 1263 3070 esse
1302 3011 1585 3070 hominem
1627 3013 1954 3086 sapientiam
1985 3046 2030 3108 α

349 3105 464 3161 Dei.
487 3105 666 3172 Quam
695 3103 944 3176 profecto
958 3103 1284 3174 sapientiam
1301 3101 1395 3158 ille
1417 3103 1686 3159 veraciter
1709 3103 1956 3176 agnovit,

350 3195 440 3268 qui
475 3193 768 3251 mediatori
798 3193 898 3250 Dei
923 3200 980 3249 et
1011 3191 1304 3249 hominum
1347 3192 1588 3265 aliquem
1641 3207 1957 3265 comparare

351 3292 664 3340 sanctorum
694 3282 927 3340 minime
955 3281 1494 3356 prasumpsit.Uude
1523 3289 1576 3338 et
1601 3281 1896 3338 subditur:

677 3391 907 3450 CAPUT
933 3391 1115 3449 XLIX
1147 3390 1288 3467 [Vet.
1317 3388 1606 3465 XXXIII].

449 3483 586 3540 Iam.
619 3515 690 3524 —
719 3483 825 3540 Nec
851 3483 1312 3539 commutabantur
1333 3499 1437 3555 pro
1466 3499 1526 3536 ea
1560 3498 1691 3536 casa
1718 3480 1845 3536 auri

851 3573 1052 3628 excelsa
1080 3576 1130 3628 et
1154 3569 1456 3627 eminentia.

431 3657 526 3713 80.
545 3655 720 3713 Sancti
733 3675 900 3715 omnes
909 3659 1398 3731 pertranseundi,ut
1411 3659 1483 3715 ad
1501 3657 1770 3715 Christum
1789 3657 1959 3714 Deum

361 3753 411 3803 et
437 3746 690 3802 hominem
707 3748 1068 3820 perveniatur.
1085 3748 1465 3806 —Excelsum
1497 3747 1702 3820 quippe
1727 3761 1822 3802 vas
1835 3747 1956 3804 auri

357 3836 510 3894 Elias
527 3837 768 3909 exstitit,
804 3837 1080 3896 excelsum
1129 3855 1227 3896 vas
1277 3837 1398 3895 auri
1426 3836 1708 3906 Jeremias,
1741 3837 1958 3895 excelsa

357 3935 517 4002 atque
542 3929 847 3986 eminentia
874 3929 995 3986 auri
1019 3945 1148 3986 vasa
1178 3929 1388 4002 priores
1417 3935 1598 4002 patres
1631 3925 1802 3984 fuere.
1850 3925 1956 3984 Sed

359 4018 473 4075 hac
518 4019 615 4076 Dei
673 4019 961 4092 sapientia,
1009 4027 1072 4076 ut
1099 4037 1132 4076 a
1157 4017 1363 4076 carnali
1394 4035 1494 4074 nos
1539 4017 1956 4076 conversatione

361 4109 667 4177 redimeret,
696 4109 953 4181 apparuit
981 4108 1040 4165 in
1068 4124 1252 4177 carne,
1283 4115 1337 4164 et
1367 4106 1462 4181 qui
1492 4107 1646 4163 illam
1686 4108 1957 4164 veraciter

359 4211 468 4252 non
495 4195 741 4268 agnovit,
759 4196 1117 4254 mediatorem
1139 4195 1240 4252 Dei
1259 4203 1314 4252 et
1341 4195 1956 4264 hominum,hominem

361 4284 537 4342 Iesum
554 4285 836 4343 Christum
853 4302 1026 4342 unum
1046 4301 1160 4341 esse
1175 4301 1244 4340 ex
1263 4283 1548 4357 prophetis
1561 4285 1776 4356 putavit
1792 4301 1956 4358 quem

2063 1756 2357 1818 Paululum
2388 1770 2503 1810 cum
2529 1754 2935 1826 pertransissem
2964 1771 3070 1822 eos,
3097 1754 3274 1810 inveni
3309 1771 3458 1826 quem
3493 1753 3668 1825 diligit

2061 1847 2240 1905 anima
2269 1861 2384 1900 mea
2409 1841 2592 1916 (Cant.
2615 1859 2700 1912 111,
2724 1843 2803 1913 3).
2826 1841 2974 1910 Quos
3002 1840 3150 1900 enim
3169 1841 3360 1915 vigiles
3380 1843 3668 1916 quicusto-

2064 1933 2228 1993 diunt
2243 1931 2550 2002 civitatem,
2568 1931 2674 1988 nisi
2693 1930 2902 2004 priores
2917 1933 3103 1988 Patres
3123 1932 3210 1988 vel
3226 1931 3521 2004 prophetas
3529 1929 3668 1988 acci-

2065 2024 2268 2099 pimus,
2300 2021 2395 2096 qui
2425 2019 2755 2078 studuerunt
2777 2020 2849 2100 ad,
2866 2019 3172 2078 custodiam
3202 2027 3446 2078 nostram
3467 2026 3666 2077 sancta

2065 2111 2478 2190 pradicationis
2506 2127 2641 2168 voce
2669 2109 2899 2184 vigilare
2919 2109 2948 2167 ?
2968 2107 3072 2166 Sed
3100 2123 3226 2167 cum
3249 2109 3667 2182 Redemptorem

2065 2219 2226 2264 suum
2257 2199 2502 2259 Ecclesia
2525 2207 2810 2274 quareret,
2828 2199 2886 2256 in
2904 2197 3036 2272 ipsis
3063 2195 3306 2272 antiquis
3334 2197 3669 2270 pradicato—

2066 2291 2222 2350 ribus
2263 2305 2418 2364 spem
2448 2289 2612 2362 ﬁgere
2643 2289 2844 2358 noluit,
2876 2304 2997 2362 qua
3033 2284 3198 2345 dicit:
3231 2287 3524 2343 Paululum
3553 2299 3668 2340 cum

2060 2383 2464 2458 pertransissem
2487 2395 2591 2446 eos,
2608 2377 2782 2434 inveni
2798 2395 2945 2448 quem
2964 2374 3140 2447 diligit
3154 2374 3332 2431 anima
3345 2392 3459 2430 mea
3478 2373 3621 2447 (Ibid
3629 2417 3666 2443 .,

2067 2489 2154 2542 111,
2175 2471 2258 2542 4).
2309 2469 2473 2525 Illum
2513 2467 2714 2538 quippe
2757 2463 3010 2522 invenire
3054 2477 3167 2520 non
3209 2469 3391 2536 posset
3445 2462 3493 2518 si
3533 2459 3669 2520 istos

2067 2557 2400 2634 pertransire
2420 2554 2707 2612 noluisset.
2740 2553 2802 2610 In
2833 2553 2960 2610 istis
2991 2567 3048 2609 se
3076 2551 3398 2610 custodibus
3418 2547 3669 2608 inﬁdeles

2066 2648 2324 2716 ﬁxerant,
2355 2644 2451 2720 qui
2481 2643 2766 2703 Christum
2801 2643 2900 2700 Dei
2927 2639 3135 2699 Filium
3163 2656 3338 2698 unum
3369 2639 3669 2715 quemlibet

2067 2755 2184 2794 esse
2215 2737 2441 2794 illorum
2472 2733 2786 2792 credebant.
2810 2731 2960 2792 Voce
2989 2729 3158 2805 igitur
3185 2748 3249 2788 ac
3275 2730 3382 2788 ﬁde
3411 2729 3557 2786 Petri
3587 2729 3670 2786 in-

2069 2833 2263 2884 ventos
2291 2823 2487 2898 vigiles
2515 2831 2702 2882 sancta
2730 2822 2979 2880 Ecclesia
3007 2821 3250 2890 transiit,
3273 2835 3392 2893 qua
3421 2818 3669 2893 prophe—

2065 2914 2551 2972 tarumDominum
2565 2929 2739 2968 unum
2757 2909 3058 2985 quemlibet
3066 2925 3134 2966 ex
3151 2903 3436 2982 prophetis
3449 2905 3668 2965 credere

2067 3002 2418 3076 contempsit.
2467 3000 2694 3057 Dicatur
2723 3015 2886 3072 ergo:
2923 2999 3029 3055 Nec
3069 2998 3527 3054 rcmmutabuntur
3563 3013 3668 3069 pro

2068 3112 2130 3151 ea
2157 3109 2286 3149 vasa
2315 3092 2444 3149 auri
2471 3092 2672 3148 excelsa
2703 3096 2751 3146 et
2778 3085 3078 3156 eminentia,
3108 3086 3239 3162 quia
3267 3086 3427 3144 electi
3455 3087 3551 3160 qui
3580 3100 3668 3162 me

2067 3190 2388 3240 sanctorum
2426 3181 2602 3236 vitam
2635 3187 2689 3236 et
2725 3186 3061 3236 venerantur
3099 3193 3169 3234 ex
3211 3174 3572 3246 sublimitate,
3615 3185 3670 3237 et

2066 3280 2251 3328 tamen
2273 3273 2292 3307 ⁷
2316 3286 2428 3328 non
2462 3267 2773 3342 suscipiunt
2795 3267 2864 3325 ad
2879 3283 3140 3324 errorem.
3163 3265 3314 3336 Quos
3331 3264 3479 3322 enim
3503 3281 3668 3340 puros

2065 3361 2322 3420 homines
2352 3377 2467 3418 esse
2495 3359 2702 3430 sciunt,
2733 3360 2848 3417 Deo
2878 3357 3094 3416 homini
3124 3357 3356 3416 omnino
3382 3369 3494 3414 non
3523 3373 3667 3414 con-

2065 3453 2272 3510 ferunt.
2296 3451 2451 3510 Unde
2481 3449 2666 3508 adhuc
2695 3449 2979 3507 subditur:

2075 3651 2216 3711 Vera.
2226 3650 2494 3709 l8.—Nec
2503 3648 3050 3706 commemorabuntur
3063 3647 3116 3704 in
3127 3649 3514 3722 comparatione
3530 3647 3666 3721 ejus.

2144 3743 2291 3805 596
2319 3745 2408 3802 81.
2449 3748 2635 3804 Omnes
2674 3749 2892 3803 calestes
2923 3745 3056 3800 cives
3082 3745 3250 3800 sancti
3277 3753 3324 3803 et
3365 3744 3524 3814 justi,
3579 3743 3669 3798 sed

2062 3836 2471 3908 participatione
2499 3835 2692 3888 divina:
2707 3833 3002 3904 sapientia,
3032 3850 3139 3887 non
3167 3833 3576 3903 comparatione.
3595 3862 3667 3874 —

2067 3926 2272 3984 Omnes
2299 3922 2448 3980 enim
2478 3938 2728 3994 superna
2745 3919 2935 3994 patria
2951 3917 3137 3988 electi,
3165 3919 3340 3976 sancti
3370 3919 3592 3992 quidem
3613 3927 3667 3976 et

2059 4013 2198 4088 justi
2227 4020 2358 4070 sunt
2379 4031 2393 4082 ;
2418 4013 2512 4070 sed
2530 4009 2954 4086 participatione
2975 4008 3279 4081 sapientia,
3309 4023 3422 4064 non
3450 4025 3666 4082 compa-

2065 4105 2298 4162 ratione.
2345 4103 2492 4172 Quid
2524 4102 2679 4159 enim
2707 4108 2837 4157 sunt
2874 4099 3131 4164 homines
3163 4101 3278 4156 Deo
3306 4099 3608 4172 comparati
3636 4099 3665 4157 ?

2063 4197 2276 4254 Lumen
2319 4205 2504 4253 autem
2539 4193 2831 4268 sapientia,
2874 4193 3066 4248 lumen
3109 4199 3163 4247 et
3208 4189 3354 4247 servi
3383 4189 3665 4264 sapientia

2065 4286 2252 4345 vocari
2282 4287 2482 4343 solent.
2507 4284 2612 4342 Sed
2641 4283 2738 4340 illa
2765 4283 2954 4338 lumen
2983 4279 3326 4349 illuminaus,
3355 4278 3450 4335 isti
3477 4279 3667 4336 lumen

364 4373 656 4473 electorum
682 4375 832 4432 oculi
851 4374 960 4432 ﬁde
990 4381 1288 4431 tenuerunt
1316 4375 1514 4442 Deum,
1535 4390 1663 4430 cum
1695 4373 1959 4430 viderunt
1986 4415 2035 4473 D
2066 4376 2468 4445 illuminatum,
2500 4375 2644 4432 sicut
2672 4374 2939 4445 scriptum
2969 4379 3050 4428 est
3075 4389 3086 4427 :
3119 4374 3263 4427 Erat
3283 4373 3377 4428 tua
3403 4388 3530 4426 vera
3549 4387 3667 4442 qua:

363 4461 664 4520 hominem.
676 4465 826 4522 Unde
843 4463 910 4521 ab
924 4482 989 4521 eo
1003 4463 1208 4522 sanctis
1223 4462 1508 4536 discipulis
1525 4463 1730 4520 dicitur
1749 4464 1960 4532 :3Quem

363 4553 540 4608 dicunt
564 4555 792 4611 homines
817 4573 923 4612 esse
950 4555 1151 4612 Filium
1173 4553 1398 4610 hominis
1425 4553 1638 4624 (Matth.
1674 4569 1792 4622 xvr,
1818 4553 1906 4625 13)
1931 4551 1960 4610 ?

365 4641 458 4699 Cui
475 4661 602 4700 cum
618 4645 872 4718 protinus
900 4644 1296 4718 responderent
1314 4659 1325 4696 :
1345 4641 1460 4698 Alii
1475 4643 1732 4697 Joannem
1745 4642 1956 4712 Baptis-

369 4733 612 4800 tam,‘alii
638 4735 948 4802 Eliam,alii
973 4752 1090 4790 vero
1109 4731 1513 4797 Jeremiam,aut
1541 4746 1704 4784 unum
1731 4747 1795 4784 ex
1817 4747 1960 4802 pro—

362 4820 518 4892 phetis
547 4823 738 4897 (Ibid.,
771 4823 887 4897 14),
920 4823 988 4881 de
1017 4841 1117 4880 suo
1147 4838 1280 4879 mox
1327 4837 1494 4877 sensu
1540 4819 1900 4892 requiruntur
1939 4835 1953 4878 :

373 4912 460 4970 Vos
475 4920 653 4971 autem
671 4933 826 4988 quem
844 4933 926 4971 me
942 4932 1048 4972 esse
1075 4913 1248 4970 dicitis
1273 4911 1460 4985 (Ibid.,
1495 4912 1582 4984 15)
1613 4911 1640 4968 ‘I
1657 4909 1758 4967 Cui
1774 4910 1958 4984 proti—

363 5017 458 5060 nus
484 5005 678 5062 Petrus
711 5005 884 5062 totius
910 5004 1170 5062 Ecclesia
1199 5020 1333 5061 voce
1361 5001 1716 5074 respondens,
1730 5001 1809 5056 ait
1833 5018 1844 5056 :
1880 5003 1960 5058 Tu

361 5107 408 5147 es
427 5094 672 5154 Christus
689 5093 974 5152 FiliusDei
988 5093 1098 5152 cici
1113 5092 1304 5166 (Ibid.,
1325 5091 1438 5162 10).
1463 5089 1602 5160 Quia
1615 5089 1785 5163 igitur
1792 5088 1958 5162 juxta

431 5312 755 5386 {Plerique},
789 5312 1114 5386 perluceant.
1239 5381 1248 5386 Δ
1350 5375 1388 5386 __
1487 5375 1498 5386 .
1693 5373 1705 5386 ι

426 5385 448 5419 ³
479 5375 1180 5454 ϐετωῖ,ΕθῙΙον.,Νοι“ω.,
1203 5381 1308 5436 etc.
1338 5375 1582 5444 Domi-ne,
1611 5375 1730 5448 quis
1765 5376 1956 5432 similis

362 5455 471 5522 tibi,
496 5455 705 5512 omisso
722 5456 862 5511 Deus
900 5455 1172 5509 virtut-um.

425 5517 669 5583 3'Germ.
702 5535 757 5582 et
779 5527 804 5582 1
853 5523 1053 5590 Laud.,
1077 5539 1227 5592 quem
1253 5538 1332 5576 me
1363 5521 1545 5577 dicunt
1568 5537 1675 5576 esse
1699 5517 1953 5580 homines.

427 5601 448 5633 ι
473 5599 755 5670 Plerique,
785 5597 900 5670 alii
913 5601 1087 5670 au_tem
1103 5593 1316 5670 _Elic_tm.

427 5673 448 5704 ⁵
480 5671 586 5737 Ita,
616 5663 750 5726 c'uui
773 5667 942 5726 duob.
972 5663 1170 5734 Laud.,
1201 5663 1412 5734 Germ.,
1457 5663 1692 5734 Bellov.,
1737 5664 1953 5731 Norm.,

2071 4466 2339 4521 illuminat
2359 4481 2561 4520 onmem
2580 4462 2840 4518 hominem
2873 4460 3154 4516 venientem
3173 4461 3229 4516 in
3249 4461 3386 4516 hunc
3411 4462 3668 4517 mundum

2070 4554 2250 4626 (Joan.
2285 4571 2326 4624 1,
2355 4555 2437 4627 9).
2483 4552 2608 4610 Istis
2649 4558 2834 4608 autem
2865 4549 3248 4606 tantummodo
3276 4549 3481 4608 dicitur
3509 4569 3520 4606 :
3566 4551 3666 4612 Vos

2066 4645 2188 4700 estis
2219 4647 2314 4701 tua:
2355 4643 2543 4699 mundi
2583 4642 2797 4716 (Matth.
2828 4657 2888 4710 v,
2922 4640 3036 4712 14).
3067 4637 3289 4696 iustitia
3317 4638 3540 4712 quidem
3568 4654 3664 4693 sa-
3759 4653 3766 4659 ·

2065 4736 2294 4809 pientia,
2319 4735 2539 4809 justitia
2567 4742 2621 4791 et
2649 4734 2794 4790 servi
2823 4731 3104 4807 sapientia
3121 4739 3534 4804 nuncupantur;
3566 4727 3663 4785 sed

2065 4827 2163 4882 illa
2195 4825 2414 4900 justitia
2434 4824 2770 4898 justificans,
2790 4823 2884 4882 isti
2913 4832 3092 4880 autem
3109 4821 3328 4896 justitia
3340 4817 3659 4892 justiﬁcata.

2066 4919 2144 4974 De
2172 4919 2288 4974 Deo
2312 4918 2540 4991 quippe,
2571 4915 2667 4992 qui
2689 4915 2959 4990 sapientia
2984 4923 3088 4984 est,
3109 4913 3348 4970 dicitur:
3389 4909 3452 4964 Ut
3468 4905 3535 4961 sit
3557 4906 3664 4978 ipse

2057 5005 2238 5077 justus
2267 5011 2315 5062 et
2331 5005 2638 5080 justiﬁcans
2670 5005 2848 5078 (Rom.
2879 5021 2964 5073 111,
2995 5003 3086 5074 26)
3109 5019 3124 5068 ;
3162 4999 3254 5054 isti
3285 5011 3412 5052 vero
3433 4993 3656 5052 dicunt:

2068 5098 2134 5154 Ut
2157 5113 2252 5152 nos
2275 5095 2816 5171 efﬁceremurjustitia
2840 5093 2940 5151 Dei
2957 5091 3014 5146 in
3039 5089 3154 5160 ipso
3185 5086 3275 5160 (II
3302 5084 3428 5144 Cor.
3453 5103 3513 5156 ν,
3540 5085 3658 5158 21).

2063 5315 2174 5378 vet.
2206 5305 2393 5373 Editi;
2426 5323 2458 5378 a
2483 5301 3062 5378 quibusdeﬂectentes
3099 5297 3280 5358 Vatic.
3311 5304 3366 5356 et
3385 5297 3658 5357 Gussanv.

2065 5377 2273 5433 habent
2294 5375 2529 5432 omnium
2541 5375 2944 5445 prophetarum.

2137 5451 2158 5484 ⁶
2191 5449 2400 5526 Germ.,
2422 5442 3028 5526 duo__Laud.,Gemet.,
3058 5442 3220 5502 Corb.
3243 5445 3430 5500 Germ.
3461 5459 3527 5501 ac
3555 5443 3656 5517 pl.,

2063 5519 2158 5576 hic
2184 5527 2238 5575 et
2267 5519 2435 5586 infra,
2465 5516 2670 5573 dilexit.

2107 5593 2158 5653 ,⁷
2188 5585 2553 5658 Νοηῄηίτιοη
2595 5587 2906 5660 suspiciunt.
2941 5587 3203 5655 Vindoc.,
3235 5602 3336 5642 non
3373 5585 3659 5658 suspican-

2066 5670 2177 5724 tur.
