4172 6184
481 207 548 262 87
1693 203 1940 258 SANtl’l‘l
1982 161 2322 276 auunculi
2362 205 2590 274 MAGNI
3727 212 3796 265 δε

481 335 660 394 Aliter
687 348 813 404 ergo
843 327 1216 386 venerandum
1232 335 1315 384 est
1329 329 1518 384 lumen
1547 327 1890 396 illuminans,
1933 327 2094 384 aliter
2120 331 2172 390 A
2197 329 2420 400 patione
2447 329 2600 386 illius
2636 327 2886 385 essentia;
2923 329 3138 402 aliquid
3174 329 3368 400 simus,
3403 347 3798 404 cognoscamus

485 425 674 481 lumen
704 419 1080 477 illuminatnm
1105 436 1118 486 ;
1151 415 1313 472 aliter
1325 415 1547 488 justitia
1571 416 1904 488 justiﬁcans,
1923 417 2082 473 aliter

475 507 1024 586 justitiajustiﬁcata.
1051 504 1189 578 [νει.
1209 505 1394 562 XXXI
1399 505 1484 578 V.]
1509 505 1786 578 Sapientia
1816 521 1948 562 vero
1976 513 2079 575 est,

482 608 537 658 et
582 598 758 673 sapit;
792 612 892 652 nec
948 593 1113 650 habet
1144 593 1297 650 aliud
1325 609 1461 662 esse,
1501 593 1654 650 aliud
1683 609 1902 668 sapere;
1935 596 2079 651 servi

482 697 664 748 autem
692 684 974 758 sapientiae
1001 699 1118 740 esse
1147 682 1366 756 quidem
1399 683 1670 756 sapientes
1697 693 1949 756 possunt,
1980 701 2082 742 nec

480 787 664 836 tamen
695 773 802 830 hoc
829 772 1035 829 habent
1063 788 1180 830 esse
1208 772 1356 846 quod
1388 789 1604 845 sapere;
1636 789 1765 830 nam
1795 789 1912 830 esse
1943 790 2080 845 pos-

481 876 631 937 sunt,
670 873 724 923 et
753 865 1026 938 sapientes
1052 881 1167 921 non
1213 880 1349 920 esse.
1384 863 1558 920 Habet
1585 865 1760 922 vitam
1789 865 2076 937 sapientia,

481 957 577 1015 sed
604 972 718 1013 non
746 953 899 1012 aliud
927 952 1114 1022 habet,
1136 960 1191 1009 et
1219 952 1370 1008 aliud
1399 961 1502 1021 est,
1525 955 1728 1026 quippe
1755 953 1845 1011 cui
1876 953 1982 1009 hoc
2000 961 2082 1010 est

481 1061 596 1102 esse
625 1044 773 1119 quod
802 1043 1010 1099 vivere.
1034 1041 1190 1098 Servi
1210 1049 1396 1098 autem
1426 1041 1708 1113 sapientiae
1729 1058 1854 1098 cum
1876 1041 2082 1098 habent

481 1137 678 1206 vitam,
709 1134 862 1192 aliud
888 1141 1040 1202 sunt,
1069 1140 1124 1189 et
1164 1131 1319 1192 aliud
1365 1131 1591 1199 habent,
1642 1132 1842 1205 quippe
1879 1131 2082 1206 quibus

479 1242 594 1283 non
623 1233 706 1282 est
733 1224 840 1281 hoc
877 1223 1061 1296 ipsum
1089 1237 1206 1279 esse
1235 1221 1386 1295 quod
1422 1221 1644 1290 vivere;
1679 1238 1808 1278 nam
1851 1229 2082 1295 possunt

477 1313 639 1386 juxta
665 1311 877 1386 aliquid
905 1327 1042 1381 esse,
1064 1327 1166 1368 nec
1195 1311 1402 1367 vivere.
1428 1310 1599 1367 Aliud
1627 1312 1829 1385 quippe
1857 1311 1970 1368 illis
1998 1318 2082 1368 est

481 1419 618 1474 esse,
648 1403 802 1460 aliud
829 1401 1039 1469 vivere,
1069 1401 1200 1474 quia
1233 1400 1291 1457 in
1321 1401 1441 1474 ipso
1469 1408 1694 1473 parente
1737 1401 1947 1474 primo’
1982 1417 2080 1458 es-

480 1491 714 1550 sentiam
747 1491 985 1547 habuere
1014 1507 1110 1562 per
1156 1490 1404 1558 initium,
1435 1489 1610 1544 vitam
1639 1506 1736 1562 per
1761 1505 2075 1557 accessum;

485 1580 748 1654 quoniam
795 1579 949 1652 prius
991 1578 1058 1636 de
1085 1587 1229 1636 terra
1259 1579 1402 1636 facta
1449 1588 1531 1636 est
1561 1579 1752 1648 homo,
1785 1581 1807 1614 ³
1853 1587 1908 1634 et
1934 1585 2080 1651 post-

2191 418 2578 490 nosmetipsos,
2627 417 2759 491 quia
2801 433 2969 490 prope
3001 418 3144 475 nihil
3177 436 3386 476 sumus.
3439 421 3585 478 Bene
3615 422 3796 496 itaque

2189 505 2426 566 dicitur:
2454 509 2558 566 Nec
2577 508 3126 564 commemorabuntur
3153 509 3212 564 in
3235 511 3625 582 comparatione
3659 513 3798 584 ejus,

2189 597 2319 670 quia
2339 613 2467 654 vasa
2492 597 2614 653 auri
2639 596 2854 655 excelsa
2875 604 2928 652 et
2953 597 3275 668 eminentia,
3313 614 3434 671 quas
3463 615 3533 654 ex
3561 599 3801 672 partici-

2189 685 2410 758 patione
2435 685 2716 758 sapientiae
2740 685 2901 742 nobis
2932 685 3241 742 veneranda
3259 695 3409 756 sunt,
3440 687 3499 743 in
3519 704 3798 762 compara-

2189 775 2339 832 tione
2393 773 2674 847 sapientiae
2707 775 2873 831 etiam
2905 775 3261 832 memoranda
3297 791 3410 831 non
3459 785 3612 834 sunt.
3657 779 3796 846 Quia

2190 877 2322 918 vero
2351 860 2470 919 haec
2489 861 2759 934 sapientia
2786 861 3048 918 humanis
3067 859 3330 919 cordibus
3353 863 3588 920 latenter
3613 865 3798 921 infun-

2189 948 2361 1018 ditur,
2392 949 2537 1007 sicut
2563 949 2630 1006 de
2668 958 2857 1008 sancto
2905 951 3116 1023 Spiritu
3144 966 3362 1023 quoque
3391 951 3604 1008 dictum
3661 961 3747 1009 est
3784 971 3794 1008 :

2192 1037 2426 1109 Spiritus
2481 1039 2572 1094 ubi
2607 1041 2721 1096 vult
2771 1039 2964 1111 spirat,
3014 1044 3065 1093 et
3121 1055 3292 1094 voc-em
3355 1039 3470 1109 ejus
3520 1040 3700 1106 audis,
3754 1049 3802 1096 et

2187 1126 2352 1182 nescis
2380 1127 2519 1182 unde
2535 1129 2730 1198 veniat,
2755 1134 2852 1185 aut
2879 1145 2980 1198 quo
3005 1127 3170 1184 vadat
3193 1127 3373 1191 (Joan.
3399 1145 3482 1196 ιιι,
3504 1127 3800 1197 8),idcirco

2189 1213 2309 1288 subj
2317 1215 2548 1288 ungitur
2582 1235 2592 1274 :

2819 1325 3052 1384 CAPUT
3075 1325 3163 1381 LI.

2264 1430 2400 1486 inm.
2429 1460 2490 1472 -
2529 1431 2788 1487 Trahitur
2814 1429 2950 1486 etaim
2980 1431 3242 1503 sapientia
3279 1431 3340 1486 de
3367 1431 3600 1486 occultis.

2257 1516 2346 1574 83.
2377 1516 2478 1574 Dei
2503 1519 2762 1590 sapientia
2789 1537 2855 1576 ea:
2882 1520 3100 1576 occultis
3127 1521 3380 1576 revelata.
3412 1520 3652 1576 Ecclesia
3681 1537 3801 1575 cum

2187 1607 2416 1664 deessent
2431 1611 2604 1681 aperti
2627 1611 2814 1676 hostes,
2835 1610 3026 1666 tentari
3044 1617 3197 1682 capit
3218 1611 3552 1666 asuis.—De
3568 1610 3804 1666 occultis

483 1671 732 1771 m9dumg
762 1671 907 1771 Sion}
935 1678 1202 1771 εθτξίζῖηξη
1233 1667 1948 1771 θθξζῙπδΡξναυδξῑηίααῗηῖ
1966 1671 2080 1771 eius
2114 1691 2161 1751 B
2189 1667 2748 1768 sapientia‘trahitur,
2781 1697 2912 1771 quia
2934 1715 3062 1756 cum
3086 1667 3159 1754 sit
3184 1697 3508 1764 invisibilis,
3538 1714 3652 1754 non
3685 1698 3799 1754 nisi

482 1757 810 1828 spiraculum
832 1757 968 1822 uiue,
989 1761 1037 1811 et
1053 1755 1229 1827 factus
1245 1763 1316 1811 est
1337 1757 1488 1812 homo
1502 1756 1559 1810 in
1577 1756 1813 1812 ani-mam
1831 1755 2084 1812 viventem

487 1845 694 1918 (Genes.
729 1862 792 1915 ιι,
815 1845 894 1918 7).
927 1845 1207 1918 Sapientia
1227 1862 1358 1900 vero
1387 1844 1553 1900 habet
1573 1843 1887 1914 essentiam,
1919 1845 2084 1902 habet

483 1932 691 2001 vitam;
716 1933 812 1989 sed
841 1933 948 1990 hoc
967 1933 1116 2007 quod
1143 1933 1330 2003 habet,
1352 1934 1470 2006 ipsa
1484 1941 1585 1990 est.
1619 1933 1854 1990 Proinde
1875 1933 2082 1991 incom-

485 2020 825 2078 mutabiliter
843 2022 1006 2092 vivit,
1029 2021 1158 2096 quia
1172 2039 1285 2078 non
1305 2040 1374 2078 ex
1392 2021 1687 2091 accidenti,
1717 2021 1813 2078 sed
1827 2023 2082 2078 essentia-

487 2110 612 2166 liter
631 2109 796 2168 vivit.
827 2111 956 2166 Sola
983 2127 1112 2183 ergo
1127 2127 1256 2168 cum
1275 2111 1432 2167 Patre
1453 2119 1507 2166 et
1535 2118 1726 2167 sancto
1754 2111 1966 2184 Spiritu
1993 2130 2082 2169 ve-

483 2199 684 2255 raciter
710 2207 812 2270 est,
835 2199 994 2272 cujus
1013 2200 1264 2256 essentia:
1279 2208 1656 2273 comparatum
1673 2217 1788 2256 esse
1809 2210 2081 2272 nostrum,

481 2302 596 2342 non
625 2303 741 2343 esse
771 2296 872 2345 est.
906 2289 1050 2346 Huic
1077 2287 1124 2344 si
1139 2287 1552 2360 conjungimur,
1581 2305 1792 2359 sumus,
1817 2289 2082 2360 vivimus,

481 2375 730 2446 sapimus
753 2394 766 2441 ;
800 2375 934 2432 huic
960 2375 1007 2430 si
1029 2393 1437 2448 comparamur,
1456 2394 1557 2434 nec
1585 2377 1852 2450 sapimus,
1883 2395 1984 2435 nec
2003 2379 2082 2434 vi-

481 2480 668 2520 Vlmus
695 2480 948 2530 0111111110,
981 2479 1084 2520 nec
1111 2479 1321 2518 sumus.

553 2553 644 2610 82.
667 2549 858 2610 Sancti
873 2557 1072 2624 quanto
1090 2551 1260 2622 magis
1273 2553 1442 2608 Deum
1460 2557 1794 2623 cognoscunt,
1813 2558 1958 2607 tanto
1987 2553 2088 2608 sibi

481 2643 754 2698 vilescunt.
782 2673 854 2684 —
883 2641 1026 2698 Hinc
1053 2649 1136 2698 est
1163 2641 1310 2714 quod
1342 2642 1520 2698 sancti
1549 2657 1761 2711 omnes,
1791 2641 2012 2714 quando
2028 2642 2086 2698 in

480 2733 582 2790 Dei
613 2731 826 2788 visione
855 2731 1396 2805 proﬁciunt,quanto
1425 2731 1597 2804 magis
1625 2731 1973 2788 divinitatis"
2005 2730 2086 2787 in-

481 2829 645 2877 terna
672 2819 1045 2894 conspiciunt,
1089 2828 1246 2876 tanto
1275 2821 1448 2892 magis
1477 2835 1533 2876 se
1563 2819 1706 2876 nihil
1729 2837 1844 2876 esse
1873 2836 2086 2892 cogno—

481 2919 664 2968 scunt.
698 2912 981 2985 Nusquam
1003 2911 1204 2984 quippe
1233 2909 1438 2982 legitur
1463 2909 1612 2982 quod
1640 2909 1917 2966 Abraham
1939 2909 2084 2966 cine-

2190 1786 2553 1843 invisibiliter
2589 1787 2894 1844 invenitur.
2929 1789 3061 1856 Quae
3094 1795 3239 1845 recte
3268 1803 3485 1861 quoque
3513 1787 3662 1844 trahi
3691 1787 3792 1844 di—

2189 1877 2356 1946 citur,
2377 1877 2508 1951 quia
2531 1877 2676 1932 sicut
2701 1874 2894 1932 ﬂatum
2913 1876 3204 1946 trahimus,
3228 1884 3291 1933 ut
3318 1892 3517 1949 corpus
3531 1876 3795 1944 vivat,sic

2190 1966 2260 2022 ab
2290 1959 2506 2022 intimis
2532 1963 2815 2037 sapientiai
2844 1963 3074 2036 spiritus
3109 1965 3355 2034 ducitur,
3401 1972 3464 2020 ut
3510 1963 3580 2020 ad
3625 1964 3797 2021 vitam

2190 2054 2375 2111 anima
2389 2053 2671 2110 subsistat.
2689 2051 2842 2108 Unde
2870 2051 3160 2108 Psalmista
3176 2052 3254 2107 ait
3274 2070 3286 2108 :
3309 2053 3380 2109 0s
3395 2069 3566 2108 meum
3585 2053 3800 2124 aperui,

2189 2149 2241 2199 et
2265 2143 2472 2199 attraxi
2500 2141 2748 2213 spiritum
2779 2140 2950 2212 (Psal.
2973 2155 3170 2208 cxvm,
3204 2139 3501 2212 l3l).Qum
3529 2139 3799 2196 nimirum

2191 2230 2478 2303 sapientia,
2509 2231 2530 2265 ⁵
2559 2228 2803 2284 humana
2829 2243 2992 2286 carne
3041 2243 3169 2284 cum
3195 2227 3380 2283 anima
3409 2226 3666 2284 rationali
3693 2243 3801 2284 su-

2189 2327 2393 2390 scepta,
2423 2319 2557 2374 dum
2577 2317 2646 2372 ab
2662 2316 2875 2373 intimis
2902 2305 3313 2388 apparuissetin
3327 2324 3610 2388 promptu,
3638 2332 3800 2372 mun-

2191 2405 2294 2462 dus
2322 2406 2417 2463 hie
2445 2405 2575 2480 quia
2599 2415 2880 2464 auctorem
2909 2421 3071 2462 suum
3098 2404 3439 2462 invisibilem
3469 2403 3659 2460 videre
3685 2421 3798 2460 non

2193 2495 2396 2564 potuit,
2443 2511 2606 2566 quem
2661 2494 2940 2551 visibilem
2992 2493 3284 2566 conspexit
3334 2492 3641 2559 hominem,
3670 2508 3799 2548 eum

2193 2597 2411 2653 quoque
2441 2588 2496 2636 et
2547 2581 2887 2637 i'nvisibilem
2915 2581 3146 2652 agnovit
3178 2583 3375 2636 Deum.
3407 2579 3684 2636 Conversa
3719 2589 3804 2636 est

2193 2669 2262 2726 ab
2294 2667 2642 2724 infidelitatis
2670 2685 2782 2724 sua).
2811 2668 3055 2724 tenebris
3082 2667 3318 2740 superba
3343 2667 3498 2740 prius
3522 2685 3622 2724 sua
3648 2685 3802 2724 aver-

2194 2757 2348 2813 sione
2375 2755 2676 2828 gentilitas,
2707 2756 2942 2811 ostensis
2969 2755 3142 2826 signis
3175 2763 3340 2827 atque
3369 2755 3640 2826 prodigiis
3667 2773 3800 2814 cre-

2193 2843 2277 2900 vit
2305 2843 2468 2912 ﬁdes;
2501 2850 2798 2916 propagata
2824 2850 3007 2899 autem
3038 2841 3170 2910 ﬁde,
3193 2842 3254 2897 in
3283 2842 3636 2898 veneratione
3665 2860 3800 2900 om-

2193 2933 2351 2989 nium
2377 2938 2576 2989 sanctae
2605 2931 2866 2989 Ecclesiae
2877 2930 3097 2988 culmen
3115 2930 3364 2987 emicuit.
3381 2929 3483 2988 Cui
3511 2947 3638 2988 cum
3649 2931 3799 2988 dees-

487 3017 604 3108 ξθῐῐι
633 3009 689 3108 gf
715 3002 1001 3102 ῼΠῙνθΓεξω
1031 2999 1544 3108 εῇθεεθρΐοῖθεδξιξ
1572 3009 1676 3101 θεῖ.»
1705 3000 1816 3108 nisi
1835 3017 1962 3056 cum
1991 3000 2086 3108 ha:
2114 3046 2160 3108 ο
2194 3029 2316 3078 sent
2342 3021 2515 3094 aperti
2566 3019 2891 3090 adversarii,
2937 3020 3137 3076 tentari
3189 3020 3357 3093 cmpit
3390 3037 3424 3078 a
3469 3021 3603 3078 suis.
3660 3023 3800 3078 Nam

481 3090 615 3147 bere
642 3091 744 3148 Dei
773 3091 979 3148 meruit
997 3091 1446 3148 collocutionem.
1467 3090 1563 3146 Ait
1577 3090 1754 3146 enim:
1779 3091 1999 3161 Loquar
2016 3091 2089 3146 ad

483 3180 770 3237 Dominum
796 3196 989 3246 meum,
1005 3196 1125 3235 cum
1143 3179 1244 3234 sim
1261 3179 1444 3252 pulvis
1472 3185 1522 3234 et
1533 3178 1665 3234 cinis
1683 3179 1894 3252 (Genes.
1917 3195 2086 3246 xvm,

484 3271 601 3344 27).
633 3272 768 3328 Esse
796 3271 946 3328 enim
975 3287 1031 3328 se
1059 3270 1273 3345 aliquid
1303 3271 1535 3328 fortasse
1563 3271 1830 3340 crederet,
1859 3271 1906 3328 si
1935 3287 2086 3328 vera-

485 3375 604 3418 cem
625 3360 920 3417 essentiam
950 3376 1073 3434 quae
1101 3375 1265 3434 super
1293 3359 1476 3433 ipsum
1510 3367 1593 3418 est
1617 3359 1848 3416 minime
1876 3359 2088 3417 sensis-

485 3457 586 3506 set.
614 3451 688 3506 At
704 3465 833 3505 vero
852 3449 949 3505 ubi
969 3449 1038 3506 ad
1067 3449 1580 3507 incommutabilem
1601 3449 2085 3522 contemplandum

486 3554 653 3610 super
679 3555 736 3594 se
765 3545 954 3611 raptus
988 3545 1092 3604 est,
1128 3538 1390 3611 impletus
1421 3546 1576 3596 tanta
1604 3537 2089 3611 contemplationis

485 3627 754 3700 potentia,
777 3626 909 3683 dum
931 3627 1144 3684 videret
1158 3627 1342 3697 illum,
1365 3628 1446 3684 nil
1468 3645 1526 3684 se
1541 3645 1654 3684 esse
1675 3627 1782 3683 nisi
1803 3629 2086 3701 pulverem

485 3715 650 3772 vidit.
683 3716 827 3773 Hinc
854 3724 936 3773 est
964 3717 1130 3774 etiam
1160 3717 1308 3791 quod
1335 3716 1608 3790 Propheta
1637 3717 1878 3789 repletus
1898 3717 2088 3774 eadem

484 3803 776 3878 sapientia,
819 3805 1121 3863 exclamat:
1167 3809 1444 3876 Memento,
1475 3807 1716 3872 Domine,
1746 3807 1888 3878 quod
1911 3806 2090 3879 pulvis

487 3911 669 3950 sumus
701 3895 874 3967 (Psal.
893 3912 991 3966 cn,
1017 3896 1130 3970 14).
1168 3896 1276 3966 Qui
1305 3913 1500 3954 rursus
1516 3895 1763 3970 ejusdem
1783 3896 2090 3954 incommu-

491 3983 816 4041 tabilitatem
851 3987 1103 4042 essentia;
1137 3986 1562 4057 contemplatus,
1593 3985 1703 4038 ait:
1739 3985 1931 4040 Omnia
1958 3987 2094 4042 sicut

484 4073 850 4128 vestimentum
878 4080 1216 4138 veterascent,
1233 4079 1280 4128 et
1306 4074 1441 4126 sicut
1467 4072 1792 4142 opertorium
1813 4075 1834 4108 ‘
1862 4076 2090 4130 mutabis

485 4178 570 4226 ea,
590 4167 638 4214 et
667 4159 1019 4215 mutabuntur
1039 4177 1062 4224 ;
1091 4166 1148 4214 tu
1166 4166 1343 4214 autem
1369 4159 1508 4213 idem
1535 4159 1646 4229 ipse
1674 4176 1745 4224 es,
1775 4165 1823 4214 et
1849 4162 1982 4215 anni
2012 4163 2090 4217 tui

486 4265 595 4304 non
623 4247 864 4321 deﬁcient
892 4247 1066 4321 (Psal.
1099 4263 1173 4316 cr,
1190 4248 1282 4316 27,
1309 4247 1427 4320 28).
1462 4247 1687 4304 Hincad
1706 4249 1934 4321 Moysen
1955 4249 2089 4306 dici-

488 4345 612 4394 tur:
643 4337 758 4408 Ego
788 4353 905 4391 sum
931 4337 1024 4408 qui
1061 4353 1215 4401 sum;
1242 4342 1292 4392 et
1317 4335 1454 4391 dices
1482 4336 1612 4408 ﬁliis
1639 4339 1851 4394 Israel:
1885 4339 1988 4407 Qui
2015 4346 2089 4395 est

485 4425 633 4480 misit
675 4399 756 4480 me
797 4425 870 4480 ad
909 4399 1000 4480 ves
1039 4399 1242 4496 (Ea-od.
1277 4441 1362 4494 III,
1407 4399 1497 4496 14)
1548 4467 1601 4481 ..
1639 4470 1652 4482 .
1685 4425 1846 4483 Solus
1887 4399 2088 4501 quippe
2115 4399 2166 4460 D

489 4513 761 4571 veraciter
813 4521 916 4583 est,
983 4513 1078 4588 qui
1143 4515 1292 4571 solus
1348 4513 1882 4574 incommutabiliter
1952 4535 2088 4591 per-

489 4612 696 4661 manet.
739 4606 876 4662 Nam
921 4620 1084 4662 omne
1113 4605 1262 4677 quod
1299 4604 1466 4662 modo
1495 4605 1596 4674 sic,
1628 4614 1683 4662 et
1713 4607 1875 4664 modo
1927 4609 2090 4664 aliter

491 4703 594 4764 est,
630 4693 792 4767 juxta
860 4712 973 4752 non
1029 4711 1146 4752 esse
1221 4703 1322 4752 est.
1399 4697 1727 4767 Permanere
1791 4697 1942 4754 enim
2029 4697 2088 4754 in

491 4791 638 4842 statu
665 4801 766 4842 suo
809 4801 919 4842 non
962 4791 1158 4858 potest.
1205 4785 1390 4860 Atque
1421 4792 1568 4850 597
1595 4787 1783 4861 aliquo
1826 4787 1992 4844 modo
2019 4786 2090 4844 ad

491 4897 604 4938 non
620 4896 736 4939 esse
755 4879 888 4952 itur,
905 4881 1040 4939 dum
1059 4881 1126 4938 ab
1151 4898 1216 4939 eo
1236 4883 1385 4956 quod
1404 4883 1582 4940 fuerat
1601 4901 1816 4958 semper
1839 4885 1908 4941 ad
1936 4883 2090 4940 aliud

491 4985 590 5042 per
617 4980 896 5029 momenta
915 4980 1224 5044 temporum
1253 4972 1493 5029 ducitur.
1527 4974 1597 5030 Ut
1623 4989 1752 5046 ergo
1782 4973 1840 5030 in
1870 4967 2121 5047 partici-.

569 5146 586 5216 ξ
619 5145 816 5216 Aliter,
849 5149 1092 5206 Habuere
1117 5163 1224 5204 esse
1245 5164 1344 5216 per
1369 5147 1598 5204 initium.

569 5215 591 5248 ³
620 5215 830 5291 Germ.,
860 5219 892 5274 2
926 5219 1123 5288 Laud.,
1154 5215 1318 5278 Corb.
1353 5219 1562 5288 Germ.,
1594 5221 1852 5278 Beccens.
1886 5229 1940 5278 et
1968 5221 2090 5291 alii,

495 5290 545 5364 et
559 5287 894 5364 postmodum
921 5287 1177 5361 scriptum
1208 5297 1320 5347 est:
1352 5287 1639 5364 inspiravit
1667 5292 1725 5346 in
1751 5291 1945 5364 faciem
1975 5287 2093 5364 ejus

496 5361 546 5411 et
560 5353 746 5425 Tactus
772 5363 866 5423 est,
897 5366 1000 5414 etc.

569 5427 592 5506 ξ’
622 5425 820 5506 ἕξειμρη
841 5427 907 5506 in
938 5435 1102 5484 terra.
1136 5430 1298 5490 Corb.
1332 5434 1542 5506 Germ.,
1573 5442 1788 5492 ceterna.

574 5498 590 5528 ⁸
622 5495 1083 5580 Editi,'0mnes...
1116 5495 1766 5580 veterascent...7'mutabis
1811 5523 1890 5564 ea.
1924 5505 2088 5565 Corb.

499 5569 708 5636 Germ.,
739 5570 916 5625 omnia
944 5575 1322 5630 veterascent...
1353 5579 1580 5633 mutabis
1603 5597 1704 5634 eos.

572 5641 592 5674 ⁵
626 5638 765 5694 Utic.
795 5647 847 5695 et
878 5641 1160 5708 Beccens.,
1185 5652 1380 5713 praeter
1407 5645 1547 5704 hanc
1579 5650 1892 5716 lectionem,
1929 5649 2087 5704 istam

2196 3111 2384 3167 multae
2411 3127 2628 3184 quoque
2657 3109 2716 3166 in
2735 3126 2798 3166 ea
2814 3109 3048 3168 haereses
3071 3117 3278 3166 exorta;
3301 3117 3494 3168 contra
3521 3125 3644 3166 eam
3673 3104 3800 3168 duri

2195 3199 2514 3258 certaminis
2558 3200 2702 3256 bella
2730 3207 3086 3273 paraverunt.
3119 3199 3445 3257 Exercenda
3472 3199 3676 3274 quippe
3718 3207 3802 3256 est

2196 3289 2303 3346 hoc
2329 3298 2574 3362 tempore
2617 3305 2714 3362 per
2767 3289 3034 3357 laborem,
3067 3305 3190 3363 quae
3218 3289 3470 3363 sequenti
3503 3288 3677 3346 tendit
3731 3289 3802 3345 ad

2196 3378 2716 3435 remunerationem.
2746 3377 2866 3446 Qua
2895 3394 2966 3434 ex
2993 3393 3052 3434 re
3080 3378 3382 3436 factumest
3409 3385 3472 3434 ut
3497 3377 3556 3434 in
3587 3394 3650 3434 eo
3667 3394 3801 3432 non-

2196 3465 2338 3522 nulli
2363 3464 2668 3538 prodirent,
2699 3465 2797 3538 qui
2841 3464 3202 3522 mediatorem
3231 3464 3332 3522 Dei
3386 3473 3440 3520 et
3479 3463 3799 3534 hominum,

2196 3554 2480 3612 hominem
2510 3554 2794 3612 Christum
2810 3554 2996 3612 Iesum
3026 3572 3228 3628 purum
3252 3553 3538 3610 hominem
3557 3561 3803 3610 creatum

2196 3645 2464 3715 dicerent,
2507 3644 2606 3701 sed
2634 3660 2704 3700 ex
2733 3643 2907 3717 gratia
2947 3643 3266 3702 deiﬁcatum
3299 3661 3314 3710 ;
3371 3650 3700 3717 tantumque
3751 3643 3803 3700 ei

2197 3737 2506 3795 sanctitatis
2533 3736 2860 3805 tribuerent,
2892 3743 3163 3810 quantum
3217 3734 3285 3792 de
3315 3733 3522 3790 sanctis
3569 3733 3800 3804 caeteris,

2197 3827 2317 3901 ejus
2341 3829 2600 3884 videlicet
2619 3828 2865 3894 famulis,
2896 3827 3268 3898 agnovissent.
3285 3825 3434 3892 Quos
3461 3823 3654 3880 beatus
3673 3825 3798 3894 Job,

2197 3916 2499 3991 prophetiae
2521 3915 2724 3987 spiritu
2751 3913 2990 3984 afﬂatus,
3034 3914 3322 3970 sententiae
3343 3929 3455 3969 suae
3479 3910 3801 3969 deﬁnitione

2196 4003 2497 4076 redarguit,
2513 4001 2703 4059 dicens
2729 4020 2740 4058 :

2596 4128 2824 4186 CAPUT
2851 4127 2946 4184 LII
2975 4127 3116 4201 [νει.
3153 4126 3397 4201 xxxv].

2269 4238 2441 4295 Vnus.
2473 4237 2560 4293 19.
2610 4268 2680 4279 -
2708 4237 2829 4295 Non
2864 4235 3234 4308 adaquabitur
3267 4235 3315 4292 ei
3359 4238 3382 4272 θ
3439 4235 3708 4309 topazium
3740 4237 3803 4292 de

2196 4327 2496 4399 Ethiopia.

2266 4415 2356 4472 84.
2395 4414 2732 4485 Refelluntur
2757 4415 2853 4486 qui
2889 4415 3160 4472 Christum
3191 4420 3444 4486 tanquam
3467 4431 3671 4488 purum
3698 4415 3804 4470 ho-

2196 4506 2390 4561 minem
2416 4504 2618 4561 cwteris
2637 4505 2832 4560 sanctis
2851 4504 3075 4561 similem
3103 4505 3302 4560 docent.
3328 4536 3399 4546 —
3413 4504 3559 4573 Quid
3585 4503 3800 4560 Ethio-

2197 4595 2366 4669 piam,
2387 4593 2496 4651 nisi
2533 4602 2859 4667 praesentem
2891 4594 3162 4650 mundum
3190 4594 3539 4668 accipimus?
3563 4609 3683 4665 quae
3712 4607 3800 4648 co-

2199 4685 2332 4742 loris
2361 4683 2646 4758 nigredine
2672 4684 2922 4756 designat
2948 4687 2968 4720 ⁷
3001 4691 3343 4756 peccatorem
3375 4681 3662 4754 populum,
3688 4679 3802 4734 fm-

2198 4775 2368 4832 ditate
2398 4776 2740 4832 meritorum.
2766 4775 3084 4848 Aliquando
3099 4789 3231 4830 vero
3244 4771 3544 4844 Ethiopian
3574 4771 3802 4829 nomine

2199 4865 2508 4940 specialiter
2562 4863 2838 4937 gentilitas
2898 4861 3178 4934 designari
3231 4862 3392 4930 solet,
3455 4860 3802 4918 inﬁdelitatis

2199 4955 2354 5029 prius
2381 4954 2535 5026 nigra
2561 4952 2816 5026 peccatis.
2847 4951 3022 5020 Quam
3056 4950 3311 5008 veniente
3340 4949 3580 5007 Domino
3611 4950 3804 5007 Haba-

2201 5128 2405 5186 habent
2437 5146 2448 5184 :
2495 5129 2726 5184 humana
2763 5143 2944 5194 carne,
2985 5127 3166 5182 anima
3211 5126 3488 5195 mediante,
3514 5133 3792 5198 suscepta,

2239 5218 2366 5258 nam
2415 5199 2681 5257 exhibent
2731 5198 2896 5255 etiam
2927 5197 3137 5268 Germ.,
3171 5198 3418 5272 Pratell.,
3462 5197 3707 5267 Ebroic.’,
3757 5199 3792 5256 2

2247 5273 2560 5401 agni'Laud.
2591 5343 2756 5399 habet
2772 5356 3016 5415 semper,
3057 5343 3348 5415 topadium.

2271 5417 2291 5450 ⁷
2324 5417 2387 5471 In
2413 5415 2540 5483 Ed.,
2565 5414 3178 5486 peccatorumpapulum
3203 5414 3592 5486 fmditatemque
3627 5415 3798 5486 meri—

2201 5493 2394 5543 torum.
2449 5485 2631 5544 Secuti
2686 5501 2876 5542 sumus
2928 5485 3058 5543 Mss.
3131 5486 3340 5556 Germ.,
3397 5485 3612 5556 Norm.,
3659 5485 3800 5542 duos

2199 5575 2398 5646 Laud.,
2432 5574 2596 5633 Corb.
2631 5575 2844 5644 Germ.,
2876 5582 2984 5632 etc.
