4172 6184
312 241 371 297 89
1084 237 1454 295 MOBALIUM
1494 239 1624 296 LIB.
1667 240 1867 297 XVIII.
1909 273 1980 285 —
2016 236 2244 300 CAPUT
2281 246 2517 303 XXVIII
2557 250 2618 306 Β.
2660 251 2804 306 .IOB.
3519 261 3589 315 90

312 385 406 429 cuc
430 363 676 440 propheta
693 361 835 418 vidit
853 362 1053 418 timore
1076 364 1441 434 perterritam,
1462 373 1517 421 et
1545 367 1654 423 ait:
1700 368 1887 424 Taber~
1917 372 1969 432 Α
1993 369 2162 427 homo
2189 380 2485 445 conceptus
2519 382 2681 447 atque
2723 376 2923 445 editus,
2948 389 3068 451 post
3096 398 3192 453 per
3240 384 3499 443 meritum
3524 397 3590 445 ut

314 457 497 512 uacula
536 452 847 523 EMiopium
908 460 1277 524 expavescunt,
1335 454 1677 511 tabernacula
1731 464 1886 514 terra:

318 546 517 605 Madian
546 542 755 613 (Habac.
788 559 874 609 ιιι,
919 542 999 614 7).
1040 541 1218 598 David
1247 559 1466 616 quoque
1496 545 1761 618 propheta
1791 547 1887 605 vi—

318 633 440 690 dens
456 630 584 704 quod
610 629 677 686 ad
700 629 945 687 Judzeam
962 630 1337 687 redimendam
1360 633 1576 689 veniret
1592 636 1885 706 Dominus,

318 723 528 782 sedante
572 720 853 792 gentilitas
897 719 1161 789 crederet,
1209 730 1263 778 et
1308 722 1659 795 postmodum
1699 725 1887 782 Iudaea

314 817 615 884 sequeretur,
644 808 793 865 sicut
819 808 1086 881 scriptum
1117 817 1228 865 est:
1270 809 1445 865 Donec
1466 811 1741 883 plenitudo
1769 829 1886 883 geu-

314 902 419 955 tium
446 898 708 965 introiret,
739 904 787 953 et
815 899 890 953 sic
917 899 1087 953 omnis
1116 899 1289 956 Israel
1318 901 1500 955 salvus
1529 902 1677 973 ﬁeret
1708 902 1883 974 (Rom.

307 1009 374 1058 χι,
395 991 479 1061 25)
497 1007 519 1056 ;
546 989 719 1047 dicit:
766 988 1046 1060 Ethiopia
1071 990 1353 1060 praeveniet
1390 1008 1580 1047 manus
1625 991 1736 1062 ejus
1776 992 1886 1049 Deo

305 1083 459 1153 (Psal.
490 1099 667 1150 varr,
698 1080 825 1153 32);
858 1079 917 1137 id
945 1087 1046 1147 est,
1090 1080 1408 1155 priusquam
1450 1083 1637 1139 Iudaea
1678 1083 1884 1153 credat,

303 1169 599 1229 salvandam
629 1186 693 1227 se
722 1169 881 1226 offert
920 1169 1286 1241 omnipotenti
1324 1173 1437 1227 Deo
1466 1172 1704 1245 peccatis
1731 1173 1888 1245 nigra

303 1260 570 1334 gentilitas.
597 1258 902 1332 T0pazium
933 1274 1065 1314 vero
1086 1260 1357 1331 pretiosus
1378 1261 1516 1333 lapis
1536 1270 1652 1328 est;
1686 1269 1740 1317 et
1758 1262 1888 1335 quia

300 1353 466 1410 Graeca
506 1353 697 1424 lingua
730 1357 834 1411 πάν
867 1368 1019 1406 omne
1047 1350 1275 1420 dicitur,
1323 1368 1423 1425 pro
1460 1368 1524 1408 eo
1554 1351 1702 1426 quod
1732 1354 1886 1409 omni

298 1451 461 1506 colore
488 1449 826 1523 resplendet,
857 1449 1133 1522 topazium
1170 1450 1357 1523 ‘quasi
1388 1451 1699 1523 topantium
1728 1465 1887 1506 voca-

296 1548 392 1597 tur.
434 1542 571 1598 Dum
620 1557 760 1596 vero
802 1543 946 1603 598
980 1539 1038 1595 in
1079 1541 1256 1596 Deum
1305 1557 1570 1597 conversa
1612 1540 1888 1613 gentilitas

296 1636 533 1705 credidit,
563 1654 636 1693 ex
666 1653 730 1692 ea
758 1637 922 1693 multi
949 1636 1027 1692 ita
1044 1644 1175 1692 sunt
1194 1635 1342 1693 dono
1357 1637 1442 1693 sui
1472 1637 1712 1709 Spiritus
1740 1637 1887 1693 locu-

1992 461 2139 517 Deus
2166 470 2304 519 esset
2326 462 2554 535 accepit,
2586 464 2680 543 sed
2710 467 3005 524 nuntiante
3033 473 3249 543 angelo,
3281 482 3336 530 et
3364 478 3385 511 ⁵
3406 476 3588 539 adve-

1994 551 2179 607 niente
2206 552 2437 626 Spiritu,
2467 570 2599 609 mox
2640 554 2884 613 Verbum
2931 557 2990 613 in
3038 566 3216 629 utero,
3256 580 3387 619 mox
3442 567 3589 626 intra

1992 649 2212 699 uterum
2259 642 2503 700 Verbum
2549 661 2697 714 caro,
2744 653 2801 702 et
2844 656 3098 704 manente
3146 649 3587 715 incommutabili

1995 732 2249 800 essentia,
2267 749 2387 805 quae
2409 734 2459 789 ei
2488 743 2570 791 est
2597 753 2722 793 cum
2753 738 2911 794 Patre
2939 746 2994 795 et
3019 754 3146 794 cum
3166 751 3357 800 sancto
3378 744 3590 815 Spiritu

1995 830 2283 892 coaeterna,
2314 827 2781 899 assumpsit_intra
2810 829 3059 903 virginea
3102 833 3316 891 viscera
3360 835 3509 891 unde
3536 847 3589 893 et

1995 909 2349 984 impassibilis
2382 915 2518 986 pati,
2566 924 2620 972 et
2667 918 2996 976 immortalis
3050 922 3215 991 mori,
3243 931 3299 979 et
3354 931 3592 982 aeternus

1994 1008 2121 1056 ante
2138 1003 2336 1058 saecula
2362 1005 2680 1076 temporalis
2699 1016 2880 1078 posset
2894 1024 3010 1066 esse
3033 1009 3092 1065 in
3109 1010 3222 1067 ﬁne
3237 1013 3589 1083 saeculorum,

1994 1097 2057 1145 ut
2084 1107 2180 1162 per
2209 1091 2486 1149 ineffabile
2514 1106 2940 1167 sacramentum,
2983 1109 3253 1173 conceptu
3294 1111 3508 1173 sancto,
3539 1112 3591 1161 et

1994 1187 2156 1252 partu
2185 1180 2840 1253 inviolabili,secundum
2870 1190 3158 1246 veritatem
3179 1191 3469 1266 utriusque
3498 1209 3589 1250 na-

1994 1277 2152 1338 turae,
2183 1271 2371 1327 eadem
2402 1274 2558 1345 virgo
2577 1283 2633 1330 et
2659 1277 2861 1333 ancilla
2895 1279 3119 1336 Domini
3140 1288 3281 1337 esset
3315 1290 3367 1337 et
3396 1291 3589 1340 mater.

1994 1359 2085 1419 Sic
2112 1360 2313 1433 quippe
2359 1362 2410 1417 ei
2456 1362 2524 1418 ab
2553 1363 2836 1420 Elisabeth
2868 1366 3105 1425 dicitur:
3145 1370 3291 1426 Unde
3318 1372 3412 1427 hoc
3437 1372 3590 1439 mihi,

1994 1457 2053 1506 ut
2078 1451 2252 1506 veniat
2280 1458 2448 1507 mater
2485 1454 2700 1508 Domini
2726 1455 2826 1510 mei
2853 1457 2925 1511 ad
2952 1473 3033 1511 me
3059 1458 3217 1528 (Luc.
3251 1477 3292 1528 1,
3322 1460 3417 1532 b3)
3444 1462 3473 1517 ?
3521 1463 3592 1518 Et

1995 1541 2113 1614 ipsa
2136 1541 2306 1613 Virgo
2334 1541 2650 1613 concipiens
2679 1544 2825 1601 dixit
2858 1564 2870 1601 :
2902 1548 3035 1604 Ecce
3061 1548 3266 1605 ancilla
3312 1551 3532 1606 Domini
3572 1570 3591 1616 ;

1993 1631 2091 1702 fiat
2114 1628 2244 1683 mihi
2288 1630 2571 1684 secundum
2614 1633 2827 1688 verbum
2878 1640 3025 1689 tuum
3061 1636 3259 1707 (Ibid.,
3290 1654 3329 1705 Ι,
3361 1637 3475 1710 38).
3514 1638 3588 1693 Et

295 1724 488 1797 pietati,
518 1734 581 1782 ut
609 1725 771 1800 quasi
799 1725 991 1783 multis
1005 1725 1306 1795 coloribus,
1338 1726 1420 1783 sic
1448 1726 1642 1782 multis
1669 1724 1888 1780 virtuti-
1918 1736 1966 1797 Β
1994 1720 2249 1794 quamvis
2276 1720 2393 1792 ipse
2422 1721 2573 1777 aliud
2602 1737 2671 1777 ex
2691 1724 2873 1791 Patre,
2903 1724 3056 1780 aliud
3083 1741 3154 1781 ex
3182 1727 3433 1799 Virgine,
3471 1742 3581 1782 non

188 1879 197 1885 _
293 1812 383 1869 bus
419 1813 664 1873 luceant.
701 1814 806 1871 Sed
843 1831 913 1872 ne
958 1816 1197 1888 acceptis
1243 1816 1534 1888 quisquam
1582 1813 1886 1870 virtutibus

294 1903 600 1971 extollatur,
630 1921 664 1960 a
706 1913 892 1962 sancto
940 1904 1064 1960 viro
1112 1921 1260 1962 nunc
1300 1904 1531 1962 dicitur:
1579 1905 1700 1962 Non
1745 1903 1886 1959 adte-

290 1990 539 2058 quabitur
564 1991 612 2045 ei
636 1993 895 2063 topazium
924 1994 986 2048 de
1002 1993 1302 2064 Αῧιὴίορὶα.
1324 1995 1407 2050 Ac
1433 1993 1481 2049 si
1496 1998 1680 2065 aperte
1699 1990 1880 2055 dicat:

289 2078 477 2134 Nullus
502 2089 818 2138 sanctorum
850 2082 1191 2155 quibuslibet
1220 2082 1524 2139 virtutibus
1562 2082 1782 2154 plenus,
1815 2096 1886 2136 ex

290 2168 380 2223 ista
427 2176 611 2226 tamen
652 2171 939 2243 nigredine
973 2172 1167 2229 mundi
1209 2174 1233 2211 ²
1268 2172 1556 2241 collectus,
1599 2170 1805 2245 aequari
1834 2170 1884 2225 ei

288 2264 470 2327 potest,
502 2258 572 2315 de
602 2278 712 2333 quo
741 2260 1008 2333 scriptum
1039 2270 1155 2318 est:
1210 2263 1363 2329 Quod
1399 2268 1644 2318 nascetur
1669 2263 1690 2297 ³
1735 2279 1800 2316 er
1843 2267 1887 2315 te

285 2354 537 2415 sanctum,
569 2351 845 2406 vocabitur
872 2351 1045 2407 Filius
1071 2352 1172 2408 Dei
1199 2353 1360 2424 (Luc.
1393 2370 1434 2421 ι,
1464 2352 1581 2424 35).
1602 2353 1714 2409 Nos
1728 2351 1884 2425 quip-

284 2453 339 2508 pe
365 2439 466 2494 etsi
511 2442 695 2498 sancti
719 2442 1014 2509 eﬁicimur,
1037 2459 1149 2498 non
1169 2450 1360 2499 tamen
1381 2442 1556 2499 sancti
1584 2441 1884 2509 nascimur,

283 2529 398 2601 quia
427 2529 558 2602 ipsa
593 2539 804 2586 naturae
833 2531 1212 2603 corruptibilis
1253 2531 1573 2588 conditione
1619 2530 1889 2586 constrin-

282 2617 484 2687 gimur,
514 2625 587 2672 ut
615 2634 743 2673 cum
771 2618 1045 2688 Propheta
1072 2618 1326 2674 dicamus
1349 2636 1361 2673 :
1394 2620 1525 2674 Ecce
1551 2618 1689 2673 enim
1707 2617 1763 2671 in
1788 2615 1888 2671 ini-

278 2704 581 2775 quitatibus
618 2710 891 2775 cmtceptus
932 2722 1068 2773 sum,
1111 2712 1159 2760 et
1203 2707 1225 2740 ⁴
1256 2705 1313 2759 in
1340 2705 1540 2760 delictis
1579 2704 1784 2777 peperit
1808 2721 1888 2760 me

280 2799 442 2849 mater
470 2809 597 2848 mea
643 2792 819 2863 (Psal.
849 2810 904 2860 ι,
952 2794 1028 2864 7).
1074 2794 1172 2849 Ille
1213 2800 1398 2849 autem
1434 2794 1585 2850 solus
1622 2792 1887 2851 veraciter

282 2891 493 2940 sanctus
512 2890 684 2939 natus
710 2889 815 2951 est,
845 2882 941 2955 qui
973 2889 1035 2938 ut
1062 2882 1236 2956 ipsam
1267 2882 1643 2940 conditionem
1674 2890 1884 2940 natura:

287 2968 661 3045 corruptibilis
690 2971 962 3042 vinceret,
977 2987 1047 3028 ex
1061 2972 1451 3031 commistione
1470 2973 1708 3032 carnalis
1720 2990 1883 3048 copu-

287 3059 345 3115 lae
369 3068 671 3134 conceptus
701 3077 815 3117 non
843 3067 947 3116 est.

348 3152 430 3208 85.
480 3150 721 3208 Nestor-ii
764 3150 981 3207 insania
1017 3156 1204 3206 contra
1250 3149 1540 3208 Christum.
1582 3154 1745 3220 Quem
1789 3152 1886 3207 etsi

283 3236 470 3311 ραν-τέγη
497 3238 783 3306 hominem,
812 3238 1018 3295 meritis
1044 3244 1336 3295 assecutum
1354 3257 1461 3296 esse
1480 3246 1539 3295 ut
1554 3239 1697 3296 Deus
1716 3239 1883 3311 ﬁeret,

287 3328 470 3385 docuit.
514 3327 821 3399 Refellitur.
852 3329 1044 3387 Modus
1072 3328 1470 3385 Incarnationis
1507 3328 1679 3388 Verbi.
1733 3328 1883 3385 Chri-

287 3424 390 3473 stus
425 3418 581 3473 aliud
608 3434 672 3472 ear
722 3419 907 3484 Patre,
955 3418 1109 3473 aliud
1151 3434 1217 3472 ea:
1261 3424 1451 3487 matre,
1488 3435 1595 3473 non
1621 3418 1785 3476 alius.
1815 3449 1887 3461 —

289 3506 423 3561 Huic
473 3522 531 3561 se
583 3505 864 3578 sapientiae
930 3505 1087 3580 quasi
1144 3504 1420 3578 quoddam
1486 3505 1762 3578 topazium
1819 3505 1886 3563 de

291 3594 574 3666 Ethiopia
617 3595 822 3668 aequari
850 3595 1053 3663 voluit,
1078 3610 1208 3653 cum
1243 3594 1467 3667 quidam
1497 3594 1887 3653 haeresiarches

289 3682 464 3739 dixit:
514 3683 640 3738 Non
672 3683 892 3740 invideo
931 3684 1151 3742 Christo
1196 3684 1311 3741 Deo
1352 3683 1521 3752 facto,
1550 3684 1811 3756 quoniam
1839 3684 1887 3739 si

291 3772 449 3839 volo,
479 3777 536 3826 et
559 3770 673 3843 ipse
698 3786 915 3843 possum
942 3771 1082 3828 ﬁeri.
1116 3771 1224 3840 Qui
1255 3771 1439 3827 Jesum
1471 3770 1753 3827 Christum
1782 3774 1888 3828 Do-

291 3861 505 3917 minam
536 3867 806 3929 nostrum,
840 3876 950 3916 non
995 3876 1092 3933 per
1128 3858 1458 3932 mysterium
1487 3859 1884 3931 conceptionis,

291 3948 379 4005 sed
408 3965 507 4022 per
550 3948 855 4021 profectum
900 3949 1085 4021 gratiae
1134 3950 1310 4004 Deum
1348 3946 1586 4020 putavit,
1633 3962 1888 4020 perversa

294 4037 607 4110 allegatione
650 4045 903 4095 astruens
948 4055 1073 4093 eum
1115 4053 1314 4110 purum
1359 4034 1642 4092 hominem
1672 4044 1885 4104 natum,

296 4126 404 4193 sed,
432 4135 493 4183 ut
520 4129 666 4185 Deus
685 4136 849 4197 esset,
880 4144 978 4200 per
998 4127 1258 4183 meritum
1288 4126 1604 4199 profecisse,
1634 4133 1797 4199 atque
1816 4126 1886 4183 ob

299 4216 396 4275 hoc
424 4220 699 4276 aestimans
743 4227 799 4275 et
826 4235 882 4275 se
912 4227 965 4275 et
992 4216 1267 4291 quoslibet
1298 4215 1436 4272 alios
1466 4231 1621 4288 posse
1658 4216 1708 4271 ei
1738 4232 1887 4273 coae-

295 4308 463 4379 quari,
490 4309 584 4382 qui
601 4308 708 4366 ﬁlii
732 4309 832 4365 Dei
853 4324 950 4381 per
969 4307 1200 4379 gratiam
1229 4305 1394 4374 ﬁunt,
1413 4320 1526 4360 non
1551 4305 1886 4377 intelligens,

1993 1816 2181 1864 tamen
2205 1808 2347 1864 alius
2376 1824 2445 1864 ex
2482 1809 2661 1878 Patre,
2690 1811 2833 1866 alius
2860 1828 2927 1867 ex
2952 1813 3203 1885 Virgine,
3235 1814 3331 1871 sed
3351 1815 3468 1887 ipse
3513 1824 3593 1871 est

1996 1906 2232 1954 aeternus
2251 1914 2321 1953 ex
2336 1898 2514 1967 Patre,
2546 1899 2660 1971 ipse
2689 1902 3008 1973 temporalis
3028 1918 3099 1957 ex
3120 1911 3291 1959 matre
3315 1923 3328 1971 ;
3362 1905 3476 1976 ipse
3496 1905 3588 1977 qui

1994 1987 2148 2056 fecit,
2178 1987 2293 2059 ipse
2322 1989 2418 2061 qui
2446 1989 2623 2045 factus
2651 1997 2731 2046 est
2762 2009 2775 2057 ;
2810 1991 2923 2063 ipse
2950 1993 3233 2064 speciosus
3260 1994 3439 2049 forma
3479 2009 3591 2065 pra:

1994 2075 2128 2131 ﬁliis
2155 2075 2447 2133 hominum
2475 2094 2572 2150 per
2598 2078 2972 2150 divinitatem,
3003 2089 3057 2138 et
3085 2082 3202 2154 ipse
3231 2081 3298 2137 de
3327 2098 3438 2155 quo
3492 2080 3592 2136 di-

1994 2172 2145 2221 ctum
2174 2173 2256 2221 est
2280 2183 2292 2221 :
2335 2167 2569 2225 Vidimus
2596 2185 2733 2238 eum,
2762 2177 2810 2226 et
2835 2187 2942 2225 non
2978 2177 3093 2227 erat
3119 2178 3382 2244 aspectus,
3412 2177 3459 2225 et
3486 2186 3589 2225 non

1995 2260 2070 2309 est
2097 2255 2288 2326 species
2315 2257 2364 2311 ei
2389 2273 2552 2327 neque
2583 2257 2736 2314 decor
2766 2260 2922 2333 (Isai.
2955 2278 3075 2330 Lm,
3096 2261 3183 2332 2),
3213 2275 3310 2332 per
3337 2257 3592 2315 humani-

1995 2352 2184 2404 tatem.
2215 2348 2336 2421 Ipse
2363 2356 2489 2405 ante
2516 2350 2715 2406 saecula
2743 2350 2809 2407 de
2837 2352 2995 2408 Patre
3024 2352 3143 2408 sine
3171 2359 3367 2419 matre,
3388 2351 3503 2422 ipse
3533 2349 3589 2403 in

1994 2438 2104 2494 ﬁne
2156 2439 2483 2495 saeculorum
2529 2439 2595 2495 de
2624 2448 2796 2495 matre
2842 2441 2960 2495 sine
3015 2448 3185 2512 patre.
3221 2443 3242 2476 ⁸
3292 2442 3411 2512 Ipse
3440 2447 3593 2494 tem-

1993 2528 2170 2600 plum,
2202 2527 2317 2599 ipse
2344 2526 2599 2583 conditor
2638 2528 2862 2600 templi;
2897 2528 3011 2602 ipse
3040 2536 3232 2586 auctor
3258 2527 3461 2602 operis,
3477 2527 3592 2600 ipse

1994 2630 2133 2687 opus
2159 2614 2401 2671 auctoris
2431 2633 2445 2682 ;
2478 2632 2705 2672 manens
2729 2633 2873 2674 unus
2899 2633 2970 2673 ex
2998 2625 3229 2690 utraque
3256 2625 3310 2673 et
3338 2618 3396 2673 in
3426 2624 3590 2672 utra-

1994 2720 2100 2778 que
2129 2711 2345 2775 natura,
2361 2720 2463 2761 nec
2476 2713 2799 2762 naturarum
2819 2706 3169 2779 copulatione
3184 2706 3470 2774 confusus,
3492 2720 3594 2763 nec

1993 2801 2314 2850 naturarum
2353 2800 2498 2859 599
2552 2794 2909 2852 distinctione
2937 2796 3265 2868 geminatus.
3303 2795 3409 2852 Sed
3464 2794 3593 2867 quia

1993 2913 2107 2954 non
2136 2896 2255 2954 haec
2286 2897 2571 2955 tractanda
2596 2898 2959 2970 suscepimus,
2989 2897 3059 2954 ad
3087 2894 3402 2969 exponendi
3431 2893 3593 2949 ordi-

1992 3001 2120 3042 nem
2150 2985 2457 3042 redeamus.

2066 3162 2155 3219 86.
2191 3161 2447 3234 Superius
2465 3160 2724 3218 dictorum
2741 3160 3133 3233 recapitulatio.
3165 3191 3236 3227 .—
3276 3160 3594 3218 Notandum

1998 3251 2157 3309 nobis
2184 3259 2266 3308 est
2292 3251 2440 3325 quod
2466 3260 2688 3310 sanctus
2716 3252 2825 3322 vir,
2854 3259 2916 3308 ut
2946 3252 3105 3324 longe
3132 3250 3337 3309 distare
3370 3250 3440 3308 ab
3491 3250 3596 3308 hac

1997 3342 2264 3415 sapientia
2290 3343 2511 3415 angelos
2541 3342 2964 3411 demonstraret,
2985 3341 3122 3399 dicit
3153 3360 3165 3397 :
3200 3342 3322 3400 Non
3366 3340 3592 3396 dabitur

1997 3448 2192 3488 aurum
2219 3432 2474 3503 obryzum
2482 3450 2586 3504 pro
2601 3450 2681 3488 ea.
2714 3432 2820 3501 Qui
2849 3440 2912 3488 ut
2938 3431 3195 3505 antiquos
3223 3432 3391 3487 etiam
3409 3431 3596 3486 Patres

1997 3522 2137 3578 sacri
2165 3521 2370 3594 eloquii
2398 3529 2715 3579 tractatores
2743 3521 3031 3579 inferiores
3050 3520 3380 3590 ostenderet,
3397 3518 3595 3592 adjun-

1997 3611 2083 3667 xit
2115 3629 2127 3667 :
2156 3613 2259 3669 Nec
2285 3611 2611 3683 appendetur
2629 3618 2907 3684 argentum
2924 3612 2986 3666 in
3012 3611 3417 3667 commutatione
3456 3609 3592 3681 ejus.

1998 3701 2069 3757 Ut
2088 3700 2545 3773 philosophorum
2561 3716 2778 3774 quoque
2813 3700 3143 3773 sapientiam
3163 3700 3296 3757 huic
3324 3707 3599 3756 monstra-

1998 3797 2081 3845 ret
2110 3789 2269 3860 longe
2309 3788 2551 3856 subesse,
2588 3788 2781 3844 intulit
2814 3806 2827 3843 :
2887 3789 3008 3844 Non
3076 3787 3379 3856 conferetur
3422 3787 3596 3840 tinctis

1997 3877 2167 3939 India:
2184 3875 2467 3930 coloribus.
2497 3875 2678 3945 Atque
2707 3875 2998 3945 subjunxit
3031 3892 3044 3928 :
3075 3876 3181 3931 Nec
3212 3873 3383 3943 lapidi
3410 3873 3596 3926 sardo-

1997 3965 2161 4035 nycho
2182 3961 2587 4033 pretiosissima,
2616 3962 2697 4017 vel
2726 3960 2999 4032 sapphiro.
3032 3960 3103 4015 Ut
3142 3958 3200 4014 in
3230 3958 3327 4013 illa
3375 3973 3593 4031 quoque

1997 4064 2233 4123 superna
2261 4046 2485 4105 civitate
2513 4046 2731 4105 nullum
2759 4044 3047 4120 pervenire
3099 4044 3170 4102 ad
3224 4043 3597 4119 aequalitatem

1999 4139 2279 4213 Unigeniti
2324 4138 2746 4207 demonstraret,
2775 4135 3023 4194 addidit:
3058 4136 3183 4195 Non
3225 4135 3599 4206 adaquabitur

1998 4230 2046 4286 ei
2071 4247 2267 4285 aurum
2300 4230 2380 4285 vel
2406 4229 2628 4284 uitrum.
2652 4228 2723 4284 Ut
2742 4224 3035 4299 prophetas
3056 4239 3275 4298 quoque
3296 4225 3347 4280 ei
3374 4224 3598 4281 subesse

1999 4317 2329 4386 ostenderet,
2377 4316 2678 4389 adjunxit:
2724 4316 2830 4372 Nec
2884 4313 3347 4369 wmmutabuntur
3386 4330 3491 4385 pro
3537 4330 3599 4369 ea

294 4410 403 4451 non
431 4399 738 4468 θῖῖθῐιάθω,
770 4399 901 4472 Ψιίό
930 4415 1036 4453 ηοη
1063 4396 1435 4467 admonebitur
1465 4395 1512 4450 εί
1542 4396 1810 4466 ωΡαΖίατη
1828 4397 1891 4451 de
1914 4458 1960 4472 κ
1998 4422 2129 4461 vasa
2156 4406 2282 4460 auri
2309 4406 2511 4460 excelsa
2537 4411 2584 4459 et
2611 4403 2911 4469 eminentia,
2932 4418 3023 4456 nec
3052 4401 3600 4457 commemorabuntur

296 4488 591 4559 Ethiopia.
643 4458 808 4545 Aliud
841 4496 923 4545 est
967 4487 1116 4545 enim
1166 4458 1325 4542 natos
1361 4458 1615 4541 homines
1656 4486 1886 4558 gratiam
1914 4458 1964 4517 D
1994 4458 2625 4565 comparationeejus.
2668 4458 2925 4548 Trahitur
2953 4492 3092 4547 enim
3119 4490 3379 4563 sapientia
3417 4491 3479 4545 de
3515 4508 3597 4546 oc-

299 4575 609 4649 adoptionis
637 4577 897 4650 accipere,
928 4576 1080 4633 aliud
1108 4591 1283 4632 unum
1312 4573 1663 4646 singulariter
1692 4590 1789 4646 per
1806 4574 1887 4631 di-

299 4664 539 4722 vinitatis
563 4666 867 4739 potentiam
887 4668 1062 4723 Deum
1087 4681 1158 4721 ex
1174 4664 1295 4736 ipso
1314 4670 1583 4735 conceptu
1597 4662 1883 4735 prodiisse.

300 4754 401 4812 Nec
427 4758 627 4832 aequari
655 4767 836 4832 potest
863 4759 1051 4833 gloriae
1076 4754 1359 4827 Unigeniti
1379 4753 1580 4810 habitat
1608 4772 1705 4828 per
1733 4765 1887 4815 natu-

301 4859 405 4900 ram
432 4847 534 4903 alia
563 4857 791 4922 accepta
818 4866 915 4923 per
944 4849 1173 4922 gratiam
1196 4864 1213 4915 ;
1262 4844 1527 4904 Mediator
1558 4847 1751 4918 quippe
1795 4847 1892 4904 Dei

297 4940 439 5005 atque
467 4937 761 5008 hominum,
799 4942 953 4998 homo
994 4940 1238 4999 Christus
1262 4937 1413 4993 Iesus
1439 4937 1504 5008 (Ι
1536 4938 1669 4995 Tim.
1703 4955 1765 5008 Il,
1803 4939 1887 5012 5),

296 5038 395 5080 non
421 5027 567 5085 sicut
594 5030 700 5087 iste
730 5030 1025 5089 haereticus
1052 5026 1277 5101 desipit,
1307 5025 1446 5081 alter
1474 5026 1533 5082 in
1561 5025 1889 5083 humanita-

295 5122 361 5185 te,
398 5119 535 5176 alter
564 5121 625 5177 in
667 5123 885 5180 Deitate
920 5130 1021 5180 est.
1055 5121 1196 5195 [νει.
1227 5112 1382 5173 XXX
1391 5114 1504 5189 VL]
1554 5117 1673 5173 Non
1719 5134 1887 5190 purus

360 5343 372 5415 ξ
406 5336 433 5398 1
473 5342 677 5415 Laud.,
710 5345 922 5415 Germ.,
951 5344 1112 5403 Corb.
1135 5343 1345 5413 Germ.,
1380 5338 1537 5412 quasi
1560 5338 1885 5412 topandium.

290 5409 321 5467 2
345 5412 546 5489 haud,
572 5409 738 5486 quasi
766 5409 1090 5489 topanzium.

356 5485 376 5560 ξ
400 5485 671 5560 Υἱῐιᾱόοη
691 5485 937 5560 infectus.

357 5557 377 5590 ³
403 5558 571 5614 Deest
599 5576 667 5615 ex
698 5557 879 5617 te'in2
899 5557 1075 5615 Laud.

354 5629 373 5661 ‘
398 5627 433 5685 2
464 5629 668 5699 Laud.,
697 5637 748 5686 et
777 5632 837 5687 in
865 5630 1086 5686 deliciis.

353 5699 374 5732 ⁵
404 5700 607 5769 Vind.,
633 5708 686 5757 et
708 5703 1010 5760 adveniente
1039 5699 1249 5774 Spiritu
1270 5705 1445 5754 sancto
1464 5716 1588 5757 mox
1610 5700 1757 5755 intra
1780 5703 1885 5752 ulc-

1997 4587 2169 4642 cultis.
2193 4585 2281 4641 Ad
2299 4592 2608 4640 extremum
2624 4597 2757 4637 vero
2776 4588 2839 4637 ut
2854 4580 3000 4653 ipsos
3026 4596 3246 4653 quoque
3274 4581 3334 4637 in
3352 4580 3600 4655 Ecclesia

2006 4674 2293 4731 heereticos
2312 4673 2638 4744 increparet,
2661 4670 2755 4743 qui
2776 4687 2807 4726 a
2827 4669 3154 4743 gentilitatis
3173 4685 3356 4726 errore
3376 4671 3598 4726 venien-

1997 4773 2099 4833 tes,
2118 4763 2282 4820 ﬁdem
2304 4776 2468 4835 quam
2498 4759 2830 4833 percipiunt,
2852 4774 2948 4831 per
2967 4758 3284 4831 superbiam
3311 4757 3596 4824 scindunt,

1998 4852 2213 4909 addidit
2243 4869 2254 4908 :
2287 4852 2407 4909 Non
2433 4849 2803 4920 aquuabitur
2830 4847 2877 4902 ei
2907 4847 3181 4918 topazium
3210 4846 3272 4900 de
3289 4843 3593 4913 1Elhiopia.

1997 4941 2080 4997 Ac
2106 4940 2155 4997 si
2183 4947 2431 5013 patenter
2456 4938 2722 5006 insinuet,
2752 4936 2941 4994 dicens
2973 4954 2985 4992 :
3020 4936 3092 4991 Hi
3122 4935 3218 5007 qui
3264 4948 3334 4988 ex
3387 4928 3597 5002 peccati

1997 5030 2283 5102 nigredine
2311 5029 2379 5086 ad
2429 5027 2846 5086 conversionem
2895 5025 3148 5091 veniunt,
3179 5025 3198 5058 ⁷
3240 5018 3443 5092 aequari
3484 5020 3598 5074 Deo

1998 5119 2214 5177 homini
2234 5135 2347 5176 non
2376 5124 2626 5192 possunt,
2657 5115 2913 5189 quamvis
2939 5110 3131 5169 multis
3144 5108 3394 5166 colorum
3421 5106 3597 5163 virtu-

1995 5350 2120 5392 rum
2147 5333 2360 5389 verbum
2389 5348 2620 5389 carnem.

2069 5408 2091 5442 °
2119 5405 2385 5486 Iug-erm.
2418 5411 2472 5486 et
2499 5402 2558 5457 in
2587 5405 2787 5486 poster.
2972 5395 3093 5486 ipse
3143 5395 3591 5486 gognditoiisutem-

2035 5479 2162 5534 lum.
2188 5476 2309 5531 Non
2329 5474 2540 5546 legitur
2568 5468 2853 5546 conditoris
2880 5468 2939 5525 in
2970 5468 3592 5546 Corb.Ger_m:,Turon_.,

2035 5548 2162 5605 uob.
2195 5538 2611 5614 Laud.,'Norm.
2636 5550 2690 5598 et
2714 5541 2860 5610 aliis,
2891 5556 2992 5597 nec
3018 5540 3077 5596 in
3107 5546 3217 5596 vet.
3250 5540 3380 5608 Ed.,
3411 5538 3505 5594 sed
3536 5538 3593 5591 in

1995 5618 2391 5695 posterigibus
2418 5622 2738 5695 tantum-..
2898 5686 2908 5695 .
3166 5684 3179 5695 .
3291 5682 3361 5693 ..

2066 5696 2085 5729 ⁷
2118 5694 2176 5748 In
2209 5690 2384 5755 Edit.,
2415 5688 2619 5760 aequari
2644 5686 2738 5741 Dei
2766 5686 2998 5750 omnino,
3034 5700 3132 5756 pro
3161 5682 3379 5751 homini,
3406 5686 3467 5734 ut
3523 5679 3595 5732 le-
