4172 6184
523 219 594 278 91
1731 217 1982 276 SANCTI
2019 219 2356 305 GREGORII
2390 221 2638 282 MAGNI.
3760 234 3828 291 92

526 345 675 406 tibus
701 342 1046 416 resplendere
1099 342 1410 401 videantur.
1461 343 1704 413 Quorum
1759 352 1822 402 ut
1874 345 2129 419 superbia
2156 349 2208 409 Α
2239 347 2548 406 viventium
2584 348 2760 407 oculis
2788 349 3003 408 occulta
3043 359 3204 422 esset,
3235 351 3378 410 hanc
3420 353 3612 426 procul
3663 353 3831 416 dubo.

525 435 815 503 refutetur,
844 442 966 505 apte
987 431 1106 505 subj
1115 431 1340 506 ungitur
1370 450 1383 489 :

1125 521 1353 579 CAPUT
1382 523 1522 580 LIII.

598 616 733 672 lam.
773 645 844 658 —-
887 613 991 670 Nec
1046 612 1287 670 tinctum
1317 615 1678 672 inundissimte
1723 619 2122 687 componentur.

595 704 684 763 87.
719 703 844 762 Vere
870 702 1090 758 humiles
1109 709 1158 758 et
1184 703 1353 760 sancti
1372 711 1521 774 sunt,
1567 705 1662 778 qui
1687 705 1800 761 suis
1817 705 2022 762 meritis
2046 705 2127 760 ni-

526 795 603 852 hil
648 793 906 850 tribuunt.
937 820 1009 836 ---
1055 793 1330 850 Tinctum
1365 795 1516 851 enim
1561 795 1938 854 mundissimae
1969 799 1985 834 ι
2013 811 2128 852 vo—

526 891 721 942 cantur
747 883 808 940 hi
837 883 934 958 qui
981 884 1250 941 veraciter
1301 893 1433 942 sunt
1479 885 1718 944 humiles
1759 895 1814 944 et
1855 887 2128 944 veraciter

526 975 723 1044 sancti,
751 975 850 1048 qui
879 975 1064 1032 sciunt
1091 975 1314 1048 quidem
1343 975 1472 1048 quia
1497 991 1570 1031 ex
1599 975 1909 1049 semetipsis
1937 977 2128 1033 virtu-

529 1071 645 1120 tum
675 1063 914 1136 speciem
939 1079 1056 1120 non
1083 1063 1312 1132 habent,
1342 1063 1439 1120 sed
1467 1064 1611 1122 hanc
1637 1081 1709 1121 ex
1736 1064 1883 1123 dono
1931 1066 2121 1140 gratiae

427 1150 434 1156 ”
527 1152 965 1226 supervenientis
1003 1160 1212 1216 tenent.
1246 1153 1430 1210 Tincti
1481 1155 1634 1210 enim
1688 1171 1801 1212 non
1859 1165 2042 1213 essent
2079 1156 2126 1212 si

526 1241 871 1300 sanctitatem
887 1240 1211 1298 naturaliter
1223 1241 1564 1300 habuissent.
1598 1243 1706 1301 Sed
1749 1245 2128 1303 mundissimae

529 1329 781 1386 tincturas
808 1337 960 1398 sunt,
993 1330 1125 1402 quia
1164 1329 1454 1388 humiliter
1479 1332 1799 1390 custodiunt
1853 1351 2130 1408 superve-

529 1419 774 1476 nientem
804 1419 862 1474 in
909 1434 966 1476 se
1016 1419 1287 1476 virtutum
1317 1419 1548 1494 gratiam
1578 1438 1743 1496 quam
1773 1433 2123 1498 acceperunt.

529 1508 672 1568 Hinc
698 1516 784 1565 est
808 1508 956 1565 enim
987 1509 1136 1583 quod
1164 1511 1350 1584 sponsi
1379 1527 1516 1568 voce
1544 1511 1613 1569 de
1640 1520 1828 1570 sancta
1882 1515 2132 1572 Ecclesia

529 1596 737 1654 dicitur
759 1616 771 1654 :
794 1599 920 1666 Quae
930 1604 1009 1654 est
1029 1599 1136 1654 ista
1163 1615 1280 1670 qua:
1295 1600 1529 1655 ascendit
1555 1600 1802 1657 dealbata
1821 1602 2011 1674 (Cant.
2049 1620 2129 1673 γι,

2235 445 2548 496 sanctorum
2588 456 2750 496 nemo
2792 439 3040 497 vidisset.
3086 441 3192 499 Sed
3220 458 3345 500 ecce
3373 443 3506 502 huic
3545 448 3836 504 sententiae

2232 527 2498 584 Joannem
2527 528 2692 585 audio
2738 529 3184 601 concordantem,
3215 531 3310 605 qui
3338 533 3416 588 ait
3449 550 3460 588 :
3494 535 3662 590 Deum
3694 554 3838 593 nemo

2233 615 2368 673 vidit
2395 633 2630 689 unquam
2659 618 2716 692 (Ι
2752 620 2910 677 Joan.
2934 637 3013 691 IV,
3057 621 3170 696 12).
3215 622 3561 697 Rursumque
3589 642 3717 682 cum
3753 633 3843 682 te-

2235 707 2494 762 stamenti
2523 709 2724 765 veteris
2752 717 2934 783 patres
2954 709 3194 782 intueor,
3217 712 3421 770 multos
3453 713 3676 785 horum,
3706 723 3842 771 teste

2235 795 2352 868 ipsa
2379 812 2545 854 sacrae
2560 797 2814 856 lectionis
2842 798 3096 868 historia,
3114 802 3291 858 Deum
3321 801 3527 859 vidisse
3547 820 3838 877 cognosco.

2235 884 2394 942 Vidit
2422 887 2628 960 quippe
2648 887 2815 946 Jacob
2842 889 3166 960 Dominum,
3199 891 3296 965 qui
3323 891 3402 948 ait
3435 908 3448 948 :
3499 893 3620 952 Vidi
3645 893 3842 950 Domi-

2235 989 2363 1032 num
2409 975 2551 1048 facie
2585 977 2658 1033 ad
2687 977 2900 1050 faciem,
2933 985 2982 1035 et
3015 981 3166 1035 salva
3207 979 3355 1052 facta.
3394 987 3468 1037 est
3508 981 3691 1037 anima
3731 999 3846 1038 mea

2239 1063 2450 1137 (Genes.
2479 1082 2662 1134 χχχιι,
2693 1067 2808 1140 30).
2843 1066 3000 1126 Vidit
3019 1067 3235 1142 Moyses
3263 1071 3462 1139 Deum,
3493 1069 3561 1125 de
3591 1086 3700 1144 quo
3714 1070 3845 1127 scri-

2236 1163 2392 1228 ptum
2423 1163 2535 1214 est:
2582 1155 2932 1228 Loq-uebatur
2977 1159 3239 1214 Dominus
3275 1159 3348 1215 ad
3373 1159 3588 1232 Moysen
3614 1158 3752 1232 fac-ie
3777 1159 3847 1216 ad

2236 1243 2447 1316 faciem,
2475 1247 2613 1302 sicut
2627 1247 2774 1319 loqui
2791 1247 2922 1304 solet
2948 1247 3100 1304 homo
3119 1249 3192 1304 ad
3212 1248 3444 1306 amicum
3462 1266 3617 1304 suum
3633 1249 3843 1320 (Ea-od.

2237 1351 2444 1405 χχχιιι,
2477 1336 2590 1408 11).
2622 1337 2782 1395 Vidit
2809 1337 2987 1396 isdem
3033 1337 3138 1395 Job
3182 1339 3508 1410 Dominum,
3539 1339 3634 1413 qui
3663 1338 3802 1397 dicit
3833 1358 3845 1397 :

2237 1425 2444 1480 Audita
2465 1427 2620 1482 auris
2644 1427 2833 1484 audivi
2873 1435 2941 1498 te,
2976 1446 3116 1484 nunc
3138 1435 3312 1485 autem
3342 1432 3525 1486 oculus
3540 1448 3683 1486 meus
3711 1431 3852 1487 videt

2239 1520 2283 1570 te
2313 1515 2432 1588 (Job
2481 1533 2617 1587 xm,
2673 1519 2756 1592 5).
2795 1518 2960 1577 Vidit
3001 1519 3169 1576 Isaias
3222 1521 3548 1590 Dominum,
3597 1519 3693 1594 qui
3721 1521 3844 1577 ait:

2238 1605 2394 1661 Anno
2415 1623 2518 1676 quo
2533 1613 2774 1664 mortuus
2793 1614 2869 1664 est
2892 1625 2992 1665 rea:
3009 1609 3195 1676 Ozias,
3215 1609 3328 1666 vidi
3357 1610 3644 1667 Dominum
3674 1611 3852 1666 seden-

529 1687 563 1744 9
589 1705 604 1754 ;
628 1705 714 1755 ιιι,
729 1687 786 1760 6)
819 1687 1013 1756 ?Quia
1033 1687 1182 1743 enim
1203 1688 1653 1745 sanctaEcclesia
1668 1691 1944 1747 caelestem
1957 1692 2130 1748 vitam
2167 1713 2213 1774 Β
2243 1699 2342 1750 tem
2378 1711 2536 1766 super
2576 1698 2770 1754 solium
2807 1701 3068 1756 excelsum
3107 1701 3424 1756 etelevatum
3451 1701 3734 1772 (Isai.-v1,
3767 1701 3850 1773 1).

529 1777 859 1833 naturaliter
871 1793 999 1834 non
1047 1775 1235 1846 habet,
1267 1777 1360 1833 sed
1411 1779 1844 1852 superveniente
1899 1781 2132 1852 Spiritu,

529 1865 950 1938 pulchritudine
977 1865 1250 1944 donorum
1303 1867 1678 1938 componitur,
1709 1883 1820 1926 non
1863 1869 2008 1938 alba,
2039 1870 2134 1926 sed

529 1952 781 2010 dealbata
809 1961 1168 2011 memoratur.
1217 1955 1290 2010 Et
1347 1955 1652 2012 notandum
1682 1959 1829 2030 quod
1877 1959 2133 2032 superius

527 2059 656 2102 cum
675 2044 938 2102 dixisset:
958 2046 1079 2103 Non
1117 2045 1419 2116 conferetur
1451 2047 1627 2102 tinctis
1645 2049 1814 2106 Indiae
1847 2051 2133 2118 coloribus,

529 2133 747 2190 eosdem
768 2133 982 2190 colores
993 2150 1106 2191 non
1127 2133 1320 2192 intulit
1339 2135 1595 2193 mundos.
1628 2137 1744 2195 Hoc
1773 2154 1908 2195 vero
1937 2139 1996 2195 in
2012 2139 2135 2198 loco

529 2229 592 2278 ut
616 2223 916 2280 tincturam
946 2225 1228 2281 veracium
1255 2225 1527 2282 virtutum
1553 2225 1625 2301 ab
1643 2226 1740 2284 illa
1767 2227 2136 2302 philosopho-

527 2324 652 2364 rum
672 2310 952 2368 fucatione
971 2311 1356 2384 distingueret,
1375 2314 1644 2372 tincturas
1661 2315 1870 2386 dicens,
1893 2318 2132 2388 addidit,

530 2395 940 2452 mundissimae.
974 2398 1252 2454 Tincturae
1283 2399 1431 2455 enim
1451 2402 1831 2459 mundissimae
1871 2412 2019 2463 recte
2040 2423 2136 2463 no-

530 2485 816 2544 minantur
844 2485 904 2543 hi
932 2487 1030 2561 qui
1061 2487 1220 2560 prius
1237 2503 1336 2560 per
1361 2503 1530 2561 prava
1547 2495 1714 2563 opera
1731 2491 1866 2548 foedi
1894 2493 2134 2570 fuerant,

421 2628 431 2649 ,
527 2576 952 2649 superveniente
981 2585 1169 2636 tamen
1197 2578 1420 2650 spiritu,
1447 2579 1629 2636 nitore
1657 2581 1843 2652 gratiae
1891 2583 2136 2638 vestiun-

527 2674 642 2737 tur,
670 2675 734 2724 ut
761 2667 922 2740 longe
943 2667 1100 2724 aliud
1127 2675 1424 2740 appareant
1449 2683 1565 2726 esse
1585 2685 1748 2743 quam
1777 2678 1952 2726 erant.
1978 2671 2136 2728 Unde

529 2755 694 2813 etiam
720 2755 1015 2829 baptisma,
1045 2755 1106 2812 id
1133 2763 1216 2812 est
1233 2756 1454 2827 tinctio,
1487 2755 1693 2814 dicitur
1720 2757 1838 2831 ipsa
1867 2766 2056 2816 nostra
2073 2760 2132 2815 in

529 2861 728 2920 aquam
767 2845 1072 2904 descensio.
1113 2847 1138 2886 ²
1184 2846 1474 2920 Tingimur
1500 2847 1726 2921 quippe,
1756 2857 1811 2906 et
1855 2849 1950 2922 qui
1979 2850 2134 2922 prius

531 2934 776 2991 indecori
805 2950 1024 2992 eramus
1052 2935 1402 2993 deformitate
1430 2937 1722 3006 vitiorum,
1751 2945 1972 3010 accepta
2025 2937 2134 2996 ﬁde

2243 1783 2400 1841 Vidit
2418 1785 2674 1842 Michaeas
2701 1788 3026 1860 Dominum,
3047 1789 3144 1863 qui
3177 1790 3255 1846 ait
3279 1807 3290 1846 :
3318 1789 3744 1848 Vidi-Dominum
3761 1806 3854 1844 se-

2241 1874 2439 1930 dentem
2465 1891 2626 1948 super
2656 1877 2849 1933 solium
2875 1895 3051 1946 suum,
3081 1887 3130 1935 et
3181 1896 3383 1935 omnem
3411 1879 3700 1935 exercitum
3737 1879 3854 1935 caeli

2241 1964 2564 2020 assistentem
2586 1965 2633 2022 ei
2669 1984 2702 2022 a
2729 1967 2934 2024 dextris
2961 1975 3012 2025 et
3035 1987 3071 2024 a
3107 1970 3342 2026 sinistris
3374 1971 3498 2042 (III
3541 1972 3665 2042 Reg.
3701 1985 3850 2035 χχιι,

2245 2053 2360 2126 19).
2392 2053 2537 2122 Quid
2565 2062 2646 2112 est
2675 2072 2804 2131 ergo
2824 2057 2972 2130 quod
2989 2063 3075 2113 tot
3102 2058 3418 2114 testamenti
3439 2057 3644 2114 veteris
3671 2065 3854 2130 patres

2241 2145 2418 2200 Deum
2444 2159 2500 2200 se
2542 2143 2747 2202 vidisse
2783 2145 2971 2203 testati
3013 2153 3164 2215 sunt,
3209 2153 3263 2202 et
3292 2154 3474 2202 tamen
3516 2145 3582 2202 de
3611 2145 3716 2202 hac
3757 2162 3856 2202 sa-

2242 2233 2450 2306 pientia
2478 2249 2600 2309 quae
2614 2235 2762 2291 Deus
2776 2243 2880 2306 est,
2911 2234 3153 2292 dicitur:
3183 2235 3509 2292 Abscondita
3537 2237 3704 2316 estab
3734 2252 3853 2292 ocu-

2245 2322 2311 2377 lis
2337 2323 2568 2380 omnium
2625 2325 2949 2392 viventium;
2986 2333 3040 2382 et
3077 2326 3314 2382 Joannes
3334 2325 3442 2382 ait:
3493 2325 3662 2382 Deum
3703 2341 3854 2380 nemo

2241 2411 2378 2468 vidit
2405 2430 2638 2485 unquam
2666 2415 2731 2487 (Ι
2745 2416 3004 2486 Joan.1v,
3027 2417 3142 2490 12),
3164 2416 3273 2473 nisi
3303 2415 3410 2473 hoc
3430 2414 3577 2490 quod
3605 2421 3857 2488 patenter

2243 2499 2405 2556 datur
2433 2501 2692 2578 intelligi,
2723 2502 2854 2576 quia
2881 2505 3128 2577 quandiu
3155 2504 3250 2562 hic
3277 2506 3584 2561 mortaliter
3613 2503 3854 2571 vivitur,

2243 2589 2420 2646 videri
2462 2606 2560 2662 per
2600 2593 2863 2664 quasdam
2906 2593 3175 2666 imagines
3213 2597 3360 2651 Deus
3399 2603 3600 2667 potest,
3632 2595 3729 2651 sed
3758 2610 3856 2667 per

2241 2681 2416 2753 ipsam
2459 2687 2668 2738 naturae
2713 2697 2823 2738 suae
2853 2683 3091 2754 speciem
3136 2697 3247 2739 non
3292 2691 3492 2756 potest,
3537 2691 3599 2740 ut
3639 2684 3849 2753 anima,

2241 2769 2415 2842 gratia
2433 2769 2660 2842 spiritus
2688 2770 2894 2840 afﬂata,
2925 2787 3024 2844 per
3047 2767 3256 2842 ﬁguras
3279 2771 3538 2844 quasdam
3568 2773 3744 2828 Deum
3773 2772 3855 2828 vi-
3906 2766 3923 2792 ⁵

2239 2859 2381 2928 deat,
2412 2859 2508 2916 sed
2535 2858 2604 2915 ad
2633 2859 2808 2932 ipsam
2840 2860 2958 2916 vim
3005 2859 3127 2931 ejus
3155 2861 3406 2916 essentiae
3425 2876 3536 2916 non
3555 2859 3854 2933 pertingat.

2242 2949 2385 3006 Hinc
2413 2953 2495 3006 est
2522 2948 2674 3006 enim
2705 2945 2853 3023 quod
2897 2947 3086 3020 Iacob,
3115 2949 3212 3023 qui
3239 2949 3418 3006 Deum
3447 2965 3503 3006 se
3537 2948 3741 3006 vidisse
3762 2957 3857 3004 te-

531 3024 815 3082 reddimur
843 3025 1062 3097 pulchri
1106 3025 1283 3097 gratia
1321 3029 1342 3062 3
1386 3033 1442 3082 et
1484 3033 1809 3083 ornamento
1837 3027 2130 3084 virtutum.

2242 3046 2436 3108 statur,
2466 3039 2618 3096 hunc
2650 3056 2763 3096 non
2797 3041 2908 3098 nisi
2937 3041 2996 3096 in
3051 3040 3246 3113 angelo
3265 3037 3410 3097 vidit
3455 3040 3610 3114 (Gen.
3665 3057 3854 3111 χχχιι,

533 3123 798 3196 Sequitur
810 3139 828 3178 :

894 3213 1124 3274 CAPUT
1153 3215 1274 3273 LIV
1304 3215 1448 3291 [Ηθσ.
1484 3213 1772 3288 XXVIII].

604 3304 776 3363 Vnus.
824 3303 916 3370 20,
957 3304 1046 3360 21.
1089 3333 1162 3347 --
1193 3306 1340 3363 Unde
1369 3322 1489 3377 ergo
1529 3305 1792 3378 sapientia
1830 3305 1852 3342 ⁴
1881 3305 2042 3372 venit,
2087 3311 2138 3362 et

533 3394 651 3466 quis
678 3399 754 3448 est
799 3394 940 3448 locus
976 3393 1333 3467 intelligentia:
1353 3397 1381 3452 7
1429 3394 1754 3452 Abscondita
1782 3400 1858 3451 est
1873 3395 1940 3451 ab
1969 3395 2136 3450 oculis

534 3481 769 3538 omnium
797 3482 1102 3540 viventium.

604 3571 694 3628 88.
728 3573 981 3640 Quandiu
1004 3571 1306 3628 mortalitsr
1329 3572 1578 3640 vivimus,
1599 3573 1769 3630 Deum
1795 3589 1904 3629 non
1929 3573 1988 3628 in
2009 3590 2136 3645 pro-

531 3661 892 3733 prianatura,
922 3662 1014 3717 sed
1034 3678 1133 3734 per
1159 3662 1422 3733 quasdam
1448 3663 1701 3734 imagines
1731 3663 1993 3729 videmus,
2031 3663 2138 3718 nisi

531 3757 689 3828 prius
715 3758 924 3814 carnali
946 3758 1086 3824 vita,
1118 3757 1362 3828 funditus
1401 3759 1626 3814 extincto
1654 3759 1770 3830 ejus
1797 3777 2000 3826 amore,
2030 3776 2136 3814 mo-

535 3847 768 3903 riamur.
799 3876 870 3888 -
895 3847 1243 3903 Pensandum
1265 3861 1593 3920 magnopere
1614 3856 1697 3905 est
1711 3849 1860 3922 quod
1888 3865 1920 3905 a
1947 3857 2137 3906 sancto

537 3936 661 3993 viro
687 3937 990 4010 requiritur
1019 3936 1166 3993 unde
1192 3937 1462 4010 sapientia
1491 3939 1698 3996 veniat.
1731 3939 1818 3996 Ab
1839 3956 1903 3996 eo
1932 3940 2134 3996 etenim

538 4025 693 4083 venit
719 4043 752 4082 a
779 4041 886 4100 quo
906 4033 1142 4084 ortaest.
1175 4026 1280 4084 Sed
1301 4027 1432 4100 quia
1444 4028 1513 4084 ab
1541 4028 1815 4084 invisibili
1833 4037 1888 4084 et
1915 4037 2136 4084 coaeter-

537 4131 612 4172 no
637 4115 798 4172 Patre
823 4117 1091 4185 nascitur,
1121 4119 1144 4154 ⁵
1169 4113 1288 4188 ejus
1316 4117 1408 4174 via
1435 4119 1651 4174 occulta
1669 4124 1770 4173 est.
1804 4122 1950 4180 600
1981 4115 2136 4173 Unde

541 4219 594 4270 et
621 4229 718 4287 per
743 4213 1068 4288 prophetam
1097 4213 1333 4272 dicitur:
1371 4215 1774 4272 Generationem
1799 4215 1950 4270 illius
1979 4213 2098 4284 quis
2115 4215 2136 4250 ⁸

539 4311 816 4367 enarrabit
837 4311 999 4383 (Isai.
1031 4330 1151 4382 LIII,
1182 4312 1216 4368 8
1219 4313 1296 4385 )?
1332 4311 1512 4368 Locus
1557 4327 1690 4368 vero
1749 4307 2136 4382 intelligentiae

541 4399 681 4472 ejus,
711 4409 794 4458 est
812 4418 966 4458 mens
995 4401 1256 4472 humana,
1273 4419 1436 4476 quam
1454 4401 1573 4458 haec
1592 4400 1692 4458 Dei
1713 4399 1983 4474 sapientia
2002 4399 2135 4455 dum
2167 4435 2218 4494 Β

542 4490 856 4562 repleverit,
886 4500 1130 4549 sanctam
1159 4492 1312 4549 facit.
1331 4493 1472 4562 Quia
1501 4509 1627 4565 ergo
1655 4499 1709 4548 et
1737 4491 2042 4548 invisibilis
2057 4498 2141 4547 est

541 4577 610 4634 de
639 4595 748 4652 quo
775 4579 1004 4652 prodiit,
1021 4589 1074 4637 et
1095 4581 1368 4639 incertum
1385 4581 1546 4638 nobis
1574 4589 1655 4636 est
1683 4581 1742 4636 in
1771 4579 1934 4653 cujus
1955 4585 2139 4636 mente

543 4667 823 4727 intellecta
850 4663 1172 4744 requiescat,
1190 4678 1334 4728 recte
1365 4688 1516 4728 nunc
1541 4669 1784 4728 dicitur:
1826 4669 1968 4727 Unde
2009 4686 2134 4739 ergo

537 4759 800 4832 sapientia
837 4760 996 4830 venit,
1053 4767 1100 4816 et
1153 4761 1271 4832 quis
1317 4767 1392 4816 est
1432 4761 1574 4817 locus
1611 4759 1965 4832 intelligentiae
1997 4756 2136 4832 [Vet.

543 4849 828 4926 XXXVII]
847 4853 875 4910 ?
904 4849 1010 4908 Sed
1037 4850 1144 4908 hoc
1173 4850 1332 4908 valde
1361 4851 1564 4907 mirum
1593 4858 1676 4907 est
1715 4847 1862 4924 quod
1890 4847 2143 4922 protinus

545 4941 888 5000 subinfertur
911 4961 922 4999 :
970 4941 1291 5000 Abscondita
1318 4945 1394 4994 est
1417 4938 1482 4994 ab
1511 4939 1676 4994 oculis
1705 4936 1939 4993 omnium
1955 4935 2144 4992 viven-

549 5028 697 5086 tium.
729 5031 1009 5106 Sapientia
1054 5029 1257 5104 quippe
1299 5043 1421 5104 quae
1468 5025 1616 5082 Deus
1661 5031 1766 5094 est,
1795 5025 1843 5080 si
1889 5023 2141 5081 omnium

583 5242 696 5320 itur
757 5242 816 5320 in
856 5244 1032 5320 duob.
1089 5245 1293 5320 Regiis,
1330 5240 1563 5320 totidem
1615 5239 1922 5320 Sangernb
1971 5237 2142 5320 dupb.

583 5259 696 5298 itur
757 5259 816 5298 ιιι
863 5259 1032 5303 uuon.
1089 5259 1166 5304 ne
1203 5262 1293 5313 us,
1330 5259 1563 5299 tenuem
1616 5259 1922 5312 Sangerm.,
1971 5259 2142 5295 uuon.

493 5324 499 5330 '
547 5259 1052 5396 iaud.,_Qellovac.
1081 5325 1140 5396 et
1163 5264 1352 5376 glorm.
1383 5313 1789 5396 Certesanctus
1823 5306 2142 5396 ‘Gr'egor‘ius

547 5379 770 5467 disserit
797 5384 864 5441 de
910 5386 1178 5458 sapientia
1217 5402 1381 5445 carne
1426 5383 1648 5454 vestita,
1679 5398 1776 5452 seu
1807 5379 1875 5440 de
1902 5379 2018 5439 Deo
2045 5379 2144 5438 ho-

550 5471 718 5512 mine.

624 5530 639 5562 ¹
673 5526 936 5595 Vindoc.,
957 5533 1312 5595 eoaquantur.

622 5600 645 5635 ²
673 5599 801 5669 Mss.
813 5641 826 5666 ,
860 5596 1169 5669 tinguimur.

621 5671 642 5706 ³
673 5667 1008 5736 νὶιιίίοοηα
1033 5667 1354 5724 ornamentis
1372 5670 1628 5725 virtutum
1655 5667 1908 5724 omnium.

2241 3127 2360 3202 30).
2393 3127 2536 3186 Hinc
2563 3135 2646 3184 est
2686 3127 2833 3202 quod
2873 3130 3111 3203 Moyses,
3160 3128 3257 3203 qui
3287 3145 3414 3186 cum
3460 3130 3576 3186 Deo
3619 3129 3758 3188 facie
3785 3134 3858 3190 ad

2242 3223 2440 3280 faciem
2470 3223 2491 3258 "
2531 3221 2881 3296 loquebatur,
2941 3223 3086 3280 sicut
3114 3221 3266 3298 loqui
3311 3223 3450 3280 solet
3499 3221 3670 3280 homo
3725 3241 3858 3281 cum

2241 3312 2422 3370 amico
2449 3327 2570 3382 suo,
2601 3313 2652 3368 ei
2681 3312 2826 3368 inter
2847 3310 2966 3386 ipsa
3001 3311 3171 3369 verba
3191 3327 3304 3368 sua)
3334 3309 3634 3368 locutionis
3675 3311 3854 3368 dicit:

2247 3401 2306 3458 Si
2320 3401 2498 3457 inveni
2523 3401 2754 3474 gratiam
2773 3399 2831 3456 in
2858 3405 3135 3474 conspectu
3157 3407 3268 3468 tuo,
3297 3402 3508 3456 ostende
3538 3400 3670 3458 mihi
3685 3407 3858 3458 temet-

2245 3489 2418 3563 ipsum
2467 3488 2761 3560 manifeste,
2811 3495 2872 3546 ut
2914 3489 3127 3546 videam
3175 3495 3220 3545 te
3250 3489 3456 3562 (Exod.
3489 3507 3694 3560 χχχιιι,
3737 3491 3854 3566 13).

2246 3577 2404 3637 Certe
2431 3578 2581 3636 enim
2609 3579 2657 3636 si
2693 3580 2839 3636 Deus
2869 3594 2982 3636 non
3015 3586 3134 3637 erat
3175 3595 3302 3637 cum
3345 3595 3456 3652 quo
3503 3579 3856 3653 loquebatur,

2246 3668 2473 3725 ostende
2501 3668 2644 3724 mihi
2673 3670 2848 3726 Deum
2878 3666 3111 3737 diceret,
3159 3675 3214 3726 et
3241 3685 3353 3724 non
3395 3667 3621 3726 ostende
3651 3677 3857 3726 temet-

2246 3757 2448 3830 ipsum.
2481 3757 2539 3814 Si
2567 3766 2749 3815 autem
2779 3759 2924 3815 Deus
2952 3765 3069 3813 erat
3087 3773 3214 3814 cum
3246 3773 3356 3830 quo
3402 3755 3542 3812 facie
3569 3757 3636 3812 ad
3657 3758 3856 3814 faciem

2246 3850 2592 3924 loquebatur,
2614 3867 2714 3907 cur
2731 3866 2788 3905 se
2803 3849 3022 3921 petebat
3045 3847 3237 3904 videre
3257 3864 3420 3920 quem
3449 3845 3718 3904 videbat?
3747 3849 3855 3905 Sed

2245 3956 2315 3996 ex
2331 3937 2447 4021 .hac
2473 3938 2591 4009 ejus
2619 3937 2884 4012 petitione
2913 3937 3196 4008 colligitur
3213 3936 3343 4008 quia
3361 3953 3489 3992 cum
3517 3935 3737 3994 sitiebat
3756 3954 3857 4010 per

2245 4027 2734 4100 incircumscriptae
2790 4033 2998 4083 naturae
3067 4043 3176 4082 suae
3237 4025 3541 4086 claritatem
3607 4042 3854 4098 cernere,

2245 4134 2407 4191 quem
2423 4114 2538 4188 jam
2567 4123 2804 4189 cmperat
2831 4133 2928 4190 per
2948 4114 3208 4190 quasdam
3241 4113 3510 4189 imagines
3539 4115 3749 4185 videre,
3792 4125 3856 4172 ut

2245 4209 2325 4265 sic
2352 4225 2588 4282 superna
2615 4208 2855 4266 essentia
2881 4207 3086 4264 mentis
3113 4206 3235 4280 ejus
3253 4207 3433 4265 oculis
3461 4207 3694 4276 adesset,
3725 4223 3857 4279 qua-

2245 4305 2406 4354 tenus
2433 4297 2483 4354 ei
2513 4297 2582 4353 ad
2610 4297 2935 4354 aeternitatis
2967 4295 3246 4353 visionem
3286 4297 3442 4352 nulla
3471 4294 3652 4368 imago
3680 4303 3863 4352 creata

2245 4385 2622 4462 temporaliter
2657 4387 2966 4444 interesset.
3004 4386 3080 4442 Et
3131 4385 3395 4442 viderunt
3423 4403 3552 4459 ergo
3570 4392 3749 4458 patres
3769 4391 3863 4440 te-

2249 4476 2507 4535 stamenti
2535 4475 2738 4532 veteris
2766 4475 3106 4546 Dominum,
3137 4482 3192 4532 et
3218 4484 3428 4546 tamen,
3454 4475 3617 4550 juxta
3635 4473 3862 4530 Joannis

2248 4586 2442 4626 vocem
2469 4567 2668 4624 :Deum
2695 4585 2846 4624 nemo
2866 4567 3006 4624 vidit
3024 4583 3262 4639 unquam
3276 4568 3342 4639 (Ι
3363 4568 3519 4622 Joan.
3544 4582 3622 4631 ιν,
3653 4562 3770 4632 12);
3805 4570 3860 4618 ct

2243 4658 2408 4731 juxta
2434 4657 2578 4714 beati
2608 4657 2710 4714 Job
2739 4659 3091 4726 sententiam,
3117 4655 3388 4729 sapientia
3432 4669 3552 4726 quae
3580 4651 3724 4706 Deus
3753 4659 3858 4719 est,

2249 4747 2570 4805 abscondita
2593 4753 2676 4802 est
2703 4746 2772 4804 ab
2790 4747 2967 4803 oculis
2997 4743 3248 4800 omnium
3277 4739 3610 4806 viventium,
3640 4736 3768 4810 quia
3798 4739 3856 4795 in

2251 4840 2354 4898 hac
2370 4839 2591 4896 mortali
2617 4855 2782 4894 carne
2801 4833 3256 4902 consistentibus,
3277 4838 3333 4888 et
3353 4828 3531 4886 videri
3553 4829 3735 4903 potuit
3761 4846 3858 4902 per

2251 4928 2512 5002 quasdam
2551 4925 2997 4998 circumscriptas
3025 4921 3314 4994 imagines,
3345 4929 3401 4977 et
3421 4917 3598 4976 videri
3621 4936 3734 4976 non
3762 4935 3856 4991 po-

2250 5019 2358 5076 tuit
2384 5035 2482 5092 per
2507 5015 3046 5088 incircumscriptum
3077 5012 3264 5068 lumen
3293 5007 3634 5066 aeternitatis.

2325 5236 2346 5270 ὀ
2383 5236 2504 5292 Duo
2531 5231 2704 5290 Laud.
2727 5239 2782 5287 et
2809 5231 3023 5300 Germ.,
3050 5227 3240 5296 veniet,
3269 5235 3323 5284 et
3350 5227 3428 5284 ita
3467 5225 3747 5298 deinceps.

2323 5306 2346 5342 ⁵
2385 5305 2542 5373 Vid.,
2572 5303 2686 5373 ejus
2710 5301 2843 5358 vita.

2323 5379 2345 5412 °
2385 5378 2412 5432 1
2444 5375 2642 5444 Laud.,
2672 5373 2965 5444 enarravit.

2322 5449 2343 5484 ⁷
2380 5449 2570 5526 Norm.
2616 5438 2672 5526 et
2699 5443 3143 5526 .Corb:_Germ.,_
3169 5443 3481 5526 loquitur";
3515 5440 3587 5496 ad
3625 5438 3853 5526 amicum

2249 5537 2425 5587 suum,
2447 5519 2494 5573 ei
2520 5518 2578 5572 in
2605 5517 2735 5588 ipsis
2764 5516 2933 5572 verbis
2959 5533 3070 5573 suae
3095 5510 3408 5573 clamantem.
3441 5510 3652 5577 Germ.,
3687 5510 3850 5582 loqui-

2253 5597 2407 5648 tur...
2440 5590 2486 5644 ei
2517 5589 2570 5644 in
2587 5588 2706 5660 ipsa
2722 5589 2902 5645 verba.
