4172 6184
298 272 364 331 93
1087 265 1459 324 MORALIUM
1495 264 1633 327 LIB.
1672 265 1877 328 XVIII.
1914 297 1986 312 -—
2022 266 2252 327 CAPUT
2288 268 2624 328 XXVIIIoB.
2665 273 2807 329 JOB.
3520 279 3591 339 94

371 392 511 468 [Vit
558 391 702 448 XXX
707 388 887 462 VIII.]
918 388 1009 445 89.
1040 388 1138 445 Sin
1168 405 1298 446 vero
1335 404 1367 445 a
1396 389 1724 463 quibusdam
1770 407 1882 463 ρο-
1909 393 1960 453 Α
1988 391 2158 449 dicit:
2192 392 2347 452 Nunc
2384 392 2620 449 videmus
2641 411 2740 467 per
2775 398 3042 467 speculum
3065 400 3119 454 in
3149 400 3439 475 wnigmate,
3472 411 3593 462 tunc

301 489 407 540 test
433 483 489 539 in
516 480 610 536 hac
635 478 815 535 adhuc
842 483 984 542 601
1019 478 1368 550 corruptibili
1398 494 1560 536 carne
1595 481 1611 515 ί
1643 480 1879 536 viventi-

302 582 425 649 bus,
450 578 537 636 sed
580 583 764 633 tamen
808 576 1189 634 inestimabili
1227 577 1433 634 virtute
1487 579 1877 649 crescentibus,

304 669 520 744 quodam
549 667 1031 738 contemplationis
1049 667 1304 724 acumine
1322 674 1527 724 aeterna
1545 668 1645 724 Dei
1661 669 1881 726 claritas

302 757 485 823 videri;
516 756 624 813 hoc
653 772 873 830 quoque
902 773 935 812 a
960 757 1224 814 heatiJob
1238 758 1513 814 sententia
1539 773 1652 815 non
1680 758 1879 815 abhor-

300 853 388 913 ret,
414 843 505 916 qui
533 844 613 900 ait
645 862 660 900 :
692 844 1014 901 Abscondita
1041 852 1116 901 est
1141 847 1207 901 ab
1235 846 1403 902 oculis
1428 847 1664 902 omnium
1692 848 1881 903 viven-

300 935 410 989 tium
424 950 446 997 ;
472 931 740 1005 quoniam
770 932 1022 1006 quisquis
1058 935 1404 1007 sapientiam,
1434 950 1557 1008 quze
1584 937 1730 993 Deus
1773 945 1877 1005 est,

296 1023 449 1091 videt,
470 1023 603 1081 huic
631 1023 767 1080 vitas
786 1023 1040 1081 funditus
1060 1025 1317 1094 moritur,
1337 1041 1407 1082 ne
1419 1025 1533 1098 jam
1557 1026 1677 1099 ejus
1695 1043 1881 1084 amore

295 1119 542 1171 teneatur.
571 1112 779 1170 Nullus
806 1113 1008 1186 quippe
1028 1129 1147 1169 eam
1179 1115 1344 1183 vidit,
1367 1116 1463 1189 qui
1483 1116 1666 1175 adhuc
1693 1133 1880 1174 cama-

294 1203 407 1260 liter
432 1203 592 1272 vivit,
626 1203 762 1276 quia
790 1219 952 1260 nemo
975 1212 1153 1276 potest
1171 1207 1347 1261 Deum
1368 1206 1534 1264 simul
1555 1209 1811 1281 amplecti
1827 1216 1882 1264 et

293 1293 560 1350 saeculum.
592 1292 707 1360 Qui
739 1292 890 1349 enim
918 1295 1095 1349 Deum
1145 1294 1317 1365 videt,
1349 1310 1414 1352 eo
1459 1296 1582 1369 ipso
1623 1298 1881 1368 moritur,

292 1400 389 1456 quo
414 1383 499 1439 vel
529 1383 848 1439 intentione
877 1382 1081 1451 cordis,
1099 1384 1184 1439 vel
1203 1384 1400 1443 effectu
1419 1388 1600 1460 operis
1621 1388 1689 1443 ab
1717 1386 1884 1461 hujus

289 1472 404 1530 vitae
445 1471 909 1529 delectationibus
962 1479 1077 1528 tota
1132 1482 1315 1529 mente
1369 1484 1669 1549 separatur.
1729 1476 1884 1533 Unde

287 1562 459 1620 adhuc
496 1562 565 1618 ad
611 1560 873 1619 eumdem
928 1577 1145 1637 quoque
1190 1565 1419 1638 Moysen
1466 1566 1674 1623 dicitur
1719 1584 1731 1622 :
1764 1568 1885 1623 Non

286 1652 411 1707 enim
434 1651 633 1708 videbit
656 1668 740 1709 me
765 1651 939 1719 homo,
969 1658 1018 1708 et
1043 1653 1179 1707 vivet
1198 1654 1402 1723 (Exod.
1425 1671 1631 1724 χχχιιι,
1653 1655 1770 1725 20).
1802 1655 1885 1710 Ac

287 1741 524 1814 siaperte
552 1742 835 1800 diceretur
866 1758 878 1799 :
907 1741 1104 1800 Nullus
1132 1760 1372 1816 unquam
1402 1746 1578 1801 Deum
1603 1744 1886 1817 spiritali-

288 1837 362 1888 ter
403 1832 582 1901 videt,
612 1840 670 1888 et
709 1832 916 1890 mundo
971 1833 1266 1890 carnaliter
1296 1833 1456 1890 vivit.
1497 1833 1652 1891 Unde
1678 1834 1885 1890 Paulus

287 1936 503 1994 quoque
519 1922 816 1994 apostolus,
832 1923 928 1996 qui
943 1922 1128 1981 adhuc
1140 1924 1241 1980 Dei
1258 1924 1588 1993 invisibilia,
1605 1925 1749 1981 sicut
1768 1924 1884 1995 ipse

284 2016 536 2078 testatur,
565 2026 636 2066 ex
673 2019 821 2082 parte
848 2017 1182 2083 cognoverat
1218 2014 1283 2083 (Ι
1320 2012 1444 2068 Cor.
1477 2028 1603 2080 xm,
1628 2012 1744 2081 l2),
1765 2010 1883 2082 jam

285 2093 409 2154 huic
436 2096 654 2153 mundo
680 2104 857 2154 totum
886 2114 944 2154 se
964 2106 1247 2155 mortuum
1276 2113 1391 2156 esse
1419 2098 1771 2171 perhibebat,
1801 2097 1886 2154 di-

282 2206 435 2251 cens:
466 2193 612 2251 Mihi
636 2195 867 2250 mundus
885 2196 1177 2267 cruciﬁxus
1205 2202 1301 2261 est,
1329 2203 1378 2252 et
1399 2213 1488 2267 ego
1516 2197 1713 2252 mundo
1741 2196 1887 2265 (Ga-

285 2281 369 2341 lat.
400 2300 484 2352 vr,
517 2282 641 2355 14).
672 2283 824 2342 Sicut
852 2285 1002 2351 enim
1024 2284 1138 2357 jam
1157 2286 1318 2359 longe
1337 2286 1589 2359 superius
1618 2285 1885 2354 diximus,

282 2387 380 2427 non
429 2373 646 2429 suﬂicit
695 2382 758 2431 ut
811 2374 1041 2445 diceret,
1070 2376 1274 2435 Mundo
1301 2378 1590 2450 cruciﬁxus
1610 2393 1747 2444 sum,
1778 2373 1887 2431 nisi

283 2462 439 2517 etiam
462 2463 852 2534 praemitteret,
870 2464 1003 2521 Mihi
1022 2466 1251 2519 mundus
1273 2466 1563 2536 cruciﬁxus
1582 2471 1676 2532 est,
1694 2471 1756 2519 ut
1776 2478 1889 2518 non

281 2550 459 2607 solum
491 2565 558 2606 se
588 2551 797 2606 mundo
826 2558 1132 2619 mortuum,
1161 2552 1260 2608 sed
1288 2552 1455 2608 etiam
1486 2551 1754 2607 mundum
1781 2550 1886 2606 sibi

278 2646 573 2694 mortuum
589 2653 706 2693 esse
723 2644 1034 2706 testaretur,
1053 2645 1323 2710 quatenus
1341 2654 1441 2694 nec
1464 2638 1576 2709 ipse
1598 2638 1886 2707 mundum,

279 2742 371 2783 nec
404 2726 602 2798 ipsum
626 2726 743 2796 jam
776 2725 1018 2780 mundus
1045 2733 1341 2797 appeteret.
1374 2726 1430 2782 Si
1460 2726 1607 2781 enim
1636 2725 1745 2783 duo
1776 2726 1884 2784 for-

280 2822 412 2871 tasse
441 2815 505 2870 in
540 2830 656 2870 uno
686 2814 807 2870 loco
828 2813 960 2880 sint,
984 2830 1219 2885 quorum
1241 2829 1385 2870 unus
1407 2813 1587 2883 vivus,
1606 2816 1743 2871 alter
1756 2831 1888 2872 vero

289 2906 355 2961 sit
380 2912 662 2973 mortuus,
693 2902 793 2959 etsi
826 2910 1076 2959 mortuus
1094 2902 1374 2958 viventem
1397 2919 1509 2958 non
1526 2904 1699 2973 videt,
1720 2905 1885 2960 vivus

244 3030 251 3037 -
290 2999 459 3047 tamen
510 2996 801 3045 mortuum
853 2988 1026 3045 videt.
1077 2988 1409 3046 Praedicator
1464 2998 1649 3047 autem
1696 2992 1795 3047 Dei
1825 3001 1888 3048 ut

292 3081 602 3138 ostenderet
630 3080 762 3153 quia
787 3096 885 3153 per
913 3079 1277 3152 abjectionem
1311 3096 1420 3154 qua
1448 3096 1504 3136 se
1535 3081 1886 3138 humiliando

292 3170 577 3243 dejecerat,
607 3171 735 3227 talis
767 3168 882 3242 jam
930 3170 1111 3228 factus
1136 3176 1297 3241 esset,
1327 3180 1390 3229 ut
1435 3186 1539 3231 nec
1566 3173 1683 3246 ipse
1713 3189 1888 3230 mun—

289 3259 433 3329 dum,
462 3277 572 3317 nec
610 3259 851 3316 mundus
874 3260 1055 3331 ipsum
1086 3260 1518 3334 concupisceret,
1550 3279 1662 3318 non
1707 3264 1888 3320 solum

288 3349 358 3405 ait
371 3366 427 3406 se
442 3349 654 3406 mundo
673 3348 1026 3418 cruciﬁxum,
1043 3356 1105 3406 ut
1124 3348 1237 3424 ipse
1259 3350 1454 3408 mundi
1474 3351 1704 3425 gloriam
1724 3368 1888 3425 quam

288 3446 563 3512 appeteret
588 3446 849 3511 tanquam
880 3446 1136 3495 mortuus
1164 3455 1277 3495 non
1306 3439 1545 3510 videret,
1584 3440 1680 3497 sed
1722 3442 1889 3498 etiam

290 3530 560 3585 mundum
589 3529 693 3585 sibi
724 3529 957 3585 asseruit
986 3528 1340 3597 cruciﬁxum,
1372 3530 1429 3584 in
1487 3546 1598 3603 quo
1636 3538 1788 3587 tanta
1834 3548 1890 3587 se

291 3618 609 3676 humilitate
636 3618 918 3688 dejecerat,
942 3626 1005 3674 ut
1030 3627 1085 3674 et
1114 3619 1228 3691 ipse
1258 3620 1500 3676 mundus
1528 3628 1792 3693 tanquam
1822 3619 1892 3677 ad

290 3725 419 3765 eum
477 3708 728 3763 mortuus
761 3708 984 3764 Paulum
1018 3709 1290 3764 humilem
1344 3718 1510 3782 atque
1574 3710 1891 3783 despectum

285 3796 403 3871 jam
432 3795 616 3853 videre
644 3812 985 3871 nequaquam
1017 3805 1223 3871 posset.

358 3889 447 3946 90.
469 3887 807 3959 Refelluntur
828 3890 923 3961 qui
949 3890 1118 3945 Deum
1144 3906 1180 3944 a
1207 3887 1370 3944 beatis
1388 3887 1561 3944 uideri
1596 3893 1800 3944 tantum
1837 3889 1892 3944 in

295 3977 548 4045 claritate,
577 3994 685 4033 non
710 3978 770 4033 in
795 3995 897 4033 sua
938 3984 1138 4035 natura
1174 3985 1439 4035 asserunt.
1478 4010 1550 4022 —
1591 3978 1889 4036 Sciendum

298 4081 420 4123 vero
473 4075 555 4123 est
594 4067 744 4141 quod
796 4067 951 4123 fuere
1007 4067 1264 4124 nonnulli
1310 4068 1403 4142 qui
1434 4070 1609 4126 Deum
1643 4068 1893 4125 dicerent

301 4156 451 4212 etiam
478 4157 538 4213 in
566 4157 664 4212 illa
682 4157 906 4229 regione
934 4156 1295 4214 beatitudinis
1310 4159 1369 4213 in
1389 4159 1638 4216 claritate
1666 4160 1890 4233 quidem

302 4260 390 4300 sua
415 4246 683 4319 conspici,
709 4247 806 4304 sed
836 4247 895 4303 in
926 4255 1120 4305 natura
1147 4248 1375 4305 minime
1405 4249 1603 4305 videri.
1624 4250 1772 4317 Quos
1798 4250 1890 4304 ni-

303 4336 496 4392 mirum
526 4337 709 4395 minor
738 4336 1119 4411 inquisitionis
1147 4338 1425 4394 subtilitas
1452 4338 1671 4395 fefellit.
1702 4341 1889 4413 Neque

303 4426 448 4482 enim
477 4428 558 4484 illi
585 4428 824 4502 simplici
843 4437 898 4486 et
914 4428 1358 4487 incommutabili
1376 4430 1625 4485 essentise
1643 4431 1793 4486 aliud
1809 4439 1890 4487 est

1987 488 2161 538 autem
2187 482 2325 552 facie
2349 483 2422 537 ad
2449 481 2658 552 faciem.
2691 485 2844 541 Nunc
2883 501 3129 557 cognosco
3158 506 3223 545 ea:
3246 499 3422 563 parte,
3472 500 3593 550 tunc

1987 578 2159 627 autem
2174 587 2473 642 cognoscam
2495 572 2632 627 sicut
2650 578 2699 627 et
2711 573 2947 643 cognitus
2964 590 3081 628 sum
3100 576 3163 644 (Ι
3183 577 3309 634 Cor.
3328 596 3453 647 xm,
3473 583 3585 655 12).

2060 659 2199 733 [νει.
2230 660 2509 736 ΧΧΧΙΧ.]
2554 662 2643 719 91.
2690 661 3028 732 Refelluntur
3054 669 3103 718 et
3129 666 3222 735 qui
3259 670 3469 738 angelos
3497 671 3593 725 di-

1986 750 2124 806 vinae
2137 750 2356 805 visionis
2368 756 2604 822 expertes
2619 751 2902 808 somniant.
2919 783 2990 794 —
3010 752 3115 809 Sed
3136 753 3267 825 quia
3280 754 3350 809 de
3365 757 3477 811 Deo
3497 772 3594 828 per

1987 840 2230 913 primum
2275 840 2533 898 Ecclesiae
2581 840 2993 914 praedicatorem
3047 843 3285 901 dicitur:
3338 847 3403 901 In
3442 863 3594 916 quem

1988 933 2291 989 desiderant
2314 933 2489 1006 angeli
2514 933 2820 1007 prospicere
2845 937 2911 1006 (Ι
2934 937 3045 993 Pet.
3081 952 3122 1005 ι,
3156 938 3271 1009 12),
3302 944 3431 993 sunt
3458 954 3592 994 non-

1988 1023 2131 1079 nulli
2160 1025 2255 1097 qui
2285 1039 2633 1098 nequaquam
2658 1027 2831 1081 Deum
2864 1025 3051 1082 videre
3064 1027 3153 1081 vel
3176 1027 3399 1099 angelos
3419 1029 3595 1101 suspi-

1988 1121 2205 1182 cantur,
2249 1122 2303 1170 et
2350 1121 2533 1171 tamen
2564 1114 2772 1171 dictum
2801 1131 2899 1189 per
2925 1116 3190 1173 Veritatis
3219 1119 3545 1175 sententiam
3571 1119 3594 1155 ³

1989 1203 2229 1259 scimus:
2278 1204 2469 1276 Angeli
2508 1221 2690 1260 eorum
2716 1205 2773 1260 in
2801 1205 2941 1261 caelis
2969 1223 3172 1277 semper
3198 1207 3378 1263 vident
3403 1206 3595 1278 faciem

1989 1292 2175 1349 Patris
2198 1292 2301 1347 mei
2318 1292 2411 1363 qui
2429 1293 2485 1347 in
2513 1293 2653 1349 cretis
2671 1298 2744 1348 est
2763 1293 2975 1364 (Matth.
2995 1312 3160 1363 xvm,
3186 1294 3299 1367 10).
3332 1295 3597 1369 Nunquid

1991 1397 2117 1453 ergo
2137 1380 2288 1437 aliud
2316 1381 2541 1450 veritas,
2564 1380 2715 1437 aliud
2732 1381 3057 1454 praedicator
3077 1383 3296 1441 insonat
3314 1384 3596 1441 veritatis?

1991 1472 2095 1530 Sed
2125 1473 2149 1510 ³
2193 1472 2240 1528 si
2290 1473 2559 1529 sententia
2598 1479 2831 1547 utraque
2865 1472 3166 1546 confertur,
3197 1474 3325 1548 quia
3352 1474 3457 1531 sibi
3488 1492 3597 1532 ne-

1992 1577 2264 1634 quaquam
2312 1560 2586 1618 discordet
2632 1563 2965 1634 agnoscitur.
3013 1565 3188 1620 Deum
3220 1569 3363 1628 602
3393 1563 3596 1638 quippe

1992 1661 2170 1731 angeli
2200 1666 2254 1715 et
2283 1658 2495 1727 vident,
2526 1666 2579 1714 et
2606 1658 2793 1715 videre
2823 1658 3137 1716 desiderant
3160 1679 3173 1729 ;
3207 1669 3261 1717 et
3290 1661 3487 1719 sitiunt
3516 1663 3597 1719 in-

1916 1760 1961 1819 B
1991 1750 2134 1806 tueri
2165 1756 2218 1805 et
2248 1748 2552 1805 intuentur.
2585 1749 2641 1806 Si
2672 1750 2819 1805 enim
2850 1749 2931 1807 sic
2958 1750 3144 1807 videre
3190 1750 3504 1808 desiderant
3537 1762 3599 1809 ut

1991 1841 2187 1897 effectu
2214 1838 2299 1895 sui
2330 1838 2587 1895 desiderii
2611 1838 2839 1895 minime
2861 1841 3232 1913 perfruantur,
3260 1841 3597 1899 'desiderium

1993 1930 2111 1985 sine
2154 1927 2340 1984 fructu
2382 1928 2716 1984 anxietatem
2762 1927 2945 1998 habet,
2976 1935 3030 1985 et
3069 1930 3319 1985 anxietas
3358 1944 3596 2002 pmnam.

1994 2018 2144 2074 Beati
2162 2034 2293 2073 vero
2312 2018 2490 2090 angeli
2512 2017 2581 2073 ab
2601 2018 2756 2074 omni
2778 2034 2938 2091 pcena
2956 2018 3253 2076 anxietatis
3271 2018 3431 2092 longe
3446 2027 3601 2089 sunt,

1995 2107 2124 2179 quia
2152 2122 2437 2179 nunquam
2466 2106 2633 2163 simul
2664 2123 2825 2180 poena
2849 2116 2904 2163 et
2932 2106 3216 2164 beatitudo
3235 2107 3597 2165 conveniunt.

1994 2197 2233 2252 Rursum
2264 2212 2390 2251 cum
2416 2212 2508 2252 eos
2528 2196 2768 2252 dicimus
2788 2195 2885 2253 Dei
2915 2195 3129 2252 visione
3158 2196 3368 2267 satiari,
3390 2197 3520 2270 quia
3548 2203 3602 2251 et

1995 2284 2283 2341 Psalmista
2303 2286 2381 2340 ait
2402 2302 2412 2341 :
2441 2283 2693 2342 Satiabor
2710 2286 2837 2341 dum
2858 2286 3288 2357 manifestabitur
3306 2285 3482 2357 gloria
3509 2292 3601 2339 tua

1998 2375 2173 2446 (Psal.
2227 2389 2348 2444 xvr,
2402 2376 2518 2446 15),
2548 2374 3008 2432 considerandum
3039 2375 3200 2430 nobis
3227 2383 3310 2429 est
3337 2373 3598 2446 quoniam

1995 2462 2301 2518 satietatem
2331 2464 2470 2518 solet
2486 2464 2769 2518 fastidium
2791 2463 3071 2535 subsequi.
3087 2463 3158 2517 Ut
3182 2478 3311 2534 ergo
3331 2469 3478 2518 recte
3493 2460 3599 2516 sibi

1995 2560 2227 2625 utraque
2275 2552 2632 2619 conveniant,
2676 2551 2824 2608 dicat
2852 2552 3084 2608 veritas:
3120 2552 3258 2620 Quia
3286 2568 3486 2623 semper
3512 2552 3604 2605 vi—

1995 2641 2155 2705 dent;
2183 2641 2329 2696 dicat
2360 2638 2688 2712 praedicator
2717 2641 2997 2713 egregius:
3032 2640 3171 2708 Quia
3199 2656 3401 2711 semper
3426 2639 3603 2695 cidere

1996 2730 2317 2786 desiderant.
2350 2732 2427 2787 Ne
2455 2730 2604 2789 enim
2634 2731 2708 2789 sit
2744 2731 2803 2788 in
2848 2730 3121 2789 desiderio
3149 2730 3418 2800 anxietas,
3448 2728 3605 2786 desi-

1997 2818 2253 2880 derantes
2307 2822 2609 2891 satiantur;
2657 2839 2726 2880 ne
2755 2832 2939 2882 autem
2971 2823 3044 2881 sit
3072 2824 3131 2878 in
3159 2823 3410 2881 satietate
3438 2822 3605 2880 fasti-

1998 2910 2176 2979 dium,
2224 2911 2405 2966 satiati
2450 2910 2784 2967 desiderant.
2833 2914 2905 2967 Et
2932 2911 3244 2967 desiderant
3273 2911 3443 2982 igitur
3484 2911 3603 2965 sine

1998 2999 2203 3067 labore,
2222 3000 2352 3071 quia
2372 2998 2705 3054 desiderium
2728 2999 2949 3054 satietas
2968 2998 3296 3063 comitatur;
3329 3003 3383 3051 et
3404 2998 3601 3051 satian-

1997 3097 2091 3146 tur
2109 3089 2227 3143 sine
2248 3088 2492 3158 fastidio,
2511 3088 2639 3161 quia
2660 3089 2777 3163 ipsa
2796 3088 3018 3144 satietas
3046 3103 3118 3143 ex
3146 3085 3423 3142 desiderio
3451 3102 3606 3141 sem-

1996 3194 2093 3253 per
2120 3175 2459 3234 accenditur.
2491 3175 2583 3235 Sic
2609 3190 2830 3250 quoque
2854 3184 2908 3232 et
2930 3192 3030 3232 nos
3057 3177 3264 3235 erimus
3292 3175 3512 3249 quando
3536 3174 3605 3230 ad

1997 3268 2180 3340 ipsum
2210 3267 2421 3321 fontem
2452 3266 2579 3321 vitae
2611 3266 2945 3321 venerimus.
2970 3266 3092 3321 Erit
3113 3267 3273 3322 nobis
3314 3265 3604 3322 delectabi-

1996 3357 2123 3414 liter
2165 3356 2431 3430 impressa
2477 3355 2598 3412 sitis
2639 3355 2805 3411 simul
2848 3364 3011 3430 atque
3041 3356 3280 3412 satietas.
3313 3356 3418 3413 Sed
3448 3357 3607 3426 longe

1997 3447 2151 3504 abest
2180 3448 2247 3504 ab
2277 3448 2381 3504 ista
2418 3448 2509 3503 siti
2540 3446 2855 3516 necessitas,
2895 3447 3057 3519 longe
3096 3463 3127 3501 a
3155 3446 3405 3503 satietate
3442 3445 3609 3502 fasti-

1998 3537 2176 3605 dium,
2206 3536 2335 3610 quia
2364 3545 2418 3593 et
2463 3537 2713 3593 sitientes
2740 3535 3085 3604 satiabimur,
3117 3543 3172 3591 et
3217 3534 3400 3591 satiati
3446 3534 3610 3590 sitie-

1999 3641 2141 3682 mus.
2166 3627 2190 3663 ⁴
2218 3622 2548 3682 Videbimus
2579 3625 2748 3697 igitur
2776 3626 2973 3694 Deum,
3004 3620 3296 3697 ipsumque
3324 3624 3432 3681 erit
3458 3640 3610 3696 pras-

2000 3715 2175 3771 mium
2228 3715 2434 3771 laboris
2488 3716 2687 3783 nostri,
2742 3723 2806 3772 ut
2859 3722 2984 3787 post
3038 3714 3397 3771 mortalitatis
3444 3712 3612 3786 hujus

1998 3804 2274 3870 tenebras,
2305 3805 2327 3838 ⁵
2359 3817 2573 3858 accessa
2601 3801 2720 3872 ejus
2749 3802 2869 3857 luce
2897 3801 3251 3872 gaudeamus.

2067 3894 2158 3950 92.
2196 3894 2312 3958 Quo
2340 3906 2495 3945 sensu
2522 3891 2664 3946 Deus
2695 3892 2858 3944 lucem
2876 3890 3073 3944 habitet
3088 3889 3517 3944 inaccessibilem.
3540 3919 3612 3932 —

1999 3983 2105 4040 Sed
2152 3996 2277 4039 cum
2333 3980 2453 4053 ejus
2504 3979 2683 4037 lucem
2732 3978 2971 4036 dicimus
3002 3981 3023 4015 ⁸
3065 3993 3360 4047 accessam,
3390 3978 3613 4036 obsistit

2000 4072 2188 4129 animo
2216 4070 2365 4144 quod
2391 4070 2597 4126 Paulus
2625 4069 2764 4125 dicit
2789 4086 2800 4125 :
2839 4069 2943 4137 Qui
2974 4070 3137 4124 lucem
3156 4068 3363 4123 habitat
3387 4068 3611 4124 inacces-

2000 4163 2224 4230 sibilem,
2270 4177 2424 4234 quem
2464 4159 2598 4216 vidit
2640 4160 2827 4216 nullus
2874 4158 3165 4226 hominum,
3206 4159 3295 4214 sed
3320 4174 3413 4214 nec
3439 4160 3616 4215 videre

1996 4258 2165 4324 potest
2194 4250 2254 4324 (Ι
2273 4252 2409 4308 Tim.
2432 4266 2515 4318 vr,
2535 4249 2648 4321 16).
2674 4250 2746 4304 Et
2774 4263 2994 4304 rursum
3018 4247 3185 4305 audio
3206 4248 3354 4320 quod
3373 4248 3616 4304 Psalmi-

2002 4349 2083 4397 sta
2099 4342 2176 4397 ait
2194 4360 2206 4396 :
2229 4341 2469 4396 Accedite
2482 4340 2556 4394 ad
2569 4355 2707 4405 eum,
2724 4344 2773 4393 et
2796 4338 2839 4393 il
2845 4337 3181 4393 luminamini
3203 4338 3378 4409 (Psal.
3401 4354 3611 4408 χχχιιι,

2002 4431 2082 4503 6).
2109 4429 2398 4497 Quomodo
2426 4443 2555 4499 ergo
2584 4426 2895 4485 accedendo
2926 4426 3330 4496 illuminamur,
3361 4427 3407 4483 si
3438 4427 3612 4499 ipsam

306 4516 520 4573 claritas
547 4525 603 4573 et
626 4482 772 4575 alihd
786 4528 1004 4587 natura,
1025 4519 1121 4577 sed
1138 4521 1257 4593 ipsa
1284 4519 1334 4575 ei
1364 4527 1560 4576 natura
1592 4535 1693 4576 sua
1717 4520 1895 4577 clari-
1928 4482 1976 4540 Β
2002 4482 2181 4574 lucem
2203 4533 2310 4590 qua
2326 4516 2631 4572 illuminari
2650 4530 2944 4588 possumus
2962 4531 3075 4572 non
3092 4516 3347 4572 videmus
3361 4516 3390 4573 ?
3409 4516 3465 4573 Si
3485 4532 3615 4573 vero

308 4610 399 4675 tas,
429 4607 547 4680 ipsa
574 4609 793 4667 claritas
818 4620 1014 4668 natura
1041 4618 1141 4667 est.
1174 4610 1314 4678 Quia
1341 4609 1488 4664 enim
1519 4608 1635 4665 suis
1662 4610 1895 4666 dilecto-

309 4694 452 4753 ribus
488 4697 608 4756 haec
640 4701 740 4756 Dei
770 4702 1036 4775 sapientia
1091 4716 1148 4757 se
1203 4698 1533 4772 quandoque
1561 4699 1893 4768 ostenderet,

315 4784 422 4857 ipse
450 4789 760 4859 pollicetur,
789 4790 981 4847 dicens
1012 4807 1024 4847 :
1057 4788 1160 4857 Qui
1206 4787 1385 4858 diligit
1434 4803 1534 4853 me,
1565 4787 1818 4859 diligetur
1861 4807 1896 4845 a

312 4872 634 4945 Patremeo;
676 4886 728 4934 et
770 4896 858 4950 ego
888 4879 1109 4950 diligam
1161 4892 1299 4943 eum,
1329 4882 1378 4931 et
1426 4876 1773 4947 manifestabo
1817 4894 1897 4933 me

307 4962 465 5035 uisum
490 4968 578 5024 illi
596 4970 789 5040 (Ioan.
822 4986 944 5039 xxv,
964 4969 1083 5041 21).
1118 4968 1199 5024 Ac
1226 4967 1271 5023 si
1292 4973 1540 5039 patenter
1562 4966 1711 5024 dicat
1743 4982 1754 5022 :
1787 4968 1895 5036 Qui

307 5053 356 5108 in
397 5066 572 5114 vestra
628 5074 716 5119 me
744 5059 991 5128 cernitis,
1021 5065 1190 5115 restat
1236 5065 1299 5114 ut
1345 5058 1403 5113 in
1432 5074 1551 5113 mea
1581 5074 1668 5114 me
1697 5067 1896 5115 natura

305 5143 541 5203 videatis.
587 5147 732 5204 Hinc
750 5163 943 5204 rursus
968 5148 1048 5203 ait
1080 5163 1092 5203 :
1125 5146 1281 5203 Beati
1305 5147 1504 5201 mundo
1536 5148 1711 5212 corde,
1747 5163 1893 5218 quo-

303 5232 556 5308 niamipsi
572 5237 745 5293 Deum
763 5237 1008 5294 videbunt
1032 5236 1251 5307 (Matth.
1293 5252 1351 5301 v,
1380 5235 1464 5308 8).
1499 5235 1641 5293 Hine
1693 5236 1895 5293 Paulus

368 5434 385 5468 ¹
415 5433 655 5492 Vindoc.
668 5480 681 5504 ,
711 5434 1125 5491 consistentibus.

366 5505 388 5541 ³
416 5506 585 5563 Corb.
618 5508 804 5564 Germ.
837 5516 891 5563 et
921 5507 1158 5575 Bellov.,
1188 5507 1459 5564 discimus.

371 5578 392 5612 ³
420 5579 638 5649 Nomm,
669 5580 717 5634 si
745 5580 844 5635 sibi
872 5578 1145 5634 sententia.

374 5649 395 5683 ‘
424 5648 643 5719 Norm.,
690 5652 988 5709 Videbimus
1007 5649 1172 5721 igitur
1194 5649 1357 5705 Deum
1382 5650 1555 5721 ipsum
1614 5648 1894 5721 prwmium

374 5668 395 5683 ⁹
424 5668 643 5719 norm.,
698 5668 988 5709 γιαεοιτηιιε
1007 5668 1172 5721 Igitur
1194 5668 1357 5705 usum
1382 5669 1400 5704 ι
1439 5668 1555 5705 sum
1614 5668 1888 5721 prtcmmm

308 5717 514 5777 laboris.
545 5722 580 5778 2
610 5721 809 5789 Laud.,
838 5723 1005 5779 Deum
1046 5722 1242 5793 ipsum,
1272 5668 1437 5791 quo!)
1451 5720 1551 5777 erit
1587 5721 1888 5793 prcemium.

2003 4605 2396 4664 accedendoad
2417 4619 2543 4660 eum
2575 4605 2750 4676 ipsam
2780 4620 2888 4677 qua
2908 4603 3296 4659 illuminamur
3315 4605 3494 4660 lucem
3526 4604 3605 4658 vi-

2005 4697 2218 4764 demus,
2244 4694 2522 4769 quomodo
2545 4694 2942 4751 inaccessibilis
2970 4710 3086 4749 esse
3116 4694 3436 4767 perhibetur
3452 4694 3480 4749 ?
3500 4694 3617 4760 Qua

2004 4789 2063 4844 in
2094 4786 2495 4860 repensandum
2535 4792 2617 4841 est
2655 4785 2802 4858 quod
2834 4785 3271 4841 inaccessibilem
3295 4784 3441 4840 dixit
3469 4785 3488 4817 ⁷
3520 4780 3613 4835 sed

2004 4876 2157 4934 omni
2186 4875 2401 4933 homini
2429 4874 2672 4930 humana
2705 4875 2959 4948 sapienti.
2992 4874 3277 4947 Scriptura
3302 4872 3503 4944 quippe
3532 4883 3614 4923 sa-

2003 4982 2096 5024 cra
2111 4982 2302 5022 omnes
2329 4964 2634 5023 carnalium
2656 4972 2970 5033 sectatores,
2991 4960 3357 5020 humanitatis
3385 4956 3614 5012 nomine

2004 5063 2193 5112 notare
2237 5056 2393 5111 solet.
2446 5054 2602 5112 Unde
2643 5053 2816 5110 isdem
2848 5051 3128 5123 apostolus
3157 5044 3488 5119 quibusdam
3517 5045 3617 5102 di-

2002 5145 2384 5204 scordantibus
2433 5145 2602 5202 dicit:
2659 5144 2792 5199 Cum
2819 5141 2958 5196 enim
2984 5139 3054 5193 sit
3098 5137 3238 5191 inter
3263 5151 3358 5191 eos
3389 5134 3535 5192 zelus
3570 5142 3619 5192 et

2001 5235 2281 5301 contentio,
2309 5250 2483 5290 nonne
2511 5232 2754 5288 carnales
2781 5227 2925 5293 estis,
2953 5230 3005 5282 et
3027 5225 3314 5282 secundum
3352 5224 3613 5283 hominem

2076 5434 2097 5467 ³
2142 5432 2167 5487 1
2200 5429 2399 5498 Laud.,
2430 5440 2664 5482 accensa.

2075 5505 2097 5540 ⁸
2136 5502 2310 5569 Idem,
2356 5513 2643 5555 accensam.

2074 5578 2094 5612 ⁷
2138 5568 2349 5639 Germ.,
2380 5572 2470 5627 sed
2496 5569 2640 5624 omni
2666 5568 2897 5637 homini;
2930 5571 3020 5627 sed
3047 5570 3303 5626 humana.
3336 5569 3528 5625 Norm.
3560 5576 3618 5623 et

2003 5646 2166 5704 Corb.
2216 5646 2427 5708 Germ.,
2475 5641 2565 5697 sed
2604 5642 2839 5707 homini;
2882 5641 3104 5708 homini,
3135 5643 3224 5697 sed
3251 5642 3484 5698 humana
3512 5657 3617 5695 sa-

2222 5715 2247 5772 1
2282 5686 2479 5783 Laud.,
2509 5711 2596 5768 sed
2626 5686 3361 5784 homini,humana’sapienti.
