4172 6184
519 225 590 282 95
1727 216 1978 274 SANCTI
2015 217 2354 286 GREGQRII
2391 217 2622 285 MAGNI
3753 222 3825 280 96

519 353 804 412 ambulatis
835 351 892 422 (Ι
909 351 1030 408 Cor.
1050 367 1134 416 in,
1157 348 1212 420 3)
1231 320 1502 416 {Quibus
1525 347 1689 418 paulo
1708 353 1831 418 post
1851 345 2112 419 (Ibid.,&)
2145 351 2198 411 Α
2223 347 2368 405 sicut
2381 347 2495 419 ipse
2509 347 2781 420 conspicit
2791 326 3027 418 se,sicut
3037 363 3148 402 non
3164 346 3241 404 ita
3266 347 3821 420 requiescimus'aos

518 441 774 514 subjicit:
799 436 982 498 Nonne
1008 437 1239 492 homines
1266 436 1388 492 estis
1403 438 1430 491 ?
1451 437 1522 492 Et
1550 434 1698 492 unde
1717 435 1854 490 alias
1867 434 2116 491 testimo-

519 533 673 601 nium
691 528 942 603 protulit,
961 527 1112 595 Quod
1131 527 1312 586 oculus
1331 543 1438 580 non
1451 525 1605 590 vidit,
1620 542 1710 580 nec
1721 523 1873 579 auris
1887 524 2116 590 audivit,

517 637 607 675 nec
625 620 681 674 in
699 635 793 673 cor
818 617 1042 672 hominis
1069 615 1304 670 ascendit
1322 631 1438 685 qua:
1459 614 1792 686 praeparavit
1809 614 1950 670 Deus
1977 614 2118 670 dili-

515 706 748 778 gentibus
761 721 814 760 se
835 705 892 776 (Ι
911 703 1037 761 Cor.
1060 721 1123 773 ιι,
1139 704 1222 776 9).
1244 703 1318 758 Et
1334 719 1462 759 cum
1481 701 1590 758 hoc
1607 700 1929 758 hominibus
1947 700 2117 758 dixis-

515 804 596 852 set
623 793 1032 864 absconditum,
1059 810 1192 851 mox
1219 793 1500 850 subdidit:
1537 796 1555 830 ί
1585 793 1748 851 Nobis
1775 799 1950 873 autem
1975 811 2116 850 reve-

517 885 647 942 lavit
670 885 812 941 Deus
835 902 933 957 per
951 884 1204 956 spiritum
1223 901 1378 939 suum
1405 883 1594 957 (Ibid,
1620 882 1708 956 10)
1730 902 1744 950 ;
1769 883 1949 956 ipsum
1971 899 2026 940 se
2045 883 2116 940 ab

516 973 760 1030 hominis
788 973 1077 1030 vocatione
1107 973 1444 1040 discernens,
1474 972 1571 1044 qui
1597 978 1786 1044 raptus
1811 988 1976 1046 supra
2003 971 2116 1028 bo-

515 1063 721 1118 minem
751 1061 956 1118 divina.
967 1061 1083 1134 jam
1112 1067 1344 1134 saperet.
1375 1062 1459 1117 Ita
1495 1061 1661 1118 etiam
1693 1060 1800 1118 hoc
1826 1061 1950 1118 loco
1985 1078 2112 1118 cum

515 1153 694 1208 lucem
731 1151 832 1208 Dei
865 1148 1301 1207 inaccessibilem
1339 1149 1673 1222 perhiberet,
1703 1157 1765 1204 ut
1801 1149 2114 1206 ostenderet

514 1240 736 1314 quibus,
767 1239 1046 1296 subdidit:
1095 1241 1255 1309 Quem
1303 1239 1438 1294 vidit
1480 1240 1664 1296 nullus
1703 1239 1993 1306 hominum,
2025 1241 2115 1296 sed

513 1347 604 1385 nec
644 1329 820 1384 videre
859 1334 1049 1400 potest.
1094 1329 1244 1386 More
1284 1345 1386 1386 suo
1412 1328 1667 1384 homines
1693 1345 1896 1385 vocans
1923 1344 2114 1385 omnes

515 1418 758 1476 humana
785 1418 1078 1490 sapientes,
1109 1417 1240 1490 quia
1268 1417 1365 1490 qui
1395 1417 1588 1474 divina
1631 1417 1874 1490 sapiunt,
1905 1417 2116 1474 videli-

514 1515 599 1566 cet
627 1523 794 1581 supra
819 1503 1074 1564 homines
1101 1515 1250 1563 sunt.
1273 1505 1601 1563 Videbimus
1628 1505 1802 1578 igitur
1827 1507 2027 1576 Deum,
2065 1508 2113 1564 si
2144 1514 2152 1521 ’

513 1611 612 1669 per
649 1595 925 1651 caelestem
964 1595 1437 1651 conversationem
1485 1610 1648 1667 supra
1691 1593 1947 1652 homines
1999 1613 2113 1654 esse

513 1698 840 1740 mereamur.
870 1683 980 1740 Nec
1007 1690 1192 1738 tamen
1220 1681 1298 1738 ita
1324 1681 1637 1740 videbimus
1661 1683 1807 1740 sicut
1827 1683 1980 1740 videt
1999 1684 2115 1757 ipse

512 1771 775 1844 seipsum.
806 1771 992 1844 Longe
1020 1771 1220 1844 quippe
1249 1770 1588 1844 dispariliter
1606 1771 1758 1828 videt
1785 1779 1996 1829 creator
2033 1789 2112 1842 se,

513 1876 677 1933 quam
707 1858 860 1914 videt
901 1867 1152 1916 creatura
1197 1867 1520 1916 creatorem.
1563 1860 1700 1916 Nam
1747 1868 2015 1933 quantum
2044 1861 2114 1917 ad

514 1948 942 2005 immensitatem
971 1947 1094 2018 Dei,
1111 1948 1335 2023 quidam
1364 1947 1526 2004 nobis
1553 1948 1749 2006 modus
1777 1949 1968 2021 ﬁgitur
1985 1966 2112 2007 con-

513 2035 911 2110 templationis,
954 2037 1086 2110 quia
1139 2053 1204 2094 eo
1245 2037 1366 2110 ipso
1401 2036 1640 2110 pondere
1694 2037 2113 2096 circumscribi-

516 2140 660 2194 mur,
690 2141 800 2199 quo
827 2133 1076 2182 creatura
1103 2140 1314 2183 sumus.

585 2233 725 2307 [νει.
754 2232 897 2308 XL.]
929 2235 952 2270 ²
1002 2233 1092 2292 93.
1129 2235 1251 2292 Νοη
1287 2233 1524 2292 videmus
1549 2235 1720 2292 Deum
1754 2234 1890 2290 sicut
1913 2235 2022 2308 ipse
2060 2252 2114 2291 se

512 2321 784 2392 conspicit.
801 2351 873 2363 —
890 2321 997 2376 Sed
1024 2321 1271 2394 profecto
1300 2339 1412 2379 non
1441 2323 1517 2380 ita
1541 2323 1913 2396 conspicimus
1936 2325 2112 2381 Deum

583 2521 602 2556 ι
643 2512 669 2567 1
703 2509 902 2580 Laud.,
930 2511 1078 2566 vobis
1105 2517 1300 2566 autem.

585 2586 610 2622 ²
643 2583 854 2652 Germ.,
885 2582 1123 2653 Bellov.,
1151 2581 1317 2642 Corb.
1349 2581 1534 2640 Germ.
1565 2591 1621 2640 et
1645 2584 1862 2654 Norm.,
1889 2585 1964 2640 sic
1985 2601 2112 2656 pro-

510 2653 727 2782 fecawlta
751 2726 881 2783 Mss.
912 2727 1128 2794 Norm.,
1158 2723 1322 2800 Ορτῇ
1353 2725 1539 2800 Gem"
1570 2733 1627 2782 et
1652 2725 1748 2782 alii
1777 2742 1908 2800 non’
1926 2727 2110 2800 pana,

511 2813 650 2870 quos
702 2805 1010 2870 sequuntur
1048 2804 1161 2855 vet.
1207 2795 1314 2854 Ed.
1358 2797 1422 2853 In
1461 2803 1664 2870 poster.
1705 2795 1945 2871 vulgatis
1981 2795 2110 2856 cum

2226 445 2286 500 in
2315 446 2428 501 Deo
2457 444 2919 518 quemadmodum
2948 445 3064 517 ipse
3091 443 3386 518 requiescit
3405 444 3464 500 in
3485 461 3562 502 se.
3585 448 3724 503 Nam
3743 449 3824 504 vi-

2225 533 2309 589 sio
2337 541 2526 590 nostra
2551 535 2639 590 vel
2677 533 2891 608 requies
2919 535 3026 590 erit
3053 542 3332 607 utcunque
3392 534 3593 592 similis
3623 537 3825 594 visioni

2226 623 2312 678 vel
2341 624 2552 696 requiei
2581 623 2753 692 illius,
2783 623 2878 680 sed
2907 625 3134 697 aequalis
3164 640 3276 680 non
3295 623 3424 680 erit.
3460 625 3538 681 Ne
3566 626 3717 682 enim
3741 625 3822 698 ja-

2223 727 2445 768 ceamus
2473 712 2532 768 in
2545 711 2727 782 nobis,
2741 721 2803 770 ut
2824 713 2902 767 ita
2925 711 3128 782 dicam,
3149 713 3634 785 contemplationis
3657 716 3827 788 penni

2223 813 2326 856 nos
2353 800 2624 870 sublevat,
2641 809 2851 874 atquea
2865 803 3025 859 nobis
3042 801 3112 858 ad
3131 801 3288 858 illum
3309 801 3576 873 erigimur
3601 804 3822 862 intuen-

2223 891 2378 959 dum,
2409 891 2660 965 raptique
2687 891 2995 949 intentione
3023 891 3228 960 cordis,
3259 899 3313 946 et
3340 891 3633 949 dulcedine
3673 912 3826 951 con-

2222 983 2618 1055 templationis,
2648 983 2836 1056 aliquo
2867 982 3032 1039 modo
3051 999 3084 1038 a
3107 981 3270 1038 nobis
3289 981 3436 1038 imus
3455 983 3512 1038 in
3535 983 3742 1056 ipsum,
3765 993 3820 1041 et

2217 1073 2332 1147 jam
2365 1073 2472 1128 hoc
2509 1073 2690 1145 ipsum
2712 1072 2792 1129 ire
2813 1080 3063 1128 nostrum
3085 1071 3270 1126 minus
3289 1077 3370 1126 est
3387 1072 3758 1144 requiescere,
3774 1083 3828 1130 et

2222 1173 2406 1222 tamen
2461 1165 2544 1222 sic
2586 1163 2668 1220 ire
2720 1163 2958 1236 perfecte
2987 1161 3326 1235 requiescere
3355 1169 3455 1218 est.
3487 1164 3560 1219 Et
3589 1165 3828 1236 perfecta

2221 1273 2350 1329 ergo
2379 1253 2596 1327 requies
2619 1260 2722 1322 est,
2743 1255 2764 1288 ³
2785 1253 2916 1326 quia
2944 1253 3091 1308 Deus
3103 1251 3379 1318 cernitur;
3404 1259 3459 1308 et
3476 1259 3662 1310 tamen
3685 1255 3824 1310 adat-

2222 1344 2441 1418 quanda
2468 1358 2580 1398 non
2607 1349 2691 1398 est
2713 1341 2922 1415 requiei
2953 1340 3126 1409 illius,
3165 1339 3263 1413 qui
3289 1355 3400 1396 non
3421 1357 3452 1396 a
3481 1356 3538 1396 se
3566 1339 3624 1397 in
3653 1341 3824 1398 alium

2221 1432 2420 1490 transit
2447 1437 2594 1496 604
2620 1439 2683 1487 ut
2709 1431 2971 1505 quiescat.
3002 1431 3102 1486 Est
3143 1430 3327 1503 itaque
3366 1431 3605 1504 requies,
3641 1439 3704 1488 ut
3748 1433 3828 1488 ita

2223 1529 2402 1588 dicam
2411 1528 2632 1600 ,similis
2641 1537 2805 1604 atque
2821 1527 3268 1601 dissimilis,quia
3281 1529 3428 1600 quod
3440 1529 3594 1585 illius
3605 1529 3825 1602 requies

2222 1626 2325 1687 est,
2338 1618 2446 1676 hoc
2460 1627 2650 1675 nostra
2665 1618 2936 1674 imitatur.
2949 1616 3088 1673 Nam
3108 1623 3171 1672 ut
3186 1615 3331 1670 beati
3347 1623 3510 1688 atque
3530 1617 3721 1672 aeterni
3738 1616 3826 1672 si-

2150 1716 2193 1776 B
2221 1727 2345 1767 mus
2362 1711 2420 1766 in
2437 1717 2724 1778 aeternum,
2742 1709 3028 1764 imitamur
3041 1716 3326 1764 aeternum.
3351 1708 3423 1763 Et
3444 1723 3640 1781 magna
3657 1707 3824 1764 nobis

2225 1808 2308 1857 est
2326 1799 2624 1867 aeternitas,
2639 1798 2876 1854 imitatio
2891 1797 3232 1854 aeternitatis.
3250 1798 3362 1854 Nec
3374 1805 3621 1854 exsortes
3634 1813 3826 1854 sumus

2226 1889 2344 1962 ejus
2365 1905 2528 1963 quem
2544 1888 2750 1944 imitari
2769 1903 3080 1959 possumus,
3103 1887 3234 1959 quia
3250 1894 3305 1942 et
3328 1885 3582 1942 videntes
3603 1889 3626 1922 ⁴
3655 1885 3824 1959 parti-

2225 1979 2496 2052 cipamur,
2526 1986 2581 2034 et
2608 1976 3000 2050 participantes
3023 1975 3332 2030 imitamur.
3367 1976 3500 2042 Quae
3555 1974 3822 2032 nimirum

2226 2071 2368 2128 visio
2399 2087 2549 2127 nunc
2575 2069 2683 2126 ﬁde
2713 2068 3028 2135 inchoatur,
3059 2065 3154 2122 sed
3181 2074 3316 2123 tunc
3331 2065 3390 2122 in
3407 2066 3589 2138 specie
3609 2065 3823 2140 perﬁci-

2223 2167 2336 2228 tur,
2367 2157 2586 2232 quando
2617 2165 2944 2216 coaeternam
2969 2157 3084 2212 Deo
3101 2155 3450 2227 sapientiam,
3469 2171 3634 2228 quam
3656 2154 3824 2212 modo

2225 2273 2322 2330 per
2347 2274 2444 2314 ora
2471 2255 2887 2330 praedicantium
2917 2253 3071 2328 quasi
3101 2269 3198 2326 per
3225 2251 3576 2308 decurrontia
3593 2250 3820 2308 ﬂumina

2225 2345 2518 2412 sumimus,
2547 2344 2608 2401 in
2637 2345 2758 2417 ipso
2785 2361 2885 2400 suo
2912 2343 3065 2400 fonte
3089 2341 3414 2399 biberimus.

2226 2515 2412 2588 Germ.
2443 2531 2544 2588 pro
2569 2517 2700 2586 quia
2727 2516 3098 2588 Deuslegitur
3125 2533 3232 2586 qua
3276 2517 3416 2588 Deus
3443 2515 3724 2588 cernitur=
3753 2516 3826 2588 _Et

2225 2586 2374 2660 infra
2390 2585 2518 2658 quia
2545 2585 2653 2642 non
2681 2604 2716 2641 a
2742 2603 2814 2642 se.
2838 2585 3068 2644 Veteres
3085 2585 3302 2660 quoque
3321 2586 3456 2642 editi
3483 2585 3690 2642 habent
3709 2585 3821 2654 hic,

2224 2658 2353 2730 quia
2381 2675 2487 2730 non
2515 2675 2552 2712 a
2577 2673 2648 2714 se.

2297 2731 2320 2765 ⁸
2351 2729 2530 2798 Plur.,
2547 2727 2956 2800 participamus.

1285 3101 1686 3201 LIBER
1796 3056 2414 3201 DECIMUS
2501 3109 3055 3198 NONUS.

511 3283 598 3346 Ab
633 3288 928 3345 extrema
960 3281 1134 3359 porte
1165 3292 1330 3359 vers.
1359 3277 1431 3340 2i
1463 3291 1612 3355 cap.
1655 3291 1844 3359 xxviu
1882 3289 2084 3359 usque
2129 3271 2221 3335 ad
2265 3290 2430 3336 vers.
2460 3274 2532 3359 21
2591 3273 2917 3359 sequentis
2960 3291 3106 3354 cap.
3149 3271 3472 3359 cactusipe
3497 3274 3821 3359 perducta

589 3357 1006 3506 ἓωρῖεἰξίοηό,
1065 3357 1242 3421 varii
1275 3373 1501 3418 sensus
1537 3372 1674 3418 non
1695 3357 1920 3417 minus

645 3459 714 3504 cc
743 3458 900 3504 esea.
941 3456 953 3466 ί

645 3456 900 3504 σοιεε-ιαι.
941 3456 953 3466 '

2027 3359 2125 3416 cte
2151 3371 2356 3433 quam
2399 3356 2504 3434 pie
2571 3351 2992 3434 aperiuntur,
3021 3351 3318 3416 maxime
3369 3351 3447 3415 de
3482 3351 3728 3418 Christo
3763 3363 3820 3418 et

582 3577 722 3652 [νει.
753 3581 802 3632 et
836 3577 956 3634 Rec.
987 3573 1066 3650 1.]
1099 3576 1150 3632 1.
1182 3573 1560 3644 Quidmirum
1579 3571 1627 3628 si
1654 3577 1858 3627 aeterna
1885 3569 1986 3626 Dei
2013 3583 2111 3624 sa-
2139 3569 2185 3630 G
2217 3567 2424 3626 dicitur
2460 3586 2473 3625 :
2515 3569 2704 3641 Vulpes
2743 3567 2923 3639 foveas
2938 3568 3148 3637 habent,
3179 3575 3226 3624 et
3250 3570 3487 3626 volucres
3509 3569 3624 3626 caeli
3646 3570 3818 3637 nidso;

509 3665 718 3740 pientia
743 3664 989 3737 conspici
1007 3679 1121 3720 non
1150 3662 1316 3731 valet,
1337 3661 1559 3735 quando
1586 3660 1704 3732 ipsa
1721 3674 1940 3732 quoque
1968 3657 2110 3713 invi-

509 3755 694 3813 sibilia
707 3771 828 3829 quse
847 3768 944 3828 per
962 3769 1082 3811 eam
1101 3751 1324 3810 condita
1342 3757 1477 3808 sunt
1495 3749 1755 3807 humanis
1773 3747 1952 3806 oculis
1965 3765 2110 3805 com-

507 3843 775 3919 prehendi
789 3859 902 3898 non
922 3849 1153 3916 possunt
1165 3843 1194 3900 ?
1219 3843 1282 3898 In
1303 3840 1466 3898 rebus
1480 3855 1608 3912 ergo
1629 3837 1826 3896 creatis
1843 3835 2112 3893 discimus

507 3939 808 3990 creatorem
837 3931 1088 3986 omnium
1110 3937 1315 4002 quanta
1343 3928 1659 3982 humilitate
1679 3941 2028 3992 veneremur,
2049 3935 2111 3983 ut

507 4019 572 4074 in-
599 4017 702 4072 hac
729 4017 845 4071 vita
871 4031 1137 4088 usurpare
1164 4015 1272 4071 sibi
1301 4015 1368 4070 de
1396 4013 1790 4085 omnipotentis
1808 4012 1908 4068 Dei
1931 4012 2110 4084 specie

507 4119 662 4161 mens
704 4103 946 4159 humana
985 4103 1067 4158 nil
1103 4102 1322 4170 audeat,
1353 4100 1501 4173 quod
1542 4101 1722 4156 solum
1760 4100 1950 4156 electis
1993 4101 2110 4158 suis

506 4191 797 4268 praemium
818 4193 878 4248 in
892 4191 1250 4266 subsequenti
1269 4189 1710 4247 remuneratione
1735 4197 1936 4246 servat.
1952 4189 2108 4246 Unde

503 4283 642 4340 bene
669 4291 960 4357 postquam
988 4281 1201 4339 dictum
1229 4286 1346 4337 est:
1379 4277 1699 4336 Abscondita
1735 4283 1811 4335 est
1845 4279 1911 4334 ab
1939 4278 2108 4335 oculis

503 4371 738 4428 omnium
765 4370 1069 4438 viventium,
1099 4368 1251 4426 illico
1277 4366 1646 4426 subinfertur:

1012 4457 1241 4517 CAPUT
1279 4457 1572 4516 PRIMUM.

575 4549 707 4608 ω.
751 4567 958 4622 xxvm,
1005 4549 1178 4608 Vnus.
1228 4549 1317 4608 21.
1348 4581 1420 4592 -
1465 4549 1712 4608 Volucres
1751 4562 1956 4619 quoque
1990 4546 2106 4602 casti

665 4731 910 4790 Volucres
935 4729 1050 4785 coeli
1075 4728 1366 4800 aliquando
1393 4727 1454 4781 in
1481 4727 1681 4782 malam
1719 4731 1930 4796 partem
1953 4723 2106 4779 acci-

495 4821 748 4893 piuntur,
792 4817 1087 4890 aliquando
1135 4818 1192 4872 in
1220 4818 1427 4874 bonam.
1457 4847 1530 4858 —
1556 4817 1618 4872 In
1643 4813 1926 4887 Scriptura
1953 4813 2103 4870 enim

2219 3657 2394 3714 Filius
2407 3663 2584 3713 autem
2611 3657 2838 3714 hominis
2861 3675 2970 3712 non
2983 3658 3133 3713 habet
3147 3657 3237 3712 ubi
3263 3665 3424 3730 caput
3441 3675 3596 3715 suum
3610 3659 3822 3715 reclinet

2217 3747 2440 3818 (Matth.
2471 3763 2596 3822 vui,
2627 3745 2715 3814 20;
2744 3747 2874 3802 Luc.
2907 3761 2990 3814 ιχ,
3019 3746 3136 3819 58).
3171 3747 3379 3819 Vulpes
3407 3747 3566 3804 valde
3593 3748 3819 3804 fraudu-

2219 3835 2369 3891 lenta
2413 3844 2545 3892 sunt
2587 3835 2870 3903 animalia,
2901 3850 3023 3908 quae
3075 3835 3134 3890 in
3162 3834 3326 3890 fossis
3354 3837 3441 3890 vel
3469 3836 3738 3908 specubus
3761 3854 3820 3892 se

2217 3924 2594 3992 abscondunt;
2647 3941 2884 3998 cumque
2917 3924 3290 3998 apparuerint,
3319 3940 3602 3998 nunquam
3656 3926 3820 3982 rectis

2218 4011 2534 4082 itineribus,
2563 4013 2660 4071 sed
2685 4015 2952 4072 tortuosis
2981 4013 3336 4071 anfractibus
3368 4023 3620 4072 currunt.
3653 4017 3822 4074 Voln-

2217 4117 2334 4158 cres
2366 4116 2516 4170 vero,
2549 4109 2612 4158 ut
2639 4102 2918 4172 novimus,
2954 4104 3069 4160 alto
3096 4104 3288 4167 volatu
3317 4119 3375 4160 se
3402 4104 3461 4160 in
3487 4120 3613 4160 aera
3641 4104 3820 4162 suble-

2217 4198 2368 4247 vant.
2385 4190 2620 4248 Nomine
2639 4207 2768 4264 ergo
2788 4192 3051 4266 vulpium
3064 4191 3254 4249 dolosa
3267 4201 3430 4266 atque
3446 4191 3819 4264 fraudulenta,

2215 4281 2440 4338 nomine
2459 4289 2641 4338 autem
2671 4283 2991 4353 volucrum,
3013 4282 3133 4340 haec
3151 4282 3342 4340 eadem
3363 4282 3598 4356 superba
3620 4282 3820 4340 daemo-

2216 4370 2309 4427 nia
2345 4369 2722 4443 designantur.
2751 4372 2834 4428 Ac
2874 4372 2924 4428 si
2956 4371 3110 4430 dicat
3153 4389 3166 4428 :
3201 4372 3576 4430 Fraudulenta
3601 4380 3657 4428 et
3683 4371 3822 4430 elata

2213 4458 2488 4516 daemonia
2510 4459 2570 4515 in
2599 4461 2764 4518 corde
2792 4469 3004 4533 vestro,
3027 4461 3086 4520 id
3099 4469 3183 4518 est
3199 4460 3260 4518 in
3272 4461 3606 4535 cogitatione
3627 4476 3821 4534 super-

2212 4549 2318 4608 bire
2345 4551 2643 4610 inveniunt
2671 4551 3070 4610 habitationem
3097 4569 3288 4621 suam;
3319 4553 3496 4608 Filius
3513 4557 3694 4606 autem
3721 4549 3818 4605 ho-

2213 4642 2382 4699 minis
2408 4641 2505 4699 ubi
2535 4650 2700 4716 caput
2726 4660 2889 4701 suum
2941 4643 3173 4700 reclinet
3205 4656 3318 4696 non
3369 4639 3554 4704 habet,
3589 4636 3646 4692 id
3698 4645 3805 4706 est,

2211 4729 2499 4790 humilitas
2527 4749 2651 4790 mea
2678 4739 2922 4806 requiem
2950 4731 3009 4786 in
3037 4729 3274 4800 superba
3301 4734 3483 4781 mente
3502 4734 3686 4783 vestra
3705 4743 3818 4784 non

2211 4818 2445 4876 invenit.
2465 4819 2632 4889 Quasi
2643 4822 2792 4876 enim
2804 4817 2983 4892 quoda
2992 4834 3046 4872 m
3068 4815 3260 4871 volatu
3273 4812 3520 4870 volucris
3533 4813 3629 4870 illa
3641 4815 3819 4887 prima

504 4925 661 4970 sacra
687 4909 942 4968 volucres
969 4905 1268 4981 aliquando
1295 4904 1356 4962 in
1376 4905 1545 4976 malo,
1561 4903 1858 4978 aliquando
1877 4903 1936 4960 in
1956 4904 2104 4964 bono
2131 4930 2182 4991 ι)
2211 4927 2268 4968 se
2296 4908 2519 4978 extulit,
2541 4925 2662 4982 qua:
2677 4923 2774 4982 per
2793 4909 2989 4964 elatam
3005 4901 3397 4980 cogitationem
3419 4905 3566 4960 dixit
3589 4923 3601 4961 :
3627 4905 3692 4960 In
3709 4921 3817 4960 οω-

506 5001 711 5057 dantur
756 4999 1014 5074 intelligi.
1043 4998 1152 5056 Per
1193 4996 1445 5054 volucres
1473 4995 1675 5070 quippe
1701 5011 2100 5070 nonnunquam

501 5095 797 5160 potestates
842 5106 1016 5148 aereae
1054 5085 1432 5160 designantur,
1460 5085 1734 5143 bonorum
1763 5086 1962 5143 studiis
1996 5085 2106 5142 ad-

502 5189 693 5230 versae.
743 5177 898 5233 Unde
939 5177 1206 5236 Veritatis
1247 5193 1340 5234 ore
1364 5176 1600 5234 dicitur:
1637 5176 1898 5246 Quoniam
1933 5194 2105 5233 semen

502 5262 643 5333 quod
669 5278 813 5318 secus
844 5265 987 5320 viam
1005 5267 1206 5336 cecidit,
1235 5271 1486 5324 venerunt
1519 5266 1776 5332 volucres,
1805 5272 1855 5322 et
1879 5265 2104 5322 comede-

501 5356 630 5407 runt
649 5350 789 5405 illud
809 5351 1024 5421 (Matth.
1041 5370 1166 5423 xm,
1187 5356 1248 5423 li;
1273 5358 1402 5413 Luc.
1425 5374 1549 5426 vni,
1573 5356 1662 5430 5);
1687 5355 1816 5429 quia
1837 5355 2103 5412 nimirum

501 5437 730 5510 maligni
787 5437 1014 5509 spiritus
1060 5439 1326 5500 humanas
1363 5454 1574 5502 mentes
1603 5445 1938 5512 obsidentes,
1969 5444 2101 5501 dum

501 5527 868 5602 cogitationes
881 5527 1078 5584 noxias
1097 5529 1376 5602 ingerunt,
1391 5537 1621 5592 verbum
1639 5536 1766 5591 vitm
1787 5553 1818 5591 a
1839 5534 2104 5591 memoria

500 5621 767 5680 evellant.
793 5621 938 5678 Hinc
957 5637 1176 5678 rursum
1194 5623 1413 5681 cuidam
1429 5630 1594 5686 diviti
1617 5631 1850 5703 superba
1869 5631 2102 5705 sapienti

2215 5001 2323 5057 lum
2367 5001 2726 5068 conscendam,
2772 5017 2934 5072 super
2973 5004 3125 5056 astra
3167 4999 3282 5053 εωιὶ
3324 4996 3568 5053 εωαιιαὺο
3627 4996 3816 5076 solium

2209 5107 2402 5156 nisum,
2419 5090 2597 5146 sedebo
2611 5091 2666 5145 in
2690 5096 2861 5146 monte
2887 5088 3211 5154 testamenti,
3232 5088 3288 5143 in
3309 5086 3563 5144 lateribus
3579 5084 3818 5155 Aquilo—

2209 5179 2316 5246 nis,
2345 5180 2624 5236 ascendam
2650 5196 2810 5252 super
2833 5178 3180 5236 altitudinem
3205 5178 3448 5242 nubium,
3463 5181 3610 5230 etero
3625 5173 3818 5229 similis

2211 5269 2486 5326 Altissimo
2499 5269 2663 5342 (Isai.
2685 5285 2808 5338 XIV,
2839 5268 2955 5340 13).
2972 5268 3124 5325 Ecce
3140 5283 3304 5341 quam
3335 5267 3446 5322 alta
3473 5261 3701 5335 superbe
3723 5277 3816 5317 vo-

2213 5357 2376 5414 lando
2391 5359 2746 5431 petiit.Quem
2766 5358 2931 5413 etiam
2953 5357 3200 5413 volatum
3217 5363 3271 5412 et
3286 5353 3483 5428 primis
3495 5349 3818 5406 hominibus

2211 5447 2498 5520 persuasit.
2513 5447 2621 5518 Ipsi
2639 5445 2840 5519 quippe
2858 5445 3098 5502 volando
3113 5444 3269 5518 quasi
3281 5457 3444 5514 super
3463 5456 3520 5496 se
3536 5441 3616 5495 ire
3630 5439 3812 5496 conati

2211 5545 2361 5607 sunt,
2393 5537 2612 5611 quando
2641 5537 2722 5593 eis
2756 5536 2971 5596 dictum
2999 5545 3102 5606 est,
3125 5543 3188 5591 ut
3218 5537 3518 5606 gustarem,
3552 5537 3608 5586 et
3635 5537 3814 5586 essent

2210 5625 2353 5686 sicut
2380 5625 2459 5684 dii
2492 5625 2699 5699 (Genes.
2737 5644 2822 5699 III,
2873 5627 3051 5702 5).....
3091 5624 3339 5696 Cumque
3381 5618 3805 5678 similitudinem
