  <div class='ocr_page' id='page_1' title='image "/cluster/home/n/w/nwhite01/storage/ocr_20150623/76/hvd.32044052772456/057.png"; bbox 0 0 4172 6184; ppageno 0'>
   <div class='ocr_carea' id='block_1_1' title="bbox 529 251 2627 343">
    <p class='ocr_par' dir='ltr' id='par_1_1' title="bbox 529 251 2627 343">
     <span class='ocr_line' id='line_1_1' title="bbox 529 251 2627 343; baseline 0.004 -40"><span class='ocrx_word' id='word_1_1' title='bbox 529 257 599 315; x_wconf 80' lang='lat'><strong>99</strong></span> <span class='ocrx_word' id='word_1_2' title='bbox 1734 251 1987 310; x_wconf 84' lang='lat' dir='ltr'><strong>SANCTI</strong></span> <span class='ocrx_word' id='word_1_3' title='bbox 2025 253 2361 343; x_wconf 61' lang='lat' dir='ltr'><strong>GREGORII</strong></span> <span class='ocrx_word' id='word_1_4' title='bbox 2397 255 2627 312; x_wconf 83' lang='lat' dir='ltr'><strong>MAGNI</strong></span> 
     </span>
    </p>
   </div>
   <div class='ocr_carea' id='block_1_2' title="bbox 3739 265 3838 325">
    <p class='ocr_par' dir='ltr' id='par_1_2' title="bbox 3739 265 3838 325">
     <span class='ocr_line' id='line_1_2' title="bbox 3739 265 3838 325; baseline 0.03 -3"><span class='ocrx_word' id='word_1_5' title='bbox 3739 265 3838 325; x_wconf 80' lang='grc'><strong>100</strong></span> 
     </span>
    </p>
   </div>
   <div class='ocr_carea' id='block_1_3' title="bbox 531 373 3840 462">
    <p class='ocr_par' dir='ltr' id='par_1_3' title="bbox 531 373 3840 462">
     <span class='ocr_line' id='line_1_3' title="bbox 531 373 3840 462; baseline 0.003 -27"><span class='ocrx_word' id='word_1_6' title='bbox 531 377 782 436; x_wconf 74' lang='lat' dir='ltr'><strong>mutabili</strong></span> <span class='ocrx_word' id='word_1_7' title='bbox 809 375 1140 449; x_wconf 88' lang='lat' dir='ltr'><strong>cogitatione</strong></span> <span class='ocrx_word' id='word_1_8' title='bbox 1168 373 1456 432; x_wconf 82' lang='lat' dir='ltr'><strong>mutabilia</strong></span> <span class='ocrx_word' id='word_1_9' title='bbox 1474 383 1672 432; x_wconf 89' lang='lat' dir='ltr'><strong>cuncta</strong></span> <span class='ocrx_word' id='word_1_10' title='bbox 1686 375 1995 448; x_wconf 86' lang='lat' dir='ltr'><strong>disponere.</strong></span> <span class='ocrx_word' id='word_1_11' title='bbox 2018 377 2124 445; x_wconf 87' lang='lat' dir='ltr'><strong>Qui</strong></span> <span class='ocrx_word' id='word_1_12' title='bbox 2153 378 2205 438; x_wconf 79' lang='grc' dir='ltr'><strong>Α</strong></span> <span class='ocrx_word' id='word_1_13' title='bbox 2234 378 2452 436; x_wconf 83' lang='lat' dir='ltr'><strong>fuerant</strong></span> <span class='ocrx_word' id='word_1_14' title='bbox 2479 379 2549 436; x_wconf 90' lang='lat' dir='ltr'><strong>ad</strong></span> <span class='ocrx_word' id='word_1_15' title='bbox 2575 395 2731 437; x_wconf 90' lang='lat' dir='ltr'><strong>suam</strong></span> <span class='ocrx_word' id='word_1_16' title='bbox 2761 381 2990 453; x_wconf 87' lang='lat' dir='ltr'><strong>gratiam</strong></span> <span class='ocrx_word' id='word_1_17' title='bbox 3024 381 3343 440; x_wconf 76' lang='lat' dir='ltr'><strong>reformare.</strong></span> <span class='ocrx_word' id='word_1_18' title='bbox 3373 385 3534 444; x_wconf 84' lang='lat' dir='ltr'><strong>Unde</strong></span> <span class='ocrx_word' id='word_1_19' title='bbox 3575 388 3840 462; x_wconf 87' lang='lat' dir='ltr'><strong>scriptum</strong></span> 
     </span>
    </p>
   </div>
   <div class='ocr_carea' id='block_1_4' title="bbox 531 465 3845 548">
    <p class='ocr_par' dir='ltr' id='par_1_4' title="bbox 531 465 3845 548">
     <span class='ocr_line' id='line_1_4' title="bbox 531 465 3845 548; baseline 0.004 -24"><span class='ocrx_word' id='word_1_20' title='bbox 531 484 659 540; x_wconf 88' lang='lat' dir='ltr'><strong>ergo</strong></span> <span class='ocrx_word' id='word_1_21' title='bbox 688 483 850 524; x_wconf 85' lang='lat' dir='ltr'><strong>voces</strong></span> <span class='ocrx_word' id='word_1_22' title='bbox 877 465 1179 538; x_wconf 89' lang='lat' dir='ltr'><strong>petentium</strong></span> <span class='ocrx_word' id='word_1_23' title='bbox 1208 465 1482 523; x_wconf 87' lang='lat' dir='ltr'><strong>transiens</strong></span> <span class='ocrx_word' id='word_1_24' title='bbox 1499 465 1737 535; x_wconf 84' lang='lat' dir='ltr'><strong>audivit,</strong></span> <span class='ocrx_word' id='word_1_25' title='bbox 1760 474 1910 524; x_wconf 89' lang='lat' dir='ltr'><strong>stans</strong></span> <span class='ocrx_word' id='word_1_26' title='bbox 1939 467 2126 524; x_wconf 90' lang='lat' dir='ltr'><strong>lumen</strong></span> <span class='ocrx_word' id='word_1_27' title='bbox 2234 477 2347 526; x_wconf 90' lang='lat' dir='ltr'><strong>est:</strong></span> <span class='ocrx_word' id='word_1_28' title='bbox 2378 472 2495 528; x_wconf 73' lang='lat' dir='ltr'><strong>Rex</strong></span> <span class='ocrx_word' id='word_1_29' title='bbox 2519 471 2612 542; x_wconf 88' lang='lat' dir='ltr'><strong>qui</strong></span> <span class='ocrx_word' id='word_1_30' title='bbox 2639 471 2780 527; x_wconf 86' lang='lat' dir='ltr'><strong>sedet</strong></span> <span class='ocrx_word' id='word_1_31' title='bbox 2803 472 2861 527; x_wconf 88' lang='lat' dir='ltr'><strong>in</strong></span> <span class='ocrx_word' id='word_1_32' title='bbox 2889 472 3022 528; x_wconf 86' lang='lat' dir='ltr'><strong>solio</strong></span> <span class='ocrx_word' id='word_1_33' title='bbox 3042 471 3262 542; x_wconf 84' lang='lat' dir='ltr'><strong>judicii,</strong></span> <span class='ocrx_word' id='word_1_34' title='bbox 3291 474 3518 548; x_wconf 76' lang='lat' dir='ltr'><strong>dissipat</strong></span> <span class='ocrx_word' id='word_1_35' title='bbox 3543 495 3692 535; x_wconf 90' lang='lat' dir='ltr'><strong>omne</strong></span> <span class='ocrx_word' id='word_1_36' title='bbox 3718 497 3845 536; x_wconf 84' lang='lat' dir='ltr'><strong>ma-</strong></span> 
     </span>
    </p>
   </div>
   <div class='ocr_carea' id='block_1_5' title="bbox 531 553 2126 630">
    <p class='ocr_par' dir='ltr' id='par_1_5' title="bbox 531 553 2126 630">
     <span class='ocr_line' id='line_1_5' title="bbox 531 553 2126 630; baseline -0.002 -14"><span class='ocrx_word' id='word_1_37' title='bbox 531 557 792 625; x_wconf 87' lang='lat' dir='ltr'><strong>reddidit,</strong></span> <span class='ocrx_word' id='word_1_38' title='bbox 821 555 951 630; x_wconf 88' lang='lat' dir='ltr'><strong>quia</strong></span> <span class='ocrx_word' id='word_1_39' title='bbox 989 553 1089 612; x_wconf 80' lang='lat' dir='ltr'><strong>etsi</strong></span> <span class='ocrx_word' id='word_1_40' title='bbox 1118 562 1340 628; x_wconf 80' lang='lat' dir='ltr'><strong>propter</strong></span> <span class='ocrx_word' id='word_1_41' title='bbox 1386 571 1488 612; x_wconf 90' lang='lat' dir='ltr'><strong>nos</strong></span> <span class='ocrx_word' id='word_1_42' title='bbox 1526 555 1851 628; x_wconf 79' lang='lat' dir='ltr'><strong>temporalia</strong></span> <span class='ocrx_word' id='word_1_43' title='bbox 1878 556 2126 627; x_wconf 78' lang='lat' dir='ltr'><strong>pertulit,</strong></span> 
     </span>
    </p>
   </div>
   <div class='ocr_carea' id='block_1_6' title="bbox 2239 559 3846 642">
    <p class='ocr_par' dir='ltr' id='par_1_6' title="bbox 2239 559 3846 642">
     <span class='ocr_line' id='line_1_6' title="bbox 2239 559 3846 642; baseline 0.009 -30"><span class='ocrx_word' id='word_1_44' title='bbox 2239 560 2345 613; x_wconf 87' lang='lat' dir='ltr'><strong>lum</strong></span> <span class='ocrx_word' id='word_1_45' title='bbox 2373 559 2570 616; x_wconf 82' lang='lat' dir='ltr'><strong>intuitu</strong></span> <span class='ocrx_word' id='word_1_46' title='bbox 2594 577 2689 617; x_wconf 85' lang='lat' dir='ltr'><strong>suo</strong></span> <span class='ocrx_word' id='word_1_47' title='bbox 2721 561 2908 633; x_wconf 83' lang='lat' dir='ltr'><strong>(Prov.</strong></span> <span class='ocrx_word' id='word_1_48' title='bbox 2940 577 3038 632; x_wconf 82' lang='lat' dir='ltr'><strong>xx,</strong></span> <span class='ocrx_word' id='word_1_49' title='bbox 3077 562 3158 635; x_wconf 91' lang='lat'><strong>8).</strong></span> <span class='ocrx_word' id='word_1_50' title='bbox 3207 563 3572 635; x_wconf 86' lang='lat' dir='ltr'><strong>Respieiendo</strong></span> <span class='ocrx_word' id='word_1_51' title='bbox 3608 584 3846 642; x_wconf 81' lang='lat' dir='ltr'><strong>namque</strong></span> 
     </span>
    </p>
   </div>
   <div class='ocr_carea' id='block_1_7' title="bbox 531 643 3842 726">
    <p class='ocr_par' dir='ltr' id='par_1_7' title="bbox 531 643 3842 726">
     <span class='ocr_line' id='line_1_7' title="bbox 531 643 3842 726; baseline 0.003 -21"><span class='ocrx_word' id='word_1_52' title='bbox 531 647 660 704; x_wconf 89' lang='lat' dir='ltr'><strong>inde</strong></span> <span class='ocrx_word' id='word_1_53' title='bbox 680 654 864 704; x_wconf 88' lang='lat' dir='ltr'><strong>tamen</strong></span> <span class='ocrx_word' id='word_1_54' title='bbox 893 643 1054 701; x_wconf 87' lang='lat' dir='ltr'><strong>nobis</strong></span> <span class='ocrx_word' id='word_1_55' title='bbox 1082 644 1261 702; x_wconf 89' lang='lat' dir='ltr'><strong>lucem</strong></span> <span class='ocrx_word' id='word_1_56' title='bbox 1290 643 1508 712; x_wconf 87' lang='lat' dir='ltr'><strong>tribuit,</strong></span> <span class='ocrx_word' id='word_1_57' title='bbox 1544 644 1692 701; x_wconf 91' lang='lat' dir='ltr'><strong>unde</strong></span> <span class='ocrx_word' id='word_1_58' title='bbox 1712 643 1913 702; x_wconf 89' lang='lat' dir='ltr'><strong>habere</strong></span> <span class='ocrx_word' id='word_1_59' title='bbox 1938 653 2130 702; x_wconf 84' lang='lat' dir='ltr'><strong>muta-</strong></span> <span class='ocrx_word' id='word_1_60' title='bbox 2236 646 2478 704; x_wconf 76' lang='lat' dir='ltr'><strong>levitatis</strong></span> <span class='ocrx_word' id='word_1_61' title='bbox 2505 657 2707 707; x_wconf 88' lang='lat' dir='ltr'><strong>nostra</strong></span> <span class='ocrx_word' id='word_1_62' title='bbox 2728 651 2872 707; x_wconf 89' lang='lat' dir='ltr'><strong>mala</strong></span> <span class='ocrx_word' id='word_1_63' title='bbox 2901 651 3166 720; x_wconf 91' lang='lat' dir='ltr'><strong>coercuit,</strong></span> <span class='ocrx_word' id='word_1_64' title='bbox 3196 659 3253 708; x_wconf 91' lang='lat' dir='ltr'><strong>et</strong></span> <span class='ocrx_word' id='word_1_65' title='bbox 3280 667 3479 726; x_wconf 86' lang='lat' dir='ltr'><strong>magna</strong></span> <span class='ocrx_word' id='word_1_66' title='bbox 3505 656 3704 715; x_wconf 87' lang='lat' dir='ltr'><strong>merita</strong></span> <span class='ocrx_word' id='word_1_67' title='bbox 3726 674 3842 714; x_wconf 89' lang='lat' dir='ltr'><strong>ma-</strong></span> 
     </span>
    </p>
   </div>
   <div class='ocr_carea' id='block_1_8' title="bbox 529 732 3390 807">
    <p class='ocr_par' dir='ltr' id='par_1_8' title="bbox 529 732 3390 807">
     <span class='ocr_line' id='line_1_8' title="bbox 529 732 3390 807; baseline 0.001 -15"><span class='ocrx_word' id='word_1_68' title='bbox 529 735 761 792; x_wconf 86' lang='lat' dir='ltr'><strong>bilitatis</strong></span> <span class='ocrx_word' id='word_1_69' title='bbox 772 732 1068 792; x_wconf 78' lang='lat' dir='ltr'><strong>transitum</strong></span> <span class='ocrx_word' id='word_1_70' title='bbox 1082 732 1277 790; x_wconf 86' lang='lat' dir='ltr'><strong>nescit.</strong></span> <span class='ocrx_word' id='word_1_71' title='bbox 1295 732 1436 801; x_wconf 85' lang='lat' dir='ltr'><strong>Quia</strong></span> <span class='ocrx_word' id='word_1_72' title='bbox 1455 732 1626 806; x_wconf 78' lang='lat' dir='ltr'><strong>igitur</strong></span> <span class='ocrx_word' id='word_1_73' title='bbox 1645 733 1866 807; x_wconf 87' lang='lat' dir='ltr'><strong>quando</strong></span> <span class='ocrx_word' id='word_1_74' title='bbox 1883 749 1982 807; x_wconf 91' lang='lat' dir='ltr'><strong>per</strong></span> <span class='ocrx_word' id='word_1_75' title='bbox 1998 751 2130 792; x_wconf 86' lang='lat' dir='ltr'><strong>car-</strong></span> <span class='ocrx_word' id='word_1_76' title='bbox 2237 736 2482 793; x_wconf 90' lang='lat' dir='ltr'><strong>turitatis</strong></span> <span class='ocrx_word' id='word_1_77' title='bbox 2510 737 2682 796; x_wconf 86' lang='lat' dir='ltr'><strong>dedit.</strong></span> <span class='ocrx_word' id='word_1_78' title='bbox 2709 738 2865 796; x_wconf 89' lang='lat' dir='ltr'><strong>Unde</strong></span> <span class='ocrx_word' id='word_1_79' title='bbox 2891 739 3076 797; x_wconf 88' lang='lat' dir='ltr'><strong>adhuc</strong></span> <span class='ocrx_word' id='word_1_80' title='bbox 3099 738 3390 796; x_wconf 85' lang='lat' dir='ltr'><strong>subditur:</strong></span> 
     </span>
    </p>
   </div>
   <div class='ocr_carea' id='block_1_9' title="bbox 530 823 2132 898">
    <p class='ocr_par' dir='ltr' id='par_1_9' title="bbox 530 823 2132 898">
     <span class='ocr_line' id='line_1_9' title="bbox 530 823 2132 898; baseline 0.002 -18"><span class='ocrx_word' id='word_1_81' title='bbox 530 840 656 882; x_wconf 90' lang='lat' dir='ltr'><strong>nem</strong></span> <span class='ocrx_word' id='word_1_82' title='bbox 684 830 966 898; x_wconf 84' lang='lat' dir='ltr'><strong>appareret</strong></span> <span class='ocrx_word' id='word_1_83' title='bbox 993 823 1315 882; x_wconf 85' lang='lat' dir='ltr'><strong>hominibus</strong></span> <span class='ocrx_word' id='word_1_84' title='bbox 1341 824 1616 880; x_wconf 88' lang='lat' dir='ltr'><strong>incertum</strong></span> <span class='ocrx_word' id='word_1_85' title='bbox 1645 823 1775 892; x_wconf 88' lang='lat' dir='ltr'><strong>fuit,</strong></span> <span class='ocrx_word' id='word_1_86' title='bbox 1807 830 1952 888; x_wconf 81' lang='lat'><strong>606</strong></span> <span class='ocrx_word' id='word_1_87' title='bbox 1981 833 2132 883; x_wconf 90' lang='lat' dir='ltr'><strong>recte</strong></span> 
     </span>
    </p>
   </div>
   <div class='ocr_carea' id='block_1_10' title="bbox 530 919 2138 994">
    <p class='ocr_par' dir='ltr' id='par_1_10' title="bbox 530 919 2138 994">
     <span class='ocr_line' id='line_1_10' title="bbox 530 919 2138 994; baseline 0 -16"><span class='ocrx_word' id='word_1_88' title='bbox 530 938 679 980; x_wconf 91' lang='lat' dir='ltr'><strong>nunc</strong></span> <span class='ocrx_word' id='word_1_89' title='bbox 705 923 911 979; x_wconf 89' lang='lat' dir='ltr'><strong>dicitur</strong></span> <span class='ocrx_word' id='word_1_90' title='bbox 943 941 954 978; x_wconf 95' lang='lat'><strong>:</strong></span> <span class='ocrx_word' id='word_1_91' title='bbox 988 924 1128 979; x_wconf 89' lang='lat' dir='ltr'><strong>Deus</strong></span> <span class='ocrx_word' id='word_1_92' title='bbox 1155 923 1404 994; x_wconf 74' lang='lat' dir='ltr'><strong>intelligit</strong></span> <span class='ocrx_word' id='word_1_93' title='bbox 1445 923 1588 978; x_wconf 88' lang='lat' dir='ltr'><strong>viam</strong></span> <span class='ocrx_word' id='word_1_94' title='bbox 1615 919 1749 992; x_wconf 69' lang='lat' dir='ltr'><strong>eius,</strong></span> <span class='ocrx_word' id='word_1_95' title='bbox 1777 928 1829 976; x_wconf 87' lang='lat' dir='ltr'><strong>et</strong></span> <span class='ocrx_word' id='word_1_96' title='bbox 1852 922 1962 993; x_wconf 85' lang='lat' dir='ltr'><strong>ipse</strong></span> <span class='ocrx_word' id='word_1_97' title='bbox 1988 921 2138 978; x_wconf 86' lang='lat' dir='ltr'><strong>novit</strong></span> 
     </span>
    </p>
   </div>
   <div class='ocr_carea' id='block_1_11' title="bbox 534 1009 2136 1084">
    <p class='ocr_par' dir='ltr' id='par_1_11' title="bbox 534 1009 2136 1084">
     <span class='ocr_line' id='line_1_11' title="bbox 534 1009 2136 1084; baseline -0.002 -16"><span class='ocrx_word' id='word_1_98' title='bbox 534 1013 700 1068; x_wconf 86' lang='lat' dir='ltr'><strong>locum</strong></span> <span class='ocrx_word' id='word_1_99' title='bbox 728 1011 897 1068; x_wconf 87' lang='lat' dir='ltr'><strong>illius.</strong></span> <span class='ocrx_word' id='word_1_100' title='bbox 927 1011 1010 1068; x_wconf 83' lang='lat' dir='ltr'><strong>Ac</strong></span> <span class='ocrx_word' id='word_1_101' title='bbox 1035 1011 1082 1067; x_wconf 91' lang='lat' dir='ltr'><strong>si</strong></span> <span class='ocrx_word' id='word_1_102' title='bbox 1109 1018 1296 1084; x_wconf 88' lang='lat' dir='ltr'><strong>aperte</strong></span> <span class='ocrx_word' id='word_1_103' title='bbox 1325 1010 1602 1068; x_wconf 84' lang='lat' dir='ltr'><strong>diceretur</strong></span> <span class='ocrx_word' id='word_1_104' title='bbox 1629 1027 1642 1066; x_wconf 93' lang='lat'><strong>:</strong></span> <span class='ocrx_word' id='word_1_105' title='bbox 1677 1010 1945 1066; x_wconf 86' lang='lat' dir='ltr'><strong>Humana</strong></span> <span class='ocrx_word' id='word_1_106' title='bbox 1973 1009 2136 1081; x_wconf 90' lang='lat' dir='ltr'><strong>cogi-</strong></span> 
     </span>
    </p>
   </div>
   <div class='ocr_carea' id='block_1_12' title="bbox 529 1097 2132 1173">
    <p class='ocr_par' dir='ltr' id='par_1_12' title="bbox 529 1097 2132 1173">
     <span class='ocr_line' id='line_1_12' title="bbox 529 1097 2132 1173; baseline -0.003 -16"><span class='ocrx_word' id='word_1_107' title='bbox 529 1101 726 1158; x_wconf 88' lang='lat' dir='ltr'><strong>tationi</strong></span> <span class='ocrx_word' id='word_1_108' title='bbox 744 1101 961 1158; x_wconf 86' lang='lat' dir='ltr'><strong>occulta</strong></span> <span class='ocrx_word' id='word_1_109' title='bbox 981 1108 1130 1170; x_wconf 91' lang='lat' dir='ltr'><strong>sunt,</strong></span> <span class='ocrx_word' id='word_1_110' title='bbox 1153 1101 1241 1156; x_wconf 91' lang='lat' dir='ltr'><strong>vel</strong></span> <span class='ocrx_word' id='word_1_111' title='bbox 1271 1099 1491 1173; x_wconf 88' lang='lat' dir='ltr'><strong>quando</strong></span> <span class='ocrx_word' id='word_1_112' title='bbox 1517 1113 1617 1172; x_wconf 91' lang='lat' dir='ltr'><strong>per</strong></span> <span class='ocrx_word' id='word_1_113' title='bbox 1629 1115 1850 1155; x_wconf 87' lang='lat' dir='ltr'><strong>carnem</strong></span> <span class='ocrx_word' id='word_1_114' title='bbox 1871 1097 1941 1155; x_wconf 90' lang='lat' dir='ltr'><strong>ad</strong></span> <span class='ocrx_word' id='word_1_115' title='bbox 1955 1097 2132 1154; x_wconf 88' lang='lat' dir='ltr'><strong>homi-</strong></span> 
     </span>
    </p>
   </div>
   <div class='ocr_carea' id='block_1_13' title="bbox 531 1186 2138 1264">
    <p class='ocr_par' dir='ltr' id='par_1_13' title="bbox 531 1186 2138 1264">
     <span class='ocr_line' id='line_1_13' title="bbox 531 1186 2138 1264; baseline -0.004 -16"><span class='ocrx_word' id='word_1_116' title='bbox 531 1208 628 1248; x_wconf 85' lang='lat' dir='ltr'><strong>nes</strong></span> <span class='ocrx_word' id='word_1_117' title='bbox 655 1191 922 1264; x_wconf 86' lang='lat' dir='ltr'><strong>sapientia</strong></span> <span class='ocrx_word' id='word_1_118' title='bbox 949 1191 1157 1258; x_wconf 89' lang='lat' dir='ltr'><strong>veniat,</strong></span> <span class='ocrx_word' id='word_1_119' title='bbox 1183 1190 1272 1245; x_wconf 91' lang='lat' dir='ltr'><strong>vel</strong></span> <span class='ocrx_word' id='word_1_120' title='bbox 1301 1187 1580 1263; x_wconf 89' lang='lat' dir='ltr'><strong>quomodo</strong></span> <span class='ocrx_word' id='word_1_121' title='bbox 1608 1187 1752 1260; x_wconf 92' lang='lat' dir='ltr'><strong>apud</strong></span> <span class='ocrx_word' id='word_1_122' title='bbox 1786 1187 2004 1243; x_wconf 86' lang='lat' dir='ltr'><strong>Patrem</strong></span> <span class='ocrx_word' id='word_1_123' title='bbox 2037 1186 2138 1242; x_wconf 89' lang='lat' dir='ltr'><strong>in-</strong></span> 
     </span>
    </p>
   </div>
   <div class='ocr_carea' id='block_1_14' title="bbox 529 1275 1954 1351">
    <p class='ocr_par' dir='ltr' id='par_1_14' title="bbox 529 1275 1954 1351">
     <span class='ocr_line' id='line_1_14' title="bbox 529 1275 1954 1351; baseline -0.005 -13"><span class='ocrx_word' id='word_1_124' title='bbox 529 1281 788 1350; x_wconf 85' lang='lat' dir='ltr'><strong>visibilis,</strong></span> <span class='ocrx_word' id='word_1_125' title='bbox 817 1280 982 1336; x_wconf 87' lang='lat' dir='ltr'><strong>etiam</strong></span> <span class='ocrx_word' id='word_1_126' title='bbox 1012 1295 1138 1336; x_wconf 91' lang='lat' dir='ltr'><strong>cum</strong></span> <span class='ocrx_word' id='word_1_127' title='bbox 1169 1279 1302 1336; x_wconf 88' lang='lat' dir='ltr'><strong>foris</strong></span> <span class='ocrx_word' id='word_1_128' title='bbox 1321 1276 1654 1351; x_wconf 86' lang='lat' dir='ltr'><strong>apparuerit,</strong></span> <span class='ocrx_word' id='word_1_129' title='bbox 1683 1275 1954 1348; x_wconf 89' lang='lat' dir='ltr'><strong>persistat.</strong></span> 
     </span>
    </p>
   </div>
   <div class='ocr_carea' id='block_1_15' title="bbox 601 1365 2139 1442">
    <p class='ocr_par' dir='ltr' id='par_1_15' title="bbox 601 1365 2139 1442">
     <span class='ocr_line' id='line_1_15' title="bbox 601 1365 2139 1442; baseline -0.005 -15"><span class='ocrx_word' id='word_1_130' title='bbox 601 1371 653 1428; x_wconf 87' lang='lat'><strong>6.</strong></span> <span class='ocrx_word' id='word_1_131' title='bbox 686 1371 942 1442; x_wconf 77' lang='lat' dir='ltr'><strong>Ejusdem</strong></span> <span class='ocrx_word' id='word_1_132' title='bbox 983 1369 1236 1425; x_wconf 83' lang='lat' dir='ltr'><strong>adventus</strong></span> <span class='ocrx_word' id='word_1_133' title='bbox 1270 1374 1318 1424; x_wconf 89' lang='lat' dir='ltr'><strong>et</strong></span> <span class='ocrx_word' id='word_1_134' title='bbox 1341 1367 1548 1423; x_wconf 78' lang='lat' dir='ltr'><strong>mansio</strong></span> <span class='ocrx_word' id='word_1_135' title='bbox 1579 1367 1634 1422; x_wconf 88' lang='lat' dir='ltr'><strong>in</strong></span> <span class='ocrx_word' id='word_1_136' title='bbox 1665 1365 1911 1422; x_wconf 76' lang='lat' dir='ltr'><strong>cordibus</strong></span> <span class='ocrx_word' id='word_1_137' title='bbox 1959 1365 2139 1421; x_wconf 83' lang='lat' dir='ltr'><strong>homi—</strong></span> 
     </span>
    </p>
   </div>
   <div class='ocr_carea' id='block_1_16' title="bbox 528 1454 2138 1531">
    <p class='ocr_par' dir='ltr' id='par_1_16' title="bbox 528 1454 2138 1531">
     <span class='ocr_line' id='line_1_16' title="bbox 528 1454 2138 1531; baseline -0.004 -16"><span class='ocrx_word' id='word_1_138' title='bbox 528 1475 656 1515; x_wconf 85' lang='lat' dir='ltr'><strong>num</strong></span> <span class='ocrx_word' id='word_1_139' title='bbox 680 1459 1017 1531; x_wconf 79' lang='lat' dir='ltr'><strong>ignorantur.</strong></span> <span class='ocrx_word' id='word_1_140' title='bbox 1062 1487 1134 1500; x_wconf 89' lang='lat'><strong>--</strong></span> <span class='ocrx_word' id='word_1_141' title='bbox 1163 1456 1433 1526; x_wconf 86' lang='lat' dir='ltr'><strong>Quamvis</strong></span> <span class='ocrx_word' id='word_1_142' title='bbox 1459 1455 1568 1513; x_wconf 88' lang='lat' dir='ltr'><strong>hoc</strong></span> <span class='ocrx_word' id='word_1_143' title='bbox 1603 1454 1840 1527; x_wconf 89' lang='lat' dir='ltr'><strong>intelligi</strong></span> <span class='ocrx_word' id='word_1_144' title='bbox 1882 1462 1940 1510; x_wconf 89' lang='lat' dir='ltr'><strong>et</strong></span> <span class='ocrx_word' id='word_1_145' title='bbox 1976 1454 2138 1510; x_wconf 89' lang='lat' dir='ltr'><strong>aliter</strong></span> 
     </span>
    </p>
   </div>
   <div class='ocr_carea' id='block_1_17' title="bbox 529 1544 2138 1622">
    <p class='ocr_par' dir='ltr' id='par_1_17' title="bbox 529 1544 2138 1622">
     <span class='ocr_line' id='line_1_17' title="bbox 529 1544 2138 1622; baseline -0.004 -16"><span class='ocrx_word' id='word_1_146' title='bbox 529 1557 726 1622; x_wconf 81' lang='lat' dir='ltr'><strong>potest.</strong></span> <span class='ocrx_word' id='word_1_147' title='bbox 759 1548 898 1606; x_wconf 89' lang='lat' dir='ltr'><strong>Nam</strong></span> <span class='ocrx_word' id='word_1_148' title='bbox 938 1549 1030 1605; x_wconf 89' lang='lat' dir='ltr'><strong>via</strong></span> <span class='ocrx_word' id='word_1_149' title='bbox 1057 1548 1176 1621; x_wconf 87' lang='lat' dir='ltr'><strong>ejus</strong></span> <span class='ocrx_word' id='word_1_150' title='bbox 1221 1563 1333 1604; x_wconf 90' lang='lat' dir='ltr'><strong>non</strong></span> <span class='ocrx_word' id='word_1_151' title='bbox 1377 1544 1830 1604; x_wconf 90' lang='lat' dir='ltr'><strong>inconvenienter</strong></span> <span class='ocrx_word' id='word_1_152' title='bbox 1870 1545 2138 1616; x_wconf 88' lang='lat' dir='ltr'><strong>accipitur</strong></span> 
     </span>
    </p>
   </div>
   <div class='ocr_carea' id='block_1_18' title="bbox 530 1633 2139 1711">
    <p class='ocr_par' dir='ltr' id='par_1_18' title="bbox 530 1633 2139 1711">
     <span class='ocr_line' id='line_1_18' title="bbox 530 1633 2139 1711; baseline -0.002 -18"><span class='ocrx_word' id='word_1_153' title='bbox 530 1637 637 1696; x_wconf 92' lang='lat' dir='ltr'><strong>hoc</strong></span> <span class='ocrx_word' id='word_1_154' title='bbox 663 1638 844 1711; x_wconf 89' lang='lat' dir='ltr'><strong>ipsum</strong></span> <span class='ocrx_word' id='word_1_155' title='bbox 872 1637 1020 1710; x_wconf 91' lang='lat' dir='ltr'><strong>quod</strong></span> <span class='ocrx_word' id='word_1_156' title='bbox 1051 1637 1204 1692; x_wconf 89' lang='lat' dir='ltr'><strong>venit</strong></span> <span class='ocrx_word' id='word_1_157' title='bbox 1231 1635 1301 1692; x_wconf 91' lang='lat' dir='ltr'><strong>ad</strong></span> <span class='ocrx_word' id='word_1_158' title='bbox 1329 1651 1443 1704; x_wconf 88' lang='lat' dir='ltr'><strong>cor,</strong></span> <span class='ocrx_word' id='word_1_159' title='bbox 1482 1649 1706 1707; x_wconf 87' lang='lat' dir='ltr'><strong>seseque</strong></span> <span class='ocrx_word' id='word_1_160' title='bbox 1733 1633 1894 1690; x_wconf 90' lang='lat' dir='ltr'><strong>nobis</strong></span> <span class='ocrx_word' id='word_1_161' title='bbox 1923 1633 2139 1690; x_wconf 84' lang='lat' dir='ltr'><strong>intrin-</strong></span> 
     </span>
    </p>
   </div>
   <div class='ocr_carea' id='block_1_19' title="bbox 2696 828 3366 904">
    <p class='ocr_par' dir='ltr' id='par_1_19' title="bbox 2696 828 3366 904">
     <span class='ocr_line' id='line_1_19' title="bbox 2696 828 3366 904; baseline 0.001 -19"><span class='ocrx_word' id='word_1_162' title='bbox 2696 828 2925 886; x_wconf 81' lang='lat' dir='ltr'><strong>CAPUT</strong></span> <span class='ocrx_word' id='word_1_163' title='bbox 2969 830 3019 887; x_wconf 93' lang='lat' dir='ltr'><strong>v</strong></span> <span class='ocrx_word' id='word_1_164' title='bbox 3060 828 3205 903; x_wconf 67' lang='lat' dir='ltr'><strong>meo.</strong></span> <span class='ocrx_word' id='word_1_165' title='bbox 3240 829 3366 904; x_wconf 80' lang='lat' dir='ltr'><strong>IV].</strong></span> 
     </span>
    </p>
   </div>
   <div class='ocr_carea' id='block_1_20' title="bbox 2310 915 3438 990">
    <p class='ocr_par' dir='ltr' id='par_1_20' title="bbox 2310 915 3438 990">
     <span class='ocr_line' id='line_1_20' title="bbox 2310 915 3438 990; baseline 0.002 -18"><span class='ocrx_word' id='word_1_166' title='bbox 2310 915 2482 974; x_wconf 77' lang='lat' dir='ltr'><strong>Vsus.</strong></span> <span class='ocrx_word' id='word_1_167' title='bbox 2516 915 2604 975; x_wconf 82' lang='lat'><strong>25.</strong></span> <span class='ocrx_word' id='word_1_168' title='bbox 2639 949 2711 961; x_wconf 99' lang='lat'>—</span> <span class='ocrx_word' id='word_1_169' title='bbox 2750 918 2857 987; x_wconf 88' lang='lat' dir='ltr'><strong>Qui</strong></span> <span class='ocrx_word' id='word_1_170' title='bbox 2882 919 3008 990; x_wconf 86' lang='lat' dir='ltr'><strong>fecit</strong></span> <span class='ocrx_word' id='word_1_171' title='bbox 3025 918 3192 974; x_wconf 87' lang='lat' dir='ltr'><strong>ventis</strong></span> <span class='ocrx_word' id='word_1_172' title='bbox 3205 918 3438 990; x_wconf 88' lang='lat' dir='ltr'><strong>pondus.</strong></span> 
     </span>
    </p>
   </div>
   <div class='ocr_carea' id='block_1_21' title="bbox 2311 1005 3852 1080">
    <p class='ocr_par' dir='ltr' id='par_1_21' title="bbox 2311 1005 3852 1080">
     <span class='ocr_line' id='line_1_21' title="bbox 2311 1005 3852 1080; baseline 0.002 -19"><span class='ocrx_word' id='word_1_173' title='bbox 2311 1005 2366 1062; x_wconf 92' lang='lat'><strong>8.</strong></span> <span class='ocrx_word' id='word_1_174' title='bbox 2393 1006 2619 1063; x_wconf 81' lang='lat' dir='ltr'><strong>Animas</strong></span> <span class='ocrx_word' id='word_1_175' title='bbox 2646 1025 2807 1079; x_wconf 80' lang='lat' dir='ltr'><strong>vagas</strong></span> <span class='ocrx_word' id='word_1_176' title='bbox 2835 1008 2950 1080; x_wconf 82' lang='lat' dir='ltr'><strong>ﬁgit</strong></span> <span class='ocrx_word' id='word_1_177' title='bbox 2975 1013 3025 1064; x_wconf 92' lang='lat' dir='ltr'><strong>et</strong></span> <span class='ocrx_word' id='word_1_178' title='bbox 3057 1007 3320 1080; x_wconf 84' lang='lat' dir='ltr'><strong>gravitate</strong></span> <span class='ocrx_word' id='word_1_179' title='bbox 3345 1007 3602 1063; x_wconf 87' lang='lat' dir='ltr'><strong>donat.-</strong></span> <span class='ocrx_word' id='word_1_180' title='bbox 3617 1007 3852 1066; x_wconf 81' lang='lat' dir='ltr'><strong>Veloci—</strong></span> 
     </span>
    </p>
   </div>
   <div class='ocr_carea' id='block_1_22' title="bbox 2241 1093 3851 1168">
    <p class='ocr_par' dir='ltr' id='par_1_22' title="bbox 2241 1093 3851 1168">
     <span class='ocr_line' id='line_1_22' title="bbox 2241 1093 3851 1168; baseline 0.004 -18"><span class='ocrx_word' id='word_1_181' title='bbox 2241 1101 2350 1150; x_wconf 84' lang='lat' dir='ltr'><strong>tate</strong></span> <span class='ocrx_word' id='word_1_182' title='bbox 2370 1095 2520 1153; x_wconf 90' lang='lat' dir='ltr'><strong>enim</strong></span> <span class='ocrx_word' id='word_1_183' title='bbox 2547 1114 2613 1154; x_wconf 88' lang='lat' dir='ltr'><strong>ac</strong></span> <span class='ocrx_word' id='word_1_184' title='bbox 2640 1097 2948 1153; x_wconf 89' lang='lat' dir='ltr'><strong>subtilitate</strong></span> <span class='ocrx_word' id='word_1_185' title='bbox 2978 1105 3270 1154; x_wconf 88' lang='lat' dir='ltr'><strong>ventorum</strong></span> <span class='ocrx_word' id='word_1_186' title='bbox 3300 1096 3360 1152; x_wconf 89' lang='lat' dir='ltr'><strong>in</strong></span> <span class='ocrx_word' id='word_1_187' title='bbox 3389 1093 3671 1168; x_wconf 88' lang='lat' dir='ltr'><strong>Scriptura</strong></span> <span class='ocrx_word' id='word_1_188' title='bbox 3697 1113 3851 1156; x_wconf 81' lang='lat' dir='ltr'><strong>sacra</strong></span> 
     </span>
    </p>
   </div>
   <div class='ocr_carea' id='block_1_23' title="bbox 2243 1184 3850 1260">
    <p class='ocr_par' dir='ltr' id='par_1_23' title="bbox 2243 1184 3850 1260">
     <span class='ocr_line' id='line_1_23' title="bbox 2243 1184 3850 1260; baseline 0 -16"><span class='ocrx_word' id='word_1_189' title='bbox 2243 1187 2420 1244; x_wconf 83' lang='lat' dir='ltr'><strong>solent</strong></span> <span class='ocrx_word' id='word_1_190' title='bbox 2438 1185 2636 1243; x_wconf 85' lang='lat' dir='ltr'><strong>anima</strong></span> <span class='ocrx_word' id='word_1_191' title='bbox 2665 1184 2964 1259; x_wconf 84' lang='lat' dir='ltr'><strong>designari,</strong></span> <span class='ocrx_word' id='word_1_192' title='bbox 2993 1187 3138 1244; x_wconf 87' lang='lat' dir='ltr'><strong>sicut</strong></span> <span class='ocrx_word' id='word_1_193' title='bbox 3157 1202 3256 1260; x_wconf 90' lang='lat' dir='ltr'><strong>per</strong></span> <span class='ocrx_word' id='word_1_194' title='bbox 3272 1185 3622 1243; x_wconf 89' lang='lat' dir='ltr'><strong>Psalmistam</strong></span> <span class='ocrx_word' id='word_1_195' title='bbox 3641 1186 3709 1243; x_wconf 91' lang='lat' dir='ltr'><strong>de</strong></span> <span class='ocrx_word' id='word_1_196' title='bbox 3734 1189 3850 1244; x_wconf 89' lang='lat' dir='ltr'><strong>Deo</strong></span> 
     </span>
    </p>
   </div>
   <div class='ocr_carea' id='block_1_24' title="bbox 2243 1273 3846 1348">
    <p class='ocr_par' dir='ltr' id='par_1_24' title="bbox 2243 1273 3846 1348">
     <span class='ocr_line' id='line_1_24' title="bbox 2243 1273 3846 1348; baseline 0.002 -19"><span class='ocrx_word' id='word_1_197' title='bbox 2243 1273 2477 1332; x_wconf 89' lang='lat' dir='ltr'><strong>dicitur:</strong></span> <span class='ocrx_word' id='word_1_198' title='bbox 2499 1277 2520 1310; x_wconf 84' lang='grc'><strong>³</strong></span> <span class='ocrx_word' id='word_1_199' title='bbox 2541 1276 2646 1345; x_wconf 90' lang='lat' dir='ltr'><strong>Qui</strong></span> <span class='ocrx_word' id='word_1_200' title='bbox 2671 1277 2910 1334; x_wconf 84' lang='lat' dir='ltr'><strong>ambulat</strong></span> <span class='ocrx_word' id='word_1_201' title='bbox 2935 1293 3095 1348; x_wconf 82' lang='lat' dir='ltr'><strong>super</strong></span> <span class='ocrx_word' id='word_1_202' title='bbox 3120 1291 3323 1348; x_wconf 80' lang='lat' dir='ltr'><strong>pennas</strong></span> <span class='ocrx_word' id='word_1_203' title='bbox 3352 1282 3624 1332; x_wconf 84' lang='lat' dir='ltr'><strong>ventorum</strong></span> <span class='ocrx_word' id='word_1_204' title='bbox 3671 1276 3846 1347; x_wconf 87' lang='lat' dir='ltr'><strong>(Psal.</strong></span> 
     </span>
    </p>
   </div>
   <div class='ocr_carea' id='block_1_25' title="bbox 2245 1365 3848 1440">
    <p class='ocr_par' dir='ltr' id='par_1_25' title="bbox 2245 1365 3848 1440">
     <span class='ocr_line' id='line_1_25' title="bbox 2245 1365 3848 1440; baseline 0.004 -21"><span class='ocrx_word' id='word_1_205' title='bbox 2245 1381 2362 1433; x_wconf 88' lang='lat' dir='ltr'><strong>cm,</strong></span> <span class='ocrx_word' id='word_1_206' title='bbox 2394 1365 2473 1436; x_wconf 88' lang='lat'><strong>3);</strong></span> <span class='ocrx_word' id='word_1_207' title='bbox 2505 1365 2564 1422; x_wconf 90' lang='lat' dir='ltr'><strong>id</strong></span> <span class='ocrx_word' id='word_1_208' title='bbox 2592 1374 2694 1435; x_wconf 91' lang='lat' dir='ltr'><strong>est,</strong></span> <span class='ocrx_word' id='word_1_209' title='bbox 2725 1367 2820 1440; x_wconf 90' lang='lat' dir='ltr'><strong>qui</strong></span> <span class='ocrx_word' id='word_1_210' title='bbox 2849 1365 3254 1438; x_wconf 84' lang='lat' dir='ltr'><strong>transgreditur</strong></span> <span class='ocrx_word' id='word_1_211' title='bbox 3265 1365 3502 1423; x_wconf 88' lang='lat' dir='ltr'><strong>virtutes</strong></span> <span class='ocrx_word' id='word_1_212' title='bbox 3515 1366 3848 1425; x_wconf 85' lang='lat' dir='ltr'><strong>animarum.</strong></span> 
     </span>
    </p>
   </div>
   <div class='ocr_carea' id='block_1_26' title="bbox 2245 1452 3849 1528">
    <p class='ocr_par' dir='ltr' id='par_1_26' title="bbox 2245 1452 3849 1528">
     <span class='ocr_line' id='line_1_26' title="bbox 2245 1452 3849 1528; baseline 0.002 -21"><span class='ocrx_word' id='word_1_213' title='bbox 2245 1452 2397 1509; x_wconf 87' lang='lat' dir='ltr'><strong>Fecit</strong></span> <span class='ocrx_word' id='word_1_214' title='bbox 2423 1468 2551 1526; x_wconf 88' lang='lat' dir='ltr'><strong>ergo</strong></span> <span class='ocrx_word' id='word_1_215' title='bbox 2570 1455 2754 1512; x_wconf 89' lang='lat' dir='ltr'><strong>ventis</strong></span> <span class='ocrx_word' id='word_1_216' title='bbox 2782 1455 3019 1528; x_wconf 89' lang='lat' dir='ltr'><strong>pondus,</strong></span> <span class='ocrx_word' id='word_1_217' title='bbox 3050 1455 3181 1528; x_wconf 87' lang='lat' dir='ltr'><strong>quia</strong></span> <span class='ocrx_word' id='word_1_218' title='bbox 3215 1454 3348 1512; x_wconf 91' lang='lat' dir='ltr'><strong>dum</strong></span> <span class='ocrx_word' id='word_1_219' title='bbox 3377 1471 3612 1528; x_wconf 89' lang='lat' dir='ltr'><strong>superna</strong></span> <span class='ocrx_word' id='word_1_220' title='bbox 3637 1453 3849 1527; x_wconf 85' lang='lat' dir='ltr'><strong>sapien-</strong></span> 
     </span>
    </p>
   </div>
   <div class='ocr_carea' id='block_1_27' title="bbox 2245 1542 3850 1616">
    <p class='ocr_par' dir='ltr' id='par_1_27' title="bbox 2245 1542 3850 1616">
     <span class='ocr_line' id='line_1_27' title="bbox 2245 1542 3850 1616; baseline 0.002 -20"><span class='ocrx_word' id='word_1_221' title='bbox 2245 1542 2323 1598; x_wconf 90' lang='lat' dir='ltr'><strong>tia</strong></span> <span class='ocrx_word' id='word_1_222' title='bbox 2342 1543 2516 1616; x_wconf 89' lang='lat' dir='ltr'><strong>replet</strong></span> <span class='ocrx_word' id='word_1_223' title='bbox 2543 1543 2777 1614; x_wconf 88' lang='lat' dir='ltr'><strong>animas,</strong></span> <span class='ocrx_word' id='word_1_224' title='bbox 2799 1561 2889 1602; x_wconf 88' lang='lat' dir='ltr'><strong>eas</strong></span> <span class='ocrx_word' id='word_1_225' title='bbox 2918 1548 2940 1582; x_wconf 69' lang='grc' dir='ltr'><em>ὀ</em></span> <span class='ocrx_word' id='word_1_226' title='bbox 2958 1545 3276 1601; x_wconf 88' lang='lat' dir='ltr'><strong>maturitate</strong></span> <span class='ocrx_word' id='word_1_227' title='bbox 3303 1543 3482 1600; x_wconf 88' lang='lat' dir='ltr'><strong>indita</strong></span> <span class='ocrx_word' id='word_1_228' title='bbox 3509 1559 3702 1616; x_wconf 78' lang='lat' dir='ltr'><strong>graves</strong></span> <span class='ocrx_word' id='word_1_229' title='bbox 3715 1543 3850 1599; x_wconf 88' lang='lat' dir='ltr'><strong>red-</strong></span> 
     </span>
    </p>
   </div>
   <div class='ocr_carea' id='block_1_28' title="bbox 2244 1630 3848 1708">
    <p class='ocr_par' dir='ltr' id='par_1_28' title="bbox 2244 1630 3848 1708">
     <span class='ocr_line' id='line_1_28' title="bbox 2244 1630 3848 1708; baseline 0.001 -22"><span class='ocrx_word' id='word_1_230' title='bbox 2244 1630 2357 1700; x_wconf 87' lang='lat' dir='ltr'><strong>dit;</strong></span> <span class='ocrx_word' id='word_1_231' title='bbox 2392 1648 2503 1688; x_wconf 91' lang='lat' dir='ltr'><strong>non</strong></span> <span class='ocrx_word' id='word_1_232' title='bbox 2533 1633 2629 1690; x_wconf 91' lang='lat' dir='ltr'><strong>illa</strong></span> <span class='ocrx_word' id='word_1_233' title='bbox 2669 1634 2939 1708; x_wconf 86' lang='lat' dir='ltr'><strong>gravitate</strong></span> <span class='ocrx_word' id='word_1_234' title='bbox 2969 1650 3076 1708; x_wconf 88' lang='lat' dir='ltr'><strong>qua</strong></span> <span class='ocrx_word' id='word_1_235' title='bbox 3112 1634 3348 1692; x_wconf 90' lang='lat' dir='ltr'><strong>dicitur:</strong></span> <span class='ocrx_word' id='word_1_236' title='bbox 3390 1633 3522 1690; x_wconf 87' lang='lat' dir='ltr'><strong>Filii</strong></span> <span class='ocrx_word' id='word_1_237' title='bbox 3551 1631 3848 1698; x_wconf 72' lang='lat' dir='ltr'><strong>hominum,</strong></span> 
     </span>
    </p>
   </div>
   <div class='ocr_carea' id='block_1_29' title="bbox 529 1719 3851 1803">
    <p class='ocr_par' dir='ltr' id='par_1_29' title="bbox 529 1719 3851 1803">
     <span class='ocr_line' id='line_1_29' title="bbox 529 1719 3851 1803; baseline -0.002 -21"><span class='ocrx_word' id='word_1_238' title='bbox 529 1741 686 1783; x_wconf 88' lang='lat' dir='ltr'><strong>secus</strong></span> <span class='ocrx_word' id='word_1_239' title='bbox 712 1727 975 1783; x_wconf 86' lang='lat' dir='ltr'><strong>infundit.</strong></span> <span class='ocrx_word' id='word_1_240' title='bbox 1009 1727 1190 1785; x_wconf 93' lang='lat' dir='ltr'><strong>Locus</strong></span> <span class='ocrx_word' id='word_1_241' title='bbox 1215 1741 1349 1783; x_wconf 90' lang='lat' dir='ltr'><strong>vero</strong></span> <span class='ocrx_word' id='word_1_242' title='bbox 1377 1725 1495 1798; x_wconf 86' lang='lat' dir='ltr'><strong>ejus</strong></span> <span class='ocrx_word' id='word_1_243' title='bbox 1522 1725 1587 1782; x_wconf 90' lang='lat' dir='ltr'><strong>ﬁt</strong></span> <span class='ocrx_word' id='word_1_244' title='bbox 1614 1740 1727 1793; x_wconf 89' lang='lat' dir='ltr'><strong>cor,</strong></span> <span class='ocrx_word' id='word_1_245' title='bbox 1759 1723 1828 1780; x_wconf 89' lang='lat' dir='ltr'><strong>ad</strong></span> <span class='ocrx_word' id='word_1_246' title='bbox 1857 1724 2007 1798; x_wconf 92' lang='lat' dir='ltr'><strong>quod</strong></span> <span class='ocrx_word' id='word_1_247' title='bbox 2039 1741 2129 1782; x_wconf 87' lang='lat' dir='ltr'><strong>ve-</strong></span> <span class='ocrx_word' id='word_1_248' title='bbox 2171 1743 2216 1803; x_wconf 78' lang='grc' dir='ltr'><strong>Β</strong></span> <span class='ocrx_word' id='word_1_249' title='bbox 2247 1737 2511 1792; x_wconf 86' lang='lat' dir='ltr'><strong>usquequo</strong></span> <span class='ocrx_word' id='word_1_250' title='bbox 2531 1724 2553 1758; x_wconf 77' lang='grc'>⁵</span> <span class='ocrx_word' id='word_1_251' title='bbox 2581 1724 2738 1794; x_wconf 88' lang='lat' dir='ltr'><strong>gravi</strong></span> <span class='ocrx_word' id='word_1_252' title='bbox 2762 1725 2919 1779; x_wconf 88' lang='lat' dir='ltr'><strong>corde</strong></span> <span class='ocrx_word' id='word_1_253' title='bbox 2949 1723 3124 1794; x_wconf 88' lang='lat' dir='ltr'><strong>(Psal.</strong></span> <span class='ocrx_word' id='word_1_254' title='bbox 3167 1738 3247 1791; x_wconf 79' lang='lat' dir='ltr'><strong>iv,</strong></span> <span class='ocrx_word' id='word_1_255' title='bbox 3289 1721 3384 1794; x_wconf 82' lang='lat'><strong>3)?</strong></span> <span class='ocrx_word' id='word_1_256' title='bbox 3411 1719 3581 1777; x_wconf 85' lang='lat' dir='ltr'><strong>Aliud</strong></span> <span class='ocrx_word' id='word_1_257' title='bbox 3612 1736 3851 1795; x_wconf 86' lang='lat' dir='ltr'><strong>namque</strong></span> 
     </span>
    </p>
   </div>
   <div class='ocr_carea' id='block_1_30' title="bbox 529 1811 2132 1892">
    <p class='ocr_par' dir='ltr' id='par_1_30' title="bbox 529 1811 2132 1892">
     <span class='ocr_line' id='line_1_30' title="bbox 529 1811 2132 1892; baseline 0 -22"><span class='ocrx_word' id='word_1_258' title='bbox 529 1815 689 1872; x_wconf 90' lang='lat' dir='ltr'><strong>niens</strong></span> <span class='ocrx_word' id='word_1_259' title='bbox 733 1825 1038 1888; x_wconf 88' lang='lat' dir='ltr'><strong>permanet.</strong></span> <span class='ocrx_word' id='word_1_260' title='bbox 1084 1819 1162 1873; x_wconf 93' lang='lat' dir='ltr'><strong>De</strong></span> <span class='ocrx_word' id='word_1_261' title='bbox 1199 1815 1303 1872; x_wconf 89' lang='lat' dir='ltr'><strong>hac</strong></span> <span class='ocrx_word' id='word_1_262' title='bbox 1330 1816 1532 1888; x_wconf 89' lang='lat' dir='ltr'><strong>quippe</strong></span> <span class='ocrx_word' id='word_1_263' title='bbox 1561 1815 1653 1892; x_wconf 88' lang='lat' dir='ltr'><strong>via</strong></span> <span class='ocrx_word' id='word_1_264' title='bbox 1694 1811 1848 1870; x_wconf 90' lang='lat' dir='ltr'><strong>illius</strong></span> <span class='ocrx_word' id='word_1_265' title='bbox 1887 1813 2093 1870; x_wconf 89' lang='lat' dir='ltr'><strong>dicitur</strong></span> <span class='ocrx_word' id='word_1_266' title='bbox 2115 1837 2132 1878; x_wconf 83' lang='lat'><strong><em>:</em></strong></span> 
     </span>
    </p>
   </div>
   <div class='ocr_carea' id='block_1_31' title="bbox 538 1905 2130 1979">
    <p class='ocr_par' dir='ltr' id='par_1_31' title="bbox 538 1905 2130 1979">
     <span class='ocr_line' id='line_1_31' title="bbox 538 1905 2130 1979; baseline -0.001 -16"><span class='ocrx_word' id='word_1_267' title='bbox 538 1907 650 1964; x_wconf 63' lang='grc' dir='ltr'><strong>νοω·</strong></span> <span class='ocrx_word' id='word_1_268' title='bbox 668 1908 946 1962; x_wconf 84' lang='lat' dir='ltr'><strong>clamantis</strong></span> <span class='ocrx_word' id='word_1_269' title='bbox 961 1908 1018 1962; x_wconf 88' lang='lat' dir='ltr'><strong>in</strong></span> <span class='ocrx_word' id='word_1_270' title='bbox 1033 1909 1254 1976; x_wconf 85' lang='lat' dir='ltr'><strong>deserto,</strong></span> <span class='ocrx_word' id='word_1_271' title='bbox 1271 1913 1462 1979; x_wconf 85' lang='lat' dir='ltr'><strong>parate</strong></span> <span class='ocrx_word' id='word_1_272' title='bbox 1479 1908 1494 1942; x_wconf 87' lang='grc'>¹</span> <span class='ocrx_word' id='word_1_273' title='bbox 1519 1905 1662 1961; x_wconf 88' lang='lat' dir='ltr'><strong>viam</strong></span> <span class='ocrx_word' id='word_1_274' title='bbox 1684 1906 1898 1962; x_wconf 78' lang='lat' dir='ltr'><strong>Domini</strong></span> <span class='ocrx_word' id='word_1_275' title='bbox 1915 1907 2130 1978; x_wconf 81' lang='lat' dir='ltr'><strong>(Matth.</strong></span> 
     </span>
    </p>
   </div>
   <div class='ocr_carea' id='block_1_32' title="bbox 527 1995 2132 2070">
    <p class='ocr_par' dir='ltr' id='par_1_32' title="bbox 527 1995 2132 2070">
     <span class='ocr_line' id='line_1_32' title="bbox 527 1995 2132 2070; baseline 0 -18"><span class='ocrx_word' id='word_1_276' title='bbox 527 2013 614 2065; x_wconf 78' lang='grc' dir='ltr'><strong>ιιι,</strong></span> <span class='ocrx_word' id='word_1_277' title='bbox 636 1998 692 2070; x_wconf 89' lang='grc'><strong>3)</strong></span> <span class='ocrx_word' id='word_1_278' title='bbox 722 2015 735 2064; x_wconf 93' lang='grc'>;</span> <span class='ocrx_word' id='word_1_279' title='bbox 770 1997 827 2053; x_wconf 91' lang='lat' dir='ltr'><strong>id</strong></span> <span class='ocrx_word' id='word_1_280' title='bbox 850 2005 951 2066; x_wconf 87' lang='lat' dir='ltr'><strong>est,</strong></span> <span class='ocrx_word' id='word_1_281' title='bbox 969 1997 1028 2054; x_wconf 92' lang='lat' dir='ltr'><strong>in</strong></span> <span class='ocrx_word' id='word_1_282' title='bbox 1043 1997 1207 2054; x_wconf 92' lang='lat' dir='ltr'><strong>corde</strong></span> <span class='ocrx_word' id='word_1_283' title='bbox 1223 2003 1406 2054; x_wconf 89' lang='lat' dir='ltr'><strong>vestro</strong></span> <span class='ocrx_word' id='word_1_284' title='bbox 1433 1995 1678 2053; x_wconf 90' lang='lat' dir='ltr'><strong>venienti</strong></span> <span class='ocrx_word' id='word_1_285' title='bbox 1695 1996 1990 2069; x_wconf 87' lang='lat' dir='ltr'><strong>Sapientia</strong></span> <span class='ocrx_word' id='word_1_286' title='bbox 2019 1997 2132 2053; x_wconf 86' lang='lat' dir='ltr'><strong>adi-</strong></span> 
     </span>
    </p>
   </div>
   <div class='ocr_carea' id='block_1_33' title="bbox 527 2084 2136 2156">
    <p class='ocr_par' dir='ltr' id='par_1_33' title="bbox 527 2084 2136 2156">
     <span class='ocr_line' id='line_1_33' title="bbox 527 2084 2136 2156; baseline -0.001 -15"><span class='ocrx_word' id='word_1_287' title='bbox 527 2092 646 2142; x_wconf 89' lang='lat' dir='ltr'><strong>tum</strong></span> <span class='ocrx_word' id='word_1_288' title='bbox 687 2094 939 2155; x_wconf 85' lang='lat' dir='ltr'><strong>reserate,</strong></span> <span class='ocrx_word' id='word_1_289' title='bbox 980 2087 1124 2143; x_wconf 85' lang='lat' dir='ltr'><strong>sicut</strong></span> <span class='ocrx_word' id='word_1_290' title='bbox 1153 2087 1288 2143; x_wconf 87' lang='lat' dir='ltr'><strong>alias</strong></span> <span class='ocrx_word' id='word_1_291' title='bbox 1318 2084 1526 2143; x_wconf 90' lang='lat' dir='ltr'><strong>dicitur</strong></span> <span class='ocrx_word' id='word_1_292' title='bbox 1564 2103 1577 2142; x_wconf 91' lang='lat'><strong>:</strong></span> <span class='ocrx_word' id='word_1_293' title='bbox 1611 2086 1723 2141; x_wconf 86' lang='lat' dir='ltr'><strong>Iter</strong></span> <span class='ocrx_word' id='word_1_294' title='bbox 1758 2084 1920 2156; x_wconf 88' lang='lat' dir='ltr'><strong>facite</strong></span> <span class='ocrx_word' id='word_1_295' title='bbox 1961 2085 2010 2140; x_wconf 90' lang='lat' dir='ltr'><strong>ei</strong></span> <span class='ocrx_word' id='word_1_296' title='bbox 2035 2085 2136 2156; x_wconf 89' lang='lat' dir='ltr'><strong>qui</strong></span> 
     </span>
    </p>
   </div>
   <div class='ocr_carea' id='block_1_34' title="bbox 526 2175 2136 2249">
    <p class='ocr_par' dir='ltr' id='par_1_34' title="bbox 526 2175 2136 2249">
     <span class='ocr_line' id='line_1_34' title="bbox 526 2175 2136 2249; baseline -0.001 -18"><span class='ocrx_word' id='word_1_297' title='bbox 526 2177 758 2232; x_wconf 86' lang='lat' dir='ltr'><strong>ascendit</strong></span> <span class='ocrx_word' id='word_1_298' title='bbox 784 2195 942 2249; x_wconf 82' lang='lat' dir='ltr'><strong>super</strong></span> <span class='ocrx_word' id='word_1_299' title='bbox 968 2194 1206 2232; x_wconf 85' lang='lat' dir='ltr'><strong>occasum</strong></span> <span class='ocrx_word' id='word_1_300' title='bbox 1240 2177 1413 2247; x_wconf 89' lang='lat' dir='ltr'><strong>(Psal.</strong></span> <span class='ocrx_word' id='word_1_301' title='bbox 1448 2193 1623 2246; x_wconf 83' lang='lat' dir='ltr'><strong>van,</strong></span> <span class='ocrx_word' id='word_1_302' title='bbox 1652 2175 1730 2248; x_wconf 84' lang='lat'><strong>5).</strong></span> <span class='ocrx_word' id='word_1_303' title='bbox 1763 2175 1939 2247; x_wconf 86' lang='lat' dir='ltr'><strong>Super</strong></span> <span class='ocrx_word' id='word_1_304' title='bbox 1965 2189 2136 2230; x_wconf 84' lang='lat' dir='ltr'><strong>occa-</strong></span> 
     </span>
    </p>
   </div>
   <div class='ocr_carea' id='block_1_35' title="bbox 528 2265 2134 2338">
    <p class='ocr_par' dir='ltr' id='par_1_35' title="bbox 528 2265 2134 2338">
     <span class='ocr_line' id='line_1_35' title="bbox 528 2265 2134 2338; baseline -0.002 -17"><span class='ocrx_word' id='word_1_305' title='bbox 528 2279 650 2321; x_wconf 88' lang='lat' dir='ltr'><strong>sum</strong></span> <span class='ocrx_word' id='word_1_306' title='bbox 688 2265 796 2322; x_wconf 85' lang='lat' dir='ltr'><strong>fuit</strong></span> <span class='ocrx_word' id='word_1_307' title='bbox 823 2265 1132 2334; x_wconf 87' lang='lat' dir='ltr'><strong>ascendere,</strong></span> <span class='ocrx_word' id='word_1_308' title='bbox 1170 2265 1345 2338; x_wconf 86' lang='lat' dir='ltr'><strong>ipsam</strong></span> <span class='ocrx_word' id='word_1_309' title='bbox 1376 2273 1610 2322; x_wconf 89' lang='lat' dir='ltr'><strong>mortem</strong></span> <span class='ocrx_word' id='word_1_310' title='bbox 1639 2281 1802 2338; x_wconf 89' lang='lat' dir='ltr'><strong>quam</strong></span> <span class='ocrx_word' id='word_1_311' title='bbox 1832 2265 2134 2336; x_wconf 88' lang='lat' dir='ltr'><strong>pertulerat</strong></span> 
     </span>
    </p>
   </div>
   <div class='ocr_carea' id='block_1_36' title="bbox 416 2354 2136 2426">
    <p class='ocr_par' dir='ltr' id='par_1_36' title="bbox 416 2354 2136 2426">
     <span class='ocr_line' id='line_1_36' title="bbox 416 2354 2136 2426; baseline -0.001 -15"><span class='ocrx_word' id='word_1_312' title='bbox 416 2377 423 2385; x_wconf 93' lang='grc'><strong>·</strong></span> <span class='ocrx_word' id='word_1_313' title='bbox 528 2356 860 2426; x_wconf 88' lang='lat' dir='ltr'><strong>resurgendo</strong></span> <span class='ocrx_word' id='word_1_314' title='bbox 888 2371 1188 2426; x_wconf 85' lang='lat' dir='ltr'><strong>superasse.</strong></span> <span class='ocrx_word' id='word_1_315' title='bbox 1212 2355 1306 2410; x_wconf 83' lang='lat' dir='ltr'><strong>Ait</strong></span> <span class='ocrx_word' id='word_1_316' title='bbox 1333 2371 1461 2426; x_wconf 88' lang='lat' dir='ltr'><strong>ergo</strong></span> <span class='ocrx_word' id='word_1_317' title='bbox 1487 2372 1498 2410; x_wconf 93' lang='lat'>:</span> <span class='ocrx_word' id='word_1_318' title='bbox 1523 2355 1595 2410; x_wconf 87' lang='lat' dir='ltr'><strong>Ei</strong></span> <span class='ocrx_word' id='word_1_319' title='bbox 1609 2354 1703 2424; x_wconf 88' lang='lat' dir='ltr'><strong>qui</strong></span> <span class='ocrx_word' id='word_1_320' title='bbox 1715 2355 1948 2409; x_wconf 87' lang='lat' dir='ltr'><strong>ascendit</strong></span> <span class='ocrx_word' id='word_1_321' title='bbox 1974 2369 2136 2425; x_wconf 82' lang='lat' dir='ltr'><strong>super</strong></span> 
     </span>
    </p>
   </div>
   <div class='ocr_carea' id='block_1_37' title="bbox 528 2441 2132 2512">
    <p class='ocr_par' dir='ltr' id='par_1_37' title="bbox 528 2441 2132 2512">
     <span class='ocr_line' id='line_1_37' title="bbox 528 2441 2132 2512; baseline -0.002 -12"><span class='ocrx_word' id='word_1_322' title='bbox 528 2460 788 2509; x_wconf 84' lang='lat' dir='ltr'><strong>occasum,</strong></span> <span class='ocrx_word' id='word_1_323' title='bbox 823 2443 921 2499; x_wconf 84' lang='lat' dir='ltr'><strong>iter</strong></span> <span class='ocrx_word' id='word_1_324' title='bbox 951 2441 1109 2512; x_wconf 82' lang='lat' dir='ltr'><strong>facile</strong></span> <span class='ocrx_word' id='word_1_325' title='bbox 1138 2459 1159 2506; x_wconf 90' lang='lat'><strong><em>;</em></strong></span> <span class='ocrx_word' id='word_1_326' title='bbox 1207 2441 1266 2498; x_wconf 92' lang='lat' dir='ltr'><strong>id</strong></span> <span class='ocrx_word' id='word_1_327' title='bbox 1304 2449 1408 2509; x_wconf 89' lang='lat' dir='ltr'><strong>est,</strong></span> <span class='ocrx_word' id='word_1_328' title='bbox 1447 2443 1753 2512; x_wconf 85' lang='lat' dir='ltr'><strong>resurgenti</strong></span> <span class='ocrx_word' id='word_1_329' title='bbox 1795 2441 2034 2496; x_wconf 89' lang='lat' dir='ltr'><strong>Domino</strong></span> <span class='ocrx_word' id='word_1_330' title='bbox 2073 2443 2132 2496; x_wconf 90' lang='lat' dir='ltr'><strong>in</strong></span> 
     </span>
    </p>
   </div>
   <div class='ocr_carea' id='block_1_38' title="bbox 529 2528 2128 2604">
    <p class='ocr_par' dir='ltr' id='par_1_38' title="bbox 529 2528 2128 2604">
     <span class='ocr_line' id='line_1_38' title="bbox 529 2528 2128 2604; baseline -0.002 -17"><span class='ocrx_word' id='word_1_331' title='bbox 529 2533 728 2590; x_wconf 89' lang='lat' dir='ltr'><strong>vestris</strong></span> <span class='ocrx_word' id='word_1_332' title='bbox 742 2531 998 2588; x_wconf 86' lang='lat' dir='ltr'><strong>cordibus</strong></span> <span class='ocrx_word' id='word_1_333' title='bbox 1025 2547 1122 2604; x_wconf 90' lang='lat' dir='ltr'><strong>per</strong></span> <span class='ocrx_word' id='word_1_334' title='bbox 1136 2529 1299 2586; x_wconf 88' lang='lat' dir='ltr'><strong>ﬁdem</strong></span> <span class='ocrx_word' id='word_1_335' title='bbox 1321 2529 1468 2585; x_wconf 90' lang='lat' dir='ltr'><strong>viam</strong></span> <span class='ocrx_word' id='word_1_336' title='bbox 1487 2529 1741 2602; x_wconf 83' lang='lat' dir='ltr'><strong>prabete.</strong></span> <span class='ocrx_word' id='word_1_337' title='bbox 1769 2528 1914 2585; x_wconf 87' lang='lat' dir='ltr'><strong>Hinc</strong></span> <span class='ocrx_word' id='word_1_338' title='bbox 1930 2528 2128 2586; x_wconf 86' lang='lat' dir='ltr'><strong>Joauni</strong></span> 
     </span>
    </p>
   </div>
   <div class='ocr_carea' id='block_1_39' title="bbox 530 2618 2134 2695">
    <p class='ocr_par' dir='ltr' id='par_1_39' title="bbox 530 2618 2134 2695">
     <span class='ocr_line' id='line_1_39' title="bbox 530 2618 2134 2695; baseline -0.001 -17"><span class='ocrx_word' id='word_1_339' title='bbox 530 2637 626 2694; x_wconf 89' lang='lat' dir='ltr'><strong>per</strong></span> <span class='ocrx_word' id='word_1_340' title='bbox 651 2623 906 2695; x_wconf 88' lang='lat' dir='ltr'><strong>spiritum</strong></span> <span class='ocrx_word' id='word_1_341' title='bbox 937 2621 1144 2678; x_wconf 88' lang='lat' dir='ltr'><strong>dicitur</strong></span> <span class='ocrx_word' id='word_1_342' title='bbox 1174 2619 1430 2677; x_wconf 78' lang='lat' dir='ltr'><strong>:Praibis</strong></span> <span class='ocrx_word' id='word_1_343' title='bbox 1453 2626 1574 2675; x_wconf 85' lang='lat' dir='ltr'><strong>ante</strong></span> <span class='ocrx_word' id='word_1_344' title='bbox 1591 2618 1783 2690; x_wconf 89' lang='lat' dir='ltr'><strong>faciem</strong></span> <span class='ocrx_word' id='word_1_345' title='bbox 1803 2619 2024 2676; x_wconf 87' lang='lat' dir='ltr'><strong>Domini</strong></span> <span class='ocrx_word' id='word_1_346' title='bbox 2035 2637 2134 2692; x_wconf 88' lang='lat' dir='ltr'><strong>pa-</strong></span> 
     </span>
    </p>
   </div>
   <div class='ocr_carea' id='block_1_40' title="bbox 531 2707 2136 2782">
    <p class='ocr_par' dir='ltr' id='par_1_40' title="bbox 531 2707 2136 2782">
     <span class='ocr_line' id='line_1_40' title="bbox 531 2707 2136 2782; baseline -0.001 -16"><span class='ocrx_word' id='word_1_347' title='bbox 531 2727 656 2766; x_wconf 86' lang='lat' dir='ltr'><strong>rare</strong></span> <span class='ocrx_word' id='word_1_348' title='bbox 680 2712 797 2767; x_wconf 84' lang='lat' dir='ltr'><strong>vias</strong></span> <span class='ocrx_word' id='word_1_349' title='bbox 823 2711 938 2782; x_wconf 86' lang='lat' dir='ltr'><strong>ejus</strong></span> <span class='ocrx_word' id='word_1_350' title='bbox 973 2711 1131 2780; x_wconf 89' lang='lat' dir='ltr'><strong>(Luc.</strong></span> <span class='ocrx_word' id='word_1_351' title='bbox 1167 2727 1206 2778; x_wconf 82' lang='grc' dir='ltr'><strong>ι,</strong></span> <span class='ocrx_word' id='word_1_352' title='bbox 1239 2709 1352 2780; x_wconf 90' lang='grc'><strong>76).</strong></span> <span class='ocrx_word' id='word_1_353' title='bbox 1384 2707 1647 2781; x_wconf 90' lang='lat' dir='ltr'><strong>Quisquis</strong></span> <span class='ocrx_word' id='word_1_354' title='bbox 1685 2708 1890 2764; x_wconf 87' lang='lat' dir='ltr'><strong>etenim</strong></span> <span class='ocrx_word' id='word_1_355' title='bbox 1921 2708 2136 2782; x_wconf 86' lang='lat' dir='ltr'><strong>pradi-</strong></span> 
     </span>
    </p>
   </div>
   <div class='ocr_carea' id='block_1_41' title="bbox 528 2797 2130 2869">
    <p class='ocr_par' dir='ltr' id='par_1_41' title="bbox 528 2797 2130 2869">
     <span class='ocr_line' id='line_1_41' title="bbox 528 2797 2130 2869; baseline -0.002 -9"><span class='ocrx_word' id='word_1_356' title='bbox 528 2803 704 2860; x_wconf 85' lang='lat' dir='ltr'><strong>cando</strong></span> <span class='ocrx_word' id='word_1_357' title='bbox 731 2817 764 2858; x_wconf 89' lang='lat' dir='ltr'><strong>a</strong></span> <span class='ocrx_word' id='word_1_358' title='bbox 777 2801 1032 2858; x_wconf 88' lang='lat' dir='ltr'><strong>sordibus</strong></span> <span class='ocrx_word' id='word_1_359' title='bbox 1051 2799 1316 2856; x_wconf 87' lang='lat' dir='ltr'><strong>vitiorum</strong></span> <span class='ocrx_word' id='word_1_360' title='bbox 1337 2797 1504 2855; x_wconf 91' lang='lat' dir='ltr'><strong>corda</strong></span> <span class='ocrx_word' id='word_1_361' title='bbox 1521 2797 1864 2855; x_wconf 90' lang='lat' dir='ltr'><strong>audientium</strong></span> <span class='ocrx_word' id='word_1_362' title='bbox 1878 2799 2130 2869; x_wconf 88' lang='lat' dir='ltr'><strong>mundat,</strong></span> 
     </span>
    </p>
   </div>
   <div class='ocr_carea' id='block_1_42' title="bbox 531 2887 2131 2964">
    <p class='ocr_par' dir='ltr' id='par_1_42' title="bbox 531 2887 2131 2964">
     <span class='ocr_line' id='line_1_42' title="bbox 531 2887 2131 2964; baseline -0.001 -18"><span class='ocrx_word' id='word_1_363' title='bbox 531 2890 774 2948; x_wconf 88' lang='lat' dir='ltr'><strong>venienti</strong></span> <span class='ocrx_word' id='word_1_364' title='bbox 804 2889 1088 2964; x_wconf 85' lang='lat' dir='ltr'><strong>sapientia</strong></span> <span class='ocrx_word' id='word_1_365' title='bbox 1121 2889 1267 2945; x_wconf 91' lang='lat' dir='ltr'><strong>viam</strong></span> <span class='ocrx_word' id='word_1_366' title='bbox 1298 2895 1584 2961; x_wconf 73' lang='lat' dir='ltr'><strong>praeparat.</strong></span> <span class='ocrx_word' id='word_1_367' title='bbox 1619 2887 1794 2944; x_wconf 85' lang='lat' dir='ltr'><strong>Habet</strong></span> <span class='ocrx_word' id='word_1_368' title='bbox 1821 2904 1951 2960; x_wconf 86' lang='lat' dir='ltr'><strong>ergo</strong></span> <span class='ocrx_word' id='word_1_369' title='bbox 1983 2889 2131 2945; x_wconf 89' lang='lat' dir='ltr'><strong>viam</strong></span> 
     </span>
    </p>
   </div>
   <div class='ocr_carea' id='block_1_43' title="bbox 528 2977 2132 3055">
    <p class='ocr_par' dir='ltr' id='par_1_43' title="bbox 528 2977 2132 3055">
     <span class='ocr_line' id='line_1_43' title="bbox 528 2977 2132 3055; baseline -0.003 -15"><span class='ocrx_word' id='word_1_370' title='bbox 528 2983 634 3040; x_wconf 87' lang='lat' dir='ltr'><strong>ista</strong></span> <span class='ocrx_word' id='word_1_371' title='bbox 660 2981 948 3055; x_wconf 89' lang='lat' dir='ltr'><strong>sapientia,</strong></span> <span class='ocrx_word' id='word_1_372' title='bbox 981 2979 1143 3036; x_wconf 89' lang='lat' dir='ltr'><strong>habet</strong></span> <span class='ocrx_word' id='word_1_373' title='bbox 1172 2987 1225 3034; x_wconf 92' lang='lat' dir='ltr'><strong>et</strong></span> <span class='ocrx_word' id='word_1_374' title='bbox 1255 2979 1439 3035; x_wconf 91' lang='lat' dir='ltr'><strong>locum</strong></span> <span class='ocrx_word' id='word_1_375' title='bbox 1475 2994 1486 3034; x_wconf 94' lang='lat'>:</span> <span class='ocrx_word' id='word_1_376' title='bbox 1520 2978 1682 3036; x_wconf 87' lang='lat' dir='ltr'><strong>Viam</strong></span> <span class='ocrx_word' id='word_1_377' title='bbox 1713 2994 1822 3053; x_wconf 91' lang='lat' dir='ltr'><strong>qua</strong></span> <span class='ocrx_word' id='word_1_378' title='bbox 1849 2977 2024 3046; x_wconf 90' lang='lat' dir='ltr'><strong>venit,</strong></span> <span class='ocrx_word' id='word_1_379' title='bbox 2055 2980 2132 3035; x_wconf 88' lang='lat' dir='ltr'><strong>lo-</strong></span> 
     </span>
    </p>
   </div>
   <div class='ocr_carea' id='block_1_44' title="bbox 527 3067 2211 3162">
    <p class='ocr_par' dir='ltr' id='par_1_44' title="bbox 527 3067 2211 3162">
     <span class='ocr_line' id='line_1_44' title="bbox 527 3067 2211 3162; baseline -0.005 -31"><span class='ocrx_word' id='word_1_380' title='bbox 527 3090 654 3132; x_wconf 89' lang='lat' dir='ltr'><strong>cum</strong></span> <span class='ocrx_word' id='word_1_381' title='bbox 685 3089 796 3146; x_wconf 90' lang='lat' dir='ltr'><strong>quo</strong></span> <span class='ocrx_word' id='word_1_382' title='bbox 849 3078 1054 3138; x_wconf 89' lang='lat' dir='ltr'><strong>manet,</strong></span> <span class='ocrx_word' id='word_1_383' title='bbox 1084 3069 1375 3162; x_wconf 72' lang='lat' dir='ltr'><strong>sicutipsa</strong></span> <span class='ocrx_word' id='word_1_384' title='bbox 1407 3068 1485 3162; x_wconf 68' lang='lat' dir='ltr'><strong>ait</strong></span> <span class='ocrx_word' id='word_1_385' title='bbox 1519 3087 1529 3124; x_wconf 93' lang='lat'><strong>:</strong></span> <span class='ocrx_word' id='word_1_386' title='bbox 1565 3069 1622 3125; x_wconf 90' lang='lat' dir='ltr'><strong>Si</strong></span> <span class='ocrx_word' id='word_1_387' title='bbox 1677 3067 1796 3139; x_wconf 89' lang='lat' dir='ltr'><strong>quis</strong></span> <span class='ocrx_word' id='word_1_388' title='bbox 1811 3069 2003 3162; x_wconf 65' lang='lat' dir='ltr'><strong>diligit</strong></span> <span class='ocrx_word' id='word_1_389' title='bbox 2028 3085 2130 3136; x_wconf 76' lang='lat' dir='ltr'><strong>me,</strong></span> <span class='ocrx_word' id='word_1_390' title='bbox 2167 3101 2211 3162; x_wconf 69' lang='grc' dir='ltr'>ο</span> 
     </span>
    </p>
   </div>
   <div class='ocr_carea' id='block_1_45' title="bbox 527 3158 2127 3230">
    <p class='ocr_par' dir='ltr' id='par_1_45' title="bbox 527 3158 2127 3230">
     <span class='ocr_line' id='line_1_45' title="bbox 527 3158 2127 3230; baseline -0.003 -13"><span class='ocrx_word' id='word_1_391' title='bbox 527 3177 816 3217; x_wconf 67' lang='lat' dir='ltr'><strong>censionem</strong></span> <span class='ocrx_word' id='word_1_392' title='bbox 840 3177 1012 3215; x_wconf 86' lang='lat' dir='ltr'><strong>meum</strong></span> <span class='ocrx_word' id='word_1_393' title='bbox 1041 3159 1269 3214; x_wconf 87' lang='lat' dir='ltr'><strong>servabit</strong></span> <span class='ocrx_word' id='word_1_394' title='bbox 1298 3175 1312 3225; x_wconf 92' lang='lat'><strong>;</strong></span> <span class='ocrx_word' id='word_1_395' title='bbox 1353 3164 1404 3213; x_wconf 88' lang='lat' dir='ltr'><strong>et</strong></span> <span class='ocrx_word' id='word_1_396' title='bbox 1428 3159 1593 3214; x_wconf 85' lang='lat' dir='ltr'><strong>Pater</strong></span> <span class='ocrx_word' id='word_1_397' title='bbox 1619 3175 1764 3212; x_wconf 86' lang='lat' dir='ltr'><strong>meus</strong></span> <span class='ocrx_word' id='word_1_398' title='bbox 1791 3158 1972 3230; x_wconf 88' lang='lat' dir='ltr'><strong>diliget</strong></span> <span class='ocrx_word' id='word_1_399' title='bbox 1989 3175 2127 3226; x_wconf 89' lang='lat' dir='ltr'><strong>eum,</strong></span> 
     </span>
    </p>
   </div>
   <div class='ocr_carea' id='block_1_46' title="bbox 528 3248 2132 3320">
    <p class='ocr_par' dir='ltr' id='par_1_46' title="bbox 528 3248 2132 3320">
     <span class='ocr_line' id='line_1_46' title="bbox 528 3248 2132 3320; baseline -0.003 -12"><span class='ocrx_word' id='word_1_400' title='bbox 528 3257 577 3308; x_wconf 91' lang='lat' dir='ltr'><strong>et</strong></span> <span class='ocrx_word' id='word_1_401' title='bbox 601 3251 674 3307; x_wconf 77' lang='lat' dir='ltr'><strong>ad</strong></span> <span class='ocrx_word' id='word_1_402' title='bbox 699 3268 816 3306; x_wconf 86' lang='lat' dir='ltr'><strong>eum</strong></span> <span class='ocrx_word' id='word_1_403' title='bbox 833 3251 1115 3316; x_wconf 80' lang='lat' dir='ltr'><strong>veniemus,</strong></span> <span class='ocrx_word' id='word_1_404' title='bbox 1144 3255 1192 3305; x_wconf 91' lang='lat' dir='ltr'><strong>et</strong></span> <span class='ocrx_word' id='word_1_405' title='bbox 1217 3248 1539 3305; x_wconf 83' lang='lat' dir='ltr'><strong>mansionem</strong></span> <span class='ocrx_word' id='word_1_406' title='bbox 1558 3250 1704 3320; x_wconf 84' lang='lat' dir='ltr'><strong>apud</strong></span> <span class='ocrx_word' id='word_1_407' title='bbox 1741 3266 1857 3304; x_wconf 88' lang='lat' dir='ltr'><strong>eum</strong></span> <span class='ocrx_word' id='word_1_408' title='bbox 1875 3248 2132 3319; x_wconf 80' lang='lat' dir='ltr'><strong>faciemus</strong></span> 
     </span>
    </p>
   </div>
   <div class='ocr_carea' id='block_1_47' title="bbox 527 3335 2132 3413">
    <p class='ocr_par' dir='ltr' id='par_1_47' title="bbox 527 3335 2132 3413">
     <span class='ocr_line' id='line_1_47' title="bbox 527 3335 2132 3413; baseline -0.001 -16"><span class='ocrx_word' id='word_1_409' title='bbox 527 3342 716 3413; x_wconf 80' lang='lat' dir='ltr'><strong>(Joan.</strong></span> <span class='ocrx_word' id='word_1_410' title='bbox 748 3355 869 3408; x_wconf 83' lang='lat' dir='ltr'><strong>xrv,</strong></span> <span class='ocrx_word' id='word_1_411' title='bbox 903 3339 1019 3410; x_wconf 81' lang='lat'><strong>23).</strong></span> <span class='ocrx_word' id='word_1_412' title='bbox 1051 3337 1160 3396; x_wconf 90' lang='lat' dir='ltr'><strong>Via</strong></span> <span class='ocrx_word' id='word_1_413' title='bbox 1187 3345 1273 3394; x_wconf 89' lang='lat' dir='ltr'><strong>est</strong></span> <span class='ocrx_word' id='word_1_414' title='bbox 1299 3335 1470 3410; x_wconf 90' lang='lat' dir='ltr'><strong>igitur</strong></span> <span class='ocrx_word' id='word_1_415' title='bbox 1498 3353 1604 3411; x_wconf 92' lang='lat' dir='ltr'><strong>qua</strong></span> <span class='ocrx_word' id='word_1_416' title='bbox 1632 3337 1808 3407; x_wconf 86' lang='lat' dir='ltr'><strong>venit,</strong></span> <span class='ocrx_word' id='word_1_417' title='bbox 1841 3338 1994 3395; x_wconf 89' lang='lat' dir='ltr'><strong>locus</strong></span> <span class='ocrx_word' id='word_1_418' title='bbox 2022 3356 2132 3412; x_wconf 88' lang='lat' dir='ltr'><strong>quo</strong></span> 
     </span>
    </p>
   </div>
   <div class='ocr_carea' id='block_1_48' title="bbox 530 3425 2130 3502">
    <p class='ocr_par' dir='ltr' id='par_1_48' title="bbox 530 3425 2130 3502">
     <span class='ocr_line' id='line_1_48' title="bbox 530 3425 2130 3502; baseline -0.002 -15"><span class='ocrx_word' id='word_1_419' title='bbox 530 3436 733 3487; x_wconf 89' lang='lat' dir='ltr'><strong>manet.</strong></span> <span class='ocrx_word' id='word_1_420' title='bbox 768 3429 790 3465; x_wconf 81' lang='grc'>³</span> <span class='ocrx_word' id='word_1_421' title='bbox 809 3428 916 3486; x_wconf 88' lang='lat' dir='ltr'><strong>Sed</strong></span> <span class='ocrx_word' id='word_1_422' title='bbox 943 3443 1052 3502; x_wconf 91' lang='lat' dir='ltr'><strong>quo</strong></span> <span class='ocrx_word' id='word_1_423' title='bbox 1079 3427 1254 3496; x_wconf 89' lang='lat' dir='ltr'><strong>venit,</strong></span> <span class='ocrx_word' id='word_1_424' title='bbox 1286 3442 1406 3500; x_wconf 89' lang='lat' dir='ltr'><strong>qua</strong></span> <span class='ocrx_word' id='word_1_425' title='bbox 1436 3425 1640 3499; x_wconf 89' lang='lat' dir='ltr'><strong>ubique</strong></span> <span class='ocrx_word' id='word_1_426' title='bbox 1668 3427 1794 3484; x_wconf 81' lang='lat' dir='ltr'><strong>est?</strong></span> <span class='ocrx_word' id='word_1_427' title='bbox 1823 3428 1910 3483; x_wconf 82' lang='lat' dir='ltr'><strong>An</strong></span> <span class='ocrx_word' id='word_1_428' title='bbox 1940 3427 2130 3484; x_wconf 90' lang='lat' dir='ltr'><strong>venire</strong></span> 
     </span>
    </p>
   </div>
   <div class='ocr_carea' id='block_1_49' title="bbox 527 3515 2129 3592">
    <p class='ocr_par' dir='ltr' id='par_1_49' title="bbox 527 3515 2129 3592">
     <span class='ocr_line' id='line_1_49' title="bbox 527 3515 2129 3592; baseline -0.001 -17"><span class='ocrx_word' id='word_1_429' title='bbox 527 3527 608 3575; x_wconf 89' lang='lat' dir='ltr'><strong>est</strong></span> <span class='ocrx_word' id='word_1_430' title='bbox 637 3518 916 3592; x_wconf 89' lang='lat' dir='ltr'><strong>sapientia</strong></span> <span class='ocrx_word' id='word_1_431' title='bbox 935 3534 1033 3591; x_wconf 90' lang='lat' dir='ltr'><strong>per</strong></span> <span class='ocrx_word' id='word_1_432' title='bbox 1055 3515 1524 3572; x_wconf 87' lang='lat' dir='ltr'><strong>illuminationem</strong></span> <span class='ocrx_word' id='word_1_433' title='bbox 1547 3515 1748 3572; x_wconf 90' lang='lat' dir='ltr'><strong>mentis</strong></span> <span class='ocrx_word' id='word_1_434' title='bbox 1763 3523 1962 3574; x_wconf 89' lang='lat' dir='ltr'><strong>nostra</strong></span> <span class='ocrx_word' id='word_1_435' title='bbox 1984 3517 2129 3573; x_wconf 89' lang='lat' dir='ltr'><strong>indi-</strong></span> 
     </span>
    </p>
   </div>
   <div class='ocr_carea' id='block_1_50' title="bbox 527 3603 2132 3681">
    <p class='ocr_par' dir='ltr' id='par_1_50' title="bbox 527 3603 2132 3681">
     <span class='ocr_line' id='line_1_50' title="bbox 527 3603 2132 3681; baseline -0.002 -16"><span class='ocrx_word' id='word_1_436' title='bbox 527 3624 649 3666; x_wconf 89' lang='lat' dir='ltr'><strong>care</strong></span> <span class='ocrx_word' id='word_1_437' title='bbox 677 3606 1022 3681; x_wconf 87' lang='lat' dir='ltr'><strong>prasentiam</strong></span> <span class='ocrx_word' id='word_1_438' title='bbox 1047 3604 1348 3678; x_wconf 86' lang='lat' dir='ltr'><strong>majestatis</strong></span> <span class='ocrx_word' id='word_1_439' title='bbox 1376 3621 1486 3662; x_wconf 86' lang='lat' dir='ltr'><strong>sua</strong></span> <span class='ocrx_word' id='word_1_440' title='bbox 1504 3604 1534 3660; x_wconf 67' lang='lat'><strong>7</strong></span> <span class='ocrx_word' id='word_1_441' title='bbox 1565 3605 1634 3660; x_wconf 89' lang='lat' dir='ltr'><strong>Et</strong></span> <span class='ocrx_word' id='word_1_442' title='bbox 1663 3603 1794 3677; x_wconf 87' lang='lat' dir='ltr'><strong>quia</strong></span> <span class='ocrx_word' id='word_1_443' title='bbox 1809 3604 2132 3662; x_wconf 89' lang='lat' dir='ltr'><strong>hominibus</strong></span> 
     </span>
    </p>
   </div>
   <div class='ocr_carea' id='block_1_51' title="bbox 526 3690 2130 3767">
    <p class='ocr_par' dir='ltr' id='par_1_51' title="bbox 526 3690 2130 3767">
     <span class='ocr_line' id='line_1_51' title="bbox 526 3690 2130 3767; baseline -0.002 -16"><span class='ocrx_word' id='word_1_444' title='bbox 526 3694 800 3753; x_wconf 87' lang='lat' dir='ltr'><strong>incertum</strong></span> <span class='ocrx_word' id='word_1_445' title='bbox 819 3701 904 3752; x_wconf 90' lang='lat' dir='ltr'><strong>est</strong></span> <span class='ocrx_word' id='word_1_446' title='bbox 922 3695 1010 3750; x_wconf 86' lang='lat' dir='ltr'><strong>vel</strong></span> <span class='ocrx_word' id='word_1_447' title='bbox 1040 3691 1097 3750; x_wconf 88' lang='lat' dir='ltr'><strong>in</strong></span> <span class='ocrx_word' id='word_1_448' title='bbox 1118 3693 1279 3767; x_wconf 88' lang='lat' dir='ltr'><strong>cujus</strong></span> <span class='ocrx_word' id='word_1_449' title='bbox 1305 3708 1401 3750; x_wconf 92' lang='lat' dir='ltr'><strong>cor</strong></span> <span class='ocrx_word' id='word_1_450' title='bbox 1419 3690 1626 3760; x_wconf 87' lang='lat' dir='ltr'><strong>veniat,</strong></span> <span class='ocrx_word' id='word_1_451' title='bbox 1655 3691 1742 3746; x_wconf 91' lang='lat' dir='ltr'><strong>vel</strong></span> <span class='ocrx_word' id='word_1_452' title='bbox 1772 3690 1829 3747; x_wconf 89' lang='lat' dir='ltr'><strong>in</strong></span> <span class='ocrx_word' id='word_1_453' title='bbox 1850 3707 1960 3766; x_wconf 90' lang='lat' dir='ltr'><strong>quo</strong></span> <span class='ocrx_word' id='word_1_454' title='bbox 1988 3699 2130 3765; x_wconf 91' lang='lat' dir='ltr'><strong>post-</strong></span> 
     </span>
    </p>
   </div>
   <div class='ocr_carea' id='block_1_52' title="bbox 527 3781 2131 3858">
    <p class='ocr_par' dir='ltr' id='par_1_52' title="bbox 527 3781 2131 3858">
     <span class='ocr_line' id='line_1_52' title="bbox 527 3781 2131 3858; baseline -0.002 -17"><span class='ocrx_word' id='word_1_455' title='bbox 527 3799 691 3858; x_wconf 90' lang='lat' dir='ltr'><strong>quam</strong></span> <span class='ocrx_word' id='word_1_456' title='bbox 721 3784 935 3842; x_wconf 90' lang='lat' dir='ltr'><strong>venerit</strong></span> <span class='ocrx_word' id='word_1_457' title='bbox 951 3783 1322 3857; x_wconf 89' lang='lat' dir='ltr'><strong>permanendo</strong></span> <span class='ocrx_word' id='word_1_458' title='bbox 1342 3781 1674 3856; x_wconf 88' lang='lat' dir='ltr'><strong>requiescat,</strong></span> <span class='ocrx_word' id='word_1_459' title='bbox 1691 3789 1838 3838; x_wconf 90' lang='lat' dir='ltr'><strong>recte</strong></span> <span class='ocrx_word' id='word_1_460' title='bbox 1866 3798 2016 3840; x_wconf 89' lang='lat' dir='ltr'><strong>nunc</strong></span> <span class='ocrx_word' id='word_1_461' title='bbox 2044 3781 2131 3839; x_wconf 69' lang='lat' dir='ltr'><strong>dio</strong></span> 
     </span>
    </p>
   </div>
   <div class='ocr_carea' id='block_1_53' title="bbox 526 3870 2130 3945">
    <p class='ocr_par' dir='ltr' id='par_1_53' title="bbox 526 3870 2130 3945">
     <span class='ocr_line' id='line_1_53' title="bbox 526 3870 2130 3945; baseline -0.002 -14"><span class='ocrx_word' id='word_1_462' title='bbox 526 3873 672 3932; x_wconf 89' lang='lat' dir='ltr'><strong>citur</strong></span> <span class='ocrx_word' id='word_1_463' title='bbox 696 3891 710 3931; x_wconf 91' lang='lat'><strong>:</strong></span> <span class='ocrx_word' id='word_1_464' title='bbox 739 3875 884 3931; x_wconf 88' lang='lat' dir='ltr'><strong>Deus</strong></span> <span class='ocrx_word' id='word_1_465' title='bbox 910 3873 1155 3945; x_wconf 83' lang='lat' dir='ltr'><strong>intelligit</strong></span> <span class='ocrx_word' id='word_1_466' title='bbox 1179 3873 1321 3928; x_wconf 85' lang='lat' dir='ltr'><strong>viam</strong></span> <span class='ocrx_word' id='word_1_467' title='bbox 1337 3871 1474 3942; x_wconf 85' lang='lat' dir='ltr'><strong>ejus,</strong></span> <span class='ocrx_word' id='word_1_468' title='bbox 1501 3876 1552 3926; x_wconf 87' lang='lat' dir='ltr'><strong>et</strong></span> <span class='ocrx_word' id='word_1_469' title='bbox 1566 3870 1678 3942; x_wconf 86' lang='lat' dir='ltr'><strong>ipse</strong></span> <span class='ocrx_word' id='word_1_470' title='bbox 1706 3872 1851 3926; x_wconf 74' lang='lat' dir='ltr'><strong>norit</strong></span> <span class='ocrx_word' id='word_1_471' title='bbox 1872 3874 2040 3928; x_wconf 87' lang='lat' dir='ltr'><strong>locum</strong></span> <span class='ocrx_word' id='word_1_472' title='bbox 2067 3873 2130 3928; x_wconf 88' lang='lat' dir='ltr'><strong>il-</strong></span> 
     </span>
    </p>
   </div>
   <div class='ocr_carea' id='block_1_54' title="bbox 530 3947 2130 4034">
    <p class='ocr_par' dir='ltr' id='par_1_54' title="bbox 530 3947 2130 4034">
     <span class='ocr_line' id='line_1_54' title="bbox 530 3947 2130 4034; baseline -0.001 -16"><span class='ocrx_word' id='word_1_473' title='bbox 530 3964 655 4029; x_wconf 86' lang='lat' dir='ltr'><strong>lius,</strong></span> <span class='ocrx_word' id='word_1_474' title='bbox 685 3947 815 4034; x_wconf 81' lang='lat' dir='ltr'><strong>quia</strong></span> <span class='ocrx_word' id='word_1_475' title='bbox 842 3963 1016 4018; x_wconf 90' lang='lat' dir='ltr'><strong>solius</strong></span> <span class='ocrx_word' id='word_1_476' title='bbox 1043 3961 1250 4017; x_wconf 87' lang='lat' dir='ltr'><strong>divina</strong></span> <span class='ocrx_word' id='word_1_477' title='bbox 1277 3959 1513 4016; x_wconf 89' lang='lat' dir='ltr'><strong>visionis</strong></span> <span class='ocrx_word' id='word_1_478' title='bbox 1532 3966 1615 4016; x_wconf 90' lang='lat' dir='ltr'><strong>est</strong></span> <span class='ocrx_word' id='word_1_479' title='bbox 1643 3974 1889 4028; x_wconf 86' lang='lat' dir='ltr'><strong>cernere,</strong></span> <span class='ocrx_word' id='word_1_480' title='bbox 1907 3963 1994 4017; x_wconf 89' lang='lat' dir='ltr'><strong>vel</strong></span> <span class='ocrx_word' id='word_1_481' title='bbox 2011 3960 2130 4034; x_wconf 85' lang='lat' dir='ltr'><strong>qui-</strong></span> 
     </span>
    </p>
   </div>
   <div class='ocr_carea' id='block_1_55' title="bbox 511 4047 2130 4120">
    <p class='ocr_par' dir='ltr' id='par_1_55' title="bbox 511 4047 2130 4120">
     <span class='ocr_line' id='line_1_55' title="bbox 511 4047 2130 4120; baseline -0.001 -12"><span class='ocrx_word' id='word_1_482' title='bbox 511 4052 630 4108; x_wconf 68' lang='lat' dir='ltr'><strong>bus</strong></span> <span class='ocrx_word' id='word_1_483' title='bbox 658 4051 837 4106; x_wconf 90' lang='lat' dir='ltr'><strong>modis</strong></span> <span class='ocrx_word' id='word_1_484' title='bbox 874 4051 1187 4106; x_wconf 88' lang='lat' dir='ltr'><strong>intellectus</strong></span> <span class='ocrx_word' id='word_1_485' title='bbox 1215 4047 1495 4120; x_wconf 88' lang='lat' dir='ltr'><strong>sapientia</strong></span> <span class='ocrx_word' id='word_1_486' title='bbox 1531 4047 1601 4102; x_wconf 86' lang='lat' dir='ltr'><strong>ad</strong></span> <span class='ocrx_word' id='word_1_487' title='bbox 1629 4064 1726 4102; x_wconf 91' lang='lat' dir='ltr'><strong>cor</strong></span> <span class='ocrx_word' id='word_1_488' title='bbox 1753 4048 1999 4105; x_wconf 87' lang='lat' dir='ltr'><strong>hominis</strong></span> <span class='ocrx_word' id='word_1_489' title='bbox 2023 4067 2130 4107; x_wconf 85' lang='lat' dir='ltr'><strong>ve-</strong></span> 
     </span>
    </p>
   </div>
   <div class='ocr_carea' id='block_1_56' title="bbox 526 4135 2118 4210">
    <p class='ocr_par' dir='ltr' id='par_1_56' title="bbox 526 4135 2118 4210">
     <span class='ocr_line' id='line_1_56' title="bbox 526 4135 2118 4210; baseline 0 -16"><span class='ocrx_word' id='word_1_490' title='bbox 526 4139 664 4206; x_wconf 89' lang='lat' dir='ltr'><strong>niat,</strong></span> <span class='ocrx_word' id='word_1_491' title='bbox 692 4139 779 4193; x_wconf 93' lang='lat' dir='ltr'><strong>vel</strong></span> <span class='ocrx_word' id='word_1_492' title='bbox 810 4137 967 4208; x_wconf 89' lang='lat' dir='ltr'><strong>cujus</strong></span> <span class='ocrx_word' id='word_1_493' title='bbox 995 4153 1150 4192; x_wconf 90' lang='lat' dir='ltr'><strong>mens</strong></span> <span class='ocrx_word' id='word_1_494' title='bbox 1178 4136 1520 4191; x_wconf 89' lang='lat' dir='ltr'><strong>intellectum</strong></span> <span class='ocrx_word' id='word_1_495' title='bbox 1542 4135 1693 4202; x_wconf 84' lang='lat' dir='ltr'><strong>vita,</strong></span> <span class='ocrx_word' id='word_1_496' title='bbox 1724 4151 1888 4208; x_wconf 79' lang='lat' dir='ltr'><strong>quem</strong></span> <span class='ocrx_word' id='word_1_497' title='bbox 1919 4153 2118 4210; x_wconf 87' lang='lat' dir='ltr'><strong>perce-</strong></span> 
     </span>
    </p>
   </div>
   <div class='ocr_carea' id='block_1_57' title="bbox 526 4225 2131 4303">
    <p class='ocr_par' dir='ltr' id='par_1_57' title="bbox 526 4225 2131 4303">
     <span class='ocr_line' id='line_1_57' title="bbox 526 4225 2131 4303; baseline 0.001 -19"><span class='ocrx_word' id='word_1_498' title='bbox 526 4228 688 4303; x_wconf 89' lang='lat' dir='ltr'><strong>perit,</strong></span> <span class='ocrx_word' id='word_1_499' title='bbox 711 4225 1011 4284; x_wconf 83' lang='lat' dir='ltr'><strong>mortiferis</strong></span> <span class='ocrx_word' id='word_1_500' title='bbox 1039 4225 1465 4298; x_wconf 86' lang='lat' dir='ltr'><strong>cogitationibus</strong></span> <span class='ocrx_word' id='word_1_501' title='bbox 1491 4241 1604 4282; x_wconf 91' lang='lat' dir='ltr'><strong>non</strong></span> <span class='ocrx_word' id='word_1_502' title='bbox 1633 4225 1874 4282; x_wconf 89' lang='lat' dir='ltr'><strong>amittat.</strong></span> <span class='ocrx_word' id='word_1_503' title='bbox 1904 4228 1977 4283; x_wconf 91' lang='lat' dir='ltr'><strong>Et</strong></span> <span class='ocrx_word' id='word_1_504' title='bbox 1999 4229 2131 4302; x_wconf 87' lang='lat' dir='ltr'><strong>quia</strong></span> 
     </span>
    </p>
   </div>
   <div class='ocr_carea' id='block_1_58' title="bbox 526 4311 2124 4389">
    <p class='ocr_par' dir='ltr' id='par_1_58' title="bbox 526 4311 2124 4389">
     <span class='ocr_line' id='line_1_58' title="bbox 526 4311 2124 4389; baseline 0.001 -16"><span class='ocrx_word' id='word_1_505' title='bbox 526 4317 645 4374; x_wconf 81' lang='lat' dir='ltr'><strong>hac</strong></span> <span class='ocrx_word' id='word_1_506' title='bbox 689 4317 878 4374; x_wconf 89' lang='lat' dir='ltr'><strong>eadem</strong></span> <span class='ocrx_word' id='word_1_507' title='bbox 907 4315 1174 4389; x_wconf 90' lang='lat' dir='ltr'><strong>sapientia</strong></span> <span class='ocrx_word' id='word_1_508' title='bbox 1205 4331 1303 4388; x_wconf 89' lang='lat' dir='ltr'><strong>per</strong></span> <span class='ocrx_word' id='word_1_509' title='bbox 1343 4315 1708 4372; x_wconf 87' lang='lat' dir='ltr'><strong>humanitatis</strong></span> <span class='ocrx_word' id='word_1_510' title='bbox 1739 4311 1969 4388; x_wconf 88' lang='lat' dir='ltr'><strong>gratiam</strong></span> <span class='ocrx_word' id='word_1_511' title='bbox 2015 4333 2124 4374; x_wconf 89' lang='lat' dir='ltr'><strong>ma-</strong></span> 
     </span>
    </p>
   </div>
   <div class='ocr_carea' id='block_1_59' title="bbox 524 4404 2129 4479">
    <p class='ocr_par' dir='ltr' id='par_1_59' title="bbox 524 4404 2129 4479">
     <span class='ocr_line' id='line_1_59' title="bbox 524 4404 2129 4479; baseline 0.001 -16"><span class='ocrx_word' id='word_1_512' title='bbox 524 4405 783 4464; x_wconf 86' lang='lat' dir='ltr'><strong>nifestata</strong></span> <span class='ocrx_word' id='word_1_513' title='bbox 809 4405 867 4462; x_wconf 84' lang='lat' dir='ltr'><strong>in</strong></span> <span class='ocrx_word' id='word_1_514' title='bbox 887 4405 1104 4464; x_wconf 90' lang='lat' dir='ltr'><strong>cunctis</strong></span> <span class='ocrx_word' id='word_1_515' title='bbox 1132 4405 1324 4462; x_wconf 91' lang='lat' dir='ltr'><strong>mundi</strong></span> <span class='ocrx_word' id='word_1_516' title='bbox 1353 4404 1602 4479; x_wconf 89' lang='lat' dir='ltr'><strong>partibus</strong></span> <span class='ocrx_word' id='word_1_517' title='bbox 1619 4405 1919 4463; x_wconf 89' lang='lat' dir='ltr'><strong>electorum</strong></span> <span class='ocrx_word' id='word_1_518' title='bbox 1948 4405 2129 4464; x_wconf 85' lang='lat' dir='ltr'><strong>fuerat</strong></span> 
     </span>
    </p>
   </div>
   <div class='ocr_carea' id='block_1_60' title="bbox 524 4497 1512 4571">
    <p class='ocr_par' dir='ltr' id='par_1_60' title="bbox 524 4497 1512 4571">
     <span class='ocr_line' id='line_1_60' title="bbox 524 4497 1512 4571; baseline 0.002 -17"><span class='ocrx_word' id='word_1_519' title='bbox 524 4497 689 4554; x_wconf 90' lang='lat' dir='ltr'><strong>corda</strong></span> <span class='ocrx_word' id='word_1_520' title='bbox 716 4499 1011 4571; x_wconf 89' lang='lat' dir='ltr'><strong>repletura,</strong></span> <span class='ocrx_word' id='word_1_521' title='bbox 1044 4504 1190 4554; x_wconf 89' lang='lat' dir='ltr'><strong>recte</strong></span> <span class='ocrx_word' id='word_1_522' title='bbox 1219 4498 1512 4556; x_wconf 86' lang='lat' dir='ltr'><strong>subditur:</strong></span> 
     </span>
    </p>
   </div>
   <div class='ocr_carea' id='block_1_61' title="bbox 979 4601 1668 4682">
    <p class='ocr_par' dir='ltr' id='par_1_61' title="bbox 979 4601 1668 4682">
     <span class='ocr_line' id='line_1_61' title="bbox 979 4601 1668 4682; baseline -0.001 -19"><span class='ocrx_word' id='word_1_523' title='bbox 979 4605 1207 4663; x_wconf 83' lang='lat' dir='ltr'><strong>CAPUT</strong></span> <span class='ocrx_word' id='word_1_524' title='bbox 1255 4605 1330 4664; x_wconf 88' lang='lat' dir='ltr'><strong>IV</strong></span> <span class='ocrx_word' id='word_1_525' title='bbox 1371 4601 1509 4681; x_wconf 79' lang='grc' dir='ltr'><strong>[νει.</strong></span> <span class='ocrx_word' id='word_1_526' title='bbox 1542 4604 1668 4682; x_wconf 87' lang='lat' dir='ltr'><strong>IV].</strong></span> 
     </span>
    </p>
   </div>
   <div class='ocr_carea' id='block_1_62' title="bbox 595 4712 2126 4792">
    <p class='ocr_par' dir='ltr' id='par_1_62' title="bbox 595 4712 2126 4792">
     <span class='ocr_line' id='line_1_62' title="bbox 595 4712 2126 4792; baseline 0.001 -19"><span class='ocrx_word' id='word_1_527' title='bbox 595 4712 764 4774; x_wconf 76' lang='lat' dir='ltr'><strong>Vrsas.</strong></span> <span class='ocrx_word' id='word_1_528' title='bbox 797 4713 885 4773; x_wconf 76' lang='grc'><strong>24.</strong></span> <span class='ocrx_word' id='word_1_529' title='bbox 916 4745 988 4758; x_wconf 93' lang='grc'><strong>-</strong></span> <span class='ocrx_word' id='word_1_530' title='bbox 1013 4716 1133 4790; x_wconf 80' lang='lat' dir='ltr'><strong>Ipse</strong></span> <span class='ocrx_word' id='word_1_531' title='bbox 1179 4716 1318 4773; x_wconf 87' lang='lat' dir='ltr'><strong>enim</strong></span> <span class='ocrx_word' id='word_1_532' title='bbox 1363 4717 1491 4790; x_wconf 81' lang='lat' dir='ltr'><strong>ﬁnes</strong></span> <span class='ocrx_word' id='word_1_533' title='bbox 1545 4715 1731 4774; x_wconf 89' lang='lat' dir='ltr'><strong>mundi</strong></span> <span class='ocrx_word' id='word_1_534' title='bbox 1771 4716 2028 4792; x_wconf 83' lang='lat' dir='ltr'><strong>intuetur,</strong></span> <span class='ocrx_word' id='word_1_535' title='bbox 2077 4725 2126 4775; x_wconf 92' lang='lat' dir='ltr'><strong>et</strong></span> 
     </span>
    </p>
   </div>
   <div class='ocr_carea' id='block_1_63' title="bbox 522 4812 1542 4885">
    <p class='ocr_par' dir='ltr' id='par_1_63' title="bbox 522 4812 1542 4885">
     <span class='ocr_line' id='line_1_63' title="bbox 522 4812 1542 4885; baseline 0.001 -16"><span class='ocrx_word' id='word_1_536' title='bbox 522 4812 701 4870; x_wconf 87' lang='lat' dir='ltr'><strong>omnia</strong></span> <span class='ocrx_word' id='word_1_537' title='bbox 727 4830 846 4885; x_wconf 67' lang='lat' dir='ltr'><strong>quae</strong></span> <span class='ocrx_word' id='word_1_538' title='bbox 871 4812 965 4869; x_wconf 88' lang='lat' dir='ltr'><strong>sub</strong></span> <span class='ocrx_word' id='word_1_539' title='bbox 993 4813 1122 4869; x_wconf 75' lang='lat' dir='ltr'><strong>calo</strong></span> <span class='ocrx_word' id='word_1_540' title='bbox 1158 4819 1283 4869; x_wconf 87' lang='lat' dir='ltr'><strong>sunt</strong></span> <span class='ocrx_word' id='word_1_541' title='bbox 1311 4813 1542 4885; x_wconf 86' lang='lat' dir='ltr'><strong>resp-icit.</strong></span> 
     </span>
    </p>
   </div>
   <div class='ocr_carea' id='block_1_64' title="bbox 587 4900 2122 4974">
    <p class='ocr_par' dir='ltr' id='par_1_64' title="bbox 587 4900 2122 4974">
     <span class='ocr_line' id='line_1_64' title="bbox 587 4900 2122 4974; baseline 0.001 -14"><span class='ocrx_word' id='word_1_542' title='bbox 587 4903 731 4960; x_wconf 84' lang='lat' dir='ltr'><strong>Deus</strong></span> <span class='ocrx_word' id='word_1_543' title='bbox 755 4920 850 4960; x_wconf 87' lang='lat' dir='ltr'><strong>nos</strong></span> <span class='ocrx_word' id='word_1_544' title='bbox 892 4900 1216 4974; x_wconf 85' lang='lat' dir='ltr'><strong>respiciendo</strong></span> <span class='ocrx_word' id='word_1_545' title='bbox 1255 4918 1356 4973; x_wconf 86' lang='lat' dir='ltr'><strong>per</strong></span> <span class='ocrx_word' id='word_1_546' title='bbox 1395 4900 1628 4973; x_wconf 86' lang='lat' dir='ltr'><strong>gratiam</strong></span> <span class='ocrx_word' id='word_1_547' title='bbox 1663 4901 1944 4974; x_wconf 84' lang='lat' dir='ltr'><strong>reformat.</strong></span> <span class='ocrx_word' id='word_1_548' title='bbox 1969 4933 2042 4946; x_wconf 95' lang='lat'><strong>—</strong></span> <span class='ocrx_word' id='word_1_549' title='bbox 2070 4906 2122 4962; x_wconf 92' lang='lat'><strong>7.</strong></span> 
     </span>
    </p>
   </div>
   <div class='ocr_carea' id='block_1_65' title="bbox 521 4988 2128 5068">
    <p class='ocr_par' dir='ltr' id='par_1_65' title="bbox 521 4988 2128 5068">
     <span class='ocr_line' id='line_1_65' title="bbox 521 4988 2128 5068; baseline 0.002 -18"><span class='ocrx_word' id='word_1_550' title='bbox 521 4991 805 5066; x_wconf 79' lang='lat' dir='ltr'><strong>Respicere</strong></span> <span class='ocrx_word' id='word_1_551' title='bbox 834 4989 1038 5068; x_wconf 90' lang='lat' dir='ltr'><strong>quippe</strong></span> <span class='ocrx_word' id='word_1_552' title='bbox 1065 4988 1166 5048; x_wconf 91' lang='lat' dir='ltr'><strong>Dei</strong></span> <span class='ocrx_word' id='word_1_553' title='bbox 1205 4997 1288 5048; x_wconf 89' lang='lat' dir='ltr'><strong>est</strong></span> <span class='ocrx_word' id='word_1_554' title='bbox 1318 5005 1382 5048; x_wconf 89' lang='lat' dir='ltr'><strong>ea</strong></span> <span class='ocrx_word' id='word_1_555' title='bbox 1410 5005 1532 5065; x_wconf 87' lang='lat' dir='ltr'><strong>qua</strong></span> <span class='ocrx_word' id='word_1_556' title='bbox 1558 4989 1760 5050; x_wconf 87' lang='lat' dir='ltr'><strong>amissa</strong></span> <span class='ocrx_word' id='word_1_557' title='bbox 1800 5008 1865 5052; x_wconf 88' lang='lat' dir='ltr'><strong>ac</strong></span> <span class='ocrx_word' id='word_1_558' title='bbox 1911 4992 2128 5068; x_wconf 88' lang='lat' dir='ltr'><strong>perdita</strong></span> 
     </span>
    </p>
   </div>
   <div class='ocr_carea' id='block_1_66' title="bbox 596 5203 1628 5280">
    <p class='ocr_par' dir='ltr' id='par_1_66' title="bbox 596 5203 1628 5280">
     <span class='ocr_line' id='line_1_66' title="bbox 596 5203 1628 5280; baseline -0.001 -14"><span class='ocrx_word' id='word_1_559' title='bbox 596 5203 821 5280; x_wconf 59' lang='lat' dir='ltr'><strong>{ﬁere}.</strong></span> <span class='ocrx_word' id='word_1_560' title='bbox 853 5205 1195 5280; x_wconf 12' lang='lat' dir='ltr'><strong>et727Laud.,</strong></span> <span class='ocrx_word' id='word_1_561' title='bbox 1224 5208 1366 5268; x_wconf 88' lang='lat' dir='ltr'><strong>viam</strong></span> <span class='ocrx_word' id='word_1_562' title='bbox 1391 5205 1628 5266; x_wconf 87' lang='lat' dir='ltr'><strong>Domini.</strong></span> 
     </span>
    </p>
   </div>
   <div class='ocr_carea' id='block_1_67' title="bbox 593 5273 2130 5358">
    <p class='ocr_par' dir='ltr' id='par_1_67' title="bbox 593 5273 2130 5358">
     <span class='ocr_line' id='line_1_67' title="bbox 593 5273 2130 5358; baseline 0.003 -27"><span class='ocrx_word' id='word_1_563' title='bbox 593 5273 616 5358; x_wconf 66' lang='grc' dir='ltr'><strong>ξ</strong></span> <span class='ocrx_word' id='word_1_564' title='bbox 636 5276 716 5332; x_wconf 89' lang='lat' dir='ltr'><strong>Ita</strong></span> <span class='ocrx_word' id='word_1_565' title='bbox 743 5277 871 5358; x_wconf 82' lang='lat' dir='ltr'><strong>Mss.</strong></span> <span class='ocrx_word' id='word_1_566' title='bbox 890 5279 964 5358; x_wconf 58' lang='lat' dir='ltr'><strong>At</strong></span> <span class='ocrx_word' id='word_1_567' title='bbox 979 5279 1037 5338; x_wconf 91' lang='lat' dir='ltr'><strong>in</strong></span> <span class='ocrx_word' id='word_1_568' title='bbox 1053 5273 1254 5358; x_wconf 78' lang='lat' dir='ltr'><strong>poster.</strong></span> <span class='ocrx_word' id='word_1_569' title='bbox 1278 5281 1480 5358; x_wconf 72' lang='lat' dir='ltr'><strong>Editis,</strong></span> <span class='ocrx_word' id='word_1_570' title='bbox 1511 5280 1601 5336; x_wconf 89' lang='lat' dir='ltr'><strong>sed</strong></span> <span class='ocrx_word' id='word_1_571' title='bbox 1620 5278 1832 5358; x_wconf 77' lang='lat' dir='ltr'><strong>quando</strong></span> <span class='ocrx_word' id='word_1_572' title='bbox 1850 5277 1990 5358; x_wconf 76' lang='lat' dir='ltr'><strong>venit</strong></span> <span class='ocrx_word' id='word_1_573' title='bbox 2010 5297 2130 5352; x_wconf 74' lang='lat' dir='ltr'><strong>qua</strong></span> 
     </span>
    </p>
   </div>
   <div class='ocr_carea' id='block_1_68' title="bbox 520 5345 2126 5422">
    <p class='ocr_par' dir='ltr' id='par_1_68' title="bbox 520 5345 2126 5422">
     <span class='ocr_line' id='line_1_68' title="bbox 520 5345 2126 5422; baseline 0.005 -20"><span class='ocrx_word' id='word_1_574' title='bbox 520 5345 710 5422; x_wconf 77' lang='lat' dir='ltr'><strong>ubique</strong></span> <span class='ocrx_word' id='word_1_575' title='bbox 751 5355 843 5404; x_wconf 85' lang='lat' dir='ltr'><strong>est.</strong></span> <span class='ocrx_word' id='word_1_576' title='bbox 892 5349 984 5422; x_wconf 81' lang='lat' dir='ltr'><strong>At_</strong></span> <span class='ocrx_word' id='word_1_577' title='bbox 1011 5345 1348 5422; x_wconf 70' lang='lat' dir='ltr'><strong>praeferenda</strong></span> <span class='ocrx_word' id='word_1_578' title='bbox 1403 5345 1485 5411; x_wconf 81' lang='lat' dir='ltr'><strong>est</strong></span> <span class='ocrx_word' id='word_1_579' title='bbox 1522 5345 1710 5409; x_wconf 76' lang='lat' dir='ltr'><strong>nostra</strong></span> <span class='ocrx_word' id='word_1_580' title='bbox 1763 5350 1948 5422; x_wconf 91' lang='lat' dir='ltr'><strong>lectio,</strong></span> <span class='ocrx_word' id='word_1_581' title='bbox 1998 5345 2126 5410; x_wconf 81' lang='lat' dir='ltr'><strong>riam</strong></span> 
     </span>
    </p>
   </div>
   <div class='ocr_carea' id='block_1_69' title="bbox 520 5417 2125 5498">
    <p class='ocr_par' dir='ltr' id='par_1_69' title="bbox 520 5417 2125 5498">
     <span class='ocr_line' id='line_1_69' title="bbox 520 5417 2125 5498; baseline 0.004 -24"><span class='ocrx_word' id='word_1_582' title='bbox 520 5417 732 5498; x_wconf 71' lang='lat' dir='ltr'><strong>quando</strong></span> <span class='ocrx_word' id='word_1_583' title='bbox 761 5435 872 5498; x_wconf 74' lang='lat' dir='ltr'><strong>non</strong></span> <span class='ocrx_word' id='word_1_584' title='bbox 921 5418 990 5476; x_wconf 89' lang='lat' dir='ltr'><strong>ad</strong></span> <span class='ocrx_word' id='word_1_585' title='bbox 1009 5417 1200 5498; x_wconf 78' lang='lat' dir='ltr'><strong>locum</strong></span> <span class='ocrx_word' id='word_1_586' title='bbox 1241 5425 1337 5482; x_wconf 89' lang='lat' dir='ltr'><strong>sed</strong></span> <span class='ocrx_word' id='word_1_587' title='bbox 1371 5425 1440 5483; x_wconf 87' lang='lat' dir='ltr'><strong>ad</strong></span> <span class='ocrx_word' id='word_1_588' title='bbox 1470 5433 1688 5498; x_wconf 88' lang='lat' dir='ltr'><strong>tempus</strong></span> <span class='ocrx_word' id='word_1_589' title='bbox 1717 5417 1954 5497; x_wconf 81' lang='lat' dir='ltr'><strong>pertinet</strong></span> <span class='ocrx_word' id='word_1_590' title='bbox 1986 5442 2000 5494; x_wconf 90' lang='lat'>;</span> <span class='ocrx_word' id='word_1_591' title='bbox 2034 5423 2125 5480; x_wconf 89' lang='lat' dir='ltr'><strong>hic</strong></span> 
     </span>
    </p>
   </div>
   <div class='ocr_carea' id='block_1_70' title="bbox 534 5489 1136 5572">
    <p class='ocr_par' dir='ltr' id='par_1_70' title="bbox 534 5489 1136 5572">
     <span class='ocr_line' id='line_1_70' title="bbox 534 5489 1136 5572; baseline 0.003 -27"><span class='ocrx_word' id='word_1_592' title='bbox 534 5489 676 5572; x_wconf 56' lang='lat' dir='ltr'><strong>vere</strong></span> <span class='ocrx_word' id='word_1_593' title='bbox 693 5489 758 5546; x_wconf 91' lang='lat' dir='ltr'><strong>de</strong></span> <span class='ocrx_word' id='word_1_594' title='bbox 789 5490 910 5572; x_wconf 81' lang='lat' dir='ltr'><strong>loco</strong></span> <span class='ocrx_word' id='word_1_595' title='bbox 937 5491 1136 5572; x_wconf 84' lang='lat' dir='ltr'><strong>agitur_.</strong></span> 
     </span>
    </p>
   </div>
   <div class='ocr_carea' id='block_1_71' title="bbox 592 5561 1283 5634">
    <p class='ocr_par' dir='ltr' id='par_1_71' title="bbox 592 5561 1283 5634">
     <span class='ocr_line' id='line_1_71' title="bbox 592 5561 1283 5634; baseline 0.003 -16"><span class='ocrx_word' id='word_1_596' title='bbox 592 5563 614 5598; x_wconf 82' lang='grc'>³</span> <span class='ocrx_word' id='word_1_597' title='bbox 636 5561 872 5634; x_wconf 86' lang='lat' dir='ltr'><strong>Gemet._,</strong></span> <span class='ocrx_word' id='word_1_598' title='bbox 903 5561 996 5634; x_wconf 88' lang='lat' dir='ltr'><strong>qui</strong></span> <span class='ocrx_word' id='word_1_599' title='bbox 1021 5563 1283 5634; x_wconf 85' lang='lat' dir='ltr'><strong>ambulas.</strong></span> 
     </span>
    </p>
   </div>
   <div class='ocr_carea' id='block_1_72' title="bbox 592 5631 2120 5716">
    <p class='ocr_par' dir='ltr' id='par_1_72' title="bbox 592 5631 2120 5716">
     <span class='ocr_line' id='line_1_72' title="bbox 592 5631 2120 5716; baseline 0.005 -28"><span class='ocrx_word' id='word_1_600' title='bbox 592 5633 668 5716; x_wconf 79' lang='lat' dir='ltr'><strong>‘_l</strong></span> <span class='ocrx_word' id='word_1_601' title='bbox 703 5631 1245 5716; x_wconf 31' lang='lat' dir='ltr'><strong>bauduimaturitate</strong></span> <span class='ocrx_word' id='word_1_602' title='bbox 1283 5635 1442 5692; x_wconf 87' lang='lat' dir='ltr'><strong>solita</strong></span> <span class='ocrx_word' id='word_1_603' title='bbox 1479 5655 1689 5711; x_wconf 83' lang='lat' dir='ltr'><strong>graves.</strong></span> <span class='ocrx_word' id='word_1_604' title='bbox 1735 5640 1894 5698; x_wconf 80' lang='lat' dir='ltr'><strong>Alter</strong></span> <span class='ocrx_word' id='word_1_605' title='bbox 1918 5635 2120 5710; x_wconf 83' lang='lat' dir='ltr'><strong>Laud.,</strong></span> 
     </span>
    </p>
   </div>
   <div class='ocr_carea' id='block_1_73' title="bbox 518 5705 1438 5778">
    <p class='ocr_par' dir='ltr' id='par_1_73' title="bbox 518 5705 1438 5778">
     <span class='ocr_line' id='line_1_73' title="bbox 518 5705 1438 5778; baseline -0.001 -15"><span class='ocrx_word' id='word_1_606' title='bbox 518 5705 830 5763; x_wconf 74' lang='lat' dir='ltr'><strong>maturitate</strong></span> <span class='ocrx_word' id='word_1_607' title='bbox 856 5705 939 5762; x_wconf 84' lang='lat' dir='ltr'><strong>vel</strong></span> <span class='ocrx_word' id='word_1_608' title='bbox 965 5705 1198 5762; x_wconf 83' lang='lat' dir='ltr'><strong>inditata</strong></span> <span class='ocrx_word' id='word_1_609' title='bbox 1229 5722 1438 5778; x_wconf 85' lang='lat' dir='ltr'><strong>graves.</strong></span> 
     </span>
    </p>
   </div>
   <div class='ocr_carea' id='block_1_74' title="bbox 2243 1810 3850 1885">
    <p class='ocr_par' dir='ltr' id='par_1_74' title="bbox 2243 1810 3850 1885">
     <span class='ocr_line' id='line_1_74' title="bbox 2243 1810 3850 1885; baseline 0 -17"><span class='ocrx_word' id='word_1_610' title='bbox 2243 1817 2325 1868; x_wconf 90' lang='lat' dir='ltr'><strong>est</strong></span> <span class='ocrx_word' id='word_1_611' title='bbox 2344 1827 2566 1883; x_wconf 85' lang='lat' dir='ltr'><strong>gravem</strong></span> <span class='ocrx_word' id='word_1_612' title='bbox 2599 1828 2716 1869; x_wconf 88' lang='lat' dir='ltr'><strong>esse</strong></span> <span class='ocrx_word' id='word_1_613' title='bbox 2761 1829 2858 1885; x_wconf 92' lang='lat' dir='ltr'><strong>per</strong></span> <span class='ocrx_word' id='word_1_614' title='bbox 2886 1814 3206 1882; x_wconf 89' lang='lat' dir='ltr'><strong>consilium,</strong></span> <span class='ocrx_word' id='word_1_615' title='bbox 3254 1810 3407 1868; x_wconf 89' lang='lat' dir='ltr'><strong>aliud</strong></span> <span class='ocrx_word' id='word_1_616' title='bbox 3435 1827 3533 1884; x_wconf 90' lang='lat' dir='ltr'><strong>per</strong></span> <span class='ocrx_word' id='word_1_617' title='bbox 3559 1816 3706 1875; x_wconf 79' lang='grc'><strong>607</strong></span> <span class='ocrx_word' id='word_1_618' title='bbox 3729 1827 3850 1884; x_wconf 88' lang='lat' dir='ltr'><strong>pec-</strong></span> 
     </span>
    </p>
   </div>
   <div class='ocr_carea' id='block_1_75' title="bbox 2243 1908 3850 1984">
    <p class='ocr_par' dir='ltr' id='par_1_75' title="bbox 2243 1908 3850 1984">
     <span class='ocr_line' id='line_1_75' title="bbox 2243 1908 3850 1984; baseline 0 -19"><span class='ocrx_word' id='word_1_619' title='bbox 2243 1917 2446 1979; x_wconf 88' lang='lat' dir='ltr'><strong>catum;</strong></span> <span class='ocrx_word' id='word_1_620' title='bbox 2473 1910 2626 1968; x_wconf 89' lang='lat' dir='ltr'><strong>aliud</strong></span> <span class='ocrx_word' id='word_1_621' title='bbox 2655 1918 2736 1967; x_wconf 89' lang='lat' dir='ltr'><strong>est</strong></span> <span class='ocrx_word' id='word_1_622' title='bbox 2759 1927 2888 1983; x_wconf 89' lang='lat' dir='ltr'><strong>grav</strong></span> <span class='ocrx_word' id='word_1_623' title='bbox 2897 1927 2982 1967; x_wconf 92' lang='lat' dir='ltr'><strong>em</strong></span> <span class='ocrx_word' id='word_1_624' title='bbox 3003 1927 3120 1967; x_wconf 90' lang='lat' dir='ltr'><strong>esse</strong></span> <span class='ocrx_word' id='word_1_625' title='bbox 3138 1913 3160 1948; x_wconf 77' lang='grc'>⁸</span> <span class='ocrx_word' id='word_1_626' title='bbox 3179 1927 3276 1984; x_wconf 91' lang='lat' dir='ltr'><strong>per</strong></span> <span class='ocrx_word' id='word_1_627' title='bbox 3294 1911 3682 1978; x_wconf 87' lang='lat' dir='ltr'><strong>constantiam,</strong></span> <span class='ocrx_word' id='word_1_628' title='bbox 3698 1908 3850 1966; x_wconf 89' lang='lat' dir='ltr'><strong>aliud</strong></span> 
     </span>
    </p>
   </div>
   <div class='ocr_carea' id='block_1_76' title="bbox 2242 1999 3848 2073">
    <p class='ocr_par' dir='ltr' id='par_1_76' title="bbox 2242 1999 3848 2073">
     <span class='ocr_line' id='line_1_76' title="bbox 2242 1999 3848 2073; baseline 0.001 -18"><span class='ocrx_word' id='word_1_629' title='bbox 2242 2016 2339 2072; x_wconf 87' lang='lat' dir='ltr'><strong>per</strong></span> <span class='ocrx_word' id='word_1_630' title='bbox 2365 2001 2604 2072; x_wconf 87' lang='lat' dir='ltr'><strong>culpam.</strong></span> <span class='ocrx_word' id='word_1_631' title='bbox 2635 2002 2744 2057; x_wconf 89' lang='lat' dir='ltr'><strong>Ista</strong></span> <span class='ocrx_word' id='word_1_632' title='bbox 2772 2000 2920 2056; x_wconf 90' lang='lat' dir='ltr'><strong>enim</strong></span> <span class='ocrx_word' id='word_1_633' title='bbox 2952 2001 3190 2073; x_wconf 87' lang='lat' dir='ltr'><strong>gravitas</strong></span> <span class='ocrx_word' id='word_1_634' title='bbox 3219 2002 3438 2072; x_wconf 91' lang='lat' dir='ltr'><strong>pondus</strong></span> <span class='ocrx_word' id='word_1_635' title='bbox 3459 2001 3624 2057; x_wconf 89' lang='lat' dir='ltr'><strong>habet</strong></span> <span class='ocrx_word' id='word_1_636' title='bbox 3643 1999 3848 2068; x_wconf 87' lang='lat' dir='ltr'><strong>oneris,</strong></span> 
     </span>
    </p>
   </div>
   <div class='ocr_carea' id='block_1_77' title="bbox 2241 2087 3850 2162">
    <p class='ocr_par' dir='ltr' id='par_1_77' title="bbox 2241 2087 3850 2162">
     <span class='ocr_line' id='line_1_77' title="bbox 2241 2087 3850 2162; baseline 0.001 -18"><span class='ocrx_word' id='word_1_637' title='bbox 2241 2087 2339 2144; x_wconf 90' lang='lat' dir='ltr'><strong>illa</strong></span> <span class='ocrx_word' id='word_1_638' title='bbox 2367 2088 2614 2146; x_wconf 88' lang='lat' dir='ltr'><strong>virtutis.</strong></span> <span class='ocrx_word' id='word_1_639' title='bbox 2647 2090 2870 2147; x_wconf 90' lang='lat' dir='ltr'><strong>Pondus</strong></span> <span class='ocrx_word' id='word_1_640' title='bbox 2899 2106 3028 2162; x_wconf 87' lang='lat' dir='ltr'><strong>ergo</strong></span> <span class='ocrx_word' id='word_1_641' title='bbox 3057 2089 3342 2162; x_wconf 90' lang='lat' dir='ltr'><strong>accipiunt</strong></span> <span class='ocrx_word' id='word_1_642' title='bbox 3355 2089 3577 2157; x_wconf 81' lang='lat' dir='ltr'><strong>anima,</strong></span> <span class='ocrx_word' id='word_1_643' title='bbox 3606 2087 3850 2146; x_wconf 85' lang='lat' dir='ltr'><strong>utabin-</strong></span> 
     </span>
    </p>
   </div>
   <div class='ocr_carea' id='block_1_78' title="bbox 2242 2176 3847 2252">
    <p class='ocr_par' dir='ltr' id='par_1_78' title="bbox 2242 2176 3847 2252">
     <span class='ocr_line' id='line_1_78' title="bbox 2242 2176 3847 2252; baseline -0.001 -18"><span class='ocrx_word' id='word_1_644' title='bbox 2242 2177 2488 2235; x_wconf 90' lang='lat' dir='ltr'><strong>tentione</strong></span> <span class='ocrx_word' id='word_1_645' title='bbox 2510 2179 2612 2235; x_wconf 90' lang='lat' dir='ltr'><strong>Dei</strong></span> <span class='ocrx_word' id='word_1_646' title='bbox 2641 2197 2754 2237; x_wconf 89' lang='lat' dir='ltr'><strong>non</strong></span> <span class='ocrx_word' id='word_1_647' title='bbox 2778 2178 2893 2252; x_wconf 87' lang='lat' dir='ltr'><strong>jam</strong></span> <span class='ocrx_word' id='word_1_648' title='bbox 2925 2179 3036 2235; x_wconf 90' lang='lat' dir='ltr'><strong>levi</strong></span> <span class='ocrx_word' id='word_1_649' title='bbox 3059 2185 3214 2234; x_wconf 90' lang='lat' dir='ltr'><strong>motu</strong></span> <span class='ocrx_word' id='word_1_650' title='bbox 3239 2177 3518 2247; x_wconf 89' lang='lat' dir='ltr'><strong>desiliant,</strong></span> <span class='ocrx_word' id='word_1_651' title='bbox 3535 2176 3630 2234; x_wconf 90' lang='lat' dir='ltr'><strong>sed</strong></span> <span class='ocrx_word' id='word_1_652' title='bbox 3646 2176 3704 2233; x_wconf 92' lang='lat' dir='ltr'><strong>in</strong></span> <span class='ocrx_word' id='word_1_653' title='bbox 3721 2193 3847 2233; x_wconf 92' lang='lat' dir='ltr'><strong>eum</strong></span> 
     </span>
    </p>
   </div>
   <div class='ocr_carea' id='block_1_79' title="bbox 2241 2265 3848 2343">
    <p class='ocr_par' dir='ltr' id='par_1_79' title="bbox 2241 2265 3848 2343">
     <span class='ocr_line' id='line_1_79' title="bbox 2241 2265 3848 2343; baseline -0.001 -20"><span class='ocrx_word' id='word_1_654' title='bbox 2241 2267 2353 2323; x_wconf 86' lang='lat' dir='ltr'><strong>ﬁxa</strong></span> <span class='ocrx_word' id='word_1_655' title='bbox 2381 2270 2400 2304; x_wconf 80' lang='grc'>⁷</span> <span class='ocrx_word' id='word_1_656' title='bbox 2431 2270 2755 2326; x_wconf 89' lang='lat' dir='ltr'><strong>constantia</strong></span> <span class='ocrx_word' id='word_1_657' title='bbox 2775 2269 3040 2343; x_wconf 87' lang='lat' dir='ltr'><strong>gravitate</strong></span> <span class='ocrx_word' id='word_1_658' title='bbox 3065 2269 3391 2326; x_wconf 88' lang='lat' dir='ltr'><strong>consistant.</strong></span> <span class='ocrx_word' id='word_1_659' title='bbox 3410 2265 3613 2324; x_wconf 83' lang='lat' dir='ltr'><strong>Adhuc</strong></span> <span class='ocrx_word' id='word_1_660' title='bbox 3641 2265 3736 2322; x_wconf 89' lang='lat' dir='ltr'><strong>ille</strong></span> <span class='ocrx_word' id='word_1_661' title='bbox 3756 2281 3848 2339; x_wconf 88' lang='lat' dir='ltr'><strong>po-</strong></span> 
     </span>
    </p>
   </div>
   <div class='ocr_carea' id='block_1_80' title="bbox 2241 2353 3850 2433">
    <p class='ocr_par' dir='ltr' id='par_1_80' title="bbox 2241 2353 3850 2433">
     <span class='ocr_line' id='line_1_80' title="bbox 2241 2353 3850 2433; baseline 0 -21"><span class='ocrx_word' id='word_1_662' title='bbox 2241 2357 2404 2428; x_wconf 90' lang='lat' dir='ltr'><strong>pulus</strong></span> <span class='ocrx_word' id='word_1_663' title='bbox 2431 2359 2628 2416; x_wconf 87' lang='lat' dir='ltr'><strong>leviter</strong></span> <span class='ocrx_word' id='word_1_664' title='bbox 2658 2361 3003 2428; x_wconf 90' lang='lat' dir='ltr'><strong>movebatur,</strong></span> <span class='ocrx_word' id='word_1_665' title='bbox 3034 2359 3101 2415; x_wconf 91' lang='lat' dir='ltr'><strong>de</strong></span> <span class='ocrx_word' id='word_1_666' title='bbox 3117 2375 3228 2433; x_wconf 91' lang='lat' dir='ltr'><strong>quo</strong></span> <span class='ocrx_word' id='word_1_667' title='bbox 3248 2375 3343 2431; x_wconf 92' lang='lat' dir='ltr'><strong>per</strong></span> <span class='ocrx_word' id='word_1_668' title='bbox 3357 2355 3684 2432; x_wconf 89' lang='lat' dir='ltr'><strong>prophetam</strong></span> <span class='ocrx_word' id='word_1_669' title='bbox 3704 2353 3816 2412; x_wconf 80' lang='lat' dir='ltr'><strong>dici</strong></span> <span class='ocrx_word' id='word_1_670' title='bbox 3829 2383 3850 2396; x_wconf 84' lang='lat'><strong>-</strong></span> 
     </span>
    </p>
   </div>
   <div class='ocr_carea' id='block_1_81' title="bbox 2243 2443 3852 2519">
    <p class='ocr_par' dir='ltr' id='par_1_81' title="bbox 2243 2443 3852 2519">
     <span class='ocr_line' id='line_1_81' title="bbox 2243 2443 3852 2519; baseline 0.002 -22"><span class='ocrx_word' id='word_1_671' title='bbox 2243 2451 2334 2499; x_wconf 90' lang='lat' dir='ltr'><strong>tur</strong></span> <span class='ocrx_word' id='word_1_672' title='bbox 2359 2461 2369 2500; x_wconf 91' lang='lat'>:</span> <span class='ocrx_word' id='word_1_673' title='bbox 2404 2447 2553 2502; x_wconf 79' lang='lat' dir='ltr'><strong>Abiit</strong></span> <span class='ocrx_word' id='word_1_674' title='bbox 2572 2465 2735 2519; x_wconf 87' lang='lat' dir='ltr'><strong>vagus</strong></span> <span class='ocrx_word' id='word_1_675' title='bbox 2763 2448 2820 2503; x_wconf 90' lang='lat' dir='ltr'><strong>in</strong></span> <span class='ocrx_word' id='word_1_676' title='bbox 2848 2447 2993 2503; x_wconf 82' lang='lat' dir='ltr'><strong>viam</strong></span> <span class='ocrx_word' id='word_1_677' title='bbox 3019 2447 3196 2502; x_wconf 85' lang='lat' dir='ltr'><strong>cordis</strong></span> <span class='ocrx_word' id='word_1_678' title='bbox 3215 2447 3301 2502; x_wconf 90' lang='lat' dir='ltr'><strong>sui</strong></span> <span class='ocrx_word' id='word_1_679' title='bbox 3314 2447 3493 2513; x_wconf 88' lang='lat' dir='ltr'><strong>;viam</strong></span> <span class='ocrx_word' id='word_1_680' title='bbox 3513 2445 3625 2516; x_wconf 85' lang='lat' dir='ltr'><strong>ejus</strong></span> <span class='ocrx_word' id='word_1_681' title='bbox 3652 2443 3852 2510; x_wconf 86' lang='lat' dir='ltr'><strong>vidi,et</strong></span> 
     </span>
    </p>
   </div>
   <div class='ocr_carea' id='block_1_82' title="bbox 2243 2532 3850 2607">
    <p class='ocr_par' dir='ltr' id='par_1_82' title="bbox 2243 2532 3850 2607">
     <span class='ocr_line' id='line_1_82' title="bbox 2243 2532 3850 2607; baseline 0.001 -20"><span class='ocrx_word' id='word_1_682' title='bbox 2243 2532 2420 2588; x_wconf 89' lang='lat' dir='ltr'><strong>dimisi</strong></span> <span class='ocrx_word' id='word_1_683' title='bbox 2449 2551 2565 2589; x_wconf 88' lang='lat' dir='ltr'><strong>eum</strong></span> <span class='ocrx_word' id='word_1_684' title='bbox 2607 2534 2765 2606; x_wconf 88' lang='lat' dir='ltr'><strong>(Isai.</strong></span> <span class='ocrx_word' id='word_1_685' title='bbox 2798 2553 2936 2604; x_wconf 82' lang='lat' dir='ltr'><strong>Lvn,</strong></span> <span class='ocrx_word' id='word_1_686' title='bbox 2970 2537 3082 2607; x_wconf 80' lang='grc'><strong>17).</strong></span> <span class='ocrx_word' id='word_1_687' title='bbox 3116 2536 3295 2592; x_wconf 89' lang='lat' dir='ltr'><strong>Grave</strong></span> <span class='ocrx_word' id='word_1_688' title='bbox 3332 2542 3515 2591; x_wconf 83' lang='lat' dir='ltr'><strong>autem</strong></span> <span class='ocrx_word' id='word_1_689' title='bbox 3554 2533 3850 2591; x_wconf 89' lang='lat' dir='ltr'><strong>consilium</strong></span> 
     </span>
    </p>
   </div>
   <div class='ocr_carea' id='block_1_83' title="bbox 2243 2621 3850 2696">
    <p class='ocr_par' dir='ltr' id='par_1_83' title="bbox 2243 2621 3850 2696">
     <span class='ocr_line' id='line_1_83' title="bbox 2243 2621 3850 2696; baseline -0.001 -18"><span class='ocrx_word' id='word_1_690' title='bbox 2243 2621 2426 2679; x_wconf 89' lang='lat' dir='ltr'><strong>cordis</strong></span> <span class='ocrx_word' id='word_1_691' title='bbox 2456 2639 2678 2679; x_wconf 89' lang='lat' dir='ltr'><strong>omnem</strong></span> <span class='ocrx_word' id='word_1_692' title='bbox 2710 2623 3142 2680; x_wconf 86' lang='lat' dir='ltr'><strong>inconstantiam</strong></span> <span class='ocrx_word' id='word_1_693' title='bbox 3174 2622 3480 2696; x_wconf 87' lang='lat' dir='ltr'><strong>vagationis</strong></span> <span class='ocrx_word' id='word_1_694' title='bbox 3511 2621 3756 2694; x_wconf 86' lang='lat' dir='ltr'><strong>expellit.</strong></span> <span class='ocrx_word' id='word_1_695' title='bbox 3779 2621 3850 2677; x_wconf 89' lang='lat' dir='ltr'><strong>Et</strong></span> 
     </span>
    </p>
   </div>
   <div class='ocr_carea' id='block_1_84' title="bbox 2241 2709 3849 2786">
    <p class='ocr_par' dir='ltr' id='par_1_84' title="bbox 2241 2709 3849 2786">
     <span class='ocr_line' id='line_1_84' title="bbox 2241 2709 3849 2786; baseline 0 -18"><span class='ocrx_word' id='word_1_696' title='bbox 2241 2712 2502 2786; x_wconf 89' lang='lat' dir='ltr'><strong>quoniam</strong></span> <span class='ocrx_word' id='word_1_697' title='bbox 2525 2719 2655 2770; x_wconf 89' lang='lat' dir='ltr'><strong>sunt</strong></span> <span class='ocrx_word' id='word_1_698' title='bbox 2684 2711 2886 2768; x_wconf 88' lang='lat' dir='ltr'><strong>anima</strong></span> <span class='ocrx_word' id='word_1_699' title='bbox 2907 2729 3028 2785; x_wconf 80' lang='lat' dir='ltr'><strong>qua</strong></span> <span class='ocrx_word' id='word_1_700' title='bbox 3052 2711 3159 2768; x_wconf 87' lang='lat' dir='ltr'><strong>levi</strong></span> <span class='ocrx_word' id='word_1_701' title='bbox 3192 2719 3346 2766; x_wconf 89' lang='lat' dir='ltr'><strong>motu</strong></span> <span class='ocrx_word' id='word_1_702' title='bbox 3375 2726 3525 2768; x_wconf 88' lang='lat' dir='ltr'><strong>nunc</strong></span> <span class='ocrx_word' id='word_1_703' title='bbox 3554 2709 3678 2780; x_wconf 90' lang='lat' dir='ltr'><strong>ista,</strong></span> <span class='ocrx_word' id='word_1_704' title='bbox 3701 2725 3849 2768; x_wconf 89' lang='lat' dir='ltr'><strong>nunc</strong></span> 
     </span>
    </p>
   </div>
   <div class='ocr_carea' id='block_1_85' title="bbox 2241 2798 3848 2873">
    <p class='ocr_par' dir='ltr' id='par_1_85' title="bbox 2241 2798 3848 2873">
     <span class='ocr_line' id='line_1_85' title="bbox 2241 2798 3848 2873; baseline -0.001 -16"><span class='ocrx_word' id='word_1_705' title='bbox 2241 2801 2338 2858; x_wconf 88' lang='lat' dir='ltr'><strong>illa</strong></span> <span class='ocrx_word' id='word_1_706' title='bbox 2365 2801 2702 2872; x_wconf 88' lang='lat' dir='ltr'><strong>desiderant,</strong></span> <span class='ocrx_word' id='word_1_707' title='bbox 2733 2800 3086 2872; x_wconf 90' lang='lat' dir='ltr'><strong>omnipotens</strong></span> <span class='ocrx_word' id='word_1_708' title='bbox 3131 2802 3298 2868; x_wconf 91' lang='lat' dir='ltr'><strong>Deus,</strong></span> <span class='ocrx_word' id='word_1_709' title='bbox 3347 2798 3478 2873; x_wconf 88' lang='lat' dir='ltr'><strong>quia</strong></span> <span class='ocrx_word' id='word_1_710' title='bbox 3525 2798 3674 2872; x_wconf 90' lang='lat' dir='ltr'><strong>ipsas</strong></span> <span class='ocrx_word' id='word_1_711' title='bbox 3701 2800 3848 2856; x_wconf 86' lang='lat' dir='ltr'><strong>leves</strong></span> 
     </span>
    </p>
   </div>
   <div class='ocr_carea' id='block_1_86' title="bbox 2241 2889 3846 2964">
    <p class='ocr_par' dir='ltr' id='par_1_86' title="bbox 2241 2889 3846 2964">
     <span class='ocr_line' id='line_1_86' title="bbox 2241 2889 3846 2964; baseline -0.001 -17"><span class='ocrx_word' id='word_1_712' title='bbox 2241 2891 2626 2950; x_wconf 87' lang='lat' dir='ltr'><strong>ﬂuctuationes</strong></span> <span class='ocrx_word' id='word_1_713' title='bbox 2642 2891 2910 2948; x_wconf 91' lang='lat' dir='ltr'><strong>mentium</strong></span> <span class='ocrx_word' id='word_1_714' title='bbox 2929 2908 3040 2947; x_wconf 89' lang='lat' dir='ltr'><strong>non</strong></span> <span class='ocrx_word' id='word_1_715' title='bbox 3055 2891 3249 2946; x_wconf 87' lang='lat' dir='ltr'><strong>leviter</strong></span> <span class='ocrx_word' id='word_1_716' title='bbox 3263 2897 3476 2964; x_wconf 89' lang='lat' dir='ltr'><strong>pensat,</strong></span> <span class='ocrx_word' id='word_1_717' title='bbox 3500 2889 3846 2963; x_wconf 84' lang='lat' dir='ltr'><strong>vagationem</strong></span> 
     </span>
    </p>
   </div>
   <div class='ocr_carea' id='block_1_87' title="bbox 2240 2978 3843 3055">
    <p class='ocr_par' dir='ltr' id='par_1_87' title="bbox 2240 2978 3843 3055">
     <span class='ocr_line' id='line_1_87' title="bbox 2240 2978 3843 3055; baseline -0.001 -18"><span class='ocrx_word' id='word_1_718' title='bbox 2240 2979 2436 3038; x_wconf 88' lang='lat' dir='ltr'><strong>cordis’</strong></span> <span class='ocrx_word' id='word_1_719' title='bbox 2449 2981 2814 3055; x_wconf 91' lang='lat' dir='ltr'><strong>relinquendo</strong></span> <span class='ocrx_word' id='word_1_720' title='bbox 2843 2980 3130 3054; x_wconf 87' lang='lat' dir='ltr'><strong>dijudicat.</strong></span> <span class='ocrx_word' id='word_1_721' title='bbox 3172 2979 3278 3037; x_wconf 93' lang='lat' dir='ltr'><strong>Sed</strong></span> <span class='ocrx_word' id='word_1_722' title='bbox 3325 2995 3451 3037; x_wconf 90' lang='lat' dir='ltr'><strong>cum</strong></span> <span class='ocrx_word' id='word_1_723' title='bbox 3484 2995 3580 3053; x_wconf 90' lang='lat' dir='ltr'><strong>per</strong></span> <span class='ocrx_word' id='word_1_724' title='bbox 3610 2978 3843 3053; x_wconf 87' lang='lat' dir='ltr'><strong>gratiam</strong></span> 
     </span>
    </p>
   </div>
   <div class='ocr_carea' id='block_1_88' title="bbox 2241 3066 3842 3144">
    <p class='ocr_par' dir='ltr' id='par_1_88' title="bbox 2241 3066 3842 3144">
     <span class='ocr_line' id='line_1_88' title="bbox 2241 3066 3842 3144; baseline -0.003 -17"><span class='ocrx_word' id='word_1_725' title='bbox 2241 3071 2464 3143; x_wconf 89' lang='lat' dir='ltr'><strong>respicit</strong></span> <span class='ocrx_word' id='word_1_726' title='bbox 2491 3088 2684 3144; x_wconf 84' lang='lat' dir='ltr'><strong>vagam</strong></span> <span class='ocrx_word' id='word_1_727' title='bbox 2703 3078 2964 3139; x_wconf 91' lang='lat' dir='ltr'><strong>mentem,</strong></span> <span class='ocrx_word' id='word_1_728' title='bbox 2997 3069 3054 3126; x_wconf 92' lang='lat' dir='ltr'><strong>in</strong></span> <span class='ocrx_word' id='word_1_729' title='bbox 3075 3068 3295 3127; x_wconf 89' lang='lat' dir='ltr'><strong>consilii</strong></span> <span class='ocrx_word' id='word_1_730' title='bbox 3324 3067 3681 3126; x_wconf 89' lang='lat' dir='ltr'><strong>stabilitatem</strong></span> <span class='ocrx_word' id='word_1_731' title='bbox 3701 3066 3842 3140; x_wconf 86' lang='lat' dir='ltr'><strong>ﬁgit.</strong></span> 
     </span>
    </p>
   </div>
   <div class='ocr_carea' id='block_1_89' title="bbox 2240 3158 3846 3234">
    <p class='ocr_par' dir='ltr' id='par_1_89' title="bbox 2240 3158 3846 3234">
     <span class='ocr_line' id='line_1_89' title="bbox 2240 3158 3846 3234; baseline -0.003 -15"><span class='ocrx_word' id='word_1_732' title='bbox 2240 3163 2404 3219; x_wconf 83' lang='lat' dir='ltr'><strong>Recte</strong></span> <span class='ocrx_word' id='word_1_733' title='bbox 2430 3179 2558 3234; x_wconf 86' lang='lat' dir='ltr'><strong>ergo</strong></span> <span class='ocrx_word' id='word_1_734' title='bbox 2585 3178 2737 3219; x_wconf 90' lang='lat' dir='ltr'><strong>nunc</strong></span> <span class='ocrx_word' id='word_1_735' title='bbox 2749 3161 2957 3218; x_wconf 90' lang='lat' dir='ltr'><strong>dicitur</strong></span> <span class='ocrx_word' id='word_1_736' title='bbox 2975 3179 2988 3218; x_wconf 76' lang='grc' dir='ltr'>ε</span> <span class='ocrx_word' id='word_1_737' title='bbox 3016 3162 3119 3230; x_wconf 89' lang='lat' dir='ltr'><strong>Qui</strong></span> <span class='ocrx_word' id='word_1_738' title='bbox 3139 3160 3264 3232; x_wconf 89' lang='lat' dir='ltr'><strong>fecit</strong></span> <span class='ocrx_word' id='word_1_739' title='bbox 3286 3160 3450 3216; x_wconf 88' lang='lat' dir='ltr'><strong>ventis</strong></span> <span class='ocrx_word' id='word_1_740' title='bbox 3462 3159 3696 3231; x_wconf 85' lang='lat' dir='ltr'><strong>pondus,</strong></span> <span class='ocrx_word' id='word_1_741' title='bbox 3715 3158 3846 3230; x_wconf 88' lang='lat' dir='ltr'><strong>quia</strong></span> 
     </span>
    </p>
   </div>
   <div class='ocr_carea' id='block_1_90' title="bbox 2239 3247 3846 3321">
    <p class='ocr_par' dir='ltr' id='par_1_90' title="bbox 2239 3247 3846 3321">
     <span class='ocr_line' id='line_1_90' title="bbox 2239 3247 3846 3321; baseline -0.001 -15"><span class='ocrx_word' id='word_1_742' title='bbox 2239 3267 2366 3306; x_wconf 92' lang='lat' dir='ltr'><strong>cum</strong></span> <span class='ocrx_word' id='word_1_743' title='bbox 2395 3251 2542 3307; x_wconf 91' lang='lat' dir='ltr'><strong>leves</strong></span> <span class='ocrx_word' id='word_1_744' title='bbox 2569 3259 2752 3308; x_wconf 90' lang='lat' dir='ltr'><strong>motus</strong></span> <span class='ocrx_word' id='word_1_745' title='bbox 2780 3249 2954 3306; x_wconf 90' lang='lat' dir='ltr'><strong>animi</strong></span> <span class='ocrx_word' id='word_1_746' title='bbox 2975 3247 3406 3306; x_wconf 88' lang='lat' dir='ltr'><strong>misericorditer</strong></span> <span class='ocrx_word' id='word_1_747' title='bbox 3420 3248 3680 3321; x_wconf 85' lang='lat' dir='ltr'><strong>dignatur</strong></span> <span class='ocrx_word' id='word_1_748' title='bbox 3694 3249 3846 3321; x_wconf 89' lang='lat' dir='ltr'><strong>aspi-</strong></span> 
     </span>
    </p>
   </div>
   <div class='ocr_carea' id='block_1_91' title="bbox 2241 3337 3845 3413">
    <p class='ocr_par' dir='ltr' id='par_1_91' title="bbox 2241 3337 3845 3413">
     <span class='ocr_line' id='line_1_91' title="bbox 2241 3337 3845 3413; baseline -0.002 -15"><span class='ocrx_word' id='word_1_749' title='bbox 2241 3357 2382 3410; x_wconf 90' lang='lat' dir='ltr'><strong>cere,</strong></span> <span class='ocrx_word' id='word_1_750' title='bbox 2414 3340 2564 3398; x_wconf 91' lang='lat' dir='ltr'><strong>hunc</strong></span> <span class='ocrx_word' id='word_1_751' title='bbox 2592 3341 2847 3413; x_wconf 89' lang='lat' dir='ltr'><strong>protinus</strong></span> <span class='ocrx_word' id='word_1_752' title='bbox 2876 3339 2946 3396; x_wconf 89' lang='lat' dir='ltr'><strong>ad</strong></span> <span class='ocrx_word' id='word_1_753' title='bbox 2967 3339 3292 3396; x_wconf 81' lang='lat' dir='ltr'><strong>constantia</strong></span> <span class='ocrx_word' id='word_1_754' title='bbox 3331 3338 3707 3395; x_wconf 86' lang='lat' dir='ltr'><strong>maturitatem</strong></span> <span class='ocrx_word' id='word_1_755' title='bbox 3737 3337 3845 3394; x_wconf 75' lang='lat' dir='ltr'><strong>for-</strong></span> 
     </span>
    </p>
   </div>
   <div class='ocr_carea' id='block_1_92' title="bbox 2241 3429 3844 3502">
    <p class='ocr_par' dir='ltr' id='par_1_92' title="bbox 2241 3429 3844 3502">
     <span class='ocr_line' id='line_1_92' title="bbox 2241 3429 3844 3502; baseline -0.001 -17"><span class='ocrx_word' id='word_1_756' title='bbox 2241 3437 2374 3485; x_wconf 89' lang='lat' dir='ltr'><strong>mat.</strong></span> <span class='ocrx_word' id='word_1_757' title='bbox 2415 3431 2516 3487; x_wconf 91' lang='lat' dir='ltr'><strong>Vel</strong></span> <span class='ocrx_word' id='word_1_758' title='bbox 2559 3438 2706 3486; x_wconf 90' lang='lat' dir='ltr'><strong>certe</strong></span> <span class='ocrx_word' id='word_1_759' title='bbox 2736 3429 2916 3485; x_wconf 89' lang='lat' dir='ltr'><strong>ventis</strong></span> <span class='ocrx_word' id='word_1_760' title='bbox 2949 3429 3166 3502; x_wconf 90' lang='lat' dir='ltr'><strong>pondus</strong></span> <span class='ocrx_word' id='word_1_761' title='bbox 3199 3429 3376 3486; x_wconf 86' lang='lat' dir='ltr'><strong>facere</strong></span> <span class='ocrx_word' id='word_1_762' title='bbox 3421 3435 3503 3484; x_wconf 90' lang='lat' dir='ltr'><strong>est</strong></span> <span class='ocrx_word' id='word_1_763' title='bbox 3531 3443 3844 3484; x_wconf 88' lang='lat' dir='ltr'><strong>concessam</strong></span> 
     </span>
    </p>
   </div>
   <div class='ocr_carea' id='block_1_93' title="bbox 2241 3515 3846 3592">
    <p class='ocr_par' dir='ltr' id='par_1_93' title="bbox 2241 3515 3846 3592">
     <span class='ocr_line' id='line_1_93' title="bbox 2241 3515 3846 3592; baseline -0.001 -17"><span class='ocrx_word' id='word_1_764' title='bbox 2241 3517 2334 3576; x_wconf 92' lang='lat' dir='ltr'><strong>hic</strong></span> <span class='ocrx_word' id='word_1_765' title='bbox 2352 3520 2542 3576; x_wconf 90' lang='lat' dir='ltr'><strong>electis</strong></span> <span class='ocrx_word' id='word_1_766' title='bbox 2555 3519 2622 3576; x_wconf 91' lang='lat' dir='ltr'><strong>de</strong></span> <span class='ocrx_word' id='word_1_767' title='bbox 2651 3517 2956 3575; x_wconf 90' lang='lat' dir='ltr'><strong>virtutibus</strong></span> <span class='ocrx_word' id='word_1_768' title='bbox 2969 3518 3224 3592; x_wconf 86' lang='lat' dir='ltr'><strong>gloriam,</strong></span> <span class='ocrx_word' id='word_1_769' title='bbox 3241 3517 3506 3592; x_wconf 86' lang='lat' dir='ltr'><strong>permista</strong></span> <span class='ocrx_word' id='word_1_770' title='bbox 3524 3515 3846 3574; x_wconf 81' lang='lat' dir='ltr'><strong>inﬁrmitate</strong></span> 
     </span>
    </p>
   </div>
   <div class='ocr_carea' id='block_1_94' title="bbox 2239 3607 3160 3683">
    <p class='ocr_par' dir='ltr' id='par_1_94' title="bbox 2239 3607 3160 3683">
     <span class='ocr_line' id='line_1_94' title="bbox 2239 3607 3160 3683; baseline -0.002 -17"><span class='ocrx_word' id='word_1_771' title='bbox 2239 3617 2563 3683; x_wconf 89' lang='lat' dir='ltr'><strong>temperare.</strong></span> <span class='ocrx_word' id='word_1_772' title='bbox 2595 3607 2754 3666; x_wconf 90' lang='lat' dir='ltr'><strong>Unde</strong></span> <span class='ocrx_word' id='word_1_773' title='bbox 2778 3615 2832 3664; x_wconf 90' lang='lat' dir='ltr'><strong>et</strong></span> <span class='ocrx_word' id='word_1_774' title='bbox 2861 3607 3160 3666; x_wconf 90' lang='lat' dir='ltr'><strong>subditur:</strong></span> 
     </span>
    </p>
   </div>
   <div class='ocr_carea' id='block_1_95' title="bbox 2857 3715 3219 3774">
    <p class='ocr_par' dir='ltr' id='par_1_95' title="bbox 2857 3715 3219 3774">
     <span class='ocr_line' id='line_1_95' title="bbox 2857 3715 3219 3774; baseline -0.006 -1"><span class='ocrx_word' id='word_1_775' title='bbox 2857 3715 3087 3774; x_wconf 87' lang='lat' dir='ltr'><strong>CAPUT</strong></span> <span class='ocrx_word' id='word_1_776' title='bbox 3124 3715 3219 3772; x_wconf 84' lang='lat' dir='ltr'><strong>VI.</strong></span> 
     </span>
    </p>
   </div>
   <div class='ocr_carea' id='block_1_96' title="bbox 2310 3823 3426 3894">
    <p class='ocr_par' dir='ltr' id='par_1_96' title="bbox 2310 3823 3426 3894">
     <span class='ocr_line' id='line_1_96' title="bbox 2310 3823 3426 3894; baseline -0.003 -12"><span class='ocrx_word' id='word_1_777' title='bbox 2310 3827 2449 3884; x_wconf 76' lang='lat' dir='ltr'><strong>Iam.</strong></span> <span class='ocrx_word' id='word_1_778' title='bbox 2481 3855 2552 3866; x_wconf 96' lang='lat'>—</span> <span class='ocrx_word' id='word_1_779' title='bbox 2579 3825 2654 3880; x_wconf 90' lang='lat' dir='ltr'><strong>Et</strong></span> <span class='ocrx_word' id='word_1_780' title='bbox 2677 3839 2846 3894; x_wconf 82' lang='lat' dir='ltr'><strong>aquas</strong></span> <span class='ocrx_word' id='word_1_781' title='bbox 2874 3823 3128 3894; x_wconf 80' lang='lat' dir='ltr'><strong>appendit</strong></span> <span class='ocrx_word' id='word_1_782' title='bbox 3158 3839 3426 3879; x_wconf 87' lang='lat' dir='ltr'><strong>mensura.</strong></span> 
     </span>
    </p>
   </div>
   <div class='ocr_carea' id='block_1_97' title="bbox 2309 3908 3844 3984">
    <p class='ocr_par' dir='ltr' id='par_1_97' title="bbox 2309 3908 3844 3984">
     <span class='ocr_line' id='line_1_97' title="bbox 2309 3908 3844 3984; baseline -0.002 -16"><span class='ocrx_word' id='word_1_783' title='bbox 2309 3916 2363 3973; x_wconf 85' lang='lat'><strong>9.</strong></span> <span class='ocrx_word' id='word_1_784' title='bbox 2393 3913 2617 3974; x_wconf 85' lang='lat' dir='ltr'><strong>Virtutes</strong></span> <span class='ocrx_word' id='word_1_785' title='bbox 2629 3911 2908 3966; x_wconf 85' lang='lat' dir='ltr'><strong>electorum</strong></span> <span class='ocrx_word' id='word_1_786' title='bbox 2917 3910 3196 3982; x_wconf 86' lang='lat' dir='ltr'><strong>permista,</strong></span> <span class='ocrx_word' id='word_1_787' title='bbox 3209 3927 3272 3966; x_wconf 88' lang='lat' dir='ltr'><strong>ne</strong></span> <span class='ocrx_word' id='word_1_788' title='bbox 3291 3909 3642 3977; x_wconf 61' lang='lat' dir='ltr'><strong>extollantur,</strong></span> <span class='ocrx_word' id='word_1_789' title='bbox 3675 3908 3844 3984; x_wconf 77' lang='lat' dir='ltr'><strong>infir-</strong></span> 
     </span>
    </p>
   </div>
   <div class='ocr_carea' id='block_1_98' title="bbox 2237 3995 3844 4074">
    <p class='ocr_par' dir='ltr' id='par_1_98' title="bbox 2237 3995 3844 4074">
     <span class='ocr_line' id='line_1_98' title="bbox 2237 3995 3844 4074; baseline -0.001 -14"><span class='ocrx_word' id='word_1_790' title='bbox 2237 4003 2415 4060; x_wconf 88' lang='lat' dir='ltr'><strong>mitate</strong></span> <span class='ocrx_word' id='word_1_791' title='bbox 2444 4005 2790 4074; x_wconf 83' lang='lat' dir='ltr'><strong>temperat.—</strong></span> <span class='ocrx_word' id='word_1_792' title='bbox 2805 4000 2979 4074; x_wconf 83' lang='lat' dir='ltr'><strong>Aqua</strong></span> <span class='ocrx_word' id='word_1_793' title='bbox 2993 3999 3053 4056; x_wconf 91' lang='lat' dir='ltr'><strong>in</strong></span> <span class='ocrx_word' id='word_1_794' title='bbox 3070 3997 3348 4072; x_wconf 88' lang='lat' dir='ltr'><strong>Scriptura</strong></span> <span class='ocrx_word' id='word_1_795' title='bbox 3363 4015 3518 4056; x_wconf 87' lang='lat' dir='ltr'><strong>sacra</strong></span> <span class='ocrx_word' id='word_1_796' title='bbox 3541 3995 3844 4073; x_wconf 87' lang='lat' dir='ltr'><strong>aliquando</strong></span> 
     </span>
    </p>
   </div>
   <div class='ocr_carea' id='block_1_99' title="bbox 2238 4088 3843 4166">
    <p class='ocr_par' dir='ltr' id='par_1_99' title="bbox 2238 4088 3843 4166">
     <span class='ocr_line' id='line_1_99' title="bbox 2238 4088 3843 4166; baseline -0.001 -16"><span class='ocrx_word' id='word_1_797' title='bbox 2238 4091 2506 4166; x_wconf 89' lang='lat' dir='ltr'><strong>Spiritum</strong></span> <span class='ocrx_word' id='word_1_798' title='bbox 2534 4096 2808 4160; x_wconf 89' lang='lat' dir='ltr'><strong>sanctum,</strong></span> <span class='ocrx_word' id='word_1_799' title='bbox 2837 4088 3136 4164; x_wconf 89' lang='lat' dir='ltr'><strong>aliquando</strong></span> <span class='ocrx_word' id='word_1_800' title='bbox 3157 4088 3446 4146; x_wconf 88' lang='lat' dir='ltr'><strong>scientiam</strong></span> <span class='ocrx_word' id='word_1_801' title='bbox 3463 4105 3700 4160; x_wconf 88' lang='lat' dir='ltr'><strong>sacram,</strong></span> <span class='ocrx_word' id='word_1_802' title='bbox 3729 4088 3843 4150; x_wconf 84' lang='lat' dir='ltr'><strong>ali-</strong></span> 
     </span>
    </p>
   </div>
   <div class='ocr_carea' id='block_1_100' title="bbox 2238 4178 3842 4256">
    <p class='ocr_par' dir='ltr' id='par_1_100' title="bbox 2238 4178 3842 4256">
     <span class='ocr_line' id='line_1_100' title="bbox 2238 4178 3842 4256; baseline -0.002 -17"><span class='ocrx_word' id='word_1_803' title='bbox 2238 4181 2457 4256; x_wconf 89' lang='lat' dir='ltr'><strong>quando</strong></span> <span class='ocrx_word' id='word_1_804' title='bbox 2487 4180 2777 4238; x_wconf 90' lang='lat' dir='ltr'><strong>scientiam</strong></span> <span class='ocrx_word' id='word_1_805' title='bbox 2817 4197 3065 4254; x_wconf 89' lang='lat' dir='ltr'><strong>pravam,</strong></span> <span class='ocrx_word' id='word_1_806' title='bbox 3083 4178 3383 4254; x_wconf 86' lang='lat' dir='ltr'><strong>aliquando</strong></span> <span class='ocrx_word' id='word_1_807' title='bbox 3400 4179 3842 4247; x_wconf 88' lang='lat' dir='ltr'><strong>tribulationem,</strong></span> 
     </span>
    </p>
   </div>
   <div class='ocr_carea' id='block_1_101' title="bbox 2237 4268 3844 4346">
    <p class='ocr_par' dir='ltr' id='par_1_101' title="bbox 2237 4268 3844 4346">
     <span class='ocr_line' id='line_1_101' title="bbox 2237 4268 3844 4346; baseline -0.002 -18"><span class='ocrx_word' id='word_1_808' title='bbox 2237 4269 2533 4346; x_wconf 89' lang='lat' dir='ltr'><strong>aliquando</strong></span> <span class='ocrx_word' id='word_1_809' title='bbox 2576 4269 2879 4330; x_wconf 85' lang='lat' dir='ltr'><strong>deﬁuentes</strong></span> <span class='ocrx_word' id='word_1_810' title='bbox 2924 4268 3156 4345; x_wconf 91' lang='lat' dir='ltr'><strong>populos</strong></span> <span class='ocrx_word' id='word_1_811' title='bbox 3197 4313 3214 4340; x_wconf 94' lang='lat'><strong>,</strong></span> <span class='ocrx_word' id='word_1_812' title='bbox 3253 4268 3552 4343; x_wconf 89' lang='lat' dir='ltr'><strong>aliquando</strong></span> <span class='ocrx_word' id='word_1_813' title='bbox 3583 4269 3604 4304; x_wconf 80' lang='grc'><strong>⁸</strong></span> <span class='ocrx_word' id='word_1_814' title='bbox 3633 4275 3844 4326; x_wconf 86' lang='lat' dir='ltr'><strong>mentes</strong></span> 
     </span>
    </p>
   </div>
   <div class='ocr_carea' id='block_1_102' title="bbox 2237 4357 3841 4436">
    <p class='ocr_par' dir='ltr' id='par_1_102' title="bbox 2237 4357 3841 4436">
     <span class='ocr_line' id='line_1_102' title="bbox 2237 4357 3841 4436; baseline -0.002 -18"><span class='ocrx_word' id='word_1_815' title='bbox 2237 4361 2402 4419; x_wconf 80' lang='lat' dir='ltr'><strong>fidem</strong></span> <span class='ocrx_word' id='word_1_816' title='bbox 2447 4358 2819 4436; x_wconf 85' lang='lat' dir='ltr'><strong>sequentium,</strong></span> <span class='ocrx_word' id='word_1_817' title='bbox 2865 4362 2887 4398; x_wconf 79' lang='lat'><strong><em>°</em></strong></span> <span class='ocrx_word' id='word_1_818' title='bbox 2933 4359 3219 4434; x_wconf 89' lang='lat' dir='ltr'><strong>designare</strong></span> <span class='ocrx_word' id='word_1_819' title='bbox 3260 4359 3459 4417; x_wconf 88' lang='lat' dir='ltr'><strong>solent.</strong></span> <span class='ocrx_word' id='word_1_820' title='bbox 3503 4357 3606 4416; x_wconf 90' lang='lat' dir='ltr'><strong>Per</strong></span> <span class='ocrx_word' id='word_1_821' title='bbox 3644 4375 3841 4434; x_wconf 81' lang='lat' dir='ltr'><strong>aquam</strong></span> 
     </span>
    </p>
   </div>
   <div class='ocr_carea' id='block_1_103' title="bbox 2158 4445 3844 4527">
    <p class='ocr_par' dir='ltr' id='par_1_103' title="bbox 2158 4445 3844 4527">
     <span class='ocr_line' id='line_1_103' title="bbox 2158 4445 3844 4527; baseline -0.003 -18"><span class='ocrx_word' id='word_1_822' title='bbox 2158 4467 2208 4527; x_wconf 80' lang='grc' dir='ltr'><strong>ι)</strong></span> <span class='ocrx_word' id='word_1_823' title='bbox 2236 4452 2437 4526; x_wconf 89' lang='lat' dir='ltr'><strong>quippe</strong></span> <span class='ocrx_word' id='word_1_824' title='bbox 2465 4451 2644 4509; x_wconf 88' lang='lat' dir='ltr'><strong>sancti</strong></span> <span class='ocrx_word' id='word_1_825' title='bbox 2675 4451 2914 4524; x_wconf 90' lang='lat' dir='ltr'><strong>Spiritus</strong></span> <span class='ocrx_word' id='word_1_826' title='bbox 2962 4449 3169 4508; x_wconf 87' lang='lat' dir='ltr'><strong>infusio</strong></span> <span class='ocrx_word' id='word_1_827' title='bbox 3203 4447 3546 4524; x_wconf 87' lang='lat' dir='ltr'><strong>designatur,</strong></span> <span class='ocrx_word' id='word_1_828' title='bbox 3594 4447 3738 4506; x_wconf 87' lang='lat' dir='ltr'><strong>sicut</strong></span> <span class='ocrx_word' id='word_1_829' title='bbox 3781 4445 3844 4504; x_wconf 91' lang='lat' dir='ltr'><strong>in</strong></span> 
     </span>
    </p>
   </div>
   <div class='ocr_carea' id='block_1_104' title="bbox 2231 4535 3843 4615">
    <p class='ocr_par' dir='ltr' id='par_1_104' title="bbox 2231 4535 3843 4615">
     <span class='ocr_line' id='line_1_104' title="bbox 2231 4535 3843 4615; baseline -0.004 -17"><span class='ocrx_word' id='word_1_830' title='bbox 2231 4542 2535 4615; x_wconf 83' lang='lat' dir='ltr'><strong>Evangelio</strong></span> <span class='ocrx_word' id='word_1_831' title='bbox 2561 4541 2797 4599; x_wconf 88' lang='lat' dir='ltr'><strong>dicitur:</strong></span> <span class='ocrx_word' id='word_1_832' title='bbox 2835 4543 2938 4612; x_wconf 90' lang='lat' dir='ltr'><strong>Qui</strong></span> <span class='ocrx_word' id='word_1_833' title='bbox 2967 4542 3130 4598; x_wconf 86' lang='lat' dir='ltr'><strong>credit</strong></span> <span class='ocrx_word' id='word_1_834' title='bbox 3161 4541 3216 4598; x_wconf 90' lang='lat' dir='ltr'><strong>in</strong></span> <span class='ocrx_word' id='word_1_835' title='bbox 3243 4559 3345 4612; x_wconf 86' lang='lat' dir='ltr'><strong>me,</strong></span> <span class='ocrx_word' id='word_1_836' title='bbox 3377 4542 3512 4596; x_wconf 87' lang='lat' dir='ltr'><strong>sicut</strong></span> <span class='ocrx_word' id='word_1_837' title='bbox 3531 4537 3657 4594; x_wconf 84' lang='lat' dir='ltr'><strong>dicit</strong></span> <span class='ocrx_word' id='word_1_838' title='bbox 3685 4535 3843 4593; x_wconf 89' lang='lat' dir='ltr'><strong>Scri-</strong></span> 
     </span>
    </p>
   </div>
   <div class='ocr_carea' id='block_1_105' title="bbox 2225 4629 3836 4708">
    <p class='ocr_par' dir='ltr' id='par_1_105' title="bbox 2225 4629 3836 4708">
     <span class='ocr_line' id='line_1_105' title="bbox 2225 4629 3836 4708; baseline -0.004 -16"><span class='ocrx_word' id='word_1_839' title='bbox 2225 4642 2418 4708; x_wconf 87' lang='lat' dir='ltr'><strong>ptura,</strong></span> <span class='ocrx_word' id='word_1_840' title='bbox 2445 4635 2668 4706; x_wconf 84' lang='lat' dir='ltr'><strong>ﬂumina</strong></span> <span class='ocrx_word' id='word_1_841' title='bbox 2689 4634 2751 4693; x_wconf 85' lang='lat' dir='ltr'><strong>de</strong></span> <span class='ocrx_word' id='word_1_842' title='bbox 2779 4640 2958 4691; x_wconf 85' lang='lat' dir='ltr'><strong>ventre</strong></span> <span class='ocrx_word' id='word_1_843' title='bbox 2983 4635 3098 4706; x_wconf 89' lang='lat' dir='ltr'><strong>ejus</strong></span> <span class='ocrx_word' id='word_1_844' title='bbox 3125 4637 3290 4706; x_wconf 80' lang='lat' dir='ltr'><strong>ﬂuent</strong></span> <span class='ocrx_word' id='word_1_845' title='bbox 3315 4649 3468 4705; x_wconf 70' lang='lat' dir='ltr'><strong>aqua</strong></span> <span class='ocrx_word' id='word_1_846' title='bbox 3494 4631 3624 4685; x_wconf 66' lang='lat' dir='ltr'><strong>viva:</strong></span> <span class='ocrx_word' id='word_1_847' title='bbox 3653 4629 3836 4701; x_wconf 83' lang='lat' dir='ltr'><strong>(Joan.</strong></span> 
     </span>
    </p>
   </div>
   <div class='ocr_carea' id='block_1_106' title="bbox 2232 4718 3842 4800">
    <p class='ocr_par' dir='ltr' id='par_1_106' title="bbox 2232 4718 3842 4800">
     <span class='ocr_line' id='line_1_106' title="bbox 2232 4718 3842 4800; baseline -0.002 -19"><span class='ocrx_word' id='word_1_848' title='bbox 2232 4743 2337 4796; x_wconf 85' lang='lat' dir='ltr'><strong>vu,</strong></span> <span class='ocrx_word' id='word_1_849' title='bbox 2367 4724 2482 4800; x_wconf 89' lang='lat'><strong>38).</strong></span> <span class='ocrx_word' id='word_1_850' title='bbox 2502 4724 2607 4783; x_wconf 90' lang='lat' dir='ltr'><strong>Ubi</strong></span> <span class='ocrx_word' id='word_1_851' title='bbox 2623 4724 2958 4797; x_wconf 89' lang='lat' dir='ltr'><strong>evangelista</strong></span> <span class='ocrx_word' id='word_1_852' title='bbox 2983 4729 3205 4780; x_wconf 88' lang='lat' dir='ltr'><strong>secutus</strong></span> <span class='ocrx_word' id='word_1_853' title='bbox 3218 4718 3475 4793; x_wconf 84' lang='lat' dir='ltr'><strong>adjunxit</strong></span> <span class='ocrx_word' id='word_1_854' title='bbox 3498 4737 3508 4773; x_wconf 89' lang='lat'>:</span> <span class='ocrx_word' id='word_1_855' title='bbox 3529 4718 3640 4773; x_wconf 87' lang='lat' dir='ltr'><strong>Hoc</strong></span> <span class='ocrx_word' id='word_1_856' title='bbox 3665 4721 3842 4779; x_wconf 77' lang='lat' dir='ltr'><strong>autem.</strong></span> 
     </span>
    </p>
   </div>
   <div class='ocr_carea' id='block_1_107' title="bbox 2233 4805 3840 4885">
    <p class='ocr_par' dir='ltr' id='par_1_107' title="bbox 2233 4805 3840 4885">
     <span class='ocr_line' id='line_1_107' title="bbox 2233 4805 3840 4885; baseline -0.005 -15"><span class='ocrx_word' id='word_1_857' title='bbox 2233 4813 2373 4870; x_wconf 72' lang='lat' dir='ltr'><strong>dixit</strong></span> <span class='ocrx_word' id='word_1_858' title='bbox 2401 4815 2462 4870; x_wconf 87' lang='lat' dir='ltr'><strong>de</strong></span> <span class='ocrx_word' id='word_1_859' title='bbox 2499 4813 2728 4885; x_wconf 84' lang='lat' dir='ltr'><strong>Spiritu,</strong></span> <span class='ocrx_word' id='word_1_860' title='bbox 2771 4827 2923 4882; x_wconf 89' lang='lat' dir='ltr'><strong>quem</strong></span> <span class='ocrx_word' id='word_1_861' title='bbox 2962 4808 3229 4878; x_wconf 82' lang='lat' dir='ltr'><strong>accepturi</strong></span> <span class='ocrx_word' id='word_1_862' title='bbox 3267 4813 3420 4862; x_wconf 87' lang='lat' dir='ltr'><strong>erant</strong></span> <span class='ocrx_word' id='word_1_863' title='bbox 3473 4805 3738 4862; x_wconf 85' lang='lat' dir='ltr'><strong>credentes</strong></span> <span class='ocrx_word' id='word_1_864' title='bbox 3781 4805 3840 4862; x_wconf 88' lang='lat' dir='ltr'><strong>in</strong></span> 
     </span>
    </p>
   </div>
   <div class='ocr_carea' id='block_1_108' title="bbox 2233 4894 3836 4974">
    <p class='ocr_par' dir='ltr' id='par_1_108' title="bbox 2233 4894 3836 4974">
     <span class='ocr_line' id='line_1_108' title="bbox 2233 4894 3836 4974; baseline -0.005 -14"><span class='ocrx_word' id='word_1_865' title='bbox 2233 4921 2371 4960; x_wconf 88' lang='lat' dir='ltr'><strong>eum.</strong></span> <span class='ocrx_word' id='word_1_866' title='bbox 2420 4904 2659 4960; x_wconf 87' lang='lat' dir='ltr'><strong>Rursum</strong></span> <span class='ocrx_word' id='word_1_867' title='bbox 2688 4917 2785 4974; x_wconf 91' lang='lat' dir='ltr'><strong>per</strong></span> <span class='ocrx_word' id='word_1_868' title='bbox 2820 4914 3018 4972; x_wconf 89' lang='lat' dir='ltr'><strong>aquam</strong></span> <span class='ocrx_word' id='word_1_869' title='bbox 3055 4913 3209 4953; x_wconf 87' lang='lat' dir='ltr'><strong>sacra</strong></span> <span class='ocrx_word' id='word_1_870' title='bbox 3236 4895 3467 4952; x_wconf 88' lang='lat' dir='ltr'><strong>scientia</strong></span> <span class='ocrx_word' id='word_1_871' title='bbox 3497 4894 3836 4968; x_wconf 89' lang='lat' dir='ltr'><strong>designatur,</strong></span> 
     </span>
    </p>
   </div>
   <div class='ocr_carea' id='block_1_109' title="bbox 2234 4983 3838 5061">
    <p class='ocr_par' dir='ltr' id='par_1_109' title="bbox 2234 4983 3838 5061">
     <span class='ocr_line' id='line_1_109' title="bbox 2234 4983 3838 5061; baseline -0.006 -12"><span class='ocrx_word' id='word_1_872' title='bbox 2234 4993 2377 5050; x_wconf 89' lang='lat' dir='ltr'><strong>sicut</strong></span> <span class='ocrx_word' id='word_1_873' title='bbox 2403 4991 2639 5049; x_wconf 89' lang='lat' dir='ltr'><strong>dicitur:</strong></span> <span class='ocrx_word' id='word_1_874' title='bbox 2687 4989 2845 5061; x_wconf 88' lang='lat' dir='ltr'><strong>Aqua</strong></span> <span class='ocrx_word' id='word_1_875' title='bbox 2885 4985 3158 5061; x_wconf 62' lang='lat' dir='ltr'><strong>sapientiae</strong></span> <span class='ocrx_word' id='word_1_876' title='bbox 3203 4984 3466 5041; x_wconf 82' lang='lat' dir='ltr'><strong>salutaris</strong></span> <span class='ocrx_word' id='word_1_877' title='bbox 3504 4983 3713 5057; x_wconf 83' lang='lat' dir='ltr'><strong>potabit</strong></span> <span class='ocrx_word' id='word_1_878' title='bbox 3754 5002 3838 5041; x_wconf 88' lang='lat' dir='ltr'><strong>eos</strong></span> 
     </span>
    </p>
   </div>
   <div class='ocr_carea' id='block_1_110' title="bbox 2307 5200 3262 5284">
    <p class='ocr_par' dir='ltr' id='par_1_110' title="bbox 2307 5200 3262 5284">
     <span class='ocr_line' id='line_1_110' title="bbox 2307 5200 3262 5284; baseline -0.006 -21"><span class='ocrx_word' id='word_1_879' title='bbox 2307 5206 2330 5284; x_wconf 67' lang='grc' dir='ltr'><strong>ξ</strong></span> <span class='ocrx_word' id='word_1_880' title='bbox 2359 5204 2532 5284; x_wconf 62' lang='lat' dir='ltr'><strong>I_.aud.</strong></span> <span class='ocrx_word' id='word_1_881' title='bbox 2565 5211 2619 5261; x_wconf 90' lang='lat' dir='ltr'><strong>et</strong></span> <span class='ocrx_word' id='word_1_882' title='bbox 2645 5203 2856 5270; x_wconf 87' lang='lat' dir='ltr'><strong>Germ.,</strong></span> <span class='ocrx_word' id='word_1_883' title='bbox 2884 5216 3070 5284; x_wconf 65' lang='lat' dir='ltr'><strong>graves</strong></span> <span class='ocrx_word' id='word_1_884' title='bbox 3090 5200 3262 5257; x_wconf 80' lang='lat' dir='ltr'><strong>corde.</strong></span> 
     </span>
    </p>
   </div>
   <div class='ocr_carea' id='block_1_111' title="bbox 2307 5273 3122 5348">
    <p class='ocr_par' dir='ltr' id='par_1_111' title="bbox 2307 5273 3122 5348">
     <span class='ocr_line' id='line_1_111' title="bbox 2307 5273 3122 5348; baseline -0.009 -13"><span class='ocrx_word' id='word_1_885' title='bbox 2307 5279 2330 5314; x_wconf 80' lang='grc'>⁸</span> <span class='ocrx_word' id='word_1_886' title='bbox 2358 5277 2590 5346; x_wconf 90' lang='lat' dir='ltr'><strong>Turon.,</strong></span> <span class='ocrx_word' id='word_1_887' title='bbox 2615 5292 2714 5348; x_wconf 87' lang='lat' dir='ltr'><strong>per</strong></span> <span class='ocrx_word' id='word_1_888' title='bbox 2731 5273 3122 5348; x_wconf 81' lang='lat' dir='ltr'><strong>conscientiam.</strong></span> 
     </span>
    </p>
   </div>
   <div class='ocr_carea' id='block_1_112' title="bbox 2307 5344 3584 5415">
    <p class='ocr_par' dir='ltr' id='par_1_112' title="bbox 2307 5344 3584 5415">
     <span class='ocr_line' id='line_1_112' title="bbox 2307 5344 3584 5415; baseline -0.005 -11"><span class='ocrx_word' id='word_1_889' title='bbox 2307 5350 2327 5384; x_wconf 87' lang='grc'>⁷</span> <span class='ocrx_word' id='word_1_890' title='bbox 2358 5344 2701 5404; x_wconf 62' lang='grc' dir='ltr'><strong>Βθὶιονζὲιί</strong></span> <span class='ocrx_word' id='word_1_891' title='bbox 2735 5345 2934 5415; x_wconf 88' lang='lat' dir='ltr'><strong>Laud.,</strong></span> <span class='ocrx_word' id='word_1_892' title='bbox 2965 5345 3278 5402; x_wconf 71' lang='lat' dir='ltr'><strong>constantia</strong></span> <span class='ocrx_word' id='word_1_893' title='bbox 3301 5344 3584 5415; x_wconf 68' lang='lat' dir='ltr'><strong>suavitate.</strong></span> 
     </span>
    </p>
   </div>
   <div class='ocr_carea' id='block_1_113' title="bbox 2307 5409 3834 5488">
    <p class='ocr_par' dir='ltr' id='par_1_113' title="bbox 2307 5409 3834 5488">
     <span class='ocr_line' id='line_1_113' title="bbox 2307 5409 3834 5488; baseline -0.006 -12"><span class='ocrx_word' id='word_1_894' title='bbox 2307 5419 2330 5455; x_wconf 72' lang='grc'>⁸</span> <span class='ocrx_word' id='word_1_895' title='bbox 2355 5421 2433 5476; x_wconf 86' lang='lat' dir='ltr'><strong>Ita</strong></span> <span class='ocrx_word' id='word_1_896' title='bbox 2475 5419 2637 5476; x_wconf 88' lang='lat' dir='ltr'><strong>Corb.</strong></span> <span class='ocrx_word' id='word_1_897' title='bbox 2688 5409 3185 5488; x_wconf 51' lang='lat' dir='ltr'><strong>Germ.,&#39;Bellov.,</strong></span> <span class='ocrx_word' id='word_1_898' title='bbox 3230 5418 3458 5484; x_wconf 90' lang='lat' dir='ltr'><strong>Turon.,</strong></span> <span class='ocrx_word' id='word_1_899' title='bbox 3511 5409 3772 5488; x_wconf 74' lang='lat' dir='ltr'><strong>Vindoc.,</strong></span> <span class='ocrx_word' id='word_1_900' title='bbox 3807 5412 3834 5468; x_wconf 77' lang='grc'><strong>1</strong></span> 
     </span>
    </p>
   </div>
   <div class='ocr_carea' id='block_1_114' title="bbox 2231 5484 3832 5562">
    <p class='ocr_par' dir='ltr' id='par_1_114' title="bbox 2231 5484 3832 5562">
     <span class='ocr_line' id='line_1_114' title="bbox 2231 5484 3832 5562; baseline -0.006 -14"><span class='ocrx_word' id='word_1_901' title='bbox 2231 5491 2403 5548; x_wconf 92' lang='lat' dir='ltr'><strong>Laud.</strong></span> <span class='ocrx_word' id='word_1_902' title='bbox 2424 5493 2484 5548; x_wconf 90' lang='lat' dir='ltr'><strong>In</strong></span> <span class='ocrx_word' id='word_1_903' title='bbox 2500 5492 2714 5559; x_wconf 89' lang='lat' dir='ltr'><strong>Norm.,</strong></span> <span class='ocrx_word' id='word_1_904' title='bbox 2736 5490 2859 5562; x_wconf 81' lang='lat' dir='ltr'><strong>fidei</strong></span> <span class='ocrx_word' id='word_1_905' title='bbox 2877 5484 3187 5562; x_wconf 78' lang='lat' dir='ltr'><strong>documenta</strong></span> <span class='ocrx_word' id='word_1_906' title='bbox 3203 5488 3546 5560; x_wconf 87' lang='lat' dir='ltr'><strong>sequentium.</strong></span> <span class='ocrx_word' id='word_1_907' title='bbox 3566 5485 3628 5540; x_wconf 90' lang='lat' dir='ltr'><strong>In</strong></span> <span class='ocrx_word' id='word_1_908' title='bbox 3648 5484 3832 5562; x_wconf 76' lang='lat' dir='ltr'><strong>Germ.</strong></span> 
     </span>
    </p>
   </div>
   <div class='ocr_carea' id='block_1_115' title="bbox 2231 5555 3833 5635">
    <p class='ocr_par' dir='ltr' id='par_1_115' title="bbox 2231 5555 3833 5635">
     <span class='ocr_line' id='line_1_115' title="bbox 2231 5555 3833 5635; baseline -0.006 -13"><span class='ocrx_word' id='word_1_909' title='bbox 2231 5571 2286 5622; x_wconf 88' lang='lat' dir='ltr'><strong>et</strong></span> <span class='ocrx_word' id='word_1_910' title='bbox 2312 5562 2568 5635; x_wconf 81' lang='lat' dir='ltr'><strong>Excusis,</strong></span> <span class='ocrx_word' id='word_1_911' title='bbox 2610 5555 2865 5635; x_wconf 73' lang='lat' dir='ltr'><strong>bonorum</strong></span> <span class='ocrx_word' id='word_1_912' title='bbox 2905 5561 3031 5635; x_wconf 73' lang='lat' dir='ltr'><strong>fidei</strong></span> <span class='ocrx_word' id='word_1_913' title='bbox 3051 5555 3464 5634; x_wconf 75' lang='lat' dir='ltr'><strong>pradicamenta</strong></span> <span class='ocrx_word' id='word_1_914' title='bbox 3493 5555 3833 5629; x_wconf 84' lang='lat' dir='ltr'><strong>sequentium.</strong></span> 
     </span>
    </p>
   </div>
   <div class='ocr_carea' id='block_1_116' title="bbox 2303 5633 2877 5707">
    <p class='ocr_par' dir='ltr' id='par_1_116' title="bbox 2303 5633 2877 5707">
     <span class='ocr_line' id='line_1_116' title="bbox 2303 5633 2877 5707; baseline -0.002 -15"><span class='ocrx_word' id='word_1_915' title='bbox 2303 5636 2324 5672; x_wconf 79' lang='grc'><strong><em>⁸</em></strong></span> <span class='ocrx_word' id='word_1_916' title='bbox 2347 5634 2560 5705; x_wconf 87' lang='lat' dir='ltr'><strong>Germ.,</strong></span> <span class='ocrx_word' id='word_1_917' title='bbox 2588 5633 2877 5707; x_wconf 85' lang='lat' dir='ltr'><strong>designari.</strong></span> 
     </span>
    </p>
   </div>
  </div>
