4172 6184
348 306 441 361 1111

1137 299 1509 356 MORALIUM
1549 299 1682 358 LIB.
1724 300 1881 360 XIX.
1923 326 1995 347 -ι-
2033 299 2263 360 CAPUT
2303 300 2538 357 XXVIII
2578 304 2638 357 Β.
2680 305 2822 359 JOB.

3544 311 3645 371 102

345 408 369 472 (
381 402 542 458 Eucti,
574 417 663 467 xv,
689 398 762 469 3).
796 398 898 451 Per
916 412 1112 470 aquam
1134 413 1349 472 quoque
1377 415 1545 470 prava
1574 400 1807 457 scientia
1834 416 1922 473 ap-
1955 401 2005 461 A
2035 397 2147 454 illis
2186 398 2491 453 virtutibus
2528 400 2848 457 ostendebat
2884 403 3023 474 quid
3061 417 3385 487 acceperat,
3425 410 3483 467 iu
3525 411 3647 469 istis

348 489 535 562 pellari
561 487 703 553 solet,
746 484 891 542 sicut
944 487 1089 558 apud
1131 486 1476 542 Salomonem
1536 487 1763 567 mulier,
1808 504 1928 560 quae

344 589 529 654 typum
556 579 811 633 haereseos
830 583 1002 642 tenet,
1020 574 1239 631 callidis
1267 575 1615 631 suasionibus
1638 575 1931 631 blanditur

351 671 522 726 dicens
550 686 561 723 :
591 668 759 736 Aqua:
786 663 1005 734 furtivae
1032 665 1292 721 dulciores
1322 674 1443 722 sunt
1470 668 1662 739 (Prov.
1699 682 1779 731 ιχ,
1814 664 1928 737 17).

347 760 601 833 Aquarum
630 754 797 809 etiam
816 754 1040 809 nomine
1057 771 1455 829 nonnunquam
1487 756 1664 811 solent
1695 753 1928 810 tribula-

344 844 770 915 tionesintelligi,
789 844 933 900 sicut
949 860 1044 917 per
1058 846 1406 903 Psalmistam
1434 846 1643 902 dicitur
1663 864 1673 901 :
1712 846 1931 901 Salvum

338 936 531 1005 nefac,
567 936 738 1000 Deus,
782 934 1032 1004 quoniam
1074 934 1408 990 intraverunt
1448 953 1603 1009 aqua:
1654 952 1815 1005 usque
1859 934 1931 990 ad

336 1027 551 1081 animam
576 1040 751 1080 meam
774 1024 957 1094 (Psal.
1003 1040 1201 1093 LXVIII,
1231 1026 1310 1097 2).
1370 1026 1472 1081 Per
1514 1041 1710 1098 aquam
1741 1023 1932 1097 populi

334 1113 698 1186 designantur,
732 1114 875 1169 sicut
896 1130 993 1185 per
1019 1114 1284 1170 Joannem
1307 1114 1514 1170 dicitur
1539 1133 1550 1169 :
1594 1115 1764 1185 Aqua:
1809 1131 1930 1168 vero

332 1212 443 1259 sunt
463 1206 651 1277 populi
686 1205 876 1277 (Apoc.
909 1221 1053 1271 xvu,
1088 1205 1201 1275 15).
1222 1205 1323 1260 Per
1342 1222 1540 1279 aquam
1572 1221 1789 1279 quoque
1818 1220 1932 1260 non

331 1293 495 1349 solum
536 1293 729 1348 fluxus
769 1292 1179 1348 decurrentium
1234 1293 1584 1364 populorum,
1629 1293 1724 1349 sed
1764 1292 1931 1347 etiam

330 1383 584 1437 bonorum
634 1389 871 1449 mentes,
917 1380 1045 1436 ﬁdei
1077 1380 1503 1451 praedicamenta
1552 1382 1931 1454 sequentium,

332 1471 700 1542 designantur,
732 1470 875 1526 sicut
906 1468 1170 1542 propheta
1197 1471 1274 1525 ait
1304 1487 1314 1526 :
1350 1471 1504 1526 Beati
1541 1471 1635 1542 qui
1664 1470 1934 1525 seminatis

328 1576 477 1632 super
503 1577 681 1617 omnes
700 1576 871 1630 aquas
902 1559 1057 1630 (Isai.
1092 1576 1276 1628 χχχιι,
1308 1560 1425 1632 20).
1455 1562 1529 1616 Et
1557 1577 1654 1632 per
1708 1558 1933 1615 Psalmi-

329 1656 458 1705 stam
485 1650 695 1707 dicitur
718 1667 730 1704 :
764 1650 876 1708 νοω
904 1648 1118 1704 Domini
1145 1665 1304 1720 super
1332 1667 1502 1720 aquas
1523 1651 1696 1721 (Psal.
1729 1664 1933 1716 xxvm,

2039 485 2459 544 inﬁrmitatibus
2501 488 2607 545 hoc
2653 489 2801 562 quod
2850 501 3128 563 acceperat
3174 485 3540 558 custodiebat.
3582 502 3645 558 In

2040 576 2320 634 miraculis
2349 578 2757 637 monstrabatur
2784 579 2957 650 Elias,
2981 580 3040 637 in
3073 580 3493 647 inﬁrmitatibus
3520 608 3648 650 ser-

2040 666 2294 724 vabatur.

2115 756 2200 812 11.
2246 758 2319 814 Et
2355 757 2517 814 Pauli
2543 765 2763 817 mortem
2790 758 3126 826 destinantis,
3155 766 3253 817 aut
3289 761 3501 820 Satame
3530 772 3649 821 ten—

2043 845 2262 903 tationes
2282 847 2552 918 patientis.
2586 878 2658 889 —-
2684 848 2775 905 Sic
2812 849 3045 905 Paulum
3076 849 3240 907 video
3271 849 3570 910 ﬂuminum
3597 861 3653 910 et

2042 934 2342 1003 latronum,
2373 935 2617 992 civitatis
2645 944 2700 993 et
2726 937 3069 1009 solitudinis,
3091 940 3261 997 maris
3287 956 3352 998 ac
3381 948 3541 999 terrae
3563 958 3650 1014 pe-

2040 1023 2218 1081 ricula
2245 1025 2608 1082 sustinentem
2645 1026 2733 1099 (II
2762 1027 2887 1085 Cor.
2919 1046 3001 1098 χι,
3032 1031 3149 1103 26),
3178 1030 3485 1089 frenantem
3510 1031 3650 1105 jeju-

2042 1115 2175 1183 niis,
2195 1132 2258 1172 ac
2274 1114 2482 1188 vigiliis
2497 1132 2715 1190 corpus,
2730 1118 3099 1176 sustinentem
3118 1120 3345 1194 frigoris
3365 1129 3419 1179 et
3434 1122 3650 1181 nudita-

2042 1204 2115 1261 tis
2158 1221 2482 1273 aerumnam,
2522 1205 2592 1261 ad
2628 1208 2988 1266 ecclesiarum
3017 1210 3325 1268 custodiam
3357 1212 3653 1285 vigilanter

2043 1310 2101 1350 se
2131 1310 2193 1351 ac
2231 1294 2575 1366 pastoraliter
2597 1298 2615 1330 ⁷
2657 1306 3032 1367 exercentem,
3074 1300 3142 1356 ad
3180 1300 3409 1357 tertium
3449 1303 3649 1360 caelum

2044 1391 2288 1457 raptum,
2310 1400 2641 1458 rursumque
2659 1402 2784 1441 eum
2806 1387 2866 1442 in
2888 1389 3203 1459 paradisum
3224 1398 3443 1462 raptum
3462 1391 3649 1464 (Ibid,

2044 1489 2147 1542 χιι,
2177 1471 2260 1544 li),
2292 1480 2347 1529 et
2372 1473 2586 1530 audisse
2615 1491 2815 1532 arcana
2843 1476 3011 1533 verba
3040 1494 3161 1550 quae
3191 1494 3303 1534 non
3326 1479 3456 1535 licet
3474 1479 3649 1537 homi-

2044 1561 2104 1617 ni
2151 1561 2337 1634 loqui;
2388 1570 2442 1618 et
2487 1570 2671 1620 tamen
2717 1565 2930 1621 Satanas
2970 1567 3164 1638 angelo
3210 1567 3276 1623 ad
3327 1568 3651 1627 tentandum

2046 1651 2373 1708 conceditur
2423 1652 2586 1724 (Ibid.
2648 1671 2752 1724 χιι,
2798 1657 2878 1728 7),
2910 1665 3031 1714 orat
3058 1666 3122 1714 ut
3148 1658 3324 1715 eximi
3353 1658 3568 1727 debeat,
3598 1666 3669 1749 et,

328 1740 401 1811 3).
432 1740 547 1796 Hoc
565 1756 700 1812 ergo
729 1739 786 1794 in
805 1739 925 1795 loco
954 1738 1088 1812 quid
1108 1755 1374 1812 aquarum
1406 1738 1631 1795 nomine
1659 1738 1768 1794 nisi
1798 1737 1935 1793 elec-
1964 1759 2011 1820 Β
2046 1758 2158 1798 ιιοιι
2190 1742 2506 1799 exauditur.
2552 1742 2722 1816 Cujus
2757 1762 2885 1802 cum
2934 1747 3056 1819 ipsa
3082 1748 3245 1805 initia
3270 1749 3290 1784 ⁸
3318 1748 3653 1807 conversio-

327 1836 502 1887 torum
517 1830 689 1887 corda
704 1829 1012 1901 signantur,
1036 1845 1156 1902 quas
1173 1845 1268 1901 per
1288 1829 1633 1886 intellectum
1651 1826 1937 1901 sapientia:

325 1920 579 1975 auditum
604 1919 721 1991 jam
755 1934 1007 1992 supernae
1038 1919 1189 1975 vocis
1226 1920 1600 1991 acceperunt?
1628 1920 1705 1974 De
1735 1918 1938 1990 quibus

324 2016 473 2064 recte
501 2009 735 2066 dicitur:
778 2011 851 2066 Et
876 2027 1047 2080 aquas
1088 2010 1341 2081 appendit
1384 2026 1659 2064 mensura.
1712 2006 1856 2081 [Vet.
1889 2015 1939 2063 et

324 2099 441 2155 Res.
475 2096 600 2172 V.].
634 2098 774 2166 Quia
814 2099 992 2155 sancti
1050 2099 1154 2171 ipsi
1201 2099 1298 2171 qui
1344 2101 1361 2134 ί
1392 2105 1581 2155 sancto
1616 2097 1940 2154 sublevante

325 2187 532 2258 Spiritu
569 2186 641 2244 ad
675 2205 893 2245 summa
921 2188 1234 2260 rapiuntur,
1280 2189 1530 2261 quandiu
1586 2187 1645 2243 in
1686 2187 1790 2243 hac
1820 2187 1939 2243 vita

323 2284 467 2346 sunt,
499 2294 572 2332 ne
595 2278 779 2350 aliqua
806 2278 1042 2333 elatione
1069 2277 1412 2350 superbiant,
1448 2276 1778 2351 quibusdam
1809 2286 1941 2333 ten-

324 2367 631 2423 tationibus
657 2368 1056 2440 reprimuntur,
1077 2375 1139 2423 ut
1158 2384 1507 2440 nequaquam
1536 2376 1755 2423 tantum
1778 2367 1940 2440 proﬁ-

321 2470 435 2512 cere
463 2456 697 2513 valeant
717 2464 985 2528 quantum
1005 2457 1225 2524 volunt,
1244 2457 1341 2512 sed
1373 2472 1444 2511 ne
1472 2458 1812 2512 extollantur
1839 2472 1944 2511 su-

322 2545 545 2615 perbia,
578 2546 653 2601 sit
676 2544 734 2599 in
774 2545 855 2598 eis
902 2544 1143 2614 ipsarum
1173 2544 1427 2616 quaedam
1456 2560 1714 2600 mensura
1758 2545 1944 2600 virtu-

318 2642 437 2689 tum
450 2679 463 2690 .

386 2721 481 2777 10.
532 2721 693 2788 Quod
710 2721 1056 2793 conﬁrmatur
1107 2723 1348 2793 exemplo
1371 2721 1511 2778 Elia:
1536 2722 1823 2779 Jezabelem
1837 2722 1941 2794 fu-

320 2811 527 2883 gientis.
566 2839 641 2850 —
668 2810 812 2865 Hinc
841 2817 923 2865 est
950 2810 1095 2865 enim
1114 2810 1263 2879 quod
1284 2810 1435 2865 Elias
1451 2810 1581 2866 dum
1614 2817 1693 2867 tot
1722 2812 1940 2868 virtuti-

326 2902 423 2957 bus
491 2904 645 2963 608
693 2899 751 2954 in
807 2899 918 2954 alta
991 2900 1332 2971 profecisset,
1376 2900 1612 2973 quadam
1685 2919 1942 2959 mensura

325 3014 625 3071 suspensus
670 3003 774 3065 est,
822 2995 955 3052 dum
1017 2997 1229 3053 Jezabel
1290 2998 1644 3071 postmodum
1689 3000 1941 3073 quamvis

326 3087 595 3184 reginam,
627 3093 810 3184 tamen
841 3086 1225 3184 mulierculam
1257 3089 1398 3184 fugit
1429 3090 1694 3184 (IIIReg.
1729 3108 1829 3184 χιχ
1859 3091 1938 3165 3).
1976 3122 2021 3184 C

330 3175 615 3247 Perpendo
644 3175 848 3248 quippe
890 3175 1042 3232 hunc
1072 3176 1225 3232 mirae
1256 3177 1479 3234 virtutis
1507 3178 1716 3249 virum,
1756 3180 1939 3253 ignem

330 3263 389 3320 de
417 3266 560 3322 coelo
600 3265 835 3333 trahere,
868 3267 889 3301 ⁸
925 3273 979 3321 et
1008 3266 1249 3323 secundo
1291 3268 1793 3342 quinquagenarios
1813 3288 1939 3327 cum

329 3355 439 3409 suis
466 3354 729 3409 omnibus
758 3353 1025 3428 petitione
1042 3354 1223 3410 subita
1244 3373 1616 3426 concremare,
1650 3359 1820 3415 verbo
1837 3376 1940 3416 coe-

332 3442 411 3498 los
438 3459 469 3498 a
503 3442 714 3515 pluviis
741 3442 1017 3512 claudere,
1048 3443 1217 3499 verbo
1247 3446 1416 3501 cmlos
1459 3446 1528 3501 ad
1558 3447 1776 3519 pluvias
1805 3463 1943 3520 ape-

331 3531 459 3600 rire,
487 3530 846 3588 suscitantem
876 3539 1144 3601 mortuos,
1178 3534 1199 3569 3
1230 3541 1464 3590 ventura
1490 3553 1719 3609 quaeque
1749 3537 1941 3610 praevi-

333 3619 559 3674 dentem
589 3638 605 3686 ',
635 3628 688 3675 et
714 3638 835 3699 ecce
875 3639 1068 3678 rursus
1096 3622 1284 3678 animo
1315 3624 1581 3693 occurrit,
1601 3642 1711 3697 quo
1740 3643 1940 3699 pavore

335 3716 467 3764 ante
516 3724 680 3764 unam
726 3694 1103 3769 mtilierculam
1159 3712 1381 3783 fugerit.
1416 3694 1716 3770 Considero
1760 3716 1940 3772 virum

339 3792 361 3834 ’λ
384 3799 582 3855 timore
597 3802 905 3872 perculsum
926 3802 992 3858 de
1014 3819 1183 3858 manu
1210 3802 1307 3857 Dei
1331 3809 1565 3857 mortem
1600 3811 1801 3875 petere,
1842 3822 1943 3863 nec

335 3889 612 3962 accipere;
646 3890 712 3945 de
740 3908 908 3947 manu
941 3891 1193 3947 mulieris
1211 3899 1443 3947 mortem
1464 3892 1729 3965 fugiendo
1745 3893 1938 3951 vitare.

338 3978 620 4045 Qumrebat
641 3979 791 4036 enim
824 3988 1056 4037 mortem
1076 3981 1210 4038 dum
1233 3981 1464 4054 fugeret,
1482 3982 1670 4038 dicens
1694 4000 1705 4039 :
1733 3983 1946 4057 Sufﬁcit

339 4071 482 4137 mihi,
540 4072 661 4127 tolle
710 4071 949 4127 animam
988 4088 1378 4143 meam;neque
1425 4072 1561 4127 enim
1604 4074 1791 4129 melior
1828 4091 1945 4130 sum

342 4174 491 4229 quam
515 4167 694 4232 patres
724 4160 824 4215 mei
845 4160 1175 4233 (Ibid.,xrx,
1198 4160 1278 4230 4).
1312 4160 1466 4217 Unde
1495 4177 1623 4235 ergo
1643 4162 1723 4219 sic
1751 4170 1944 4235 potens

342 4256 398 4303 ut
420 4255 502 4304 tot
530 4248 651 4305 illas
679 4249 919 4306 virtutes
946 4249 1161 4307 faciat?
1189 4249 1335 4306 unde
1365 4251 1446 4306 sic
1480 4250 1760 4321 inﬁrmus,
1791 4259 1852 4308 ut
1867 4253 1945 4308 ita

343 4336 596 4393 feminam
628 4339 999 4412 pertimescat,
1035 4338 1143 4395 nisi
1195 4338 1337 4411 quia
1365 4355 1518 4412 aqua;
1559 4341 1947 4412 appenduntur

345 4439 617 4493 mensura,
648 4434 712 4482 ut
738 4428 843 4501 ipsi
874 4427 1050 4486 sancti
1084 4427 1181 4484 Dei
1204 4427 1457 4484 homines
1486 4436 1540 4484 et
1569 4429 1805 4485 multum
1836 4446 1944 4484 va-

346 4513 495 4568 leant
513 4529 608 4586 per
624 4519 919 4587 potentiam
950 4518 1072 4586 Dei,
1104 4525 1159 4573 et
1179 4533 1397 4572 rursum
1428 4517 1664 4591 quadam
1682 4534 1941 4575 mensura

349 4602 609 4659 moderati
637 4605 747 4661 sint
784 4623 877 4680 per
907 4606 1288 4662 inﬁrmitatem
1308 4623 1462 4662 suam
1486 4608 1514 4663 ‘P
1542 4608 1606 4662 In
1635 4607 1747 4663 illis
1768 4607 1940 4663 virtu-

350 4692 462 4750 ibus
479 4695 630 4752 Elias
657 4696 791 4770 quid
811 4697 878 4754 de
920 4700 1035 4754 Deo
1062 4703 1366 4768 acceperat,
1398 4697 1457 4751 in
1494 4696 1615 4752 istis
1657 4695 1946 4753 inﬁrmita-

350 4783 487 4842 tibus
510 4790 531 4823 ⁵
573 4788 708 4861 quid
751 4788 818 4845 de
867 4805 923 4845 se
967 4805 1082 4845 esse
1152 4794 1386 4861 poterat,
1449 4786 1798 4860 agnoscebat.
1849 4787 1950 4843 Illa

352 4879 579 4947 potentia
594 4879 777 4937 virtus
797 4879 924 4950 fuit,
941 4881 1045 4938 ista
1060 4880 1353 4937 inﬁrmitas
1373 4888 1559 4938 custos
1594 4879 1869 4937 virtutis.6
1886 4881 1947 4937 In

420 5078 684 5154 ‘_Gern1_.,
701 5081 908 5154 quisue
940 5082 1137 5154 levante
1159 5080 1385 5154 Spiritu.
1406 5082 1569 5137 Deest
1588 5080 1756 5138 etiam
1769 5088 1946 5139 saneto

349 5146 401 5204 in
440 5150 464 5206 1
490 5146 679 5208 Ιιειιιιιὶξ
697 5146 749 5208 ét
780 5151 943 5210 Corb.
972 5153 1158 5210 Germ.

414 5220 534 5295 ’Aln
564 5224 779 5280 omnib.
810 5226 939 5282 Mss.
971 5225 1180 5292 Germ.,
1209 5224 1424 5293 Norm.,
1455 5223 1652 5293 Laud.,
1685 5224 1947 5295 Vindoc.,

349 5291 504 5368 Corb.
536 5296 750 5363 Germ.,
782 5304 912 5364 etc.,
942 5296 1019 5351 ita
1039 5291 1258 5367 legitur,
1282 5291 1420 5351 non:
1458 5302 1505 5350 et
1531 5291 1752 5368 secundo
1795 5291 1949 5368 quin;

345 5367 593 5491 qnuaginta
606 5368 770 5423 viros.
784 5413 793 5424 .
807 5412 819 5424 .
838 5368 1087 5439 petitione
1100 5366 1329 5448 subdita,
1349 5376 1409 5423 ut
1425 5374 1508 5449 est
1528 5366 1585 5421 in
1604 5366 1786 5449 Editis
1802 5366 1943 5440 post.

431 5438 548 5491 sola
619 5440 892 5491 Gussanv.
938 5438 1167 5491 habetur
1211 5444 1595 5491 aunmwaamta
1640 5456 1805 5491 viros.
1850 5456 1943 5491 nm

431 5438 548 5493 sola
619 5438 892 5496 Gussanv.
938 5438 1167 5494 habetur
1211 5438 1595 5512 quinquaginta
1640 5438 1818 5505 viros,
1849 5456 1948 5512 pro

347 5508 847 5581 quinquagenarias.

352 5648 363 5660 .
416 5581 437 5614 ³
476 5581 540 5662 In
562 5582 688 5638 aliis
706 5584 838 5653 Ed.,
866 5587 1092 5638 ventura
1110 5598 1331 5654 quoque,
1359 5582 1505 5656 quod
1526 5581 1584 5637 in
1615 5582 1786 5639 nullis
1813 5583 1939 5640 Mss.

350 5665 688 5711 invenimus.

419 5724 438 5757 ⁴
478 5725 563 5781 Ita
599 5742 790 5787 omnes
817 5727 944 5787 Mss.
974 5725 1182 5794 nostri;
1230 5742 1363 5797 non,
1406 5725 1586 5783 timore
1612 5743 1940 5801 percussum,

2048 1830 2136 1887 nis
2166 1830 2394 1902 aspicio,
2425 1832 2705 1903 perpendo
2738 1833 2892 1907 quod
2933 1836 2984 1891 ei
3023 1852 3257 1908 superna
3287 1837 3459 1909 pietas
3486 1837 3654 1895 cmlos

2047 1920 2242 1992 aperit,
2274 1936 2498 1994 seseque
2527 1921 2611 1978 illi
2639 1923 2795 1981 Iesus
2823 1923 2890 1980 de
2918 1924 3250 1982 sublimibus
3275 1924 3652 1993 ostendit.Qui

2048 2008 2237 2064 lumen
2265 2011 2512 2083 corporis
2540 2012 2609 2068 ad
2638 2020 2856 2086 tempus
2874 2015 3138 2087 perdidit,
3160 2017 3348 2073 lumen
3377 2017 3560 2075 cordis
3594 2015 3652 2072 in

2048 2107 2374 2171 perpetuum
2404 2103 2727 2175 accepitAd
2740 2104 3014 2163 Ananiam
3043 2107 3289 2164 mittitur
3307 2107 3451 2178 (Act.
3469 2124 3552 2174 ιχ,
3571 2106 3650 2177 7),

2050 2204 2149 2244 vas
2186 2188 2471 2246 electionis
2501 2199 2762 2260 vocatur;
2813 2201 2867 2250 et
2896 2201 3078 2251 tamen
3107 2195 3174 2251 de
3204 2195 3429 2252 civitate
3461 2194 3651 2252 eadem

2050 2293 2213 2350 quam
2244 2286 2365 2349 post
2393 2280 2664 2338 Visionem
2693 2282 2821 2338 Jesu
2840 2283 3116 2355 ingressus
3137 2283 3317 2340 fuerat
3337 2283 3553 2356 fugiens
3573 2298 3651 2338 re-

2050 2366 2216 2434 cedit,
2247 2366 2390 2423 sicut
2417 2368 2534 2441 ipse
2560 2377 2793 2427 testatur
2812 2372 3031 2430 dicens:
3065 2373 3316 2430 Damasci
3336 2372 3653 2443 praepositus

2047 2455 2214 2526 gentis
2261 2455 2439 2512 Areten
2485 2459 2621 2530 regis
2658 2461 2976 2515 custodiebat
3001 2461 3264 2517 civitatem
3290 2461 3653 2518 Damasceno—

2049 2562 2193 2611 rum,
2226 2551 2283 2600 ut
2308 2562 2388 2600 me
2407 2548 2893 2618 comprehenderet;
2914 2556 2961 2606 et
2972 2566 3074 2622 per
3090 2550 3378 2621 fenestram
3396 2549 3455 2605 in
3470 2558 3654 2621 sporta

2050 2638 2073 2693 η⁹
2093 2635 2321 2691 amissus
2367 2654 2486 2692 sum
2520 2655 2620 2709 per
2658 2655 2895 2705 murum,
2935 2646 2985 2696 et
3024 2640 3097 2697 sic
3123 2640 3281 2713 effugi
3309 2656 3497 2697 manus
3538 2641 3655 2712 ejus

2054 2722 2143 2793 (II
2176 2724 2301 2780 Cor.
2339 2741 2420 2793 χι,
2452 2725 2567 2798 32).
2600 2726 2701 2783 Cui
2751 2728 2981 2784 licenter
3018 2729 3200 2786 dicam
3234 2747 3245 2784 :
3292 2732 3337 2786 Ο
3368 2730 3553 2797 Paule,
3594 2729 3653 2785 in

2051 2813 2189 2867 ccelo
2213 2811 2328 2884 jam
2358 2814 2544 2870 Jesum
2587 2816 2883 2889 conspicis,
2922 2826 2977 2874 et
3004 2818 3064 2874 in
3092 2825 3239 2874 terra
3266 2819 3449 2874 adhuc
3478 2817 3653 2874 homi-

2051 2916 2178 2956 nem
2206 2902 2392 2974 fugis?
2418 2906 2481 2959 In
2510 2904 2825 2977 paradisum
2853 2905 3094 2975 duceris,
3126 2916 3333 2963 secreta
3360 2908 3459 2963 Dei
3490 2907 3655 2963 verba

2050 2991 2357 3062 cognoscis,
2387 3000 2441 3046 et
2469 2992 2650 3048 adhuc
2677 3010 2707 3048 a
2737 2995 2950 3049 Satanae
2982 2997 3175 3066 angelo
3203 2994 3478 3050 tentaris?
3500 2994 3655 3051 Unde

2051 3078 2131 3134 sic
2160 3080 2340 3146 fortis,
2373 3086 2434 3134 ut
2462 3080 2530 3135 ad
2550 3082 2790 3137 caelestia
2805 3081 3078 3153 rapiaris?
3098 3083 3252 3139 Unde
3272 3083 3349 3139 sic
3380 3082 3654 3151 inﬁrmus,

2052 3176 2114 3224 ut
2142 3168 2200 3223 in
2232 3176 2376 3224 terra
2405 3169 2686 3228 hominem
2716 3172 2914 3245 fugias,
2946 3180 2999 3229 et
3026 3173 3212 3233 adhuc
3239 3192 3271 3232 a
3299 3175 3511 3233 Satanae
3563 3191 3656 3232 an-

2051 3259 2170 3330 gelo
2199 3258 2428 3316 adversa
2454 3261 2674 3332 toleres,
2718 3261 2826 3319 nisi
2866 3262 2996 3337 quia
3034 3263 3149 3336 ipse
3190 3265 3283 3337 qui
3316 3272 3369 3323 te
3399 3266 3653 3324 sublevat

2048 3360 2266 3403 rursum
2296 3349 2657 3407 subtilissima
2683 3359 2736 3407 te
2766 3368 3021 3408 mensura
3050 3353 3396 3424 moderatur,
3427 3363 3489 3412 ut
3516 3362 3570 3411 et
3598 3353 3657 3410 in

2049 3439 2331 3497 miraculis
2347 3442 2458 3498 tuis
2478 3442 2637 3499 nobis
2657 3442 2920 3516 praedices
2937 3445 3198 3501 virtutem
3215 3445 3338 3515 Dei,
3362 3451 3414 3501 et
3435 3460 3656 3502 rursum
3760 3456 3777 3463 ’

2049 3532 2108 3589 in
2138 3535 2339 3589 timore
2382 3543 2479 3591 tuo
2516 3535 2797 3592 reminisci
2829 3553 2942 3593 non
2970 3536 3138 3593 facias
3168 3536 3512 3594 inﬁrmitatis
3540 3552 3657 3594 no-

2049 3624 2213 3680 strae?
2255 3624 2387 3691 Quae
2427 3632 2613 3681 tamen
2660 3625 2955 3683 inﬁrmitas
2998 3642 3066 3683 ne
3112 3626 3170 3682 in
3219 3626 3656 3699 desperationem

2049 3729 2150 3768 nos
2179 3714 2461 3785 pertrabat
2500 3731 2629 3771 cum
2673 3716 2874 3788 pulsat,
2923 3716 3055 3772 dum
3100 3716 3166 3772 de
3210 3715 3535 3773 inﬁrmitate
3562 3725 3659 3774 tua

2049 3801 2353 3857 Dominum
2396 3819 2633 3875 rogares,
2677 3809 2820 3865 609
2865 3804 2995 3878 quia
3042 3803 3266 3859 auditus
3295 3820 3407 3858 non
3436 3821 3514 3873 es,
3548 3822 3660 3861 no-

2050 3892 2137 3949 bis
2164 3909 2381 3966 quoque
2410 3895 2627 3950 locutus
2646 3914 2704 3954 es
2732 3897 2867 3970 quid
2897 3896 3099 3951 audisti
3135 3914 3146 3949 :
3183 3896 3382 3967 Sufﬁcit
3403 3894 3494 3950 tibi
3521 3912 3660 3967 gra-

2054 3984 2129 4040 tia
2155 4001 2290 4053 mea,
2321 4001 2447 4040 nam
2474 3986 2645 4042 virtus
2674 3988 2730 4064 in
2761 3985 3065 4059 inﬁrmitate
3085 3984 3365 4057 perﬁcitur
3396 3985 3483 4057 (ΙΙ
3530 3985 3655 4044 Cor.

2051 4091 2155 4142 χιι,
2188 4075 2269 4149 9).

2126 4163 2265 4240 [νει.
2323 4164 2441 4242 VL]
2492 4166 2629 4225 12¹⁰
2677 4169 2865 4225 Custos
2908 4166 3120 4222 virtutis
3147 4172 3222 4222 est
3248 4164 3555 4240 inﬁrmitas.
3589 4196 3660 4208 —

2052 4255 2257 4326 Aperta
2285 4271 2413 4329 ergo
2441 4273 2576 4315 voce
2606 4257 2705 4314 Dei
2736 4255 3048 4313 ostenditur
3068 4255 3198 4330 quia
3227 4263 3412 4314 custos
3441 4266 3523 4313 est
3552 4256 3659 4312 vir-

2051 4343 2188 4399 tutis
2216 4343 2530 4403 inﬁrmitas.
2565 4347 2721 4403 Tunc
2750 4346 2953 4420 quippe
2981 4345 3120 4402 bene
3157 4346 3393 4403 interius
3422 4342 3659 4403 custodi-

2054 4448 2199 4502 mur,
2229 4450 2355 4491 cum
2385 4452 2482 4508 per
2511 4436 2978 4508 dispensationem
3008 4434 3109 4490 Dei
3138 4435 3500 4491 tolerabiliter
3529 4443 3659 4491 ten-

2048 4527 2252 4590 tamur,
2275 4524 2519 4579 exterius
2537 4523 2835 4596 aliquando
2856 4523 3030 4591 vitiis,
3053 4523 3350 4596 aliquando
3371 4523 3657 4596 pressuris.

2056 4615 2191 4671 Nam
2222 4614 2301 4669 eis
2330 4629 2544 4686 quoque
2574 4629 2711 4686 quos
2725 4612 2876 4668 viros
2896 4611 3157 4668 novimus
3173 4612 3343 4669 fuisse
3364 4612 3659 4682 virtutum,

2055 4703 2385 4760 tentationes
2413 4708 2575 4775 atque
2615 4700 2916 4757 certamina
2962 4717 3075 4758 non
3118 4700 3341 4758 defuere
3371 4702 3657 4769 vitiorum,

2056 4794 2199 4851 Hinc
2225 4801 2307 4850 est
2334 4792 2480 4849 enim
2513 4791 2659 4865 quod
2681 4791 2749 4847 ad
2770 4792 3204 4849 consolationem
3225 4800 3469 4849 nostram
3486 4789 3659 4846 isdem

2056 4883 2380 4956 praedicator
2406 4881 2651 4955 egregius
2681 4881 2748 4939 de
2776 4899 2833 4940 se
2861 4881 3115 4958 quaedam
3142 4881 3274 4937 talia
3304 4877 3534 4953 prodere
3564 4876 3661 4934 di-

2054 5089 2117 5139 ut
2145 5081 2203 5138 in
2233 5081 2414 5140 Vatic.
2448 5088 2503 5139 et
2530 5081 2805 5139 Gussanv.

2128 5156 2151 5190 δ
2182 5153 2344 5211 Corb.
2377 5154 2586 5222 Germ,
2619 5155 2873 5210 Beccens.
2918 5156 2974 5205 et
3000 5147 3172 5215 Utic.,
3202 5146 3333 5219 quid
3358 5148 3563 5215 deesse;
3592 5148 3653 5207 in

2055 5225 2406 5302 aliis_mel_ius
2435 5225 2653 5302 quidde
2679 5241 2731 5278 se
2755 5225 2982 5302 poterat.

2129 5301 2150 5334 ⁶
2180 5291 2459 5365 Vindoc.,”
2474 5298 2531 5350 in
2557 5295 2669 5349 illis
2701 5291 3009 5365 coelestibus.

2126 5370 2146 5403 ⁷
2178 5368 2402 5436 Vulgati
2431 5373 2794 5438 recenttcum
2836 5364 3047 5438 Germ,
3091 5370 3402 5421 exerentem.
3450 5364 3658 5438 sequi-

2055 5455 2179 5493 mur
2218 5435 2345 5494 Mss.
2380 5439 2610 5503 Turon.,
2643 5435 2839 5505 Vind.,
2869 5435 3085 5504 Norm.,
3116 5441 3246 5507 etc.,
3277 5444 3331 5494 et
3358 5435 3655 5510 antiquio-

2053 5526 2138 5565 res
2167 5512 2432 5565 Excuses.

2127 5583 2147 5616 ⁸
2177 5580 2372 5646 Vind,
2403 5579 2836 5637 conservationis.

2124 5654 2146 5689 9
2180 5653 2204 5708 1
2246 5652 2417 5708 Laud.
2451 5658 2505 5707 et
2530 5650 2746 5721 Norm.,
2776 5652 3050 5711 demissum

2128 5725 2172 5759 ιθ
2202 5724 2474 5797 Plerique,
2504 5730 2701 5796 aperte.
