4172 6184
480 242 580 298 103

1675 248 1923 308 SANCT-I
1961 245 2302 315 GREGORII
2346 259 2500 318 MAG
2510 262 2584 319 NI

3694 249 3795 340 mi

477 375 693 438 gnatur,
724 365 914 475 dicens
945 385 967 467 ε.
1181 369 1348 426 aliam
1379 371 1620 475 legem-in
1648 375 1895 475 membris
1921 376 2075 446 meis,
2103 383 2152 443 Α
2185 386 2456 445 vocabitur
2485 389 2542 445 in
2561 407 2721 462 regno
2750 398 3020 454 calorum.
3042 400 3185 468 Quid
3210 385 3388 459 autem
3405 403 3610 475 fecerit,
3631 413 3679 462 et
3705 409 3794 464 do-

473 463 848 528 repugnantem
869 457 967 528 legi
983 456 1168 512 ment-is
1183 475 1327 525 mete,
1357 465 1406 515 et
1432 460 1694 533 captivum
1706 480 1786 518 me
1804 464 2070 522 ducentem

473 543 530 598 in
560 546 666 616 lege
686 546 905 617 peccati,
927 563 1043 617 quae
1057 553 1131 602 est
1147 545 1206 602 in
1223 548 1467 605 membris
1483 551 1610 606 meis
1633 552 1808 622 (Rom.
1826 570 1927 622 vn,
1950 555 2069 628 23).

473 631 561 688 Ad
590 633 700 688 ima
729 633 932 706 quippe
960 634 1232 707 pertrahit
1259 653 1408 706 caro,
1438 653 1509 695 ne
1535 639 1767 696 extollat
1793 641 2022 714 spiritus
2054 659 2068 700 :

476 721 492 754 ¹
525 726 578 774 et
605 719 674 776 ad
702 737 918 776 summa
957 721 1131 778 trahit
1175 723 1424 796 spiritus,
1473 741 1542 782 ne
1587 735 1896 800 prosternat
1922 747 2070 788 caro.

467 800 708 878 Spiritus
739 809 905 879 levat,
953 827 1021 866 ne
1051 810 1332 884 jaceamus
1361 814 1420 870 in
1449 815 1687 884 inﬁmis;
1721 834 1848 874 caro
1875 835 2080 891 aggra-

469 903 584 964 vat,
622 913 692 952 ne
733 899 1070 958 extollamur
1113 919 1181 960 ex
1211 903 1460 961 summis.
1513 905 1570 961 Si
1612 923 1724 962 non
1753 907 2076 966 sublevante

469 985 670 1058 spiritu
699 1003 800 1044 nos
827 1005 956 1046 caro
983 999 1238 1061 tentaret,
1273 993 1294 1028 ³
1324 994 1656 1066 perfectione
1684 997 1874 1069 procul
1905 998 2078 1056 dubio

469 1075 790 1132 tentationis
816 1094 927 1134 suae
958 1079 1016 1135 in
1045 1079 1156 1136 ima
1184 1080 1461 1154 dejiceret.
1485 1084 1722 1141 Rursum
1742 1102 1872 1141 vero
1891 1087 1937 1141 si
1959 1103 2072 1143 non

471 1171 712 1222 tentante
741 1183 903 1224 carne
933 1168 1001 1224 ad
1029 1185 1244 1226 summa
1272 1187 1373 1226 nos
1400 1172 1629 1244 spiritus
1657 1172 1986 1244 sublevaret,
2017 1175 2078 1232 in

468 1255 736 1326 superbiae
764 1273 898 1314 casu
929 1257 1045 1330 ipsa
1065 1276 1166 1315 nos
1195 1259 1348 1332 pejus
1367 1263 1748 1319 sublevatione
1769 1271 2075 1334 prosterne-

467 1349 568 1399 ret.
603 1343 707 1400 Sed
736 1343 800 1400 ﬁt
826 1353 977 1402 certo
1007 1347 1380 1406 moderamine
1422 1358 1484 1406 ut
1529 1351 1662 1406 dum
1695 1352 2076 1426 unusquisque

465 1439 780 1488 sanctorum
807 1432 925 1505 jam
955 1435 1178 1508 quidem
1209 1436 1443 1494 interius
1481 1439 1550 1495 ad
1589 1456 1807 1495 summa
1839 1441 2072 1512 rapitur,

465 1518 560 1574 sed
589 1519 771 1578 adhuc
797 1529 1044 1578 tentatur
1071 1525 1338 1594 exterius,
1376 1543 1476 1582 nec
1513 1527 1914 1598 desperationis
1943 1529 2076 1602 lap-

464 1624 609 1678 sum,
659 1627 762 1667 nec
808 1613 1064 1670 elationis
1111 1613 1378 1684 incurrat,
1419 1616 1680 1688 quoniam
1711 1634 1812 1674 nec
1839 1619 2074 1677 tentatio

463 1699 704 1754 exterior
714 1701 934 1772 culpam
949 1701 1184 1775 perﬁcit,
1207 1703 1337 1776 quia
1356 1703 1586 1762 interior
1602 1707 1838 1764 intentio
1853 1725 2073 1765 sursum
2104 1735 2155 1797 B

461 1785 662 1854 trahit;
714 1803 818 1844 nec
861 1805 1084 1845 rursum
1121 1791 1360 1847 intentio
1393 1792 1624 1850 interior
1662 1795 1721 1850 in
1749 1795 2066 1868 superbiam

461 1873 660 1941 elevat,
691 1874 820 1946 quia
846 1876 1078 1932 tentatio
1121 1878 1364 1934 exterior
1395 1879 1658 1938 humiliat
1687 1882 1820 1939 dum
1851 1892 2062 1956 gravat.

461 1961 659 2034 Sicque
686 1979 884 2035 magno
913 1963 1108 2022 ordine
1136 1968 1521 2039 cognoscimus
1553 1971 1613 2026 in
1643 1971 1894 2028 interiori
1924 1989 2066 2045 pro-

460 2049 608 2106 fectu
637 2051 772 2123 quid
800 2051 1123 2124 accipimus,
1163 2054 1224 2110 in
1257 2057 1521 2114 exteriori
1550 2059 1768 2116 defectu
1797 2061 1933 2134 quid
1960 2079 2067 2118 su—

461 2153 604 2194 mus.
637 2141 709 2194 Et
735 2139 878 2196 miro
909 2142 1074 2198 modo
1103 2143 1304 2215 agitur,
1347 2153 1408 2201 ut
1436 2163 1538 2204 nec
1567 2147 1634 2204 de
1663 2149 1870 2206 virtute
1899 2150 2065 2224 quis-

459 2244 624 2299 quam
667 2223 861 2284 extolli
903 2229 1120 2300 debeat,
1150 2250 1250 2289 nec
1279 2234 1348 2289 de
1376 2238 1680 2294 tentatione
1703 2241 1722 2273 ³
1753 2223 2060 2312 desperare,

459 2314 590 2386 quia
615 2315 746 2369 dum
777 2316 1003 2385 spiritus
1029 2318 1220 2386 trahit,
1241 2328 1296 2376 et
1323 2339 1450 2380 caro
1470 2325 1721 2392 retrahit,
1753 2327 2063 2384 subtilissi-

459 2419 552 2458 mo
573 2401 774 2474 judicii
803 2401 1009 2458 interni
1040 2405 1436 2477 moderamine,
1468 2410 1615 2466 infra
1640 2429 1876 2482 summa,
1893 2423 1948 2470 et
1975 2433 2063 2472 su-

458 2507 556 2564 pra
583 2490 774 2546 inﬁma
802 2491 860 2546 in
890 2491 1128 2565 quodam
1159 2493 1342 2550 medio
1375 2496 1562 2553 anima
1590 2497 1876 2556 liberatur.
1910 2502 2065 2574 Bene

457 2596 585 2652 ergo
629 2579 881 2636 dicitur:
916 2582 992 2637 Et
1035 2599 1205 2653 aquas
1249 2587 1506 2656 appendit
1547 2604 1816 2644 mensura.
1861 2590 2066 2662 Sequi-

458 2674 551 2724 tur
582 2684 594 2723 :

1067 2796 1298 2855 CAPUT
1337 2779 1501 2857 vn.’

527 2902 698 2959 Vsus.
729 2903 818 2974 26,
850 2904 941 2961 27.
973 2935 1045 2948 —
1075 2907 1299 2974 Quando
1322 2909 1550 2978 ponebat
1571 2911 1771 2981 pluviis
1813 2913 1990 2982 tegent,
2019 2918 2068 2967 et

465 2992 608 3050 viam
628 2993 880 3065 procellis
909 2996 1239 3062 sonantibus,
1263 3003 1383 3052 tunc
1409 2999 1544 3054 vidit
1569 2999 1744 3066 illaut,
1775 3007 1823 3056 et
1844 3018 2066 3057 enarra-

458 3083 552 3150 vit,
582 3089 631 3138 et
650 3085 1006 3154 prwparavit,
1037 3091 1085 3140 et
1110 3087 1456 3158 investigavil.
1475 3138 1490 3150 ,

529 3171 615 3228 13.
668 3171 819 3228 Verbi
866 3171 967 3228 Dei
1015 3174 1349 3244 praeconibus
1405 3177 1490 3232 lea:
1539 3177 1738 3248 posita,
1793 3185 1849 3232 ut
1903 3196 2058 3250 opere

458 3259 712 3331 impleant
736 3260 878 3331 quod
898 3261 1209 3331 praedicant.
1263 3265 1416 3320 Hanc
1444 3266 1602 3336 legem
1629 3265 1960 3321 servantibus
1987 3267 2062 3323 ad

453 3349 724 3406 hominum
762 3349 925 3406 corda
967 3350 1146 3406 aditus
1188 3358 1351 3423 patet.
1381 3383 1453 3394 —
1479 3353 1668 3410 Solent
1708 3370 1804 3426 per
1843 3355 2063 3426 pluvias

455 3438 872 3511 praedicantium
890 3439 1039 3496 dicta
1058 3440 1451 3511 signari.Unde
1467 3459 1564 3514 per
1574 3444 1800 3514 Moysen
1822 3443 2057 3518 dicitur:

452 3529 799 3598 Exspectatur
825 3529 959 3582 sicut
981 3529 1168 3600 pluvia
1199 3531 1465 3601 eloquium
1480 3548 1647 3586 meum
1668 3533 1848 3602 (Deut.
1873 3549 2060 3602 xxxn,

453 3615 534 3684 2).
565 3615 810 3683 Quorum
839 3616 1103 3674 videlicet
1132 3619 1299 3674 verba
1326 3635 1454 3675 cum
1483 3620 1682 3676 blande
1703 3621 2058 3692 persuadent,

452 3705 654 3777 pluviae
683 3713 838 3773 sunt;
873 3724 999 3764 cum
1029 3723 1164 3764 vero
1190 3709 1462 3766 terribilia
1489 3711 1556 3766 de
1586 3719 1820 3768 venturo
1841 3712 2060 3783 judicio

451 3793 727 3865 intonant,
748 3804 1004 3853 sonantes
1025 3797 1300 3869 procellas.
1325 3799 1397 3854 Et
1415 3799 1723 3856 notandum
1753 3801 1898 3873 quod
1921 3802 2058 3874 plu-

451 3885 558 3942 viis
586 3886 677 3942 lex
710 3887 958 3960 ponitur,
989 3895 1051 3943 ut
1080 3888 1171 3943 via
1199 3889 1455 3960 procellis
1481 3889 1808 3946 sonantibus
1836 3891 2058 3963 aperia—

451 3981 559 4030 tur.
596 3975 710 4030 Lex
739 3975 940 4047 quippe
974 3983 1056 4030 est
1103 3975 1238 4046 ipsis
1283 3978 1735 4048 praeﬂicatoribus
1764 3980 1964 4050 posita,
1996 3989 2057 4038 ut

452 4059 690 4116 vivendo
718 4059 986 4132 impleant
1023 4063 1172 4133 quod
1203 4063 1480 4135 loquendo
1507 4066 1736 4122 suadere
1764 4069 2050 4126 festinant.

445 4149 585 4206 Nam
612 4147 874 4220 loquendi
905 4147 1203 4204 auctoritas
1232 4150 1506 4221 perditur,
1537 4153 1759 4224 quando
1788 4172 1900 4212 vox
1928 4173 2054 4229 ope.

447 4254 506 4294 re
525 4253 638 4293 non
657 4235 971 4309 adjuvatur.
993 4237 1136 4294 Hinc
1155 4237 1306 4294 enim
1323 4255 1420 4312 per
1435 4240 1782 4298 Psalmistam
1812 4244 2018 4302 dicitur
2034 4263 2050 4304 :

445 4329 717 4388 Peccatori
735 4335 908 4384 autem
927 4327 1067 4382 dicit
1087 4327 1262 4384 Deus:
1295 4331 1472 4414 Quare
1499 4337 1554 4386 tu
1574 4331 2053 4402 enarrasjustitias

2177 483 2348 539 cuerit
2371 485 2392 520 ³
2421 485 2516 550 sic,
2546 500 2768 558 magnus
2785 490 3056 547 vocabitur
3074 492 3128 547 in
3159 510 3314 566 regno
3342 496 3591 552 calorum
3621 496 3798 571 (Mat-

2182 573 2254 656 th.
2305 591 2363 652 v,
2415 575 2527 648 19).
2577 577 2828 650 Regnum
2871 581 3135 639 cmlorum
3187 583 3448 642 videlicet
3487 588 3794 645 Ecclesiam

2181 670 2513 734 praesentem
2551 665 2813 739 appellat,
2845 667 2913 725 de
2952 685 3062 744 qua
3103 673 3374 746 scriptum
3405 682 3490 732 est
3513 678 3613 734 :Et
3637 678 3794 734 colli-

2181 765 2300 828 gent
2323 760 2388 815 de
2413 777 2572 833 regno
2599 762 2712 833 ejus
2740 764 2920 822 omnia
2947 767 3202 824 scandala
3245 770 3465 839 (Matth.
3515 788 3642 840 xm,
3672 771 3791 845 41).

2185 847 2248 903 In
2275 865 2516 922 superno
2543 853 2746 910 etenim
2776 871 2944 928 regno
2982 856 3246 914 scandala
3273 874 3394 931 quae
3414 875 3486 916 ex
3513 876 3578 916 eo
3605 860 3794 932 colligi

2185 935 2420 994 debeant
2448 955 2561 996 non
2591 939 2883 999 habentur.
2916 944 3022 1012 Qui
3057 961 3184 1018 ergo
3228 947 3400 1004 solvit
3418 963 3605 1020 opere,
3636 957 3690 1004 et
3713 949 3794 1006 sic

2187 1025 2346 1083 docet
2359 1043 2516 1096 voce,
2550 1027 2609 1084 in
2623 1027 2731 1086 isto
2750 1047 2918 1104 regno
2934 1033 3199 1090 oculorum
3213 1035 3318 1092 erit
3337 1037 3625 1108 minimus,
3647 1039 3706 1095 in
3726 1039 3790 1095 il-

2187 1118 2244 1174 lo
2284 1135 2386 1176 nec
2423 1119 2710 1178 minimus.
2731 1121 2893 1179 Viam
2931 1131 3116 1181 autem
3170 1127 3426 1198 procellis
3467 1129 3792 1186 sonantibus

2186 1208 2394 1278 posuit,
2438 1226 2562 1266 cum
2629 1211 3082 1284 praedicatoribus
3135 1216 3249 1272 suis
3325 1217 3395 1274 ad
3451 1219 3620 1275 corda
3693 1217 3787 1274 ho-

2187 1295 2403 1354 minum
2434 1307 2642 1356 terrore
2669 1303 2889 1359 venturi
2899 1303 3099 1375 judicii
3117 1307 3366 1378 perculsa
3391 1307 3604 1364 aditum
3635 1308 3784 1365 fecit.

2184 1383 2345 1442 Prius
2400 1387 2584 1462 itaque
2639 1391 2731 1447 lex
2789 1392 3037 1464 ponitur,
3112 1402 3174 1450 ut
3225 1403 3350 1468 post
3406 1396 3630 1453 modum
3698 1397 3790 1453 via

2186 1473 2479 1546 pandatur,
2529 1478 2659 1550 quia
2721 1480 2818 1536 illa
2873 1498 2986 1538 vox
3029 1500 3126 1540 cor
3179 1483 3460 1541 audientis
3514 1493 3784 1559 penetrat,

2184 1577 2305 1633 quae
2347 1561 2454 1620 hoc
2509 1565 2656 1639 quod
2713 1569 2735 1602 ⁶
2797 1585 2890 1624 ore
2951 1571 3218 1641 sonuerit,
3275 1588 3437 1645 opere
3469 1583 3779 1631 conservat.

2185 1649 2350 1724 [Vim
2411 1654 2562 1729 VII.]
2595 1657 2750 1714 Tunc
2802 1665 2988 1718 autem
3043 1678 3171 1719 cum
3226 1663 3400 1734 legem
3474 1663 3678 1736 pluviis
3731 1671 3786 1720 et

2187 1743 2336 1800 viam
2391 1747 2650 1815 procellis
2703 1751 3028 1810 sonantibus
3071 1761 3318 1826 poneret,
3359 1753 3506 1812 hanc
3557 1754 3785 1827 sapien-

2176 1839 2310 1894 tiam
2355 1839 2502 1895 Deus
2545 1837 2710 1907 vidit,
2762 1841 3060 1911 enarravit,
3114 1843 3462 1916 praeparavit,
3517 1852 3571 1901 et
3612 1844 3783 1902 inve-

2175 1927 2418 1999 stigavit.
2452 1927 2662 1984 Usitata
2675 1929 2816 1986 sacri
2843 1931 3049 2004 eloquii
3077 1933 3392 1989 locutione7
3425 1933 3613 1990 videre
3640 1936 3786 1992 Deus

2174 2015 2401 2085 dicitur,
2427 2015 2616 2073 videre
2643 2034 2744 2074 nos
2773 2017 2970 2086 facere,
3002 2019 3146 2076 sicut
3178 2017 3332 2092 justo
3361 2021 3484 2077 viro
3508 2023 3782 2090 Dominus

2175 2105 2341 2164 dicit:
2376 2108 2530 2166 Nunc
2557 2109 2773 2181 cognovi
2811 2109 2952 2180 quod
2991 2109 3172 2166 timeas
3201 2111 3371 2166 Deum
3398 2111 3612 2182 (Genes.
3637 2128 3780 2180 xin,

2175 2197 2288 2269 12).
2319 2198 2393 2252 Et
2419 2197 2680 2254 Israelita:
2710 2205 3155 2270 praemonentur:
3197 2199 3382 2255 Tentat
3402 2216 3490 2255 vos
3515 2199 3778 2255 Dominus

2171 2285 2314 2340 Deus
2332 2293 2519 2355 vester,
2551 2293 2611 2342 ut
2645 2287 2780 2343 sciat
2807 2287 2856 2342 si
2895 2287 3128 2360 diligitis
3157 2306 3276 2344 eum
3305 2289 3486 2361 (Deut.
3533 2305 3657 2357 xm,
3687 2288 3775 2360 3):

2172 2373 2231 2428 id
2259 2382 2362 2444 est,
2385 2383 2447 2430 ut
2475 2375 2615 2432 scire
2643 2392 2742 2432 vos
2769 2375 2954 2433 faciat.
2973 2377 3130 2432 Tunc
3147 2393 3275 2450 ergo
3303 2394 3432 2434 cum
3464 2378 3638 2449 legem
3659 2376 3778 2448 plu-

2174 2462 2282 2518 viis
2309 2471 2558 2534 poneret,
2586 2463 2694 2520 hoc
2711 2473 2794 2520 est
2811 2465 3133 2521 mandatum
3161 2466 3424 2522 custodiae
3453 2464 3776 2538 praedicato-

2172 2552 2327 2608 ribus
2360 2549 2541 2620 daret,
2571 2550 2716 2608 hanc
2754 2553 3100 2610 incarnatam
3129 2553 3458 2624 sapientiam
3493 2553 3670 2608 videri
3719 2560 3775 2608 et

2173 2640 2415 2697 enarrari
2435 2657 2468 2696 a
2486 2639 2960 2712 praedicatoribus,
2977 2641 3268 2713 praeparari
3288 2649 3344 2697 et
3363 2641 3680 2713 investigari
3709 2641 3776 2696 ab

2173 2729 2522 2786 auditoribus
2549 2729 2701 2786 fecit.
2741 2727 2859 2786 Sibi
2887 2729 3095 2802 quippe
3127 2729 3283 2785 illam
3313 2729 3776 2804 praeparat,quis—-

2173 2819 2298 2892 quis
2325 2819 2478 2876 illam
2495 2819 2632 2874 bene
2649 2817 2891 2875 vivendo
2905 2817 2963 2873 in
2983 2817 3130 2874 diem
3146 2817 3346 2890 judicii
3366 2817 3663 2891 propitiam
3684 2835 3776 2891 pa-

2173 2915 2276 2964 rat.
2309 2909 2382 2964 Et
2422 2908 2725 2964 notandum
2763 2907 2913 2981 quod
2953 2907 3020 2964 de
3047 2924 3110 2964 ea
3152 2916 3389 2982 quatuor
3427 2908 3576 2966 dicta
3620 2915 3772 2966 sunt.

2172 2995 2270 3052 Ait
2295 2995 2444 3052 enim
2469 3015 2482 3052 :
2523 2997 2684 3066 Vidit,
2713 2996 3010 3062 enarravit,
3035 2997 3390 3070 praeparavit,
3420 2997 3772 3069 investigavit.

2087 3083 2131 3144 C
2167 3084 2326 3141 Vidit
2352 3101 2610 3158 namque,
2635 3085 2765 3158 quia
2789 3085 2999 3158 species
3025 3093 3108 3142 est
3130 3103 3144 3152 ;
3167 3085 3467 3154 enarravit,
3498 3085 3626 3160 quia
3654 3102 3774 3142 ver-

2167 3170 2334 3241 bum;
2385 3174 2733 3248 przeparavit,
2781 3175 2914 3248 quia
2972 3174 3314 3242 remedium;
3395 3174 3770 3248 investigavit,

2171 3265 2302 3337 quia
2355 3267 2652 3322 occultum.
2707 3264 2817 3322 Sed
2885 3265 2992 3322 hoc
3053 3265 3201 3340 quod
3257 3273 3462 3322 aeterna
3509 3266 3611 3322 Dei
3675 3283 3772 3322 sa—

2170 3354 2380 3426 pientia
2430 3355 2640 3427 species
2683 3355 2863 3411 Patris
2917 3363 2972 3410 et
3017 3355 3264 3413 Verbum
3309 3355 3535 3423 dicitur,
3585 3371 3772 3428 quan-

2171 3443 2242 3500 do
2288 3443 2356 3499 ab
2405 3443 2648 3498 humana
2693 3451 2875 3499 mente
2921 3451 3239 3516 penetratur
3267 3445 3296 3500 ‘l
3337 3444 3474 3512 Quis
3533 3459 3772 3516 namque

2171 3531 2464 3604 intelligat,
2493 3532 2581 3586 vel
2615 3531 2842 3587 verbum
2863 3533 2982 3587 sine
2997 3540 3262 3604 tempore,
3294 3533 3381 3586 vel
3401 3531 3636 3604 speciem
3651 3533 3772 3588 sine

2169 3620 2681 3692 circumscriptione
2703 3620 2732 3677 ’ἲ
2747 3620 3058 3676 Dicendum
3073 3636 3204 3692 ergo
3249 3627 3368 3676 erat
3381 3619 3593 3693 aliquid
3622 3619 3768 3692 quod

2171 3711 2239 3767 de
2258 3711 2356 3767 illa
2380 3711 2549 3768 homo
2577 3717 2926 3784 cognosceret
2953 3709 3012 3765 in
3041 3725 3118 3766 se.
3152 3708 3304 3766 Unde
3323 3717 3446 3781 apte
3474 3709 3764 3765 subditur:

2611 3798 2839 3854 CAPUT
2869 3798 2994 3854 vm
3026 3797 3168 3871 [Rea
3209 3796 3329 3870 VI].

2238 3887 2408 3944 Vens.
2430 3887 2518 3943 28.
2541 3915 2612 3928 ο-
2639 3887 2714 3942 Et
2739 3885 2881 3940 dixit
2907 3886 3148 3940 homini:
3188 3887 3322 3942 Ecce
3351 3886 3512 3940 timor
3544 3884 3764 3940 Domini

2167 3977 2278 4048 ipsa
2306 3981 2382 4035 est
2408 3975 2692 4047 sapientia,
2721 3981 2770 4029 et
2796 3973 3030 4030 recedere
3057 3991 3094 4028 a
3112 3974 3254 4028 malo
3282 3972 3650 4044 intelligentia.

2236 4065 2322 4122 14.
2361 4065 2532 4122 Deum
2550 4063 2734 4120 timens
2761 4063 2874 4134 ejus
2921 4062 3236 4135 sapientiam
3255 4063 3527 4135 possidere
3554 4063 3762 4134 incipit,

2161 4160 2209 4210 et
2235 4153 2292 4209 in
2317 4169 2370 4208 se
2386 4154 2663 4224 cognoscit,
2685 4168 2836 4223 quem
2853 4150 2912 4207 in
2929 4151 3099 4224 ipsius
3120 4158 3320 4210 natura
3337 4169 3636 4225 cognoscere
3659 4169 3766 4208 non

2155 4248 2342 4316 potest.
2373 4273 2446 4284 —
2471 4242 2554 4299 Ac
2603 4240 2652 4298 si
2696 4247 2882 4314 aperte
2912 4239 3224 4298 diceretur:
3283 4239 3370 4296 Ad
3410 4239 3763 4314 temetipsum

2162 4339 2327 4396 homo
2374 4345 2666 4405 revertere,
2705 4335 2890 4394 cordis
2937 4337 3021 4392 tui
3049 4343 3259 4394 secreta
3304 4343 3664 4409 perscrutare.
3706 4337 3764 4394 Si

444 4436 606 4485 meas,
637 4424 684 4475 et
709 4418 936 4474 assumis
967 4423 1323 4474 tesunnentmn
1341 4437 1511 4475 incum
1535 4439 1635 4493 per
1661 4438 1718 4476 os
1749 4425 1940 4480 tuum?
1973 4425 2050 4480 Tu
2078 4446 2128 4504 ι)
2157 4431 2334 4486 Deum
2370 4435 2425 4485 te
2477 4427 2674 4484 timere
2699 4425 3090 4498 deprehendis,
3129 4425 3376 4500 profecto
3403 4433 3618 4484 constat
3636 4424 3765 4498 quia

445 4527 568 4565 vero
609 4507 766 4564 odisti
802 4507 1159 4578 disciplinam,
1206 4515 1256 4563 et
1289 4508 1565 4580 projecisti
1610 4528 1870 4568 sermones
1911 4530 2048 4569 meos

447 4604 602 4675 ‘post
629 4608 674 4657 te
705 4602 878 4674 (Psal.
911 4616 1067 4668 XLIX,
1101 4600 1214 4671 16).
1253 4601 1543 4658 Sermones
1571 4601 1775 4658 etenim
1797 4605 1897 4660 Dei
1926 4612 2050 4675 post

445 4709 501 4748 se
543 4689 866 4764 praedicator
908 4685 1154 4760 projicit,
1192 4705 1320 4745 cum
1359 4689 1466 4746 hoc
1507 4691 1656 4764 quod
1699 4691 1838 4748 dicit
1867 4691 2047 4749 facere

445 4784 771 4842 contemnit.
802 4780 1035 4851 Quando
1077 4788 1260 4838 autem
1299 4782 1464 4838 dictis
1491 4783 1612 4854 ejus
1639 4784 1778 4840 alter
1805 4784 2045 4853 obediat,

445 4871 578 4929 dum
607 4872 722 4946 ipse
751 4869 960 4943 respuit
987 4885 1150 4941 opere
1180 4869 1329 4942 quod
1369 4870 1629 4942 praedicat
1655 4889 1808 4940 voce,
1842 4882 1898 4929 et
1923 4874 2048 4932 dis-

445 4962 670 5019 simulat
697 4961 888 5018 audire
917 4957 1066 5032 quod
1110 4959 1336 5015 narrat?
1375 4961 1452 5014 De
1496 4959 1601 5016 ista
1643 4961 2049 5033 praedicationis

449 5049 564 5119 lege
589 5050 853 5122 scriptum
881 5055 964 5105 est
993 5065 1006 5104 :
1043 5046 1146 5115 Qui
1173 5048 1388 5103 solverit
1415 5065 1578 5104 unum
1605 5049 1666 5104 de
1685 5051 1949 5107 mandatis
1970 5053 2036 5107 is-

449 5135 513 5189 tis
542 5138 796 5206 minimis,
839 5143 984 5200 610
1029 5144 1076 5194 et
1122 5136 1360 5192 docuerit
1404 5137 1478 5191 sic
1515 5138 1764 5206 hominis,
1799 5140 2050 5196 minimus

523 5333 539 5368 ¹
570 5333 650 5389 Ita
679 5335 854 5414 Germ
875 5380 890 5405 ,
918 5337 1362 5414 Norm.,iLaud.,
1393 5338 1555 5414 (ξω-ἱ).
1590 5338 1802 5410 Germ.,
1831 5347 1885 5396 et
1911 5331 2048 5414 pene

449 5420 658 5460 omnes.
689 5405 751 5460 In
774 5407 904 5476 Ed.,
933 5413 982 5462 et
1007 5411 1077 5463 ad
1105 5405 1217 5466 atto
1244 5405 1492 5468 sustollit.

520 5477 542 5511 ³
572 5475 838 5551 Vatic:_et
866 5477 1161 5551 Gussanv.,
1187 5484 1482 5550 pondere...
1507 5482 1826 5551 tentationis,
1857 5483 2048 5538 reluc-

449 5547 692 5630 Qntibus
733 5547 862 5630 Mss.
913 5549 1124 5617 Germ.,
1154 5547 1317 5630 gorb.
1351 5547 2040 5630 Gellii._,_Norm.,'Laud.,

449 5620 680 5692 Turon.,
710 5619 914 5692 quibus
941 5619 1295 5676 consentiunt
1320 5623 1415 5677 alii
1444 5624 1616 5680 Editi.

519 5693 541 5727 ³
571 5691 804 5748 Plurimi
832 5692 1084 5766 desperet.

2157 4516 2260 4574 hac
2287 4515 2557 4588 sapientia
2589 4517 2786 4588 plenus
2814 4531 2890 4572 es.
2925 4516 3101 4584 Quam
3149 4516 3197 4572 si
3232 4515 3416 4573 adhuc
3441 4527 3762 4586 cognoscere

2155 4622 2268 4662 non
2287 4613 2442 4678 potes
2462 4604 2599 4678 quid
2627 4605 2703 4662 sit
2730 4605 2885 4675 inse,
2909 4603 3026 4676 jam
3057 4604 3342 4676 cognoscis
3373 4601 3596 4658 interim
3627 4599 3762 4672 quid

2155 4696 2228 4752 sit
2254 4697 2313 4752 in
2355 4705 2428 4754 te.
2461 4697 2595 4764 Quae
2641 4695 2790 4752 enim
2837 4695 2984 4768 apud
3021 4711 3078 4750 se
3119 4695 3189 4750 ab
3215 4693 3424 4764 angelis
3470 4691 3760 4761 metuitur,

2155 4785 2302 4857 apud
2330 4793 2384 4841 te
2426 4785 2594 4840 timor
2621 4783 2850 4840 Domini
2916 4789 3166 4849 vocatur,
3215 4781 3349 4853 quia
3381 4779 3525 4838 hanc
3563 4779 3762 4837 habere

2155 4881 2210 4930 te
2237 4881 2448 4930 certum
2490 4879 2591 4938 est,
2614 4871 2660 4926 si
2691 4870 2887 4926 timere
2919 4875 2972 4923 te
2999 4871 3174 4924 Deum
3213 4867 3490 4925 incertum
3509 4886 3626 4925 non
3652 4876 3756 4926 est.

2157 4963 2299 5018 Hinc
2325 4961 2490 5016 etiam
2523 4959 2984 5032 perPsalmistam
3007 4956 3214 5014 dicitur
3247 4975 3258 5014 :
3292 4959 3517 5016 Initium
3543 4959 3763 5032 sapien-

2147 5051 2252 5117 tire,
2285 5050 2444 5104 timor
2461 5048 2678 5104 Domini
2700 5048 2872 5120 (Psal.
2893 5063 2985 5114 cx,
3019 5045 3148 5118 10);
3183 5045 3312 5120 quia
3327 5053 3461 5104 tunc
3480 5054 3760 5120 penetrare

2158 5154 2253 5194 cor
2280 5137 2524 5204 inchoat,
2547 5152 2672 5192 cum
2695 5135 2799 5192 hoc
2827 5132 3061 5190 extremi
3084 5131 3286 5206 judicii
3309 5150 3510 5206 pavore
3537 5141 3762 5206 pertur-

2230 5338 2250 5371 ⁸
2291 5337 2528 5403 Gmnet.,
2563 5340 2876 5398 retrorsum,
2919 5331 3264 5403 aliisNorm.
3315 5347 3443 5389 cum
3487 5331 3673 5388 Germ.
3705 5339 3761 5388 et

2157 5405 2320 5463 Corb.
2346 5409 2557 5474 Germ.,
2585 5411 2774 5476 postte,
2789 5402 3196 5476 retinentibus.

2228 5481 2249 5514 δ
2290 5480 2410 5536 Non
2431 5473 2652 5548 legitur,
2682 5477 2756 5531 sic
2783 5475 2840 5530 in
2872 5475 3077 5532 nostris
3096 5477 3248 5545 Mss,
3281 5473 3390 5531 nisi
3419 5473 3479 5531 in
3499 5475 3684 5531 Germ.

2236 5552 2258 5585 θ
2296 5553 2456 5606 Deest
2484 5565 2574 5602 ore
2604 5548 2660 5602 in
2678 5549 2813 5619 Mss.
2838 5548 2914 5619 pl.

2227 5624 2246 5656 ⁷
2282 5623 2343 5678 In
2375 5627 2578 5690 recent.
2611 5617 2868 5688 Excusis,
2891 5617 3194 5690 riderc‘Dei
3214 5633 3375 5690 quam
3407 5619 3704 5676 lectionem
3729 5635 3757 5671 ω

2154 5693 2355 5770 quibus
2382 5693 2509 5752 Mss.
2543 5687 2982 5765 deprompserint
3016 5687 3292 5758 Editores,
3323 5688 3655 5762 ignoramus.
