4172 6184
330 304 418 362 105
1051 299 1425 360 MORALIUM
1462 303 1597 360 LIB.
1641 303 1796 362 XIX.
1837 333 1908 346 -—
1951 305 2022 362 IN
2059 305 2287 364 CAPUT
2323 305 2562 364 XXVIII
2600 308 2663 364 B.
2703 308 2844 365 JOB.

3496 311 3600 372 106

330 433 433 487 bat.
459 425 537 484 Ad
560 423 872 516 parvitatem
900 423 1072 496 igitur
1095 433 1342 483 nostram
1356 426 1586 484 divinus
1613 443 1796 485 sermo
1825 444 1885 485 se
1915 433 1965 492 A
1994 431 2277 504 cogitatio.
2311 433 2482 504 Aquae
2512 448 2640 504 ergo
2660 431 2829 488 maris
2849 432 2908 488 in
2935 440 3056 489 utre
3086 443 3420 508 congregata
3441 449 3598 516 sunt,

333 517 574 577 attrahit:
606 517 621 552 ¹
651 515 793 571 sicut
835 521 992 586 pater
1034 529 1161 572 cum
1216 518 1447 590 parvulo
1476 518 1594 575 ﬁlio
1622 519 1892 591 loquitur,

333 607 463 666 utab
486 621 540 662 eo
565 594 732 677 possit
762 603 1028 676 intelligi,
1061 612 1254 677 sponte
1285 605 1543 663 balbutit.
1575 606 1715 675 Quia
1743 609 1894 664 enim

332 706 545 755 naturam
572 693 858 767 sapientia
877 701 1166 766 penetrare
1195 713 1306 752 non
1336 704 1630 769 possumds
1658 696 1794 771 quid
1824 699 1894 754 sit

328 788 376 844 in
410 803 476 855 se,
503 801 567 841 ex
610 784 1078 842 condescensione
1115 785 1216 843 Dei
1264 785 1583 845 audivimus
1631 787 1766 861 quid
1822 789 1895 846 sit

325 877 372 934 in
397 874 556 944 nobis,
583 891 712 932 cum
743 873 950 931 dicitur
982 893 993 930 :
1027 876 1158 932 Ecce
1188 875 1346 932 timor
1390 877 1627 947 Domini,
1666 879 1782 950 ipsa
1824 884 1899 934 est

324 965 569 1039 sapientia.
601 963 710 1023 Sed
740 965 869 1038 quia
899 964 994 1020 ille
1024 965 1293 1022 veraciter
1320 965 1437 1022 vim
1466 967 1647 1023 divini
1678 966 1897 1023 timoris

321 1054 568 1126 intelligit,
592 1053 692 1126 qui
721 1069 780 1110 se
807 1069 839 1108 a
866 1055 1082 1110 cunctis
1111 1055 1296 1128 pravis
1324 1057 1585 1128 operibus
1629 1055 1894 1118 custodit,

318 1153 438 1202 recte
464 1143 719 1200 subditur
751 1161 762 1199 :
797 1145 870 1200 Et
896 1145 1130 1200 recedere
1159 1163 1194 1200 a
1223 1147 1386 1214 malo,
1416 1147 1785 1219 intelligentia.
1817 1147 1898 1202 Ea

317 1233 462 1306 igitur
487 1249 600 1306 qua
629 1239 968 1306 sequuntur,
1000 1232 1133 1306 quia
1160 1235 1462 1307 prophetia
1491 1236 1692 1309 spiritu
1738 1237 1898 1309 plena

315 1328 442 1392 sunt,
469 1322 582 1396 ipsa
608 1339 781 1380 sacra
814 1321 1062 1380 historia
1092 1323 1258 1381 verba
1285 1331 1579 1396 testantur,
1602 1343 1729 1385 cum
1761 1325 1898 1383 dlci-

317 1421 395 1470 tur
424 1432 435 1470 :

543 1563 777 1624 CAPUT
828 1563 907 1622 IX
965 1561 1102 1637 [Vet.
1143 1564 1299 1631 VIII,
1337 1566 1457 1624 Rec.
1497 1563 1647 1641 VII].

378 1675 498 1733 Car.
529 1692 694 1744 xxxx,
725 1673 898 1732 Vsus.
928 1675 978 1730 1.
1008 1705 1078 1716 -
1105 1673 1332 1730 Addidit
1359 1692 1563 1748 quoque
1588 1675 1707 1744 Job,
1736 1691 1901 1732 assu-

319 1782 446 1821 mens
461 1767 784 1838 parabolam
810 1781 984 1832 suam,
1017 1765 1038 1799 ³
1067 1771 1115 1820 et
1141 1764 1301 1822 dixit.

377 1873 462 1931 15.
492 1874 588 1930 Job
620 1873 807 1930 ultima
833 1871 1085 1942 Ecclesiae
1111 1878 1347 1946 tempora
1372 1874 1722 1945 prwnuntiat,
1768 1872 1902 1944 qui-

313 1960 402 2017 bus
427 1963 668 2019 carnales
692 1970 738 2019 et
756 1963 1034 2020 hareticos’
1043 1979 1278 2034 passu-ra
1298 1969 1466 2020 est.—
1480 1963 1621 2032 Quia
1639 1963 1789 2021 enim
1811 1978 1902 2035 pa-

313 2049 491 2107 rabola
517 2052 824 2110 similitudo
849 2053 1189 2122 nominatur,
1205 2061 1390 2127 aperte
1406 2060 1620 2110 constat
1641 2052 1790 2127 quod
1807 2067 1904 2124 per

312 2141 640 2200 exteriorum
655 2142 952 2200 verborum
973 2142 1208 2199 formam
1231 2143 1497 2216 mysteria
1516 2143 1785 2216 loquitur,
1805 2141 1902 2217 qui

313 2228 374 2285 ad
401 2230 741 2304 loquendum
770 2230 1088 2305 parabolam
1135 2232 1492 2304 assumpsisse
1540 2239 1901 2288 memoratur.

309 2317 434 2377 Cum
464 2323 675 2380 etenim
709 2339 808 2380 sua
835 2330 1042 2392 narrat,
1065 2338 1426 2397 quacumque
1443 2332 1573 2380 sunt
1586 2330 1787 2381 sancta
1803 2322 1903 2380 Ec-

310 2409 479 2468 clesia
509 2419 750 2469 ventura
772 2411 1096 2478 denuntiat;
1129 2420 1184 2468 et
1212 2427 1308 2485 per
1336 2411 1445 2468 hoc
1473 2412 1622 2485 quod
1650 2413 1767 2485 ipse
1794 2428 1903 2484 pa-

307 2499 454 2570 titur,
486 2500 707 2558 indicat
733 2502 870 2574 quid
897 2501 994 2557 illa
1019 2500 1280 2573 patiatur.
1310 2501 1722 2574 Nonnunquam
1775 2517 1909 2558 vero

304 2599 374 2656 sic
401 2614 527 2655 sua
559 2598 808 2654 historia
835 2598 1005 2654 verba
1030 2597 1346 2670 permiscet,
1366 2605 1431 2653 ut
1447 2597 1529 2653 nil
1556 2595 1906 2668 allegoricum

304 2685 530 2744 insonet
548 2702 565 2751 ;
599 2699 995 2757 nonnunquam
1014 2700 1146 2741 vero
1163 2683 1244 2740 sic
1263 2699 1390 2742 suos
1406 2682 1619 2740 dolores
1640 2682 1904 2756 loquitur,

305 2791 362 2833 ac
385 2774 434 2831 si
464 2789 542 2830 ex
575 2787 711 2829 voce
739 2771 977 2829 dolentis
1004 2770 1263 2830 Ecclesia
1293 2772 1566 2845 loquatur.
1599 2772 1662 2827 In
1685 2771 1787 2830 hac
1815 2788 1906 2829 ve-

307 2880 363 2922 ro
387 2863 594 2921 ultima
621 2862 708 2918 sui
736 2867 889 2934 parte
916 2860 1186 2918 sermonis
1213 2861 1473 2918 ultimum
1502 2869 1721 2934 tempus
1764 2862 1904 2920 desi~

311 2960 430 3025 gnat
451 2951 744 3020 Ecclesia,
775 2949 994 3024 quando
1021 2950 1362 3008 adversarios
1414 2968 1563 3020 suos,
1595 2951 1651 3008 id
1681 2959 1764 3008 est
1791 2968 1906 3010 car-

314 3043 452 3102 nales
504 3057 778 3117 quosque,
809 3041 896 3097 vel
942 3039 1230 3097 hareticos
1274 3048 1439 3114 atque
1485 3041 1736 3113 gentiles,
1768 3058 1906 3114 quos

2002 535 2128 575 cum
2157 519 2468 576 amaritudo
2504 536 2772 592 perversa
2802 520 3005 578 mentis
3032 536 3145 577 non
3174 526 3414 597 erumpit
3441 536 3606 585 exte-

2004 608 2120 664 rius
2147 609 2205 664 in
2235 625 2426 666 vocem
2457 626 2636 682 prava
2667 609 2955 666 libertatis.
2991 609 3188 667 Veniet
3211 613 3454 683 profecto
3472 625 3607 674 tem-

2005 713 2127 769 pus,
2175 697 2394 771 quando
2441 686 2632 755 contra
2674 697 2816 755 hanc
2871 699 3116 770 perversi
3157 707 3321 772 atque
3369 705 3613 761 carnales

2004 795 2189 859 aperta
2215 803 2348 843 voce
2379 787 2678 860 pradicent
2705 787 2854 860 quod
2875 804 3025 845 nunc
3046 789 3262 846 occulta
3281 791 3614 862 cogitatione

2007 877 2330 932 moliuntur.
2376 877 2574 934 Veniet
2621 885 2855 949 tempus,
2887 878 3107 950 quando
3137 879 3466 938 catholicam
3496 884 3614 938 Ec-

2005 968 2227 1048 clesiam
2258 985 2369 1024 non
2399 969 2576 1025 solum
2620 968 2844 1041 injustis
2872 969 3125 1037 vocibus,
3155 971 3250 1027 sed
3279 972 3446 1028 etiam
3478 990 3615 1029 cru-

2011 1057 2230 1113 delibus
2258 1058 2434 1130 plagis
2464 1066 2735 1130 premant.

2081 1147 2165 1202 16.
2212 1148 2429 1202 Duobus
2468 1149 2638 1203 modis
2682 1149 2920 1205 Ecclesia
2943 1151 3356 1222 persecutionem
3378 1152 3611 1224 patitur,

2005 1238 2178 1293 verbis
2197 1244 2242 1293 et
2259 1238 2473 1309 gladiis.
2497 1270 2568 1280 —
2596 1239 2682 1295 Ab
2710 1240 3039 1297 adversariis
3067 1259 3303 1316 namque
3332 1243 3446 1300 suis
3467 1243 3616 1302 duo—

2007 1327 2111 1384 bus
2149 1327 2328 1383 modis
2377 1327 2623 1384 Ecclesia
2671 1331 3107 1401 persecutionem
3149 1334 3377 1404 patitur,
3406 1334 3618 1391 scilicet

2008 1425 2103 1474 aut
2129 1417 2335 1488 verbis,
2374 1425 2470 1474 aut
2500 1417 2716 1490 gladiis.
2752 1418 2858 1476 Sed
2888 1436 3015 1477 cum
3047 1421 3231 1478 verbis
3270 1424 3617 1496 persecutio-

2006 1523 2134 1564 nem
2182 1508 2440 1576 sustinet,
2479 1515 2766 1565 exercetur
2806 1509 2925 1582 ejus
2971 1510 3276 1583 sapientia;
3327 1528 3454 1570 cum
3485 1529 3617 1572 vero

2008 1597 2225 1669 gladiis,
2278 1604 2565 1654 exercetur
2629 1596 2746 1669 ejus
2813 1599 3097 1670 patientia.
3157 1600 3263 1658 Sed
3320 1601 3616 1660 verborum

2008 1688 2414 1760 persecutiones
2461 1687 2529 1744 ab
2560 1687 2834 1748 hareticis
2862 1708 3012 1750 nunc
3041 1695 3209 1751 etiam
3241 1693 3490 1768 quotidie
3521 1702 3619 1751 to-

1925 1795 1973 1856 B
2010 1777 2269 1849 leramus,
2319 1796 2444 1838 cum
2489 1780 2594 1854 ipsi
2639 1781 2883 1840 haretici
2925 1785 3131 1858 linguis
3160 1785 3320 1842 nobis
3347 1785 3618 1855 subdolis,

2009 1875 2064 1924 et
2107 1869 2243 1925 falsa
2290 1869 2604 1926 humilitate
2632 1869 3016 1932 blandiuntur.
3046 1875 3460 1932 Persecutiones
3488 1890 3619 1931 vero

2011 1957 2314 2031 gladiorum
2343 1957 2504 2031 juxta
2533 1959 2700 2017 ﬁnem
2731 1963 2927 2020 mundi
2955 1971 3222 2021 secutura
3250 1971 3402 2032 sunt,
3419 1972 3480 2020 ut
3501 1981 3618 2038 gra-

2012 2064 2082 2105 na
2110 2047 2424 2106 coelestibus
2444 2048 2657 2109 horreis
2676 2051 3024 2110 recondenda
3041 2060 3197 2111 tanto
3227 2053 3412 2110 verius
3440 2070 3472 2110 a
3499 2071 3619 2128 pec-

2012 2145 2260 2195 catorum
2282 2139 2451 2211 paleis
2472 2144 2806 2212 exuantur,7
2829 2151 3037 2216 quanto
3056 2144 3262 2201 arctius
3273 2142 3616 2216 afﬂiguntur.

2013 2227 2168 2283 Tunc
2215 2227 2377 2284 electi
2416 2246 2607 2287 omnes
2654 2230 2748 2304 qui
2794 2231 2853 2287 in
2885 2231 2979 2287 illa
3018 2231 3227 2288 fuerint
3265 2231 3624 2288 tribulatione

2012 2315 2396 2389 comprehensi
2429 2319 2450 2354 ⁸
2493 2320 2926 2377 reminiscuntur
2964 2320 3163 2376 horum
3209 2329 3515 2394 temporum
3558 2321 3619 2376 in

2013 2405 2215 2480 quibus
2244 2423 2398 2463 nunc
2439 2409 2685 2465 Ecclesia
2713 2409 2841 2464 ﬁdei
2871 2425 3058 2480 pacem
3087 2415 3259 2478 tenet,
3299 2416 3354 2464 et
3390 2407 3623 2481 superba

2014 2493 2400 2553 hareticorum
2431 2497 2572 2554 colla
2599 2497 2938 2570 comprimit,
2970 2513 3081 2554 non
3112 2504 3399 2571 potentatu
3426 2497 3622 2555 culmi-

2013 2585 2221 2654 nis,sed
2231 2583 2366 2659 jugo
2385 2585 2636 2644 rationis.
2655 2587 3110 2645 Reminiscuntur
3128 2586 3424 2661 nostri,qui
3437 2588 3624 2661 quieta

2014 2673 2142 2730 ﬁdei
2162 2683 2411 2749 tempora
2438 2674 2723 2746 ducimus;
2759 2682 2903 2741 612
2936 2675 3030 2751 qui
3060 2676 3164 2733 etsi
3194 2676 3253 2733 in
3281 2675 3442 2734 bellis
3473 2693 3622 2734 coar-

2014 2780 2229 2831 ctamur
2256 2773 2524 2848 gentium,
2555 2791 2666 2831 non
2702 2783 2886 2831 tamen
2907 2777 2930 2810 θ
2963 2774 3022 2831 in
3051 2773 3215 2832 dictis
3242 2789 3626 2848 expugnamur

2014 2871 2252 2936 patrum.
2285 2865 2485 2920 Beatus
2505 2881 2634 2936 ergo
2663 2864 2764 2920 Job
2793 2871 2994 2920 sancta
3014 2863 3275 2919 Ecclesia
3305 2870 3501 2936 typum
3532 2869 3625 2918 te-

2014 2968 2170 3021 nens,
2201 2969 2321 3027 qua
2353 2961 2484 3010 tunc
2513 2953 2570 3009 in
2601 2953 2713 3008 illis
2742 2952 3012 3025 angustiis
3033 2951 3319 3007 invenitur
3340 2958 3416 3018 ;et
3433 2958 3621 3007 tamen

2015 3049 2236 3109 nostra,
2266 3049 2330 3097 ut
2357 3041 2499 3110 dixi,
2531 3041 2733 3115 quietis
2761 3040 3168 3109 reminiscetur,
3204 3056 3303 3096 sua
3351 3046 3625 3097 transacta

313 3153 452 3194 nunc
477 3137 667 3194 studet
691 3135 976 3208 sapientia
1029 3135 1358 3192 auctoritate
1397 3135 1784 3209 comprimere,
1813 3137 1908 3194 ef-
1941 3156 1986 3218 ρ
2014 3137 2222 3200 narrat,
2253 3137 2307 3187 et
2333 3130 2459 3188 aliis
2477 3138 2711 3188 ventura
2738 3130 3050 3200 denuntiat,
3081 3129 3304 3190 dicens:

313 3225 513 3283 frenata
544 3225 814 3299 jactantia
842 3225 1014 3282 elatos
1033 3224 1248 3297 cogitur
1263 3227 1284 3262 ³
1301 3225 1461 3282 irrisa
1481 3225 1730 3283 tolerare.
1755 3226 1911 3284 Unde

312 3313 367 3371 in
393 3315 500 3373 hoc
525 3331 747 3390 quoque
777 3329 1031 3371 sermone
1060 3313 1267 3372 dicitur
1297 3332 1310 3370 :
1342 3316 1496 3372 Nunc
1539 3321 1715 3371 autem
1757 3316 1912 3372 deri-

314 3404 430 3461 dent
441 3421 522 3461 me
539 3404 786 3475 juniores
805 3410 1054 3476 tempore,
1075 3420 1304 3475 quorum
1327 3421 1433 3460 non
1451 3403 1715 3476 dignabor
1727 3410 1910 3476 patres

310 3509 500 3565 ponere
522 3511 643 3550 cum
665 3492 882 3549 canibus
909 3492 1078 3564 gregis
1105 3494 1210 3548 mei
1235 3493 1381 3563 (Job.
1413 3509 1554 3561 xxx,
1580 3493 1661 3564 1).
1691 3494 1764 3549 Et
1792 3493 1910 3566 ipsa

315 3584 526 3642 ordinis
549 3585 693 3642 ratio
719 3584 966 3657 exposcit
987 3591 1051 3640 ut
1069 3599 1166 3656 per
1193 3583 1360 3640 verba
1388 3583 1534 3640 beati
1581 3582 1683 3640 Job
1711 3584 1908 3641 ultima

313 3674 557 3731 extremi
582 3681 780 3730 sancta
803 3663 1059 3731 Ecclesia
1111 3673 1468 3746 designentur
1496 3673 1634 3742 dies,
1664 3673 1908 3748 quando,

317 3764 699 3835 persecutione
732 3771 1024 3830 crescente,
1055 3769 1272 3835 apertas
1318 3762 1704 3819 hareticorum
1750 3779 1913 3821 voces

317 3853 549 3910 tolerare
598 3853 967 3926 compellitur,
1014 3870 1142 3910 cum
1199 3859 1380 3909 motus
1425 3852 1607 3909 cordis
1636 3853 1744 3922 sui,
1776 3869 1913 3927 quos

319 3958 462 4001 nunc
487 3943 637 4000 intra
663 3943 1058 4016 cogitationum
1075 3943 1231 3999 sinus
1250 3950 1568 4015 contegunt,
1591 3950 1723 4000 tunc
1743 3944 1802 4000 in
1818 3961 1912 4000 vo-

320 4045 374 4087 ce
401 4033 738 4090 manifestati
761 4032 964 4089 erroris
992 4031 1264 4104 aperiunt.
1287 4033 1447 4089 Nunc
1466 4032 1637 4101 enim,
1653 4033 1798 4090 sicut
1817 4050 1914 4106 per

322 4119 578 4178 Joannem
598 4121 810 4179 dicitur
826 4124 1021 4194 (Apoc.
1041 4139 1140 4190 xx,
1158 4122 1244 4194 3),
1274 4121 1439 4179 draco
1459 4122 1518 4178 in
1538 4121 1737 4195 abysso
1765 4123 1912 4180 clau-

323 4223 409 4267 sus
435 4218 674 4282 tenetur,
691 4212 823 4286 quia
851 4210 1124 4280 diabolica
1151 4211 1365 4267 malitia
1380 4211 1437 4267 in
1459 4228 1649 4268 eorum
1665 4212 1914 4270 subdolis

324 4309 573 4367 cordibus
587 4312 920 4368 occultatur.
944 4309 1048 4367 Sed
1067 4309 1212 4366 sicut
1229 4310 1350 4367 illic
1365 4311 1386 4346 ⁴
1407 4310 1618 4368 dictum
1641 4319 1724 4367 est
1748 4355 1763 4380 ,
1785 4310 1914 4368 edu-

323 4406 474 4457 cetur
513 4399 676 4457 draco
719 4399 784 4456 de
835 4399 1236 4474 puteoabyssi,
1268 4400 1398 4473 quia
1431 4399 1579 4474 quod
1611 4399 1774 4457 modo
1804 4417 1915 4472 pra

2453 3275 2682 3335 CAPUT
2710 3277 2764 3334 x
2802 3276 2945 3353 [~Rec.
2988 3275 3171 3351 VIII].

2088 3383 2260 3442 Vens.
2292 3383 2345 3442 2.
2377 3415 2448 3428 —
2478 3385 2608 3455 Quis
2638 3387 2771 3443 mihi
2803 3387 3022 3454 tribuat,
3070 3393 3131 3443 ut
3156 3385 3256 3442 sim
3275 3384 3442 3456 juxta
3471 3400 3624 3442 men-

2018 3488 2096 3528 ses
2118 3473 2376 3546 pristinos
2395 3476 2424 3531 ?

2092 3580 2177 3638 17.
2218 3582 2339 3638 Etsi
2364 3583 2555 3656 gravia
2565 3583 2685 3654 jam
2698 3602 2861 3658 passa
2876 3587 2947 3643 sit
2973 3585 3233 3662 Ecclesia,
3254 3586 3399 3659 longe
3415 3584 3625 3658 gravio-

2017 3686 2084 3726 ra
2108 3689 2343 3742 passura
2371 3680 2464 3731 est.
2499 3705 2570 3716 -—
2614 3676 2788 3734 Multa
2819 3678 2968 3733 enim
2999 3677 3133 3734 talia
3161 3685 3350 3754 sancta
3379 3675 3625 3756 Ecclesia

2019 3761 2304 3820 doloribus
2332 3782 2514 3837 pressa
2543 3766 2759 3823 dictura
2786 3777 2887 3824 est.
2911 3768 3100 3824 Tantis
3127 3768 3331 3844 quippe
3359 3766 3511 3822 illam
3540 3765 3624 3820 fu-

2019 3857 2206 3906 turum
2236 3861 2317 3907 est
2346 3854 2800 3910 tribulationibus
2836 3856 3136 3926 angustari,
3167 3863 3229 3909 ut
3257 3854 3374 3926 hac
3401 3859 3624 3923 tempo-

2019 3955 2079 3995 ra
2106 3955 2231 3995 cum
2259 3956 2458 4012 magno
2485 3942 2723 4014 suspirio
2752 3942 3026 4000 desideret
3055 3958 3174 4014 qua
3205 3958 3308 3998 nos
3336 3956 3463 3997 cum
3493 3956 3626 3996 ma-

2021 4046 2127 4102 gno
2174 4028 2362 4086 dolore
2389 4030 2708 4089 toleramus.
2742 4032 2900 4089 Dicat
2927 4047 3077 4104 ergo,
3117 4031 3264 4088 dicat
3308 4018 3624 4104 per-vocem

2021 4119 2165 4175 beati
2184 4119 2286 4176 Job
2307 4138 2317 4176 :
2345 4121 2474 4188 Quis
2495 4122 2624 4177 mihi
2646 4123 2846 4178 tribuat
2866 4120 3212 4192 utsimjurcta
3230 4139 3425 4178 menses
3440 4121 3627 4193 pristi-

2021 4226 2116 4264 nos
2131 4213 2158 4266 ?
2180 4211 2319 4279 Quia
2339 4211 2486 4267 enim
2509 4219 2747 4269 statutus
2761 4213 2976 4269 dierum
3007 4228 3270 4269 numerus
3296 4228 3510 4268 menses
3531 4228 3624 4267 vo-

2021 4307 2238 4369 cantur,
2260 4301 2394 4374 quid
2423 4301 2574 4358 aliud
2605 4303 2829 4358 nomine
2858 4303 3038 4374 signat
3067 4303 3364 4370 mensium,
3383 4301 3490 4357 nisi
3514 4302 3623 4358 col-

2023 4386 2286 4445 lectiones
2305 4389 2617 4447 animarum
2637 4391 2665 4447 ‘P
2685 4391 2814 4447 Dies
2834 4391 3034 4464 quippe
3055 4391 3186 4446 dum
3211 4390 3548 4462 colliguntur
3565 4390 3624 4445 in

323 4489 524 4546 timore
549 4490 769 4562 tegitur,
796 4498 930 4548 tunc
970 4498 1162 4549 contra
1203 4489 1505 4547 Ecclesiam
1547 4489 1767 4564 publice
1796 4488 1863 4546 de
1890 4491 1914 4528 ⁸
1944 4522 1996 4582 D
2026 4478 2768 4582 ωθηξίῦιξδνβιὼξτδὶὶιιηῐιξτι
2790 4480 2920 4582 (ξιιξὸ
2937 4488 2991 4537 et
3020 4480 3210 4582 in‘hOC‘:
3233 4488 3627 4578 ῐθιηροτθὲδη·

325 4578 641 4654 iniquorum
669 4581 921 4640 cordibus
949 4597 1112 4640 omne
1140 4581 1516 4654 serpentinum
1545 4580 1702 4637 virus
1726 4580 1916 4654 aperi—

328 4674 428 4727 tur.
457 4672 618 4729 Nunc
645 4669 792 4728 enim
821 4670 1109 4729 abscondit
1135 4685 1192 4726 se
1221 4668 1325 4724 sub
1372 4667 1698 4724 blandiente
1725 4668 1916 4740 lingua

328 4759 549 4818 saeviens
574 4760 934 4830 conscientia,
950 4767 1004 4818 et
1019 4758 1233 4816 malitia
1251 4756 1590 4826 calliditatis,
1613 4755 1770 4831 quasi
1788 4771 1918 4829 qua-

327 4844 448 4904 dam
481 4864 535 4904 se
562 4849 699 4923 tegit
725 4848 927 4922 abysso
967 4846 1376 4915 simulationis;
1436 4863 1585 4905 nunc
1621 4845 1914 4916 Dominus,

328 4935 464 4993 sicut
475 4937 778 4996 Psalmista
799 4953 933 4995 voce
962 4937 1186 5007 dicitur,
1211 4938 1505 5010 Com-regat
1529 4936 1665 4992 sicut
1684 4937 1706 4972 ⁵
1724 4935 1784 4991 in
1801 4942 1919 4991 utre

325 5043 486 5101 aquas
510 5030 681 5087 maris
699 5030 874 5105 (Psal.
897 5046 1082 5100 xxin,
1100 5030 1178 5104 7).
1202 5029 1332 5087 Uter
1347 5027 1547 5102 quippe
1573 5027 1812 5086 carnalis
1835 5042 1918 5097 est

393 5255 411 5293 ¹
441 5255 628 5317 Germ.
661 5262 718 5316 et
736 5258 962 5332 Vulgati
991 5255 1378 5332 poster.,si_cut
1406 5272 1545 5332 _cum
1593 5261 1749 5327 pater
1800 5271 1916 5332 cum

321 5332 546 5399 parvulo
574 5332 690 5402 [ilio
717 5326 877 5402 loqu:
895 5326 1138 5386 balbutit.
1197 5326 1612 5402 Redundanteni
1660 5326 1913 5382 voculam

323 5415 434 5474 cum
461 5398 841 5474 expunximus
867 5403 994 5460 Mss.
1029 5415 1169 5474 pene
1193 5400 1451 5474 omnibus
1477 5398 1839 5456 adharentes.

389 5472 414 5554 ξ
441 5471 618 5554 imitat
645 5481 692 5529 et
721 5475 861 5554 dixit
888 5490 920 5530 a
947 5471 1204 5554 plurimis
1241 5472 1370 5530 Mss.

391 5543 411 5578 ³
441 5546 568 5600 Duo
596 5545 794 5614 Laud.,
827 5546 884 5600 in
909 5543 1026 5599 risu
1046 5546 1294 5598 tolerare.

389 5616 413 5651 ⁴
441 5616 622 5684 Editi,
662 5617 857 5673 invitis
883 5618 1011 5673 Mss.
1044 5614 1296 5686 scriptum
1324 5619 1415 5669 est.

389 5687 411 5760 ἦ
442 5687 681 5760 ’ξω-οη.)
713 5690 1015 5760 iniquorum
1042 5703 1153 5742 ore.

394 5758 416 5793 ⁶
445 5758 482 5815 2
510 5759 688 5815 Laud.
698 5803 715 5829 ,
744 5758 1020 5816 in‘utrem.

505 5856 750 5918 Paruon.
780 5856 1036 5917 LXXVI.

2026 4573 2113 4623 cta
2141 4566 2405 4635 Ecclesia,
2431 4566 2564 4624 dum
2595 4567 2844 4624 veritatis
2873 4569 2995 4626 luce
3023 4557 3370 4642 splendentes
3415 4569 3637 4645 animas

2025 4656 2258 4730 colligit,
2288 4656 2348 4712 in
2376 4655 2592 4713 intimis
2619 4656 2933 4714 abscondit.-
2952 4657 3268 4731 Aliquando
3287 4658 3454 4714 etiam
3477 4673 3626 4713 men-

2025 4745 2101 4803 sis
2129 4762 2228 4819 pro
2257 4747 2590 4820 perfectione
2617 4747 2864 4820 ponitur,
2895 4747 3040 4804 sicut
3078 4746 3343 4820 propheta
3361 4747 3466 4801 ait:
3499 4744 3628 4800 Erit

2025 4836 2216 4893 mensis
2245 4854 2310 4892 ea:
2337 4854 2507 4893 mense
2538 4835 2694 4908 (Isai.
2728 4853 2882 4907 LXVI,
2913 4836 3004 4911 23)
3033 4835 3333 4909 ;perfectio
3368 4831 3630 4894 videlicet

2025 4926 2106 4984 eis
2124 4926 2184 4982 in
2211 4926 2422 5000 requie,
2454 4925 2652 5000 quibus
2682 4942 2832 4982 nunc
2859 4923 3128 4997 perfectio
3156 4922 3324 4977 fuerit
3351 4920 3410 4974 in
3439 4931 3624 4990 opera-

2025 5017 2195 5074 tione.
2223 5015 2363 5090 [Vet.
2380 5014 2508 5090 IX.]
2539 5014 2944 5074 Reminiscatur
2971 5029 3097 5085 ergo
3119 5006 3473 5083 perfectionis
3501 5008 3626 5081 pri-

2095 5254 2116 5290 ⁷
2147 5253 2229 5310 Ita
2281 5252 2490 5322 Germ.,
2521 5249 2685 5308 Corb.
2716 5249 2926 5315 Germ.,
2964 5242 3352 5322 Laudunenses
3393 5250 3446 5322 et
3489 5259 3626 5322 pene

2023 5341 2214 5383 omnes
2240 5326 2395 5392 Mss.,
2425 5315 2562 5393 quos
2589 5327 2895 5393 sequuntur
2922 5324 3031 5393 vet.
3076 5316 3182 5393 Ed.
3226 5315 3626 5393 Posterioribus

2022 5404 2206 5454 autem
2236 5387 2557 5450 Editoribus
2587 5387 2759 5462 magis
2786 5390 2992 5461 placuit
3018 5389 3220 5456 acrius,
3251 5387 3396 5462 quod
3425 5388 3628 5460 legitur

2023 5469 2084 5526 in
2102 5467 2300 5542 _Gi_lot.,
2331 5465 2538 5532 Vatic.,
2566 5463 2839 5542 Gussanv.
3023 5507 3040 5542 ._
3095 5534 3113 5542 _
3348 5532 3358 5542 υ
3406 5531 3416 5541 ,

2099 5539 2120 5575 ⁸
2159 5533 2387 5607 TurOn.,
2443 5534 2863 5605 reminiscentur,
2919 5542 2975 5592 et
3026 5533 3172 5591 infra
3225 5533 3626 5587 reminiscent-ur

2025 5611 2216 5668 nostri.

2097 5687 2118 5719 ν
2160 5681 2357 5746 Vind,
2391 5679 2703 5750 injudiciis.
