4172 6184
529 357 624 410 107
1732 347 1979 406 SANCTl
2017 347 2361 405 GREGORII
2403 347 2625 403 MAGNI
3750 351 3811 404 10

524 479 708 547 stiria,
735 475 961 534 reducat
987 474 1057 530 ad
1090 474 1409 529 memoriam
1451 481 1652 547 quanta
1687 475 1700 507 ¹
1735 471 2127 544 pradicatione
2162 475 2210 532 A

522 583 621 626 sua
646 564 892 624 collectis
911 560 1198 619 animabus
1218 561 1531 634 reportabat
1561 561 1736 628 lucra,
1766 568 1820 618 et
1843 568 2132 634 angustata

525 652 973 712 tribulationibus
1000 651 1176 708 dicat:
1215 651 1345 719 Quis
1373 651 1504 707 mihi
1525 651 1746 718 tribuat,
1768 657 1828 706 ut
1857 651 1954 706 sim
1964 649 2128 720 juxta

527 761 717 801 menses
739 741 1040 816 pristinos?
1071 742 1134 798 In
1167 740 1370 816 quibus
1399 741 1645 816 profecto
1673 740 1956 798 mensibus
1983 755 2130 814 qua-

524 833 590 892 lis
621 832 812 903 fuerit,
842 830 1218 889 enumerando
1247 831 1554 906 subjungit,
1586 831 1804 890 dicens:

1142 991 1377 1050 CAPUT
1415 992 1516 1048 XI.

593 1117 761 1177 Vnus.
781 1118 835 1190 2,
853 1118 906 1177 3.
925 1149 996 1162 -
1024 1119 1318 1176 Secundum
1346 1121 1476 1189 dies,
1499 1119 1687 1190 quibus
1712 1119 1853 1176 Deus
1881 1119 2136 1174 custodie-

522 1209 610 1264 bat
661 1225 763 1274 me,
804 1208 1018 1280 quando
1063 1208 1366 1280 splendebat
1399 1209 1613 1263 lucerna
1645 1207 1760 1277 ejus
1789 1225 1949 1279 super
1976 1213 2134 1280 caput

521 1313 714 1363 meum,
733 1303 781 1353 et
806 1297 878 1353 ad
909 1299 1084 1354 lumen
1117 1296 1231 1368 ejus
1259 1297 1600 1353 ambulabam
1636 1296 1692 1351 in
1723 1296 1965 1355 tenebris.

596 1423 683 1482 18.
710 1425 852 1482 Tunc
878 1425 1035 1480 multi
1061 1423 1265 1497 inﬁrmi
1282 1423 1486 1491 cadent,
1505 1423 1738 1494 fortibus
1767 1422 1829 1478 ob
1858 1438 2038 1478 eorum
2053 1438 2134 1478 ca-

523 1530 637 1569 sum
651 1514 1196 1572 dolentibus.—Tunc
1206 1514 1407 1588 quippe
1427 1514 1577 1570 videt
1595 1531 1664 1570 ex
1676 1513 2136 1586 se,persecutione

522 1609 769 1675 cogente,
812 1603 1162 1661 infirmorum
1203 1604 1406 1660 multos
1452 1603 1666 1670 cadere,
1708 1618 1844 1674 quos
1889 1618 2039 1659 nunc
2073 1609 2136 1658 ut

524 1699 699 1748 mater
738 1691 885 1748 intra
921 1691 1072 1764 pacis
1109 1691 1295 1747 sinum
1342 1689 1601 1763 parvulos
1644 1689 1818 1759 fovet,
1857 1697 1910 1746 et
1939 1690 1961 1725 ³
1989 1689 2135 1746 intra

525 1778 852 1852 tranquillas
868 1779 998 1836 fidei
1014 1795 1183 1836 cunas
1197 1779 1465 1847 continet,
1487 1778 1617 1852 quia
1631 1777 1854 1834 admisti
1874 1777 2130 1847 fortibus,

523 1867 640 1940 ipsa
667 1867 796 1924 ﬁdei
828 1869 1226 1942 tranquillitate
1256 1869 1598 1925 nutriuntur.
1631 1867 1786 1924 Tunc
1832 1883 1963 1924 vero
1997 1868 2132 1926 tales

524 1957 685 2013 multi
709 1959 890 2015 casuri
910 1965 1060 2026 sunt,
1081 1964 1135 2014 et
1163 1973 1260 2030 per
1287 1957 1500 2014 viscera
1527 1956 1838 2024 charitatis,
1860 1956 2132 2030 quidquid

525 2046 583 2103 in
630 2046 832 2105 damno
875 2049 1234 2121 parvulorum
1280 2048 1535 2115 sustinet,
1566 2065 1623 2104 se
1665 2046 1873 2120 perpeti
1914 2046 2132 2104 animus

525 2137 889 2209 perfectorum
939 2136 1108 2194 dolet.
1167 2138 1519 2196 Inﬁrmorum
1567 2139 1770 2195 etenim
1823 2137 2023 2194 damna
2063 2137 2132 2192 ad

527 2225 693 2284 corda
737 2227 967 2283 fortium
1015 2243 1112 2300 per
1156 2227 1591 2300 compassionem
1621 2235 1926 2284 transeunt.
1978 2226 2132 2283 Unde

525 2329 622 2385 per
648 2316 880 2371 Paulum
910 2315 1147 2371 dicitur:
1185 2318 1314 2383 Quis
1334 2318 1666 2388 inﬁrmatur,
1683 2325 1729 2372 et
1755 2335 1844 2388 ego
1857 2334 1964 2371 non
1983 2316 2132 2388 infir-

529 2405 686 2459 mor?
711 2404 830 2473 quis
859 2404 1351 2468 scandalizatur,et
1379 2423 1466 2474 ego
1485 2422 1592 2459 non
1619 2421 1754 2460 uror
1785 2407 1872 2476 (II
1901 2407 2026 2462 Cor.
2051 2422 2130 2471 xx,

529 2490 622 2563 29)
642 2490 670 2547 ?
697 2491 873 2546 Tanto
901 2490 1049 2546 enim
1081 2491 1311 2564 quisque
1340 2492 1619 2564 perfectus
1648 2500 1750 2561 est,
1783 2501 1988 2566 quanto
2017 2509 2134 2564 per-

527 2580 667 2637 fecte
697 2579 864 2636 sentit
893 2579 1110 2636 dolores
1129 2580 1355 2638 alienos.
1379 2580 1534 2636 Unde
1558 2587 1747 2638 sancta
1766 2581 2012 2638 Ecclesia
2039 2582 2136 2636 in-

529 2667 704 2725 tirmis
732 2676 865 2725 tunc
892 2667 1215 2725 cadentibus
1244 2671 1265 2704 ³
1295 2669 1627 2741 angustiata,
1659 2685 1786 2726 cum
1817 2668 2013 2726 horum
2055 2687 2134 2725 re-

529 2757 842 2814 miniscitur
896 2765 1232 2830 temporum,
1281 2755 1407 2828 jure
1451 2756 1670 2814 dictura
1696 2764 1808 2813 est:
1845 2759 2138 2815 Secundum

529 2848 638 2903 dies
666 2847 856 2918 quibus
874 2847 1018 2903 Deus
1045 2846 1369 2901 custodiebat
1395 2863 1496 2912 me,
1528 2845 1657 2918 quia
1688 2863 1745 2904 se
1773 2855 1908 2904 tunc
1936 2847 1994 2904 in
2023 2847 2136 2903 illis

527 2936 764 2994 astimat
791 2935 1004 3005 cadere,
1036 2951 1156 3009 qua
1185 2951 1242 2992 se
1281 2950 1430 2992 nunc
1459 2934 1517 2990 in
1549 2934 1669 2992 istis
1699 2937 1720 2972 ⁴
1750 2936 1973 3009 respicit
2000 2953 2136 2993 cus-

501 3024 715 3081 ‘todiri.
742 3025 886 3081 Bene
915 3032 1097 3082 autem
1127 3024 1362 3081 dicitur:
1392 3025 1615 3092 Quando
1644 3025 1944 3097 splendebat
1973 3027 2134 3081 lucer-

527 3130 599 3169 na
635 3112 749 3181 ejus
785 3130 946 3184 super
984 3119 1143 3184 caput
1165 3129 1356 3177 meum,
1382 3118 1429 3166 et
1455 3113 1526 3167 ad
1557 3113 1729 3168 lumen
1755 3112 1870 3183 ejus
1898 3113 2134 3168 ambula-

530 3205 648 3257 bam
679 3202 735 3256 in
757 3201 996 3256 tenebris.
1019 3200 1280 3255 Lucerna
1301 3200 1450 3255 enim
1475 3201 1721 3269 nomine,
1747 3202 1935 3257 lumen
1957 3202 2132 3274 signa-

529 3299 622 3347 tur
649 3305 814 3345 sacra
861 3288 1178 3360 Scriptura,
1210 3287 1276 3343 de
1323 3304 1432 3362 qua
1486 3289 1600 3361 ipse
1645 3290 1902 3346 Ecclesia
1950 3299 2135 3363 pastor

529 3377 698 3436 dicit:
731 3377 995 3434 Habemus
1014 3376 1304 3448 ﬁrmiorem
1326 3378 1690 3449 propheticum
1717 3396 2026 3449 sermonem,
2047 3380 2135 3435 cui

531 3469 650 3524 bene
687 3466 867 3538 facitis
903 3467 1242 3533 attendentes,
1273 3466 1429 3537 quasi
1478 3469 1700 3523 lucerna
1730 3470 1920 3524 lucenti
1946 3470 2004 3525 in
2049 3489 2131 3527 ca-

531 3557 752 3629 liginoso
784 3557 915 3621 loco,
957 3555 1116 3610 donec
1143 3555 1251 3610 dies
1280 3554 1564 3621 illucescat,
1606 3562 1654 3610 et
1700 3557 1891 3628 lucifer
1919 3559 2135 3614 oriatur

532 3645 588 3700 in
615 3644 858 3700 cordibus
887 3643 1071 3698 vestris
1114 3643 1203 3715 (II
1227 3645 1340 3700 Pet.
1374 3659 1415 3712 I,
1457 3645 1569 3716 19).
1602 3645 1674 3699 Et
1700 3644 1987 3702 Psalmista
2015 3647 2128 3703 ait:

529 3733 770 3790 Lucerna
810 3732 1031 3804 pedibus
1073 3731 1202 3786 meis
1237 3731 1450 3787 verbum
1497 3738 1662 3802 tuum,
1691 3733 1913 3790 Domine
1957 3736 2129 3807 (Psal.

529 3838 728 3890 cxvm,
761 3821 909 3894 105).
943 3821 1083 3888 Quia
1111 3827 1294 3877 autem
1315 3823 1336 3856 ⁸
1367 3821 1672 3894 principale
1701 3829 1950 3879 nostrum
1980 3839 2134 3880 mens

528 3919 632 3979 est,
683 3909 1051 3983 appellatione
1095 3909 1291 3981 capitis
1342 3926 1496 3966 mens
1544 3918 1790 3968 vocatur.
1839 3911 1992 3968 Unde
2038 3928 2134 3984 per

530 3999 878 4056 Psalmistam
914 3997 1150 4054 dicitur:
1183 3997 1539 4069 Impinguasti
1559 3999 1614 4053 in
1643 4001 1754 4055 oleo
1779 4006 1935 4072 caput
1961 4018 2134 4056 meum

533 4086 709 4158 (Psal.
742 4101 884 4152 xxn,
924 4085 1005 4154 ὅ).
1039 4087 1120 4139 Ac
1149 4089 1294 4146 613
1323 4085 1369 4139 si
1399 4092 1584 4158 aperte
1611 4086 1795 4143 dicat:
1837 4087 2134 4145 Charitatis

531 4178 865 4252 pinguedine
921 4178 1202 4250 replevisti
1258 4186 1498 4235 mentem
1539 4197 1737 4238 meam.
1793 4184 1953 4241 Nunc
2005 4202 2133 4257 ergo

535 4269 756 4322 lucerna
801 4281 964 4339 super
1008 4274 1171 4338 caput
1216 4267 1476 4324 Ecclesia
1515 4269 1784 4342 splendet,
1826 4272 1955 4346 quia
1982 4289 2135 4330 sacra

533 4357 750 4429 eloquia
776 4356 1029 4414 tenebras
1058 4365 1258 4413 nostra
1289 4359 1490 4416 mentis
1518 4360 1805 4432 irradiant,
1837 4370 1897 4419 ut
1926 4363 1985 4420 in
2029 4363 2136 4422 hoc

533 4445 834 4518 caliginoso
873 4447 1004 4503 vita
1033 4447 1318 4520 prasentis
1345 4449 1488 4519 loco,
1533 4450 1666 4506 dum
1699 4452 1990 4510 verborum
2035 4454 2133 4510 Dei

531 4533 710 4588 lucem
741 4535 1096 4608 percipimus,
1116 4553 1236 4609 qua
1263 4538 1618 4610 suntagenda
1646 4539 1948 4598 videamus.
1971 4543 2130 4600 Nunc
2163 4552 2212 4611 1)

533 4621 602 4678 ad
630 4623 819 4680 lumen
841 4626 862 4661 δ
891 4623 1011 4696 ejus
1038 4625 1359 4683 intenebris
1378 4628 1644 4698 ambulat,
1668 4631 1928 4704 quoniam
1946 4640 2135 4690 sancta

533 4711 865 4770 universalis
885 4713 1150 4781 Ecclesia,
1181 4715 1284 4771 etsi
1313 4715 1506 4772 aliena
1539 4720 1755 4776 occulta
1782 4719 2135 4792 cogitationis

534 4817 646 4858 non
675 4810 942 4874 penetrat,
975 4805 994 4838 ⁷
1027 4803 1156 4876 quia
1189 4805 1342 4877 quasi
1374 4805 1568 4862 faciem
1599 4824 1710 4864 non
1753 4809 2034 4882 cognoscit
2074 4810 2132 4866 in

535 4899 714 4962 nocte,
744 4899 927 4949 tamen
957 4892 1112 4966 ponit
1141 4910 1355 4965 gressus
1385 4894 1514 4950 boni
1557 4897 1758 4969 operis,
1799 4898 2005 4956 directa
2034 4899 2132 4956 lu-

534 4981 682 5039 mine
709 4999 958 5058 superna
988 4983 1306 5040 locutionis.
1336 4983 1632 5059 Sequitur:

586 5361 627 5442 ,ί
660 5358 889 5418 Plurimi
917 5380 1043 5421 cum
1074 5364 1258 5426 Germ.
1289 5374 1345 5424 et
1369 5366 1532 5427 Corb.
1567 5367 1776 5440 Germ.,
1802 5369 2136 5444 pradicatio-

538 5447 624 5486 tl‘tS
651 5448 778 5487 sua.

609 5504 631 5587 Ξ
669 5503 902 5587 Isim.
934 5506 988 5560 δη
1018 5511 1310 5587 trasenna
1338 5514 1462 5587 ﬁdei
1485 5531 1637 5570 cuna.

609 5575 631 5659 εξ
669 5574 926 5659 Blurimi,
955 5593 1080 5658 cum
1107 5574 1289 5659 Serm.
1322 5574 1565 5659 ét_Cor_b.
1600 5587 1783 5642 Germ.
1795 5630 1809 5659 ,
1829 5591 2131 5659 angustata.

595 5647 631 5728 f
668 5645 884 5732 l‘lorm.,
914 5649 1140 5732 respicit
1172 5656 1569 5732 stare.__l_.aud._,
1609 5645 1824 5732 resp-icit
1850 5645 2130 5714 custodire.

541 5715 806 5801 Vindqc,
830 5719 960 5801 quia
1000 5715 1281 5801 tuncsein
1309 5715 1668 5801 illisastimat
1692 5715 1893 5794 Eadem,
1931 5745 2047 5800 qua
2083 5745 2136 5784 se

538 5806 675 5846 nunc
700 5791 758 5847 in
783 5791 900 5848 istis
926 5791 1217 5850 astimabat
1242 5796 1502 5852 custodiri
1520 5816 1542 5863 ;
1560 5799 1789 5857 obscure
1808 5791 1970 5868 sane';
1999 5807 2054 5857 et
2073 5808 2134 5857 ut

2689 467 2915 529 CAPUT
2944 470 3048 527 XII
3071 469 3215 544 [Rea
3247 473 3388 548 IX].

2312 595 2479 652 Vnus.
2511 595 2564 652 4.
2597 626 2668 638 -
2699 595 2844 652 Sicut
2869 594 2955 665 fui
2980 595 3039 649 in
3066 594 3244 651 diebus
3286 595 3651 651 adolescentia
3701 615 3846 660 mea,

2239 685 2450 758 quando
2477 691 2668 741 secreto
2697 685 2839 742 Deus
2867 690 2984 740 erat
3001 683 3060 739 in
3081 685 3422 740 tabernaculo
3441 702 3579 741 meo.

2314 811 2398 868 19.
2439 809 2614 868 Var-ia
2641 807 2890 866 Ecclesia
2918 813 3112 864 aetates.
3159 807 3427 878 Infantia,
3465 807 3842 876 adolescentia,

2241 902 2460 960 senium.
2493 904 2559 958 In
2586 902 2688 974 fine
2717 907 2887 956 tamen
2913 901 3106 957 multos
3136 906 3445 972 susceptura
3472 905 3547 955 est
3573 900 3738 972 ﬁlios.
3771 929 3844 941 —

2242 993 2396 1050 Sicut
2424 989 2862 1065 uniuscujusque
2892 988 3158 1058 hominis,
3206 989 3286 1046 sic
3329 995 3529 1045 sancta
3585 987 3848 1045 Ecclesia

2242 1089 2372 1137 atas
2421 1080 2770 1137 describitur.
2820 1079 3055 1136 Parvula
3093 1078 3296 1152 quippe
3326 1085 3460 1134 tunc
3486 1085 3623 1146 erat,
3655 1094 3780 1134 cum
3812 1093 3844 1133 a

2243 1171 2530 1230 nativitate
2552 1188 2741 1229 recens
2755 1171 2986 1228 verbum
3008 1170 3136 1227 vita
3154 1169 3456 1244 pradicare
3477 1185 3597 1226 non
3613 1175 3843 1241 poterat.

2243 1261 2386 1320 Hinc
2411 1262 2560 1318 enim
2590 1262 2657 1318 de
2686 1263 2782 1318 illa
2813 1261 3051 1319 dicitur:
3088 1262 3258 1318 Soror
3277 1266 3462 1315 nostra
3489 1261 3724 1332 parvula
3743 1265 3842 1328 est,

2241 1359 2290 1407 et
2315 1353 2479 1408 ubera
2505 1370 2611 1408 non
2641 1353 2790 1408 habet
2814 1353 3004 1424 (Cant.
3028 1368 3152 1420 vm,
3170 1351 3254 1423 8),
3272 1349 3404 1424 quia
3427 1349 3695 1406 nimirum
3724 1363 3846 1404 san-

2242 1447 2330 1497 cta
2356 1441 2600 1498 Ecclesia
2630 1442 2949 1516 priusquam
3012 1440 3302 1514 proﬁceret
3357 1455 3454 1513 per
3508 1438 3849 1496 incrementa

2243 1535 2489 1606 virtutis,
2511 1536 2750 1595 inﬁrmis
2785 1538 3092 1611 quibusque
3111 1536 3460 1594 auditoribus
3473 1535 3713 1610 prabere
3733 1551 3844 1591 non

2243 1625 2424 1698 potuit
2451 1626 2620 1683 ubera
2647 1627 3074 1701 pradicationis.
3093 1625 3300 1683 Adulta
3327 1642 3459 1682 vero
3487 1625 3737 1684 Ecclesia
3764 1623 3845 1682 di-

2241 1716 2407 1784 citur,
2437 1715 2658 1788 quando
2707 1717 2805 1773 Dei
2854 1717 3022 1773 verbo
3077 1716 3352 1788 copulata,
3384 1721 3575 1772 sancto
3628 1714 3838 1787 repleta

2164 1830 2210 1891 B
2241 1804 2471 1876 Spiritu,
2504 1820 2600 1876 per
2627 1805 3036 1878 pradicationis
3080 1805 3452 1862 ministerium
3492 1805 3551 1862 in
3597 1803 3843 1861 ﬁliorum

2239 1894 2595 1967 conceptione
2640 1896 2661 1930 ⁸
2708 1895 2930 1964 fetatur,
2989 1913 3126 1969 quos
3183 1893 3532 1954 exhortando
3585 1893 3845 1968 parturit,

2239 1984 2610 2041 converteudo
2639 1985 2802 2058 parit.
2832 1986 2910 2041 De
2939 1984 3042 2042 hac
3070 1985 3189 2058 ejus
3217 1993 3376 2043 atate
3425 1984 3664 2044 Domino
3697 1982 3848 2041 dici-

2239 2082 2332 2131 tur
2363 2093 2375 2132 :
2409 2075 2822 2132 Adolescentula
2849 2077 3150 2132 dilexerunt
3181 2083 3226 2133 te
3275 2077 3467 2148 (Cant.
3501 2095 3542 2144 ι,
3583 2077 3667 2146 2).
3701 2075 3848 2132 Uni-

2240 2179 2408 2221 versa
2438 2165 2639 2238 quippe
2695 2166 2977 2235 Ecclesia,
3010 2181 3132 2238 qua
3183 2182 3349 2222 unam
3387 2165 3720 2221 catholicam
3752 2164 3846 2219 fa-

2240 2253 2415 2320 ciunt,
2474 2253 2895 2310 adolescentula
2943 2261 3234 2322 vocantur,
3287 2269 3401 2309 non
3453 2253 3569 2326 jam
3617 2261 3845 2310 vetusta

2242 2357 2337 2412 per
2365 2343 2604 2414 culpam,
2635 2341 2729 2398 sed
2757 2343 2995 2399 novella
3026 2359 3122 2415 per
3151 2342 3404 2415 gratiam;
3437 2358 3550 2398 non
3567 2342 3722 2398 senio
3741 2350 3847 2398 ste-

2244 2429 2392 2498 riles,
2422 2430 2518 2486 sed
2547 2438 2703 2486 atate
2733 2431 2934 2487 mentis
2963 2431 3032 2487 ad
3052 2431 3354 2504 spiritalem
3382 2447 3636 2502 congrua
3657 2430 3847 2486 fecun-

2243 2516 2494 2573 ditatem.
2527 2519 2681 2575 Tunc
2724 2535 2875 2590 ergo,
2905 2535 3033 2576 cum
3079 2519 3137 2574 in
3191 2518 3387 2575 diebus
3434 2519 3550 2574 illis
3577 2518 3845 2586 Ecclesia,

2244 2606 2402 2680 quasi
2431 2605 2667 2678 quodam
2707 2609 2861 2663 senio
2898 2608 3204 2676 debilitata,
3239 2624 3334 2679 per
3389 2608 3837 2680 pradicationem

2245 2694 2389 2751 ﬁlios
2416 2710 2604 2767 parere
2633 2711 2745 2752 non
2777 2697 2946 2764 valet,
2967 2696 3345 2752 reminiscitur
3363 2695 3744 2752 facunditatis
3755 2711 3847 2752 an-

2244 2781 2410 2855 tiqua
2439 2781 2628 2838 dicens
2661 2800 2673 2838 :
2709 2783 2856 2838 Sicut
2879 2783 2966 2854 fui
2993 2783 3051 2837 in
3078 2783 3258 2838 diebus
3285 2783 3648 2839 adolescentia
3693 2801 3838 2842 mea.

2243 2870 2505 2939 Quamvis
2533 2880 2656 2943 post
2679 2871 2899 2928 eosdem
2945 2871 3064 2927 dies
3111 2869 3312 2944 quibus
3354 2870 3708 2942 deprimitur,
3731 2872 3848 2944 jam

2244 2971 2426 3018 tamen
2454 2961 2599 3020 circa
2621 2961 2801 3034 ipsum
2827 2960 2996 3017 ﬁnem
3024 2968 3336 3033 temporum
3388 2959 3580 3032 grandi
3638 2962 3851 3033 pradi-

2242 3051 2478 3109 cationis
2504 3051 2710 3107 virtute
2730 3049 3036 3107 roboretur.
3059 3051 3196 3106 Nam
3227 3049 3496 3122 susceptis
3525 3049 3595 3106 ad
3623 3050 3849 3122 plenum

2166 3189 2210 3250 Ω
2248 3140 2525 3214 gentibus,
2557 3156 2776 3196 omnem
2807 3139 3169 3196 lsraeliticum
3198 3139 3598 3213 populum,qui
3618 3140 3850 3196 tuncin-

2249 3239 2443 3250 ---ι-Α---
2476 3229 2640 3250 ιι.---2Α
2696 3230 2746 3250 1..
2779 3229 2908 3250 12)-:
2933 3230 3105 3250 -2.Α...ι.
3139 3228 3307 3250 Α-ΑιῖΑ
3349 3228 3619 3250 ο-..;..Α--...
3652 3229 3846 3250 .__2_.__-

2249 3239 2447 3286 ventus
2476 3229 2662 3298 fuerit,
2696 3230 2753 3284 in
2777 3229 2909 3285 ﬁdei
2929 3230 3110 3285 sinum
3139 3228 3328 3285 trahit.
3349 3228 3625 3300 Scriptum
3647 3229 3850 3302 quippe

2242 3327 2324 3375 est
2356 3337 2369 3375 :
2401 3320 2576 3375 Donec
2601 3319 2876 3390 plenitudo
2903 3319 3134 3390 gentium
3162 3318 3432 3383 introiret,
3464 3324 3514 3372 et
3558 3317 3634 3373 sic
3678 3318 3850 3373 omnis

2242 3409 2415 3464 Israel
2442 3410 2621 3463 salvus
2641 3408 2787 3480 ﬁeret
2814 3409 2997 3475 (Rom.
3030 3424 3112 3476 xi,
3145 3407 3265 3477 25).
3296 3407 3403 3463 Sed
3431 3414 3558 3462 ante
3586 3406 3682 3462 illa
3697 3413 3849 3462 tem-

2243 3512 2374 3568 pora
2403 3504 2563 3556 erunt
2593 3496 2709 3552 dies
2738 3496 2796 3552 in
2825 3496 3025 3569 quibus
3054 3496 3122 3552 ab
3171 3495 3504 3556 adversariis
3559 3495 3849 3568 paululum

2243 3585 2521 3641 videbitur
2547 3601 2824 3657 oppressa,
2855 3601 2980 3640 cum
3011 3591 3065 3640 et
3095 3583 3295 3640 horum
3339 3583 3561 3640 dierum
3603 3583 3850 3639 remini-

2241 3675 2434 3743 scitur,
2464 3673 2654 3730 dicens
2687 3692 2698 3730 :
2737 3674 2884 3728 Sicut
2909 3673 2993 3744 fui
3023 3673 3078 3729 in
3105 3674 3286 3729 diebus
3313 3673 3677 3730 adolescentia
3701 3689 3847 3738 mea,

2242 3763 2454 3834 quando
2482 3769 2673 3819 secreto
2701 3764 2842 3820 Deus
2861 3770 2977 3819 erat
3005 3763 3061 3818 in
3092 3763 3432 3819 tabernaculo
3461 3779 3596 3819 meo.

2316 3887 2454 3961 [Vet.
2474 3887 2569 3960 X.]
2592 3887 2679 3942 20.
2703 3887 2805 3953 Qui
2818 3886 3072 3942 mandata
3086 3885 3186 3942 Dei
3197 3885 3505 3949 meditatur,
3517 3883 3667 3938 habet
3679 3883 3850 3940 Deum

2241 3977 2636 4032 inhabitantem.
2673 3975 2852 4031 Sancti
2889 3993 2942 4030 se
2968 3974 3107 4046 foris
3144 3975 3388 4045 intusque
3424 3972 3844 4044 circumpiciunt.

2241 4095 2312 4107 —
2339 4063 2483 4131 Quid
2513 4063 2618 4119 hoc
2643 4063 2763 4119 loco
2813 4063 3249 4131 tabernaculum,
3281 4063 3390 4119 nisi
3438 4062 3846 4121 habitationem

2244 4153 2444 4211 mentis
2469 4153 2813 4226 accipimus?
2869 4154 3010 4221 Quia
3051 4169 3147 4225 per
3179 4169 3343 4209 omne
3373 4152 3519 4226 quod
3550 4153 3846 4226 cogitando

2243 4245 2475 4318 agimus,
2506 4243 2565 4299 in
2593 4243 2828 4300 consilio
2866 4243 3039 4300 nostri
3086 4243 3274 4300 cordis
3302 4243 3638 4300 habitamus.
3672 4243 3848 4311 Quis-

2245 4335 2368 4408 quis
2395 4341 2577 4390 autem
2609 4333 2867 4390 mandata
2895 4334 2994 4390 Dei
3027 4333 3225 4390 tacitus
3254 4333 3484 4407 cogitat,
3514 4339 3727 4390 secreto
3756 4333 3844 4389 illi

2244 4426 2389 4480 Deus
2413 4423 2471 4480 in
2498 4422 2852 4479 tabernaculo
2872 4430 2972 4479 est.
3002 4421 3414 4478 Habitationem
3463 4421 3669 4478 etenim
3715 4438 3848 4479 cor-

2247 4514 2334 4571 dis
2381 4512 2465 4569 sui
2488 4566 2491 4568 _
2517 4520 2643 4568 ante
2673 4512 2771 4568 Dei
2799 4528 2916 4568 esse
2945 4513 3132 4569 oculos
3178 4513 3414 4582 viderat,
3455 4512 3551 4586 qui
3580 4511 3797 4569 dicebat
3829 4530 3840 4568 :

2243 4612 2319 4671 Et
2369 4605 2636 4660 meditatio
2693 4604 2868 4660 cordis
2920 4605 3022 4660 mei
3075 4605 3134 4660 in
3189 4611 3464 4676 conspectu
3514 4609 3599 4658 tuo
3644 4618 3848 4673 semper

2240 4697 2422 4769 (Psal.
2455 4711 2621 4764 xvm,
2658 4694 2773 4766 15).
2833 4694 3125 4750 Exteriora
3171 4707 3408 4764 namque
3453 4706 3617 4762 opera
3658 4697 3846 4762 patent

2241 4784 2419 4842 oculis
2439 4783 2752 4847 hominum,
2766 4782 2924 4854 longe
2946 4797 3076 4837 vero
3097 4777 3601 4851 incomparabiliter
3620 4777 3845 4834 interio-

2241 4889 2329 4930 res
2354 4889 2417 4929 ac
2445 4871 2821 4927 subtilissima
2875 4869 3235 4941 cogitationes
3262 4875 3463 4922 nostra
3495 4875 3683 4939 patent
3701 4884 3844 4924 ocu-

2242 4961 2311 5018 lis
2363 4961 2482 5017 Dei.
2519 4960 2709 5016 Omnia
2767 4958 2926 5023 enim,
2952 4957 3095 5014 sicut
3147 4956 3416 5028 scriptum
3464 4964 3566 5026 est,
3597 4957 3745 5012 nuda
3797 4963 3846 5013 et

2239 5055 2423 5122 aperta
2451 5055 2573 5104 sunt
2597 5048 2764 5103 oculis
2793 5046 2906 5116 ejus
2934 5045 3127 5115 (Hebr.
3162 5062 3241 5113 IV,
3264 5045 3378 5118 13).
3398 5046 3470 5101 Et
3489 5061 3632 5118 sape
3663 5045 3722 5101 in
3751 5061 3844 5100 ex-

2240 5137 2430 5196 teriori
2457 5153 2618 5213 opere
2645 5144 2771 5196 ante
2798 5135 2987 5195 oculos
3015 5134 3309 5192 hominum
3337 5133 3640 5192 inordinati
3668 5150 3850 5208 appa-

2242 5387 2552 5440 censemus,
2586 5368 2864 5426 mendose.

2314 5445 2336 5522 ξ
2367 5445 2448 5522 [ιδ
2475 5437 3025 5522 (ιιὶοςαθοειρρριιαιωο
3051 5440 3297 5522 supra];
3331 5454 3457 5508 xm,
3488 5455 3643 5522 num.
3673 5437 3728 5522 5..

2278 5516 2338 5642 Γῆ
2370 5511 2532 5571 Deest
2559 5511 2672 5584 ejus
2698 5511 2770 5568 ini
2791 5511 3025 5582 'Germ.,
3057 5511 3219 5570 (Σάι-1).
3252 5511 3439 5568 Germ.
3473 5519 3526 5567 et
3575 5512 3834 5584 plurimis

2299 5603 2387 5642 ns.

2241 5602 2387 5643 auis.

2315 5659 2334 5694 ⁷
2367 5655 2660 5713 Omittitur
2686 5655 2814 5727 quia
2834 5656 2892 5712 in
2919 5654 3088 5727 duob.
3113 5653 3287 5727 haud,

2317 5729 2339 5765 ⁸
2365 5729 2454 5811 Ita
2475 5724 2866 5811 {Sei'my—Qorb.
2898 5724 3333 5811 Germ.,'Laud.,
3354 5725 3570 5798 Norm.,
3592 5725 3835 5799 Bellov.,

2241 5808 2372 5870 etc.,
2402 5799 2499 5857 ubi
2527 5797 2681 5858 Editi
2713 5799 2918 5858 habent
2943 5797 3285 5870 fecundatur.
