4172 6184
345 329 434 385 109

1067 325 1437 382 MORALIUM
1473 326 1607 382 LIB.
1650 326 1803 382 XIX.
1845 357 1916 370 —-
1954 327 2024 384 IN
2062 327 2290 385 CAPUT
2329 330 2564 386 XXVIII
2603 331 2665 386 Β.
2707 332 2847 388 JOB.

3511 339 3610 397 110

344 472 454 518 rere
479 451 770 519 metuimus,
809 457 866 506 et
893 448 953 506 in
981 451 1234 507 interiori
1256 451 1588 524 cogitatione
1617 452 1772 509 illius
1803 469 1902 509 re-
1929 456 1977 514 A
2009 470 2140 511 vero
2179 453 2518 510 invisibilem
2549 462 2811 528 tanquam
2841 454 3038 514 videns
3066 459 3355 528 sustinuit,
3387 463 3514 534 quia
3542 463 3611 519 ab

346 552 561 621 spectum
597 556 704 597 non
775 539 1096 610 metuimus,
1140 557 1302 615 quem
1353 541 1634 598 videntem
1717 543 1907 600 omnia

347 651 442 692 non
486 629 737 686 videmus.
787 628 965 684 Multo
1004 629 1152 684 enim
1200 629 1373 703 magis
1415 629 1749 688 intrinsecus
1793 633 1906 688 Deo

345 739 480 800 quam
507 719 844 776 extrinsecus
896 716 1218 774 hominibus
1265 719 1660 792 conspicabiles
1692 736 1902 776 sumus.

343 811 470 872 Unde
507 817 557 866 et
603 807 785 866 sancti
815 823 1009 864 omnes
1050 807 1189 864 foris
1227 814 1374 874 614
1401 825 1458 866 se
1494 809 1755 883 imusque
1786 809 1908 866 οίιι-

338 906 697 980 cumspiciunt,
726 913 780 961 et
818 905 905 960 vel
945 905 1396 979 reprehendendo
1423 923 1482 963 se
1524 907 1787 976 exterius,
1819 908 1906 962 vel

335 1000 526 1071 iniquos
549 1012 603 1052 se
636 995 871 1052 interius
898 994 1079 1051 videri
1123 995 1482 1052 invisibiliter
1511 997 1730 1052 timent.
1765 996 1908 1052 Hinc

335 1096 401 1144 est
425 1085 559 1160 quod
585 1085 856 1142 animalia
875 1102 996 1158 quae
1025 1101 1122 1158 per
1174 1085 1496 1158 prOphetam
1532 1084 1816 1154 videntur,
1849 1084 1907 1139 in

333 1176 543 1234 circuitu
595 1182 657 1232 et
701 1174 855 1231 intus
908 1175 1072 1246 plena
1131 1175 1308 1231 oculis
1363 1191 1477 1232 esse
1533 1183 1911 1231 memorantur

331 1266 527 1336 (Ezech.
557 1281 597 1333 ι,
631 1264 737 1331 18;
780 1281 838 1332 x,
872 1264 985 1335 l2).
1019 1263 1280 1337 Quisquis
1309 1265 1456 1321 enim
1491 1264 1769 1321 exteriora
1812 1279 1912 1319 sua

332 1352 534 1408 honeste
560 1351 836 1424 disponit,
867 1351 965 1408 sed
986 1351 1252 1408 interiora
1280 1353 1532 1425 negligit,
1565 1353 1623 1408 in
1673 1351 1912 1408 circuitu

332 1443 497 1500 oculos
523 1443 712 1511 habet,
747 1442 842 1498 sed
872 1442 1022 1497 intus
1051 1459 1161 1499 non
1192 1443 1376 1500 habet.
1409 1444 1597 1501 Sancti
1625 1460 1757 1500 vero
1783 1459 1914 1499 om-

330 1547 434 1600 nes,
461 1531 583 1604 quia
632 1539 689 1586 et
717 1530 994 1587 exteriora
1038 1548 1136 1588 sua
1171 1533 1653 1604 circumspiciunt,
1683 1541 1745 1588 ut
1772 1532 1915 1588 bona

329 1620 390 1678 de
436 1637 488 1677 se
520 1621 777 1693 exempla
818 1621 1080 1678 fratribus
1109 1622 1408 1694 praebeant,
1439 1630 1494 1678 et
1526 1623 1790 1678 interiora
1817 1637 1916 1677 sua

331 1711 608 1782 vigilanter
637 1709 952 1778 attendunt,
983 1710 1114 1783 quia
1133 1727 1249 1767 sese
1267 1710 1690 1782 irreprobabiles
1710 1709 1916 1765 interni

2014 543 2168 616 ejus‘
2218 543 2434 600 timoris
2480 543 2690 599 intuitu
2739 543 2942 600 mentis
2971 545 3192 601 oculum
3222 562 3334 602 non
3364 547 3608 606 deﬂexit.

2015 634 2212 691 Sancta
2239 635 2423 708 itaque
2460 633 2707 692 Ecclesia
2740 634 2799 690 in
2829 634 3042 708 magnis
3068 642 3202 692 tunc
3229 637 3615 697 tribulationi-

2014 727 2119 784 bus
2147 727 2504 801 deprebensa,
2550 743 2677 784 cum
2708 728 2912 784 multos
2939 744 2972 783 a
3009 729 3124 784 Deo
3151 728 3422 800 conspicit
3449 747 3617 803 prava

2015 817 2348 890 cogitatione
2379 816 2680 885 discedere,
2711 816 2863 873 videt
2904 817 3150 890 profecto
3199 818 3400 874 mentis
3425 835 3616 877 eorum

2017 904 2393 962 habitaculum
2433 904 2746 962 discedente
2788 907 2901 962 Deo
2947 922 3180 963 vacuum
3232 923 3532 978 remanere,
3564 918 3617 966 et

2011 992 2136 1065 jure
2163 993 2456 1066 deplorans
2478 993 2614 1050 dicit
2638 1011 2649 1048 :
2686 995 2909 1062 Quando
2939 1002 3131 1051 secreto
3152 997 3292 1052 Deus
3322 1004 3438 1052 erat
3466 999 3521 1052 in
3544 1004 3620 1055 ta-

2019 1085 2301 1138 bernaculo
2329 1100 2460 1138 meo.
2489 1080 2622 1156 [νει.
2659 1081 2786 1157 ΧΙ.]
2823 1083 3034 1151 Quibus
3063 1085 3246 1141 verbis
3274 1102 3384 1142 non
3414 1086 3620 1144 imme-

2017 1172 2126 1227 rito
2155 1172 2319 1226 etiam
2352 1172 2632 1226 simulatio
2676 1172 2958 1245 religionis
2986 1175 3283 1246 plangitur,
3314 1175 3442 1248 quia
3470 1193 3622 1232 non-

2020 1261 2160 1316 nulli
2191 1261 2355 1316 etiam
2387 1277 2536 1317 nunc
2567 1261 2867 1318 Christiani
2909 1280 3024 1320 esse
3054 1280 3164 1320 non
3211 1273 3496 1338 appetunt,
3525 1266 3619 1322 sed

2021 1350 2219 1406 videri.
2256 1349 2354 1405 His
2383 1349 2641 1405 videlicet
2669 1351 2814 1405 Deus
2842 1350 2901 1405 in
2923 1351 3147 1424 publico
3175 1360 3276 1421 est,
3307 1369 3419 1408 non
3450 1353 3507 1408 in
3526 1369 3622 1408 se-
3705 1349 3714 1354 ’

2022 1447 2189 1496 creto.
2225 1439 2330 1496 Sed
2359 1447 2544 1496 sancta
2587 1439 2834 1497 Ecclesia
2862 1441 3036 1497 Deum
3084 1441 3141 1497 in
3170 1450 3378 1498 secreto
3424 1441 3630 1499 habere"

2023 1529 2316 1598 desiderat,
2365 1530 2496 1603 quia
2537 1530 2662 1586 illos
2705 1547 2832 1586 vere
2861 1530 3049 1588 ﬁdeles
3082 1533 3326 1605 respicit,
3373 1549 3511 1607 quos
3555 1533 3622 1589 ad

2025 1618 2154 1674 ﬁdei
2184 1618 2358 1674 vitam
2405 1618 2569 1674 corde
2616 1619 2778 1690 pleno
2806 1635 3124 1692 permanere
3157 1623 3461 1694 cognoscit.
3493 1622 3624 1691 Qua:

2020 1707 2183 1780 juxta
2219 1707 2548 1763 exteriorem
2608 1725 2826 1782 quoque
2869 1710 3076 1782 vigoris
3121 1711 3207 1767 sui
3236 1711 3622 1769 rectitudinem

325 1798 515 1872 judicia
541 1799 829 1856 obtutibus
857 1806 1073 1871 parant,
1103 1807 1157 1855 et
1180 1801 1371 1857 oculos
1399 1800 1457 1856 in
1485 1799 1724 1856 circuitu
1752 1805 1807 1854 et
1836 1797 1917 1853 in-
1948 1821 1994 1882 Β
2027 1796 2163 1853 dicit
2187 1815 2198 1852 :
2235 1797 2457 1864 Quando
2478 1804 2593 1852 erat
2633 1798 2968 1869 Omnipotens
2995 1817 3214 1866 mecum,
3244 1807 3293 1856 et
3318 1801 3378 1856 in
3405 1801 3626 1857 circuitu

329 1896 409 1947 tus
435 1891 639 1947 habere
668 1891 1060 1962 perhibentur;
1094 1892 1372 1965 magisque
1401 1907 1478 1960 se,
1501 1907 1612 1964 quo
1646 1893 1760 1947 Deo
1791 1889 1918 1961 pla-

323 1988 501 2046 ceant,
531 1980 588 2036 in
624 1997 718 2036 sua
744 1979 962 2036 interna
987 1988 1349 2053 componunt,
1381 1980 1526 2038 sicut
1552 1996 1648 2052 per
1675 1977 1919 2035 Psalmi-

325 2079 458 2126 stam
504 2087 720 2145 quoque
774 2071 841 2128 de
897 2078 1086 2128 sancta
1138 2071 1384 2128 Ecclesia
1435 2071 1686 2128 dicitur:
1737 2069 1920 2127 Omnis

322 2161 622 2231 gloriaejus
649 2163 665 2194 ¹
699 2161 828 2233 ﬁlia:
854 2162 996 2232 regis
1023 2161 1089 2219 ab
1118 2162 1260 2216 intus
1288 2162 1469 2230 (Psal.
1502 2178 1656 2229 xuv,
1692 2158 1756 2215 14
1761 2157 1920 2230 ).Sed

325 2249 445 2321 quia
491 2250 771 2306 exteriora
797 2267 899 2306 sua
927 2250 1094 2306 etiam
1113 2250 1623 2323 irrepreheusibilia
1651 2246 1918 2315 custodit,

317 2338 430 2410 jure
459 2339 528 2395 de
557 2355 623 2395 ea
650 2339 901 2394 subdidit
926 2357 937 2395 :
974 2339 1040 2395 In
1067 2340 1292 2412 ﬁmbriis
1321 2339 1503 2394 aureis
1526 2336 1921 2393 circuma-micla

324 2429 342 2462 ²
367 2430 649 2498 varietate,
667 2437 730 2485 ut
758 2437 812 2485 et
839 2429 1071 2502 pulchra
1100 2430 1205 2485 sibi
1236 2431 1389 2485 intus
1407 2430 1500 2496 sit,
1523 2438 1574 2484 et
1591 2427 1714 2482 aliis
1743 2427 1915 2491 foras;

317 2526 364 2573 et
390 2535 446 2575 se
477 2519 802 2591 provehens
831 2535 930 2589 per
959 2518 1233 2573 internam
1266 2518 1518 2589 gloriam,
1549 2525 1604 2571 et
1641 2516 1777 2570 alios
1805 2531 1922 2569 eru-

315 2606 472 2663 diens
503 2623 608 2677 per
637 2607 912 2660 exteriora
939 2621 1166 2676 operum
1195 2606 1471 2676 exempla.
1528 2606 1720 2660 Beatus
1758 2604 1925 2675 igitur

311 2695 409 2752 lob
452 2694 614 2750 dicat
642 2710 711 2748 ex
739 2709 817 2762 se,
849 2693 997 2748 dicat
1023 2709 1091 2748 ex
1120 2709 1353 2765 persona
1382 2693 1707 2749 universalis
1737 2693 1922 2748 Eccle-

314 2785 401 2841 siae
434 2802 448 2840 :
484 2783 719 2852 Quando
766 2789 959 2838 secreto
1001 2784 1143 2839 Deus
1195 2790 1314 2838 erat
1340 2782 1397 2837 in
1427 2783 1757 2838 tabernaculo
1786 2799 1913 2838 meo.

317 2875 380 2932 Ut
431 2876 590 2932 enim
633 2873 982 2930 demonstret
1035 2881 1301 2947 quantum
1329 2873 1480 2930 intus
1509 2873 1821 2946 profecerit,
1842 2889 1924 2929 se-

318 2973 460 3023 creto
478 2967 664 3022 Deum
693 2965 874 3021 fuisse
915 2965 974 3020 in
1013 2982 1114 3023 suo
1159 2965 1519 3022 tabernaculo
1549 2966 1821 3038 perhibet.
1855 2967 1926 3022 Ut

319 3055 474 3111 etiam
504 3055 764 3111 ostendat
794 3055 1145 3112 rectitudinis
1165 3071 1329 3128 opera
1345 3063 1613 3130 quantum
1643 3056 1926 3112 extrinse—

320 3159 412 3201 cus
435 3144 658 3202 custodi
671 3145 770 3212 vit,
799 3144 884 3217 adj
894 3144 1072 3218 ungit.

921 3301 1149 3361 CAPUT
1181 3306 1332 3363 XIII.

388 3409 564 3469 Vnus.
604 3410 736 3467 5.—
765 3410 990 3477 Quando
1019 3419 1136 3469 erat
1167 3414 1504 3488 Omnipotens
1546 3430 1766 3479 mecum,
1793 3417 1842 3469 et
1869 3412 1926 3467 in

323 3499 550 3556 circuitu
573 3517 688 3555 meo
709 3501 869 3571 pueri
893 3501 1017 3557 mei.

389 3607 483 3663 21.
519 3607 726 3663 Sanctis
765 3608 902 3664 intus
950 3609 1058 3664 Deo
1089 3610 1418 3676 vacantibus,
1447 3610 1584 3666 mali
1624 3610 1739 3665 sola
1789 3614 1924 3663 exte-

324 3697 482 3752 riora
535 3693 795 3766 quierunt.
852 3699 1170 3770 Religionem
1204 3716 1309 3753 non
1354 3700 1562 3765 habent,
1619 3700 1708 3753 sed
1752 3699 1928 3753 simu-

326 3788 464 3844 lant.
495 3815 568 3827 —
609 3785 811 3842 Omnes
863 3795 1047 3844 autem
1095 3789 1190 3862 qui
1248 3787 1440 3844 divina
1487 3794 1756 3860 praecepta
1804 3803 1928 3843 Ine-

323 3884 511 3945 tuunt,
541 3876 640 3932 Dei
671 3876 1090 3934 tabernaculum
1128 3877 1294 3933 ﬁunt.
1333 3876 1509 3945 Unde,
1543 3884 1604 3932 ut
1625 3893 1788 3948 supra
1809 3874 1925 3947 jam

327 3964 573 4020 diximus
605 3964 790 4036 (Num.
825 3965 908 4036 6),
941 3983 1037 4038 per
1066 3973 1411 4038 semetipsam
1443 3965 1661 4022 Veritas
1683 3964 1820 4021 dicit
1858 3964 1926 4021 de

327 4069 388 4111 eo
414 4054 513 4128 qui
531 4055 686 4112 illius
707 4055 966 4112 mandata
993 4055 1236 4113 custodit
1266 4073 1283 4110 :
1313 4057 1426 4127 Ego
1456 4061 1502 4110 et
1529 4055 1692 4110 Pater
1721 4057 1740 4090 ³
1763 4055 1926 4109 venie-

330 4163 460 4214 mus,
489 4155 539 4204 et
564 4148 895 4204 mansionem
917 4150 1062 4221 apud
1087 4167 1202 4204 eum
1229 4148 1455 4220 facimus
1478 4149 1658 4221 (Joan.
1679 4147 1924 4216 xrv,23).

330 4233 484 4303 Quod
512 4245 706 4293 contra
733 4238 978 4310 perversi
1009 4237 1213 4311 quique
1235 4238 1366 4293 dum
1389 4237 1610 4293 interna
1625 4253 1738 4292 non
1765 4251 1925 4307 appe-

331 4331 473 4394 tunt,
504 4327 563 4382 in
593 4328 708 4384 suis
737 4345 793 4384 se
822 4329 1255 4401 cogitationibus
1307 4328 1454 4384 foras
1482 4326 1743 4383 fundunt.
1772 4325 1927 4381 Unde

329 4413 410 4471 eis
445 4431 542 4486 per
570 4417 890 4489 prophetam
921 4417 1162 4475 dicitur:
1196 4417 1376 4475 Redite
1387 4417 1830 4489 prcevaricatores
1856 4414 1928 4470 ad

333 4519 422 4558 cor
451 4503 614 4574 (Isai.
673 4521 820 4575 vax,
861 4507 944 4580 8).
978 4509 1050 4564 Et
1080 4524 1301 4564 rursum
1336 4525 1346 4562 :
1408 4507 1492 4565 νω
1536 4506 1630 4578 qui
1684 4504 1928 4577 cogitatis

334 4592 522 4650 inutile
545 4593 776 4665 (Midiae.
806 4613 868 4666 ιι,
898 4597 980 4668 1).
1012 4598 1076 4654 In
1105 4595 1418 4654 actionibus
1445 4593 1647 4668 quippe
1681 4593 1797 4650 suis
1825 4609 1932 4648 ve-

336 4691 522 4740 rentur
549 4682 826 4755 homines,
858 4703 996 4760 quos
1024 4685 1389 4760 corporaliter
1419 4682 1634 4750 vident,
1664 4689 1720 4739 et
1756 4683 1933 4738 Deum

337 4769 441 4826 sibi
482 4781 809 4844 praesentem
856 4792 969 4832 non
1016 4775 1297 4833 aestimant
1328 4789 1464 4842 esse,
1493 4787 1659 4846 quem
1688 4787 1803 4828 non
1832 4769 1931 4825 vi-

337 4857 486 4917 dent.
507 4861 666 4930 Quod
702 4871 900 4922 contra
928 4865 988 4922 in
1019 4865 1180 4923 laude
1204 4863 1342 4938 justi
1368 4863 1596 4933 dicitur,
1613 4863 1748 4920 dum
1767 4862 1935 4936 Egy-

337 4948 416 5021 pti
459 4966 641 5023 regem
683 4961 1083 5023 contemneret,
1115 4962 1170 5010 et
1212 4953 1311 5011 Dei
1341 4953 1614 5010 mandatis
1642 4951 1889 5010 obediret
1919 4970 1932 5009 ε

337 5038 471 5106 Quia
498 5041 819 5100 inuisibilem
848 5049 1103 5116 tanquam
1127 5044 1310 5099 videns
1338 5044 1594 5098 sustinuit
1639 5043 1830 5113 (Hebr.
1856 5059 1936 5111 χι,

337 5123 448 5198 27).
479 5127 808 5186 Perversum
865 5130 1069 5204 quippe
1106 5138 1264 5188 terrae
1304 5130 1610 5204 principem
1640 5130 1795 5204 quasi
1825 5146 1938 5185 non

335 5215 497 5288 vidit,
527 5234 696 5293 quem
741 5219 811 5276 ab
866 5220 1043 5278 oculis
1089 5220 1176 5278 sui
1231 5219 1414 5277 cordis
1471 5219 1694 5292 abjecit.
1737 5220 1938 5291 Regem

406 5435 424 5470 ¹
454 5433 623 5492 Corb.
649 5434 978 5505 Germ.,duo
1001 5435 1417 5506 Laud.,Germ.,
1435 5437 1700 5494 Norman.
1725 5451 1940 5505 omnes,

335 5511 468 5579 etc.,
508 5507 639 5579 ﬁliae
694 5525 895 5579 regum.
929 5509 993 5564 In
1032 5507 1267 5579 Vulgata
1294 5516 1346 5562 et
1374 5516 1532 5565 textu
1562 5509 1754 5576 Hebr.,
1783 5508 1941 5579 regis.

404 5578 429 5613 ³
461 5579 547 5634 [ta
578 5595 708 5634 cum
739 5578 952 5636 Bellov.
985 5585 1042 5634 et
1085 5578 1271 5634 laudat
1329 5579 1499 5636 Codd.
1540 5589 1651 5636 vet.
1683 5579 1816 5645 Ed.,
1845 5578 1943 5635 ubi

334 5657 548 5705 recent.
584 5649 790 5706 habent
817 5651 1182 5707 varietatibus.

2025 1903 2136 1942 meo
2161 1886 2320 1958 pueri
2345 1887 2464 1942 mei.
2509 1885 2668 1942 Pueri
2696 1887 2910 1944 scilicet
2938 1897 3227 1958 vocantur,
3259 1890 3354 1962 qui
3383 1890 3635 1947 coelesti-'

2027 1977 2131 2032 bus
2160 1975 2432 2032 mandatis
2454 1976 2780 2033 inserviunt.
2806 1976 2960 2034 Unde
2977 1995 3071 2051 per
3092 1979 3413 2052 prophetam
3444 1981 3627 2037 Domi~

2028 2083 2132 2122 nus
2171 2065 2342 2122 dicit:
2390 2068 2522 2123 Ecce
2573 2084 2660 2138 ego
2703 2073 2750 2123 et
2795 2069 2956 2139 pueri
3001 2069 3099 2124 mei
3137 2087 3267 2141 quos
3305 2070 3436 2125 mihi
3491 2071 3631 2126 dedit

2031 2158 2212 2219 6155
2261 2157 2402 2212 Deus
2430 2158 2571 2228 (Isa.
2605 2173 2729 2225 νιιι,
2768 2157 2880 2230 18).
2912 2159 2982 2214 Et
3025 2175 3216 2216 rursus
3263 2159 3321 2215 in
3369 2161 3630 2232 Evange—

2030 2252 2143 2308 lio:
2187 2253 2374 2319 Pueri,
2418 2255 2660 2325 nunquid
2682 2257 2702 2291 ⁶
2727 2257 3148 2327 pulmentarium
3198 2258 3398 2314 habetis
3426 2258 3625 2330 (Joan.

2029 2357 2150 2409 xxx,
2181 2341 2238 2412 5)
2263 2342 2290 2396 ?
2318 2343 2477 2398 Nunc
2497 2360 2623 2414 ergo
2645 2343 2702 2398 in
2723 2344 2960 2400 circuitu
2991 2344 3107 2415 ejus
3135 2353 3266 2400 sunt
3294 2345 3471 2417 pueri,
3502 2345 3632 2417 quia

2029 2429 2089 2485 in
2135 2430 2355 2486 cunctis
2396 2430 2508 2485 fere
2551 2431 2808 2502 gentibus
2854 2432 3208 2503 reperiuntur
3248 2432 3344 2505 qui
3392 2433 3634 2488 caelestia

2031 2519 2287 2577 mandata
2315 2521 2655 2590 custodiunt,
2691 2530 2746 2578 et
2789 2522 3054 2595 spiritalis
3084 2523 3397 2596 disciplinae
3428 2525 3634 2597 regulis

2031 2615 2430 2687 obsequuntur.
2463 2611 2567 2678 Qui
2598 2611 2844 2684 profecto
2874 2620 3006 2669 tunc
3025 2612 3093 2668 ad
3123 2613 3447 2687 obsequium
3477 2613 3636 2686 pueri

2032 2704 2282 2772 deerunt,
2316 2702 2537 2776 quando
2579 2702 2735 2775 pravi
2771 2702 2865 2776 qui
2897 2703 3095 2776 reperti
3126 2703 3335 2760 fuerint
3364 2703 3637 2777 spiritalia

2031 2793 2150 2866 ejus
2178 2792 2435 2850 mandata
2460 2800 2844 2850 contemnunt.
2884 2794 3145 2867 Sequitur
3165 2813 3183 2850 :

2493 2950 2721 3008 CAPUT
2752 2951 2882 3008 XIV
2914 2949 3056 3023 [Rea
3080 2951 3181 3026 X].

2105 3057 2276 3116 Vnus.
2299 3056 2352 3112 6.
2375 3085 2446 3097 —
2475 3055 2699 3123 Quando
2725 3055 2966 3111 lavabam
2980 3056 3136 3128 pedes
3163 3074 3301 3114 meos
3330 3058 3537 3132 butyro.

1958 3182 2004 3245 α
2106 3164 2196 3222 22.
2227 3165 2389 3222 Pedes
2416 3164 2634 3220 Domini
2642 3164 3037 3237 praedicatores,
3067 3181 3198 3236 quos
3229 3167 3383 3240 ungit
3407 3174 3454 3223 et
3482 3183 3636 3224 mun-

2035 3255 2147 3312 dat.
2170 3286 2241 3298 —
2269 3255 2408 3323 Quia
2429 3253 2710 3312 Christum
2741 3263 2795 3312 et
2823 3255 3127 3313 Ecclesiam
3160 3272 3329 3313 unam
3360 3272 3479 3333 esse
3497 3273 3637 3332 per-

2037 3367 2230 3408 sonam
2271 3348 2464 3405 crebro
2481 3346 2598 3420 jam
2649 3347 2917 3418 diximus,
2946 3349 3106 3404 illum
3154 3348 3418 3407 videlicet
3471 3349 3640 3424 hujus

2036 3439 2281 3512 corporis
2324 3445 2509 3510 caput,
2566 3437 2709 3496 hanc
2755 3447 2938 3495 autem
2996 3437 3150 3494 illius
3178 3438 3374 3512 capitis
3419 3455 3639 3511 corpus,

2034 3530 2194 3586 aliter
2224 3528 2341 3583 haec
2370 3528 2537 3583 verba
2573 3526 2736 3600 juxta
2784 3545 2977 3586 vocem
3011 3528 3206 3601 capitis
3245 3528 3441 3602 accipi,
3480 3537 3642 3604 atque

2034 3619 2194 3674 aliter
2217 3616 2382 3689 juxta
2410 3634 2601 3674 vocem
2643 3619 2889 3690 corporis
2917 3619 3141 3675 debent.
3187 3620 3336 3687 Quos
3381 3635 3509 3689 ergo
3539 3635 3644 3691 pe-

2035 3708 2132 3764 des
2167 3707 2414 3775 Domini,
2446 3707 2553 3762 nisi
2596 3716 2815 3762 sanctos
2863 3707 3252 3779 praedicatores
3288 3707 3594 3779 accipimus
3615 3707 3643 3762 ?

2035 3798 2114 3852 De
2141 3796 2344 3868 quibus
2363 3795 2531 3850 dicit:
2557 3797 2576 3829 ⁷
2609 3797 2685 3850 Et
2708 3795 3049 3849 inambulabo
3080 3796 3134 3848 in
3165 3796 3239 3848 eis
3263 3794 3452 3865 (Leuit.
3483 3810 3643 3861 xxvr,

2040 3884 2151 3955 I2).
2186 3883 2394 3953 Butyro
2424 3897 2552 3951 ergo
2582 3881 2746 3953 pedes
2775 3882 3050 3947 lavantur,
3081 3880 3212 3952 quia
3257 3879 3646 3952 praedicatores

2035 3973 2209 4030 sancti
2225 3972 2495 4029 bonorum
2507 3989 2732 4044 operum
2751 3971 3083 4045 pinguedine
3095 3971 3643 4044 replentur.Etenim,

2037 4071 2100 4118 ut
2129 4079 2299 4134 supra
2323 4059 2438 4132 jam
2460 4061 2709 4118 diximus
2742 4063 2882 4134 (Lib.
2916 4079 2958 4131 ι,
2998 4080 3055 4118 n.
3087 4061 3202 4134 30),
3237 4061 3334 4118 vix
3362 4062 3479 4135 ipsa
3499 4079 3648 4135 prse-

2037 4151 2240 4208 dicatio
2267 4152 2387 4207 sine
2414 4151 2600 4223 aliquo
2629 4151 2898 4206 transitur
2926 4150 3187 4207 admisso.
3245 4152 3382 4207 Nam
3417 4151 3648 4225 quilibet

2037 4240 2364 4313 praedicans,
2394 4249 2490 4296 aut
2525 4241 2594 4296 ad
2626 4242 3181 4313 quantulumcunque
3209 4240 3648 4312 indignationem

2039 4330 2298 4398 trahitur,
2320 4330 2365 4385 si
2388 4330 2793 4396 contemnitur;
2817 4337 2912 4385 aut
2928 4330 2999 4386 ad
3028 4330 3649 4402 aliquantulamcunque

2039 4419 2293 4490 gloriam,
2337 4418 2382 4473 si
2413 4419 2482 4474 ab
2511 4418 2864 4474 audientibus
2892 4427 3204 4474 veneratur.
3241 4419 3394 4476 Unde
3429 4427 3481 4476 et
3510 4437 3652 4493 apo—

2038 4506 2196 4562 stolis
2225 4506 2390 4578 pedes
2420 4507 2518 4561 loti
2545 4513 2696 4575 sunt,
2719 4514 2832 4562 uta
2860 4506 3168 4579 quamlibet
3195 4523 3368 4580 parvo
3397 4509 3650 4580 contagio

2039 4595 2098 4652 in
2127 4595 2246 4669 ipsa
2266 4594 2656 4668 pradicatione
2685 4602 2990 4663 contracto,
3020 4597 3176 4670 quasi
3208 4613 3241 4654 a
3269 4597 3509 4672 quodam
3545 4598 3648 4654 iti-

2043 4700 2172 4741 nere
2197 4685 2433 4741 collecto
2463 4685 2687 4758 pulvere
2715 4685 3136 4744 mundarentur.
3166 4688 3240 4742 Et
3267 4687 3458 4744 beatus
3485 4687 3651 4742 Jaco-

2045 4773 2150 4831 bus
2193 4774 2368 4831 dicit:
2419 4774 2596 4832 Nolite
2636 4775 2820 4848 plures
2860 4775 3103 4848 magistri
3131 4776 3271 4849 ﬁeri,
3309 4775 3510 4847 fratres
3552 4772 3654 4827 mei

2050 4865 2188 4936 (Jac.
2220 4881 2305 4932 ιιι,
2338 4864 2417 4936 1).
2462 4865 2535 4920 Et
2562 4864 2727 4937 paulo
2760 4872 2910 4938 post:
2944 4867 3012 4922 In
3037 4865 3220 4921 multis
3255 4865 3394 4920 enim
3421 4861 3652 4932 offendi-

2045 4968 2164 5006 mus
2192 4968 2366 5006 omnes
2397 4952 2588 5024 (Ibid,
2618 4953 2700 5026 2).
2745 4953 2916 5010 Pedes
2944 4969 3073 5025 ergo
3120 4953 3381 5008 lavantur
3420 4949 3660 5022 butyro,

2047 5038 2177 5112 quia
2205 5039 2540 5112 pinguedine
2566 5041 2700 5099 boni
2731 5041 2912 5116 operis
2937 5039 3256 5096 infunditur
3283 5044 3446 5111 atque
3479 5053 3656 5095 mun-

2049 5125 2213 5183 datur
2251 5128 2516 5187 collectus
2549 5130 2733 5203 pulvis
2768 5129 2834 5185 de
2865 5128 3036 5200 gloria
3078 5123 3505 5198 praedicationis.
3550 5127 3651 5184 Vel

2049 5225 2196 5274 certe
2219 5216 2422 5292 butyro
2448 5217 2612 5292 pedes
2641 5217 2919 5285 lavantur,
2950 5213 3082 5270 dum
3109 5215 3318 5274 sanctis
3334 5215 3652 5291 praedicato-

2126 5436 2147 5471 ‘
2176 5432 2442 5503 Vindoc.,
2470 5433 2672 5490 amoris
2693 5433 2914 5493 intuitu.

2125 5509 2146 5542 ⁵
2175 5505 2392 5575 Norm.,
2426 5505 2703 5562 Dominus.

2127 5580 2148 5615 ⁸
2177 5578 2382 5634 Turon.
2394 5621 2408 5647 ,
2434 5578 2782 5647 pulmentum.

2127 5652 2147 5686 ⁷
2179 5651 2260 5706 lta
2300 5645 2499 5715 Laud,
2529 5648 2738 5718 Germ.,
2776 5650 2940 5710 Corb.
2972 5653 3182 5719 Germ.,
3215 5653 3402 5709 Norm.
3434 5656 3488 5704 et
3529 5645 3648 5712 alii,

405 5720 615 5794 Ἐδίιὶ
635 5721 1031 5794 αάάιωῑίηιειιε.
1064 5723 1128 5778 In
1148 5721 1408 5794 omnibus
1421 5723 1549 5779 Mss.
1583 5723 1813 5794 nostris,
1835 5723 1946 5781 nisi
2055 5721 2205 5779 Edit.
2239 5729 2464 5792 poster.,
2497 5727 2544 5776 et
2561 5721 2863 5780 ambula-bo.

332 5788 395 5845 in
425 5789 622 5850 Germ.
655 5799 711 5849 et
740 5792 905 5852 Corb.
940 5793 1124 5851 Germ.
1136 5836 1152 5865 ,
1181 5792 1410 5850 minime
1445 5794 1667 5864 legitur.
