4172 6184
375 222 474 281 113

1103 219 1479 283 MORALIUM
1514 223 1653 284 LIB.
1691 225 1846 284 XIX.
1885 254 1957 271 -
1992 227 2067 288 IN
2103 228 2331 290 CAPUT
2368 230 2607 291 XXVIII
2644 235 2710 296 Β.
2749 235 2895 296 JOB.

3558 244 3661 303 114

376 347 543 408 terius
569 343 951 445 impinguatur.
1004 344 1145 445 [Yet
1192 348 1383 445 ξω]
1532 368 1641 426 qua
1682 351 1949 445 nimirum
1986 356 2040 418 Α
2066 355 2367 429 magisterii
2394 356 2621 416 exhibet
2646 358 2979 419 libertatem.
3021 362 3153 432 Quae
3182 364 3330 424 enim
3360 376 3509 427 recta
3537 386 3659 445 quae

380 433 692 512 pinguedine
718 433 1010 494 Psalmista
1053 437 1161 495 ait:
1198 439 1344 496 Sicut
1369 440 1526 523 adipe
1555 445 1605 498 et
1639 442 1961 515 pinguedine

278 556 281 559 »
379 528 628 600 repleatur
651 524 838 582 anima
860 543 977 583 mea
997 527 1171 600 (Psal.
1212 546 1349 599 1.er,
1395 530 1477 605 6).
1521 532 1706 590 Potest
1733 534 1958 591 nomine

377 618 473 676 olei
492 618 601 690 ipsa
628 618 806 675 sancti
845 619 1084 692 Spiritus
1103 622 1295 679 unctio
1323 622 1620 697 designari,
1642 624 1710 681 de
1737 641 1846 699 qua
1862 641 1960 699 per

374 706 679 783 prophetam
707 707 953 765 dicitur:
1011 710 1390 784 Computrescit
1414 713 1607 787 jugum
1632 733 1667 771 a
1694 714 1831 787 facie
1857 716 1960 773 olei

370 796 511 871 (Isai.
542 813 601 864 x,
636 796 755 871 27).
787 798 987 871 Iugum
1016 801 1219 874 quippe
1245 819 1278 859 a
1305 802 1443 861 facie
1472 804 1580 861 olei
1607 811 1957 878 computres-

364 886 453 955 cit,
480 886 606 960 quia
638 886 773 944 dum
804 888 981 945 sancti
1010 889 1248 963 Spiritus
1278 893 1453 964 gratia
1487 893 1770 967 ungimur,
1799 910 1831 951 a
1850 910 1954 951 ca-

361 976 627 1051 ptivitatis
652 986 858 1036 nostrae
888 979 1153 1038 servitute
1194 982 1523 1042 liberamur:
1557 984 1799 1059 dumque
1827 1002 1956 1043 ma-

361 1067 485 1142 ligni
511 1068 749 1142 spiritus
804 1069 1112 1130 dominatio
1155 1074 1389 1147 superba
1427 1076 1732 1149 repellitur,
1757 1076 1953 1149 jugum

356 1155 675 1226 conteritur,
706 1173 817 1231 quo
848 1160 865 1194 ι
907 1158 1178 1219 libertatis
1204 1171 1406 1221 nostra)
1442 1165 1585 1223 colla
1621 1166 1955 1239 premeban-

361 1250 463 1301 tur.
498 1244 574 1302 De
602 1244 719 1303 hoc
746 1263 939 1305 rursus
992 1249 1114 1306 oleo
1154 1250 1420 1324 scriptum
1445 1262 1561 1310 est:
1603 1255 1762 1314 Vinea
1807 1255 1954 1326 facta

359 1339 429 1388 est
450 1333 641 1390 dilecta
670 1335 694 1372 ³
721 1350 833 1393 meo
856 1337 913 1393 in
926 1354 1093 1394 cornu
1111 1339 1224 1411 ﬁlio
1252 1341 1356 1397 olei
1386 1342 1543 1415 (Isai.
1574 1360 1634 1412 ν,
1667 1344 1745 1417 1).
1777 1344 1955 1402 Filius

357 1421 548 1496 quippe
574 1422 714 1492 olei,
749 1423 932 1482 ﬁdelis
964 1427 1202 1499 populus
1230 1428 1459 1499 dicitur,
1491 1433 1513 1467 ³
1542 1431 1639 1506 qui
1680 1431 1749 1489 ad
1786 1432 1951 1490 ﬁdem

353 1510 449 1567 Dei
475 1510 695 1569 interna
715 1515 892 1571 sancti
921 1514 1158 1589 Spiritus
1185 1519 1450 1577 unctione
1477 1526 1785 1593 generatur.
1815 1519 1953 1579 Mul-

353 1598 420 1657 tis
445 1616 570 1674 ergo
589 1609 728 1661 tunc
754 1612 945 1662 sancta
970 1607 1219 1664 Ecclesia
1236 1608 1695 1668 tribulationibus
1721 1611 1953 1685 depres-

2066 445 2234 503 sentit
2261 446 2482 519 publica
2499 463 2633 505 voce
2661 448 2943 522 praedicat,
2985 452 3140 525 quasi
3182 455 3243 511 in
3282 457 3463 528 platea
3486 460 3510 497 ⁸
3557 477 3660 519 ca-

2066 534 2316 594 thedram
2357 538 2529 608 sedet,
2569 555 2694 596 cum
2746 539 2965 597 nullum
3012 541 3080 597 de
3127 560 3226 601 sua
3269 547 3659 617 praedicatione

2065 627 2284 696 metuit,
2331 627 2541 685 nullius
2590 644 2776 701 pressa
2815 628 3143 699 terroribus,
3185 648 3243 689 se
3289 634 3393 691 sub
3433 638 3657 700 silentio

2064 714 2371 773 abscondit.
2403 718 2491 775 An
2512 734 2625 774 non
2643 718 2699 774 in
2717 718 2939 791 publico
2955 719 3023 777 ad
3038 720 3347 779 docendum
3377 727 3654 800 praesidet,

2064 821 2229 878 quam
2257 806 2423 863 simul
2453 815 2508 865 et
2535 808 2809 865 sentiendi
2838 808 3063 879 veritas,
3092 817 3146 866 et
3166 810 3399 868 docendi
3421 822 3658 887 potestas

2062 893 2269 952 fulcit?
2296 894 2402 952 Sed
2436 913 2563 953 cum
2594 897 2664 953 ad
2692 906 2905 971 portam
2935 899 3275 973 procederet,
3306 908 3361 958 et
3389 899 3450 958 in
3479 903 3659 976 platea

2061 984 2379 1043 cathedram
2397 988 2628 1059 sederet,
2651 990 2784 1063 quid
2803 1008 2836 1047 a
2862 991 3099 1064 levibus,
3120 992 3327 1069 quidve
3344 1009 3377 1052 a
3398 994 3659 1069 gravibus

2061 1083 2333 1148 ageretur,
2363 1075 2619 1151 adjungit
2637 1078 2828 1137 dicens
2852 1097 2866 1138 :

2640 1261 2870 1322 CAPUT
2908 1264 3086 1323 XVII.

2132 1408 2303 1465 Vens.
2343 1408 2398 1465 8.
2416 1438 2488 1451 —-
2510 1408 2761 1468 Videbunt
2775 1428 2856 1467 me
2859 1411 3103 1482 juvenes,
3122 1418 3171 1470 et
3181 1412 3655 1492 abscondebantu-r,

2059 1501 2109 1551 et
2126 1513 2268 1553 senes
2294 1506 2628 1572 assurgentes
2655 1502 2884 1559 stabant.

2134 1626 2280 1684 618
2312 1622 2403 1679 26.
2457 1623 2708 1683 Ecclesiae
2750 1626 3005 1699 vigorem,
3043 1633 3094 1685 et
3136 1629 3500 1688 rectitudinem
3544 1630 3659 1688 im-

352 1702 424 1758 sa,
451 1689 602 1796 dona
633 1691 894 1796 Spiritus,
925 1702 981 1795 et
1026 1696 1167 1754 mira
1203 1714 1325 1772 quae
1370 1715 1522 1757 nunc
1549 1699 1723 1796 habet
1752 1700 1947 1796 ρτφᾶί·
1978 1724 2025 1785 Β
2054 1717 2276 1791 perfecti
2316 1718 2651 1791 formidant;
2679 1689 2909 1795 diligunt
2938 1689 3181 1796 perfecti.
3216 1758 3288 1771 —
3315 1727 3375 1785 Si
3408 1726 3658 1786 historiae

351 1788 618 1851 camenta,
647 1781 717 1839 ad
746 1784 1068 1842 memoriam
1098 1796 1335 1858 revocet,
1373 1797 1429 1846 et
1467 1807 1630 1848 suum
1657 1790 1947 1849 silentium

349 1866 621 1941 deplorat,
676 1871 898 1931 dicens:
956 1875 1123 1933 Petra
1165 1876 1421 1947 fundebat
1460 1880 1593 1936 mihi
1626 1880 1769 1938 rivos
1822 1882 1945 1940 olei.

347 1954 563 2024 Quibus
589 1960 769 2020 verbis
797 1979 1038 2039 congrue
1064 1964 1323 2039 subjicit:

927 2164 1157 2224 CAPUT
1204 2167 1356 2227 XVI.

407 2301 583 2362 Vens.
616 2306 763 2365 7-10.
792 2338 865 2351 -
886 2311 1112 2380 Quando
1135 2312 1478 2385 procedebam
1491 2308 1569 2371 ad
1587 2320 1805 2387 portam
1822 2313 1946 2371 civi-

342 2389 483 2459 tatis,
513 2400 565 2449 et
590 2394 650 2450 in
671 2397 853 2469 platea
877 2399 1149 2470 parabant
1174 2401 1308 2456 mihi
1334 2403 1656 2461 cathedram.
1695 2405 1949 2464 Videbunt

334 2490 411 2535 tne
432 2479 688 2551 juvenes,
726 2490 776 2539 et
813 2486 1289 2555 abscondebantur,
1335 2496 1383 2544 et
1424 2508 1567 2547 senes
1621 2501 1949 2565 assurgentes

332 2570 579 2627 stabant.
611 2572 893 2645 Principes
923 2575 1198 2631 cessabant
1237 2578 1404 2649 loqui,
1433 2586 1483 2635 et
1519 2580 1741 2653 digitum
1767 2599 1946 2656 super-

331 2658 611 2731 ponebant
635 2662 724 2717 ori
749 2679 863 2719 sua.
893 2664 1069 2723 Vocem
1081 2682 1235 2723 suam
1263 2669 1562 2728 cohibebant
1581 2672 1754 2741 duces,
1783 2681 1832 2733 et
1848 2676 1945 2733 lin-

334 2763 435 2819 gua
463 2766 656 2806 eorum
680 2752 890 2822 gutturi
913 2770 1010 2809 suo
1036 2755 1358 2816 adharebat.

401 2875 489 2934 25.
520 2876 682 2933 Bona
704 2892 871 2949 opera
898 2885 949 2935 et
986 2879 1242 2945 doctrina
1266 2885 1540 2954 cathedra,
1570 2890 1823 2949 Ecclesia
1850 2894 1947 2950 in-

337 2966 505 3039 signia
532 2972 679 3024 siml.
700 2997 774 3010 —
791 2966 913 3025 Mos
939 2976 1188 3029 veterum
1215 2973 1327 3031 fuit
1352 2983 1416 3032 ut
1441 2977 1685 3036 seniores
1708 2980 1768 3037 in
1786 2991 1946 3055 porta

340 3055 719 3127 consisterent,
740 3065 796 3114 et
810 3074 1004 3117 causas
1024 3059 1428 3122 introeuntium
1449 3066 1789 3141 judicarent,
1810 3088 1941 3146 qua-
1973 3085 2018 3146 α

342 3154 492 3205 tenus
510 3154 669 3206 tanto
695 3156 839 3207 esset
866 3150 1130 3224 paciﬁcus
1171 3154 1325 3213 urbis
1361 3159 1618 3231 populus,
1639 3169 1846 3235 quanto
1873 3164 1943 3221 ad

341 3234 480 3296 hanc
505 3238 791 3298 discordes
818 3238 1038 3314 ingredi
1064 3260 1178 3301 non
1206 3245 1414 3305 liceret.
1462 3249 1569 3307 Sed
1600 3234 1703 3308 nos
1730 3268 1941 3312 sacram

342 3322 626 3416 historiam
654 3337 1004 3401 venerantes,
1053 3331 1174 3390 haec
1218 3335 1392 3408 egisse
1434 3336 1656 3396 beatum
1701 3341 1805 3399 Job
1842 3360 1941 3416 pro

343 3416 491 3473 cultu
511 3414 747 3495 iustitiae
791 3427 1005 3477 certum
1034 3428 1307 3495 tenemus,
1338 3433 1501 3501 atque
1533 3428 1602 3485 ad
1631 3414 1942 3503 indaganda

345 3504 616 3577 allegoria:
645 3508 910 3581 mysteria
927 3508 1205 3570 ducimur.
1241 3513 1388 3582 Quid
1417 3532 1546 3590 ergo
1574 3535 1671 3591 per
1697 3520 1941 3581 civitatis

344 3599 586 3666 portam,
621 3593 739 3685 nisi
788 3594 933 3685 bona
989 3615 1221 3675 quaeque
1264 3602 1412 3660 actio
1456 3606 1798 3681 designatur,
1844 3630 1941 3685 per

347 3696 513 3771 quam
541 3680 724 3738 anima
742 3684 809 3740 ad
822 3696 1157 3746 conventum
1176 3691 1331 3764 regni
1346 3680 1940 3771 ccelestisingreditur?

345 3769 496 3829 Unde
523 3778 576 3829 et
600 3771 873 3847 Propheta
899 3776 1003 3834 ait:
1040 3778 1145 3847 Qui
1171 3781 1379 3837 exultas
1397 3799 1477 3838 me
1504 3783 1568 3839 de
1578 3769 1759 3857 portis
1784 3806 1939 3847 mor-

344 3860 426 3928 tis,
448 3868 517 3952 ut
530 3863 839 3952 annuntiem
858 3882 1033 3922 omnes
1061 3868 1390 3927 laudationes
1411 3878 1529 3929 tuas
1546 3874 1602 3929 in
1618 3878 1795 3951 portis
1809 3880 1939 3952 lilia:

345 3948 467 4006 Sion
496 3948 670 4025 (Psal.
703 3968 785 4022 Ix,
820 3953 933 4026 15).
966 3955 1142 4014 Porta;
1171 3958 1373 4033 quippe
1401 3963 1598 4021 mortis
1617 3948 1747 4024 sunt
1768 3948 1936 4027 actio-

2059 1805 2423 1877 intendimus,
2454 1825 2575 1882 quae
2604 1809 2751 1868 dixit
2778 1811 3093 1882 credimus;
3127 1815 3173 1871 si
3203 1814 3500 1890 allegoriae,
3534 1833 3657 1892 quae

2058 1895 2317 1967 praedixit
2344 1897 2617 1956 videmus.
2648 1901 2887 1959 Iuvenes
2914 1918 3151 1977 namque
3189 1903 3302 1962 dici
3347 1907 3527 1963 solent
3559 1906 3656 1981 qui

2058 1986 2211 2042 nulla
2260 1986 2480 2043 consilii
2510 1989 2532 2024 ⁶
2562 1990 2826 2061 gravitate
2855 1990 3261 2066 deprimuntur.
3318 1995 3485 2052 Senes
3521 2010 3656 2053 vero

2056 2089 2170 2131 non
2199 2091 2291 2131 eos
2319 2075 2602 2149 Scriptura
2630 2095 2783 2137 sacra
2809 2097 3007 2139 vocare
3055 2082 3364 2153 consuevit,
3400 2084 3497 2159 qui
3536 2085 3655 2142 sola

2056 2164 2364 2239 quantitate
2393 2174 2731 2242 temporum,
2761 2171 2857 2229 sed
2886 2190 3102 2232 morum
3124 2175 3519 2249 grandaevitate
3538 2194 3651 2236 ma-

2056 2254 2169 2311 turi
2196 2263 2348 2314 sunt.
2380 2257 2533 2315 Unde
2543 2276 2642 2334 per
2655 2261 2948 2335 quemdam
2964 2264 3267 2336 sapientem
3286 2265 3493 2325 dicitur
3511 2284 3523 2323 :
3549 2268 3654 2325 Se-

2056 2349 2230 2401 nectus
2256 2346 2394 2402 enim
2420 2349 2733 2407 venerabilis
2757 2358 2852 2419 est,
2886 2370 2993 2409 non
3020 2354 3301 2421 diuturna,
3339 2372 3504 2428 neque
3554 2372 3653 2411 nu-

2053 2451 2198 2491 mero
2232 2453 2499 2493 annorum
2539 2445 2857 2511 computata.
2914 2441 3052 2499 Cani
3090 2449 3267 2499 autem
3311 2451 3436 2500 sunt
3473 2460 3653 2502 sensus

2053 2522 2300 2592 hominis,
2331 2532 2378 2580 et
2405 2532 2531 2583 (etas
2558 2528 2829 2584 senectutis
2862 2530 2972 2586 vita
3012 2530 3351 2589 immaculata
3391 2534 3546 2607 (Sap.
3568 2551 3650 2606 Iv,

2054 2610 2135 2684 8).
2168 2613 2323 2671 Unde
2350 2623 2495 2673 recte
2527 2632 2745 2691 quoque
2773 2619 3046 2676 Dominus
3090 2619 3159 2677 ad
3202 2622 3431 2696 Moysen
3474 2622 3646 2681 dicit:

2058 2702 2330 2777 Congrega
2356 2705 2487 2762 mihi
2513 2707 2844 2780 septuaginta
2872 2708 3015 2766 viros
3042 2709 3105 2765 de
3131 2712 3426 2768 senioribus
3453 2714 3651 2783 Israel,

2052 2809 2184 2864 quos
2214 2800 2269 2849 tu
2296 2788 2435 2851 nosti
2461 2797 2605 2867 quod
2630 2814 2774 2854 senes
2800 2799 2992 2871 populi
3038 2806 3160 2856 sunt
3203 2800 3389 2872 (Num.
3417 2818 3499 2872 x1,
3532 2804 3646 2877 16).

2052 2882 2115 2937 In
2145 2883 2346 2956 quibus
2372 2885 2510 2957 quid
2536 2886 2691 2943 aliud
2716 2903 2879 2961 quam
2908 2896 3163 2946 senectus
3187 2890 3372 2947 cordis
3402 2892 3651 2965 requiri-

2052 2978 2164 3039 tur,
2186 2989 2312 3028 cum
2342 2973 2479 3029 tales
2500 2972 2768 3046 jubentur
2794 2976 2922 3048 eligi
2945 2975 3041 3049 qui
3070 2978 3091 3012 ⁷
3122 2992 3279 3035 senes
3305 2995 3421 3036 esse
3450 2980 3648 3038 sciun-

2052 3065 2143 3114 tur
2172 3059 2200 3115 ‘P
2226 3059 2283 3115 Si
2312 3060 2461 3117 enim
2490 3068 2747 3119 senectus
2774 3062 2833 3119 in
2862 3064 2943 3120 eis
2969 3065 3215 3138 corporis
3241 3075 3597 3141 qumreretur,
3616 3086 3649 3125 a

2054 3147 2221 3205 tantis
2256 3148 2387 3206 sciri
2407 3158 2679 3223 poterant,
2709 3168 2741 3209 a
2760 3153 2982 3227 quantis
3009 3153 3208 3212 videri.
3231 3158 3379 3214 Dum
3400 3174 3532 3216 vero
3551 3158 3651 3216 di-

2051 3236 2223 3294 citur:
2262 3239 2404 3308 Quos
2423 3246 2479 3296 tu
2506 3240 2648 3297 nosti
2673 3242 2814 3314 quod
2831 3260 2975 3300 senes
2999 3244 3191 3317 populi
3218 3253 3362 3317 sunt,
3398 3247 3647 3321 profecto

2050 3326 2225 3401 liquet
2252 3329 2381 3402 quia
2408 3338 2660 3388 senectus
2688 3333 2912 3404 mentis,
2942 3350 3055 3391 non
3084 3335 3353 3409 corporis,
3396 3337 3649 3409 eligenda

2050 3418 2356 3477 nuntiatur.
2394 3419 2533 3495 [Vet.
2565 3423 2649 3480 XI
2656 3422 2742 3498 V.]
2773 3423 3030 3481 Sanctam
3056 3440 3184 3497 ergo
3214 3425 3517 3483 Ecclesiam
3550 3426 3648 3484 vi-

2054 3504 2186 3563 dent
2212 3525 2363 3566 nunc
2384 3508 2641 3583 juvenes,
2672 3521 2726 3569 et
2753 3512 3190 3583 absconduntur,
3221 3531 3376 3571 senes
3415 3531 3549 3573 vero
3594 3515 3645 3574 ei

2048 3607 2392 3671 assurgentes
2420 3601 2705 3672 assistunt,
2738 3603 2869 3677 quia
2896 3603 3142 3677 vigorem
3167 3603 3286 3676 ejus
3305 3613 3467 3679 atque
3486 3607 3645 3665 recti-

2048 3688 2298 3746 tudinem
2331 3690 2617 3749 immaturi
2647 3693 2971 3761 formidant,
3002 3694 3281 3767 grandaevi
3311 3696 3642 3768 gloriﬁcant.

2050 3776 2071 3810 ⁸
2100 3777 2271 3834 Leves
2325 3779 2529 3851 quique
2566 3787 2716 3848 sunt,
2763 3781 3018 3852 fugiunt;
3068 3798 3259 3853 graves
3305 3798 3437 3838 vero
3481 3791 3644 3857 atque

2046 3865 2272 3937 perfecti
2302 3865 2448 3921 hanc
2475 3866 2603 3923 vitae
2627 3884 2738 3923 suae
2759 3868 2974 3924 meritis
3003 3868 3340 3940 assurgendo
3381 3885 3642 3928 veneran-

2050 3960 2154 4010 tur.
2186 3953 2552 4028 Disciplinam
2583 3956 2784 4030 quippe
2821 3955 2975 4014 illius
2995 3956 3225 4031 perfecti
3246 3957 3508 4033 diligunt,
3542 3959 3641 4017 im-

344 4054 433 4097 nes
457 4056 662 4115 pravae,
692 4058 816 4116 quae
858 4043 928 4101 ad
969 4045 1258 4106 interitum
1289 4050 1538 4110 trahunt,
1575 4053 1716 4122 Quia
1750 4065 1933 4116 autem
2044 4042 2270 4117 perfecti
2309 4043 2739 4118 reprehendunt.
2774 4044 2980 4103 Vident
3001 4062 3130 4120 ergo
3158 4046 3303 4106 hanc
3327 4046 3562 4121 juvenes
3588 4058 3644 4107 et

345 4124 467 4185 Sion
494 4131 798 4203 speculatio
826 4132 1053 4206 dicitur,
1083 4144 1268 4211 portas
1309 4140 1463 4213 Sion,
1492 4141 1736 4204 actiones
1762 4146 1935 4208 bonas
2043 4133 2477 4204 absconduntur,
2520 4135 2650 4210 quia
2684 4134 3025 4208 deprehendi
3053 4135 3113 4192 in
3133 4136 3249 4194 suis
3277 4138 3512 4196 occultis
3541 4154 3643 4196 ac-

344 4218 656 4293 accipimus,
685 4238 784 4297 per
812 4240 950 4299 quas
981 4242 1274 4303 supernam
1302 4231 1536 4311 patriam
1565 4234 1931 4312 ingredimur,

2042 4223 2290 4281 tionibus
2319 4232 2589 4282 metuunt.
2623 4226 2789 4283 Senes
2808 4243 2940 4285 vero
2967 4236 3311 4302 assurgentes
3325 4236 3494 4298 stant,
3511 4229 3643 4304 quia

347 4316 406 4364 ut
428 4310 589 4385 Regis
627 4316 807 4373 nostri
854 4317 1086 4390 gloriam
1115 4322 1575 4395 contemplemur.
1627 4327 1773 4395 Quid
1801 4310 1933 4389 vero
2042 4314 2268 4386 PerfeCti
2300 4315 2506 4389 (Inique
2533 4332 2603 4372 ex
2632 4316 2949 4374 humilitate
2982 4317 3254 4387 indicant»
3284 4327 3552 4394 quantum
3579 4320 3639 4377 ίη

344 4412 441 4511 per
458 4399 787 4474 cathedram,
815 4405 926 4464 nisi
954 4407 1253 4481 magisterii
1269 4412 1564 4471 auctoritas
1583 4414 1931 4490 designatur?

2053 4402 2187 4459 bona
2216 4403 2532 4476 operatione
2560 4405 2930 4477 profecerunt.
2963 4407 3068 4463 Sed
3104 4408 3233 4481 quia
3265 4407 3383 4465 haec
3419 4408 3486 4465 de
3525 4407 3641 4466 suis

346 4486 529 4579 graeca
548 4499 734 4550 autem
764 4496 785 4532 ⁴
815 4512 950 4554 voce
994 4498 1174 4570 platea
1217 4516 1317 4573 pro
1356 4501 1649 4561 latitudine
1681 4486 1925 4579 ponitur.

346 4574 493 4672 Nunc
518 4596 649 4655 ergo
676 4594 863 4643 sancta
889 4587 1137 4645 Ecclesia
1162 4587 1234 4647 ad
1277 4590 1523 4649 civitatis
1565 4574 1779 4666 portam
1808 4612 1930 4672 pro-

348 4667 499 4740 cedit,
524 4673 658 4747 quia
708 4683 771 4732 ut
805 4676 1019 4735 aditum
1066 4677 1306 4736 caelestis
1345 4681 1500 4754 regni
1546 4667 1839 4758 percipiat,
1872 4688 1929 4745 in

346 4764 534 4850 sanctis
561 4782 620 4823 se
647 4760 965 4828 actionibus
1018 4772 1217 4830 exerit.
1268 4771 1371 4832 Cui
1408 4773 1469 4830 in
1497 4775 1678 4850 platea
1705 4785 1932 4850 paratur

346 4848 611 4925 cathedra,
643 4857 773 4931 quia
814 4859 875 4916 in
908 4876 1118 4936 magnae
1146 4848 1817 4925 auctoritatis'latitudine
1843 4870 1928 4927 sui

409 5048 428 5131 ξ
450 5048 512 5131 In
539 5049 687 5131 Utic.
717 5052 855 5131 olim
882 5055 1163 5131 legebatur
1178 5036 1518 5131 captivitatis.

406 5117 752 5201 ἓΡεξθειζηοο
780 5125 840 5201 in
873 5117 1012 5201 plEr-

508 5193 711 5266 Lau‘d.,
740 5189 1026 5281 quia'ﬁdes
1052 5200 1153 5259 Dei
1178 5201 1241 5259 de
1258 5202 1468 5262 interna
1492 5204 1663 5262 sancti
1691 5205 1928 5281 Spiritus

340 5268 568 5322 unctione
586 5268 906 5349 generatur;

401 5334 423 5440 ξ
444 5336 1249 5440 ἓὲίίὲᾼέἒξπθίέέέ.ἑ¹¹ῗηίὲἕῖλί³ἓπ

442 5408 525 5491 Ita
542 5408 1177 5491 germ.,_Corb_._Germ.,
1195 5418 1221 5474 1
1242 5418 1438 5489 Laud.,
1456 5420 1693 5490 Bellov.,
1707 5423 1873 5479 Norm
1886 5467 1896 5479 .
1908 5466 1922 5491 ,

336 5483 432 5534 etc.
462 5479 526 5537 In
547 5476 804 5557 Vulgatis
830 5485 1054 5544 additur
1074 5476 1253 5560 super,
1273 5476 1923 5574 quod'supplendum—pu:

335 5553 586 5610 laverunt
614 5556 711 5610 σιιί
736 5554 825 5610 his
852 5557 1080 5610 edendis
1126 5575 1343 5610 operam
1375 5561 1661 5610 dario,an
1719 5565 1785 5610 At
1813 5582 1919 5610 mm

336 5623 669 5707 monuimps',
696 5627 809 5707 I._I,
829 5630 1115 5707 n._23,_ab_
1135 5623 1376 5707 antiquis
1390 5642 1712 5707 usurpatum
1742 5623 1924 5694 callic-

335 5692 483 5750 dram
509 5692 704 5755 sedere.
738 5692 805 5755 In'
830 5701 863 5759 2
894 5692 1064 5761 Laud.
1100 5692 1352 5771 habetur,
1383 5692 1632 5761 cathedra
1660 5692 1813 5764 sedet.
1839 5692 1924 5763 Ii-

2043 4493 2310 4567 loquitur,
2371 4502 2555 4553 narret
2608 4512 2828 4571 quoque
2882 4495 3120 4572 qualiter
3169 4498 3238 4556 ab
3291 4500 3498 4558 exteris
3556 4499 3640 4558 ti-

2042 4590 2256 4640 meatur
2275 4600 2288 4640 :

2597 4747 2827 4807 CAPUT
2865 4749 3071 4807 XVIII.

2109 4870 2278 4928 Vens.
2308 4872 2364 4940 9,
2398 4871 2484 4931 10.
2515 4904 2586 4916 -
2613 4874 2889 4948 Principes
2915 4877 3187 4933 cessabant
3217 4875 3384 4947 loqui,
3406 4880 3455 4929 et
3481 4874 3632 4946 digi-

2036 5063 2161 5139 dem
2189 5064 2317 5139 Mss.
2349 5067 2513 5139 paulo
2542 5067 2688 5125 intra
2715 5067 2922 5126 habent
2953 5065 3256 5125 cathedram
3283 5064 3503 5137 sederet,
3536 5069 3625 5124 vel

2033 5138 2283 5194 cathedra
2311 5138 2530 5195 sederet.

2104 5210 2125 5245 ⁵
2162 5210 2369 5267 Excusi
2408 5227 2534 5267 cum
2563 5209 2775 5280 Germ.,
2815 5207 3077 5280 gravitate
3102 5205 3426 5280 fulciuntur,
3469 5212 3614 5268 relu-

2032 5280 2309 5407 Etantibus
2326 5282 2453 5339 Mss.
2474 5282 2689 5347 Norm.,
2707 5278 2968 5348 Vindoc.,
2980 5278 3180 5350 Laud.,
3199 5278 3430 5353 Turon.,
3449 5283 3616 5342 Corb.

2081 5366 2219 5406 erm.

2081 5366 2197 5406 erm
2207 5393 2219 5405 .

2105 5422 2126 5456 ⁸
2167 5420 2430 5489 Vindoc.,
2458 5420 2506 5475 si
2534 5438 2679 5477 senes
2691 5463 2705 5478 .

2102 5494 2123 5528 ⁷
2162 5492 2371 5574 Poster.
2404 5491 2558 5580 Editi
2586 5508 2712 5580 cum
2737 5493 2950 5578 Germ.,
2976 5494 3102 5552 levis
3123 5497 3340 5580 guique.
3364 5498 3507 5580 ‘Alii,
3535 5500 3625 5580 le-

736 5554 825 5614 his
852 5557 1087 5642 edgpdis
1126 5554 1345 5642 operam
1375 5554 1662 5620 dederunt.
1711 5565 1785 5621 At
1806 5554 1922 5642 iam
2030 5581 2120 5642 ves
2142 5564 2335 5642 quique
2361 5569 2503 5642 sunt,
2533 5572 2629 5621 aut
2658 5565 2790 5642 leves
2808 5554 3002 5642 quippe
3003 5554 3248 5642 sunt‘qui
3265 5554 3507 5642 fugiunt:
3532 5554 3626 5625 Se-

2031 5636 2254 5710 quimur
2282 5637 2409 5693 Mss.
2442 5636 2655 5705 Norm.,
2685 5636 2962 5709 Lauduuf,
2991 5636 3401 5708 Corn—Germ”
3442 5648 3549 5697 etc.
