4172 6184
495 268 598 324 “5

1702 271 1951 329 SANCTI
1997 271 2337 334 GREGORII
2373 277 2599 334 MAGNI
3695 295 3793 351 116

496 398 604 447 tum
639 394 1054 466 superponebant
1092 392 1178 448 ori
1221 409 1335 450 suo.
1367 394 1564 494 .Vocem
1593 410 1746 450 suam
1784 395 2089 454 cohibebant
2114 402 2163 463 Α
2200 402 2488 473 premitur,
2519 405 2705 476 pravis
2731 406 3040 482 quibusque
3081 408 3530 481 pradicatoribus
3574 401 3794 494 licentia

494 483 668 552 duces,
698 487 748 539 et
767 483 947 555 lingua
974 499 1154 537 eorum
1171 483 1379 554 gutturi
1405 501 1500 540 suo
1528 485 1848 542 adhterebat.

566 641 654 698 27.
688 639 934 697 Haretici
977 640 1132 697 silere
1177 641 1342 697 coacti
1371 643 1427 700 S.
1473 644 1718 716 Gregorii
1747 646 2084 718 temporibus.

497 731 741 789 Hmretici
767 731 823 785 in
847 732 1003 802 culpa
1023 732 1360 802 concordant,
1389 733 1446 788 in
1473 735 1739 790 sententiis
1766 735 2083 808 discrepant.

497 821 559 876 In
574 819 821 875 Ecclesia:
833 819 1093 886 adversis,
1115 821 1346 876 haretici
1362 823 1520 878 libere
1529 824 1843 894 pradicant.
1881 855 1952 867 —
1981 825 2088 894 Qui

493 909 602 964 hoc
631 908 752 964 loco
767 908 862 965 alii
879 908 1045 966 duces
1063 910 1297 984 intelligi
1323 910 1408 967 vel
1430 912 1706 985 principes
1722 921 1952 984 possunt
1979 914 2088 970 nisi

497 996 764 1054 haeretica
794 1000 1082 1070 pravitatis
1109 1001 1404 1058 auctores?
1443 1003 1520 1058 De
1550 1001 1752 1075 quibus
1790 1018 1886 1075 per
1927 1003 2090 1058 Psal-

499 1087 714 1144 mistam
741 1087 977 1145 dicitur:
1010 1091 1202 1160 Effusa
1229 1095 1305 1145 est
1321 1090 1629 1162 contemptio
1649 1109 1812 1164 super
1819 1091 2090 1164 principes

495 1192 698 1243 eorum,
728 1182 778 1232 et
804 1177 1127 1233 seduxerunt
1153 1196 1238 1234 eos
1257 1179 1314 1234 in
1340 1180 1502 1246 invio,
1525 1186 1572 1236 et
1598 1197 1705 1236 non
1724 1181 1781 1236 in
1803 1183 1892 1236 via
1911 1181 2087 1253 (Psal.

497 1282 608 1334 mn,
639 1265 755 1338 40).
789 1266 898 1338 Ipsi
924 1267 1127 1322 etenim
1159 1267 1292 1324 dum
1315 1267 1778 1342 dispensationem
1823 1271 1921 1326 Dei
1955 1286 2091 1343 per-

497 1371 652 1411 verse
673 1355 1021 1429 interpretari
1043 1374 1154 1414 non
1176 1366 1453 1428 metuunt,
1482 1359 1730 1431 profecto
1750 1360 1934 1432 plebes
1965 1359 2090 1416 sub-

496 1446 639 1503 ditas
667 1463 780 1503 non
809 1447 868 1503 in
895 1464 1011 1504 eam
1045 1449 1191 1504 viam
1223 1465 1343 1524 qua
1365 1449 1619 1507 Christus
1643 1459 1745 1519 est,
1776 1451 1871 1507 sed
1900 1451 1960 1506 in
1993 1451 2092 1507 in-

495 1534 650 1590 vium
681 1535 928 1592 trahunt.
961 1537 1134 1610 Super
1161 1555 1298 1611 quos
1327 1547 1469 1594 recte
1503 1555 1720 1613 quoque
1749 1540 1919 1596 eﬁ‘usa
1947 1557 2092 1597 con-

496 1623 670 1680 tentio
702 1624 927 1694 dicitur,
959 1627 1086 1698 quia
1115 1627 1230 1682 suis
1253 1627 1359 1683 sibi
1386 1627 1631 1683 vicissim
1669 1629 2093 1700 allegationibus

495 1713 900 1770 contradicunt.
920 1716 1086 1772 Arius
1098 1717 1299 1790 quippe
1317 1724 1426 1773 tres
1442 1734 1700 1790 personas
1717 1719 1776 1774 in
1797 1720 2090 1775 divinitate

495 1803 820 1874 suscipiens,
861 1811 971 1862 tres
1011 1805 1177 1861 etiam
1220 1805 1352 1861 deos
1385 1806 1640 1863 credidit.
1688 1808 1861 1875 Quem
1900 1817 2092 1865 contra

495 1891 766 1948 Sabellius
793 1909 967 1949 unum
998 1896 1171 1950 Deum
1200 1895 1524 1968 suscipiens,
1542 1913 1709 1952 unam
1723 1897 1960 1953 credidit
1975 1914 2093 1954 esse

495 1994 804 2050 personam.
839 1982 988 2036 Inter
1013 1998 1151 2054 quos
1184 1990 1372 2040 sancta
1402 1984 1648 2041 Ecclesia
1694 1992 1906 2042 rectum
1943 2003 2092 2058 pra-

494 2068 786 2126 dicationis
815 2085 926 2126 sua
957 2071 1232 2128 tramitem
1265 2071 1735 2130 iudeclinabiliter
1775 2082 1990 2143 tenens,
2040 2082 2096 2130 et

494 2172 669 2214 unum
699 2160 875 2214 Deum
905 2159 1228 2232 pradicans,
1251 2169 1361 2218 tres
1389 2179 1648 2235 personas
1675 2171 1868 2220 contra
1896 2163 2095 2220 Sabel-

497 2245 634 2301 lium
663 2247 876 2316 asserit,
906 2255 960 2306 et
989 2257 1098 2304 tres
1131 2265 1388 2322 personas
1413 2269 1680 2320 asserens,
1712 2269 1888 2308 unum
1917 2254 2092 2308 Deum

492 2342 686 2391 'contra
706 2336 903 2392 Arium
919 2338 1233 2395 conﬁtetur.
1254 2340 1394 2407 Quia
1413 2349 1594 2397 autem
1617 2342 1674 2398 in
1696 2359 1850 2398 sacro
1871 2344 2094 2416 eloquio

491 2422 831 2480 Manichacus
859 2425 1234 2496 virginitatem
1267 2428 1476 2483 laudari
1505 2431 1796 2502 comperit,
1837 2431 2093 2502 conjugia

496 2511 801 2567 damnavit.
821 2513 895 2569 At
913 2522 1101 2570 contra
1124 2517 1139 2550 ¹
1161 2514 1489 2571 Iovinianus
1506 2514 1637 2588 quia
1653 2516 1880 2573 concedi
1903 2516 2025 2589 conj
2037 2535 2093 2572 uo

497 2600 583 2671 gia
607 2601 887 2673 cognovit,
911 2602 1247 2674 virginitatis
1277 2603 1606 2660 munditiam
1637 2605 1909 2677 despexit.
1941 2605 2094 2663 Unde

498 2689 562 2744 lit
577 2696 861 2761 utsemper
883 2690 1158 2746 haereticis
1174 2707 1427 2763 perversa
1445 2692 1809 2765 intelligentia
1825 2695 2092 2764 confusis,

497 2777 746 2834 vicissim
775 2777 881 2833 sibi
913 2795 1103 2835 eorum
1134 2780 1380 2853 nequitia
1408 2788 1461 2837 et
1490 2781 1547 2836 in
1588 2783 1747 2854 culpa
1777 2785 2094 2853 concordet,

498 2873 551 2921 et
573 2866 630 2922 in
650 2866 920 2923 sententia
940 2868 1231 2940 discrepet.
1255 2870 1329 2925 At
1339 2877 1528 2926 contra
1540 2879 1727 2927 sancta
1741 2873 1988 2929 Ecclesia
2003 2889 2098 2945 per

497 2955 708 3010 medias
736 2963 1092 3030 utrarumque
1123 2957 1362 3029 partium
1386 2958 1508 3018 lites
1529 2964 1672 3023 619
1693 2961 1950 3017 ordinata
1968 2979 2098 3035 pace

499 3052 765 3125 graditur,
789 3061 842 3110 et
861 3054 941 3111 sic
969 3056 1369 3129 scitsuperiora
1388 3056 1532 3114 bona
1551 3059 1852 3132 suscipere,
1895 3068 1956 3115 ut
1984 3076 2096 3116 no-

499 3143 643 3199 verit
670 3144 836 3200 etiam
871 3142 1134 3200 inferiora
1162 3147 1434 3216 venerari,
1467 3156 1736 3221 quatenus
1765 3166 1866 3206 nec
1881 3166 2098 3206 summa

500 3240 677 3305 zequet
693 3232 922 3302 inﬁmis,
939 3249 1040 3290 nec
1056 3251 1274 3291 rursum
1297 3236 1407 3292 ima
1428 3235 1714 3308 despiciat,
1733 3255 1859 3295 cum
1882 3255 2098 3295 summa

499 3330 812 3380 veneratur.
852 3323 1012 3380 Nunc
1050 3339 1178 3396 ergo
1208 3323 1590 3383 hareticarum
1621 3326 1864 3400 plebium
1894 3328 2096 3400 princi-

499 3429 614 3485 pes,
640 3412 1024 3469 auctoritatem
1049 3422 1249 3472 sancta
1267 3416 1525 3472 Ecclesia
1546 3417 1965 3490 perpendentes,
1988 3435 2097 3475 ces-

499 3508 622 3557 sant
637 3501 810 3575 loqui,
822 3510 875 3558 et
885 3503 1040 3576 quasi
1058 3504 1140 3560 ori
1158 3521 1258 3561 suo
1270 3504 1505 3578 digitum
1523 3515 1925 3580 superponunt,
1965 3507 2098 3565 dum

502 3591 652 3647 falsis
665 3592 902 3664 querelis
915 3609 1026 3649 non
1038 3593 1249 3651 ratione
1262 3594 1414 3652 vocis
1435 3611 1491 3651 se
1513 3597 1862 3670 reprimi,sed
1873 3597 2099 3654 virtutis

503 3695 670 3735 manu
697 3679 1028 3751 signiﬁcant.
1054 3683 1254 3740 Vocem
1286 3700 1440 3740 suam
1471 3684 1638 3743 duces
1667 3685 1949 3755 cohibent,
1971 3686 2098 3760 quia

501 3767 764 3824 nimirum
794 3769 853 3826 hi
874 3770 969 3844 qui
998 3779 1119 3843 post
1147 3788 1204 3828 se
1233 3781 1476 3830 errantes
1497 3775 1730 3848 populos
1761 3774 1980 3832 trahere
2009 3791 2097 3832 co-

500 3864 728 3926 nantur,
759 3874 829 3914 ne
857 3858 1010 3932 loqui
1039 3877 1294 3933 perversa
1323 3878 1472 3920 nunc
1517 3863 1774 3934 audeant,
1816 3871 1871 3921 et
1915 3872 2098 3923 aucto-

500 3947 682 4004 ritatis
710 3948 998 4006 frenantur
1037 3950 1296 4021 pondere,
1328 3959 1382 4008 et
1411 3953 1616 4010 virtute
1645 3953 1897 4011 rationis.
1940 3954 2099 4022 Quo-

502 4052 626 4091 rum
658 4036 845 4107 lingua
873 4055 973 4094 suo
996 4039 1205 4109 gutturi
1235 4039 1497 4112 adharet,
1541 4042 1672 4116 quia
1699 4043 1802 4100 etsi
1844 4060 2101 4116 perversa

504 4123 657 4197 loqui
683 4123 853 4180 libera
880 4141 1015 4182 voce
1044 4142 1155 4182 non
1186 4127 1445 4200 audeant,
1475 4130 1626 4187 intus
1655 4139 1838 4188 tamen
1868 4132 2014 4204 apud
2043 4149 2099 4188 se

502 4222 802 4286 contegunt
830 4223 1029 4272 cuncta
1057 4233 1176 4290 qua
1214 4227 1405 4276 contra
1435 4222 1457 4257 ³
1486 4237 1671 4278 veram
1701 4221 1866 4278 ﬁdem
1902 4238 2099 4296 propo-

505 4319 634 4360 nere
663 4303 800 4360 falsa
830 4305 1159 4366 moliuntur.
1205 4308 1413 4367 Horum
1457 4327 1585 4383 ergo
1629 4319 1959 4385 temporum,
2003 4328 2101 4368 se-

504 4393 694 4467 quenti
723 4393 1079 4453 tribulatione
1108 4397 1466 4472 deprehensa,
1513 4400 1872 4459 reminiscens
1913 4402 2100 4459 Eccle-

2195 489 2494 550 locutionis
2521 493 2702 552 datur.
2738 494 2760 570 [
2773 497 2876 554 νει.
2901 498 2955 553 Χ
2962 497 3046 572 γ.]
3078 497 3236 566 Quod
3265 499 3425 573 longe
3463 511 3592 560 ante
3637 491 3796 562 lere-

2199 579 2336 636 mias
2365 581 2606 653 intuens,
2637 584 2752 642 ait:
2787 586 2888 643 Sed
2939 593 2988 641 et
3035 587 3208 644 lamin:
3253 590 3591 648 nudaverant
3617 611 3798 649 mam-

2195 686 2359 736 mam,
2392 671 2719 727 lactaverunt
2745 676 2946 730 catulos
2977 692 3098 731 suos
3157 677 3383 749 (Thren.
3427 697 3507 749 IV,
3538 681 3616 755 3).
3650 683 3798 752 Quid

2198 773 2436 832 namque
2473 760 2686 830 lamiae,
2732 763 2840 819 nisi
2887 763 3175 822 hareticos
3202 769 3463 841 appellat,
3495 768 3794 828 humanam

2199 847 2420 919 quidem
2450 848 2669 920 faciem,
2701 850 2796 908 sed
2841 851 3088 910 helluina
3115 871 3212 927 per
3255 857 3596 930 impietatem
3632 859 3800 916 corda

2199 943 2468 1007 gestantes
2482 938 2510 994 Ἰ
2539 939 2642 1008 Qui
2674 947 2808 998 tunc
2829 959 3123 999 mammam
3145 944 3378 1014 nudant,
3399 962 3526 1002 cum
3557 962 3797 1005 errorem

2199 1040 2359 1082 suum
2393 1026 2562 1084 libere
2590 1031 2910 1102 pradicant.
2951 1033 3106 1090 Tunc
3145 1034 3358 1091 catulos
3392 1035 3620 1105 lactant,
3667 1036 3799 1111 quia

2199 1116 2342 1170 male
2395 1131 2656 1190 sequaces
2699 1122 3054 1192 parvulorum
3097 1121 3308 1180 animas
3354 1123 3486 1181 dum
3545 1141 3800 1198 perversa

2199 1204 2505 1277 insinuant,
2535 1207 2605 1265 ad
2634 1209 2974 1283 impietatem
2996 1213 3295 1271 nutriendo
3321 1214 3676 1275 conﬁrmant.
3707 1217 3799 1273 Se-

2199 1296 2388 1370 quitur
2408 1315 2419 1354 :

2599 1388 2827 1447 CAPUT
2873 1393 3008 1449 XIX
3055 1392 3198 1467 [Rec.
3232 1394 3390 1470 XII].

2272 1492 2444 1549 Vnus.
2481 1495 2814 1554 IL—Auris
2842 1501 3516 1574 audiensbeatiﬁcabatme,
3547 1507 3595 1558 et
3617 1504 3800 1559 oculus

2201 1580 2380 1636 videns
2413 1583 2762 1640 testimonium
2790 1588 3036 1644 reddebat
3057 1591 3211 1647 mihi.

2271 1671 2358 1727 28.
2386 1675 2637 1728 Ecclesia:
2666 1677 3015 1734 testimonium
3044 1681 3261 1736 reddere
3277 1682 3514 1737 debemus
3543 1683 3664 1738 bene
3709 1683 3800 1738 oi-

2127 1775 2172 1834 B
2203 1759 2607 1818 venda—Dum
2637 1763 2939 1822 beatiﬁcari
2977 1785 3034 1824 se
3085 1769 3153 1825 ab
3181 1769 3555 1838 audientibus,
3585 1771 3799 1845 sibique

2200 1847 2581 1906 testimonium
2611 1852 2765 1909 reddi
2795 1871 2828 1909 a
2857 1854 3176 1915 videntibus
3207 1859 3409 1915 fatetur
3439 1859 3629 1916 beatus
3674 1858 3798 1926 Job,

2202 1942 2382 2014 qualis
2406 1941 2463 1999 in
2485 1960 2757 2016 sermone,
2779 1947 2958 2020 qualis
2978 1948 3037 2003 in
3057 1966 3220 2021 opere
3248 1951 3439 2021 fuerit,
3467 1949 3794 2008 ostenditur.

2201 2038 2386 2109 Neque
2414 2037 2562 2094 enim
2591 2045 2686 2094 aut
2707 2038 2765 2094 in
2785 2056 2945 2112 opere
2960 2040 3075 2112 jam
3098 2043 3370 2114 perfectus
3389 2051 3492 2112 est,
3513 2045 3603 2100 cui
3620 2041 3802 2098 adhuc

2203 2125 2404 2198 lingua
2435 2127 2676 2199 pravitas
2703 2129 3060 2198 contradicit;
3095 2139 3190 2187 aut
3231 2130 3288 2186 in
3319 2147 3569 2188 sermone
3599 2129 3800 2186 lauda-

2200 2213 2351 2283 bilis,
2382 2215 2478 2289 qui
2506 2215 2612 2274 hoc
2641 2218 2662 2253 ‘
2688 2219 2835 2290 quod
2856 2219 3108 2292 loquitur
3135 2237 3298 2292 opere
3319 2235 3430 2276 non
3451 2219 3712 2276 ostendit.
3735 2221 3802 2276 Ut

2204 2303 2371 2376 igitur
2398 2303 2588 2362 beatus
2615 2305 2717 2362 Job
2737 2307 3041 2365 amicorum
3073 2326 3298 2366 suorum
3332 2307 3802 2382 increpationibus

2203 2402 2430 2450 exactus
2459 2402 2690 2469 utraque
2738 2413 2795 2452 se
2838 2396 3094 2455 habuisse
3129 2398 3437 2470 perhibeat,
3466 2415 3582 2455 sese
3609 2406 3664 2454 et
3695 2414 3805 2456 au-

2202 2482 2484 2541 dientibus
2498 2493 2552 2541 et
2572 2486 2890 2543 videntibus
2919 2489 3263 2545 venerationi
3280 2489 3448 2546 fuisse
3467 2489 3800 2546 manifestat.

2203 2572 2361 2640 Quod
2391 2573 2436 2628 si
2463 2574 2531 2630 ad
2561 2592 2750 2631 vocem
2781 2585 2981 2633 sancta
3030 2579 3288 2636 Ecclesia
3344 2580 3664 2647 referamus,
3712 2580 3806 2636 ille

2203 2659 2322 2731 ejus
2352 2662 2518 2717 verba
2550 2663 2847 2732 beatiﬁcat,
2905 2667 3034 2739 quia
3088 2684 3151 2723 ea
3197 2685 3319 2741 qua
3379 2668 3615 2738 audierit
3646 2684 3806 2740 opere

2205 2761 2569 2808 consummat.
2604 2754 2701 2809 Ille
2729 2755 2778 2809 ei
2802 2756 3183 2813 testimonium
3203 2759 3404 2826 reddit,
3423 2759 3516 2831 qui
3538 2757 3807 2832 exemplis

2207 2841 2227 2874 ⁵
2259 2839 2386 2895 vita
2417 2840 2500 2896 illi
2531 2841 2669 2897 bene
2699 2842 2938 2899 vivendo
2968 2846 3278 2917 respondet.
3311 2847 3565 2903 Sanctam
3597 2846 3803 2902 etenim

2206 2931 2508 2989 Ecclesiam
2557 2933 2652 2990 ille
2697 2937 2967 2993 veraciter
2993 2937 3165 3006 videt,
3222 2939 3383 3012 cujus
3429 2947 3664 2996 testatur
3693 2941 3805 2996 vita

2207 3021 2336 3094 quia
2364 3021 2533 3078 videt.
2567 3022 2652 3080 Ad
2683 3023 2788 3082 hoc
2825 3041 3061 3100 namque
3098 3027 3371 3084 bonorum
3397 3028 3544 3084 intra
3571 3044 3690 3085 eam
3720 3045 3807 3085 re-

2127 3128 2170 3188 c
2209 3117 2420 3174 ctitudo
2453 3119 2719 3188 cernitur,
2765 3127 2827 3176 ut
2881 3121 3084 3194 quique
3141 3121 3284 3178 hanc
3313 3121 3578 3189 viderint,
3634 3137 3666 3176 a
3691 3122 3807 3178 suis

2208 3205 2572 3277 pravitatibus
2586 3208 2952 3280 corrigantur.
2975 3210 3219 3268 Necdum
3245 3228 3376 3284 ergo
3396 3210 3542 3267 intra
3560 3219 3804 3268 sanctam

2206 3296 2509 3352 Ecclesiam
2526 3296 2680 3354 videt
2700 3298 2896 3367 bonos,
2925 3299 3020 3372 qui
3049 3317 3160 3356 non
3184 3309 3267 3357 est
3286 3301 3608 3358 emendatus
3637 3319 3668 3358 a
3696 3318 3805 3357 ma-

2207 3385 2296 3443 lis.
2309 3385 2415 3442 Sed
2427 3385 2574 3444 unde
2589 3388 2640 3444 ei
2655 3387 3036 3446 testimonium
3057 3390 3338 3460 reddatur,
3355 3389 3665 3448 ostenditur
3679 3406 3803 3448 cum

2206 3474 2492 3548 subjungit
2515 3493 2527 3532 :

2802 3567 3030 3626 CAPUT
3081 3569 3209 3626 XX.

2277 3672 2449 3730 Vens.
2485 3675 2572 3744 12,
2606 3675 2691 3732 13.
2714 3705 2786 3719 -
2804 3679 2886 3734 Εο
2913 3678 3055 3748 quod
3071 3678 3370 3734 liberassem
3390 3694 3680 3751 pauperem
3706 3694 3810 3734 oo-

2206 3762 2536 3832 ciferantem,
2565 3771 2616 3820 et
2631 3767 2900 3839 pupillum
2944 3768 3030 3822 cui
3056 3784 3163 3822 non
3204 3773 3320 3822 erat
3359 3767 3600 3836 adjutor.
3633 3767 3810 3824 Bene-

2206 3852 2364 3910 dictio
2387 3854 2622 3926 perituri
2647 3872 2806 3927 super
2831 3873 2912 3912 me
2948 3857 3204 3922 veniebat,
3229 3861 3279 3912 et
3305 3873 3398 3912 cor
3415 3857 3588 3912 vidua
3613 3873 3809 3912 conso-

2210 3945 2349 3999 latus
2375 3961 2514 3999 sum.

2277 4033 2365 4090 29.
2398 4033 2634 4089 Ecclesia
2663 4034 2802 4106 ﬁlios
2830 4051 2952 4091 suos
2979 4041 3029 4091 et
3049 4036 3226 4108 pascit
3257 4043 3306 4092 et
3327 4035 3577 4110 protegit.
3607 4063 3679 4076 —
3701 4035 3813 4092 Ma-

2208 4139 2326 4195 gna
2371 4121 2762 4180 misericordia
2810 4123 2917 4180 ista
2970 4132 3100 4182 sunt
3140 4141 3327 4198 opera,
3373 4125 3607 4182 liberare
3665 4128 3810 4188 820

2209 4220 2602 4278 vociferantem
2633 4236 2948 4294 pauperem,
2991 4222 3205 4294 pupillo
3250 4221 3590 4295 adjutorium
3632 4220 3813 4278 mini-

2209 4315 2402 4378 strare,
2433 4311 2740 4381 periturum
2781 4309 3012 4383 eripere,
3043 4327 3139 4368 cor
3165 4311 3346 4368 vidua
3373 4309 3670 4369 consolari.
3702 4310 3817 4367 Su-

2209 4397 2394 4471 perius
2421 4397 2566 4454 enim
2599 4398 2810 4457 dictum
2831 4406 2914 4456 est
2929 4398 3063 4473 quid
3083 4399 3342 4457 exhibuit
3359 4417 3456 4475 per
3482 4399 3814 4457 doctrinam.

505 4483 585 4538 sia
613 4481 882 4556 deplorat,
903 4484 1118 4544 dicens:
1163 4490 1386 4558 Quando
1411 4492 1754 4563 procedebam
1787 4492 1860 4549 ad
1881 4499 2100 4565 portam
2133 4488 2181 4546 D
2213 4488 2309 4545 Ait
2358 4504 2628 4562 namque:
2675 4489 2845 4545 Auris
2890 4489 3112 4545 audiens
3161 4489 3492 4562 beatiﬁcabat
3517 4506 3616 4545 me.
3661 4488 3819 4546 Nunc

506 4574 761 4642 civitatis,
792 4583 840 4633 et
866 4577 926 4633 in
944 4579 1124 4650 platea
1148 4581 1737 4652 parabantcathedram
1755 4583 1905 4640 mihi.
1939 4583 2102 4641 Vide-

507 4664 632 4719 bant
662 4664 994 4735 mejuoenes,
1022 4674 1069 4723 et
1095 4668 1566 4738 abscondebantur,
1587 4679 1635 4728 et
1661 4690 1804 4728 senes
1823 4689 2102 4744 assurgen-

511 4761 581 4810 tes
607 4755 837 4812 slabant.
859 4756 1136 4829 Principes
1151 4758 1421 4814 cessabant
1449 4761 1615 4831 loqui,
1652 4767 1701 4816 et
1739 4761 1964 4832 digitum
2001 4778 2104 4816 su-

504 4846 861 4916 perponebant
889 4846 977 4902 ori
1017 4863 1134 4902 suo.
1193 4848 1373 4905 Vocem
1417 4866 1570 4905 suam
1597 4849 1750 4905 duces
1779 4849 2103 4916 cohibebant,

507 4941 556 4990 et
583 4935 766 5008 lingua
791 4953 975 4993 eorum
1000 4937 1207 5009 gutturi
1231 4955 1327 4994 suo
1351 4939 1674 4994 adharebat.
1719 4940 1800 4995 Ac
1840 4939 1886 4995 si
1921 4947 2105 5012 aperte

510 5021 688 5078 dicat:
740 5024 880 5082 Cum
909 5025 1206 5100 praedicare
1245 5025 1386 5084 mihi
1417 5028 1438 5063 ³
1481 5043 1614 5084 voce
1657 5025 1878 5099 publica
1925 5026 2104 5096 licuit,

513 5113 694 5169 onmis
713 5131 799 5172 me
825 5117 922 5190 qui
951 5117 1172 5175 veritati
1193 5117 1427 5175 nonfuit
1443 5116 1721 5189 subjectus
1741 5117 1985 5190 expavit.
2005 5117 2108 5174 Illo

514 5217 750 5274 namque
790 5212 1035 5278 tempore
1064 5224 1191 5266 cum
1237 5215 1426 5265 sancta
1482 5207 1725 5264 Ecclesia
1773 5205 2109 5264 adversitate

596 5507 608 5540 ί
651 5504 849 5580 haud,
878 5507 1160 5580 Iovianus.
1185 5511 1406 5580 Germ.,
1435 5513 1714 5569 Jobianus.

587 5581 611 5654 ξ
647 5574 787 5654 ΑΙΗζ
814 5575 1135 5654 cumporh.
1167 5574 1565 5654 Germ.,ﬁdem
1591 5590 1805 5642 rectam.

592 5649 614 5722 ἴ*
646 5646 900 5722 Ιῖιθι-ίίιιιθ
925 5647 1080 5722 Mss,
1101 5665 1219 5706 voce
1243 5646 1435 5722 libera.

592 5721 615 5754 ‘
650 5719 863 5778 Gemet.
887 5726 943 5776 et
968 5719 1088 5788 alii,
1116 5720 1260 5794 quod
1283 5738 1343 5778 os
1373 5724 1630 5798 loquitur.

2209 4585 2392 4636 autem
2421 4583 2610 4633 narrat
2636 4593 2757 4651 qua
2797 4593 2894 4650 per
2922 4577 3360 4636 misericordiam
3391 4576 3686 4651 impendit,
3717 4573 3817 4630 di-

2211 4684 2339 4725 cens
2364 4685 2375 4723 :
2407 4669 2490 4724 Eo
2515 4666 2656 4738 quod
2687 4666 2987 4723 liberassem
3027 4685 3317 4740 pauperem
3339 4667 3740 4736 vociferantem,
3770 4670 3820 4718 et

2209 4757 2481 4828 pupillum
2509 4756 2638 4810 “cui
2677 4772 2784 4811 non
2815 4762 2932 4811 erat
2975 4754 3219 4826 adjutor.
3272 4753 3397 4809 Vox
3431 4753 3635 4826 quippe
3689 4766 3815 4808 cum

2214 4863 2375 4916 opere
2403 4844 2509 4902 sibi
2538 4844 2846 4902 necessario
2882 4843 3202 4900 concordat.
3236 4841 3364 4896 Hac
3390 4840 3584 4897 beatus
3630 4839 3732 4896 Job
3765 4846 3820 4895 et

2213 4933 2470 4989 exhibuit
2499 4932 2759 5001 subditis,
2785 4939 2839 4988 et
2877 4939 3059 4988 tamen
3100 4945 3198 5003 per
3232 4933 3476 4985 sanctam
3515 4927 3816 4986 Ecclesiam

2214 5020 2529 5078 exhibenda
2568 5020 2826 5094 signavit.
2859 5022 2879 5056 ⁷
2912 5019 3043 5088 Qua
3091 5025 3389 5091 utrumque
3437 5032 3588 5074 nunc
3632 5016 3820 5072 inces-

2217 5108 2464 5166 sabiliter
2492 5117 2732 5178 exercet,
2763 5115 2825 5165 ut
2853 5106 3115 5165 videlicet
3142 5106 3288 5163 ﬁlios
3311 5122 3445 5163 suos
3469 5113 3524 5162 et
3544 5101 3818 5178 loquendo

2217 5205 2422 5273 pascat,
2477 5205 2533 5255 et
2574 5196 2921 5256 defendendo
2971 5202 3240 5270 protegat,
3289 5201 3561 5274 quatenus
3614 5200 3669 5250 et
3721 5207 3817 5268 per

2291 5514 2312 5547 ³
2342 5511 2553 5568 Gemet.
2587 5515 2642 5566 et
2669 5508 2881 5576 Germ.,
2910 5506 3032 5564 vita
3062 5505 3232 5562 illius.

2291 5585 2313 5618 ⁵
2342 5581 2514 5638 Laud.
2553 5587 2610 5638 et
2636 5581 2852 5648 Norm.,
2876 5578 2964 5636 cui
2989 5594 3098 5636 non
3121 5581 3269 5634 esset.

2290 5656 2310 5687 ⁷
2342 5653 2517 5719 Plur.,
2539 5669 2660 5726 qua
2687 5659 2929 5726 utraque.
