4172 6184
344 252 438 309 117

1134 247 1507 306 MORALIUM
1543 247 1682 306 LIB.
1720 248 1879 308 XIX.
1915 277 1988 294 —
2024 248 2252 310 CAPUT
2291 250 2530 309 XXVIII
2567 252 2631 310 B.
2672 253 2815 311 JOB.

3537 257 3642 318 118

287 352 299 365 ’
344 379 509 437 verba
530 377 697 437 bonos
722 373 905 445 satiat,
926 382 981 432 et
995 391 1091 450 per
1107 375 1415 450 patrocinia
1426 382 1649 436 tueatur
1674 393 1707 436 a
1737 377 1916 435 malis.
1955 378 2007 441 A
2034 375 2281 437 tionibus
2307 396 2340 437 a
2365 379 2541 453 culpa
2572 380 2734 438 fovea
2761 380 2999 441 reducit.
3031 383 3187 444 Unde
3214 384 3484 461 scriptum
3511 395 3596 446 est
3627 406 3641 447 :

348 472 492 531 Bene
506 479 673 527 autem
701 467 970 543 scriptum
1001 475 1112 525 est:
1142 467 1409 526 Germinet
1429 474 1574 526 terra
1600 468 1815 526 herbam
1837 468 1929 525 vi-

348 568 552 627 rentem,
579 565 626 615 et
672 557 951 630 facientem
979 575 1170 625 semen,
1199 563 1248 613 et
1289 558 1486 631 lignum
1522 560 1539 595 ¹
1587 558 1930 631 fructiferum

2040 468 2145 537 Qui
2160 469 2391 525 converti
2406 468 2591 541 fecerit
2603 476 2931 543 peccatorem
2946 472 3013 529 ab
3028 490 3212 532 errore
3230 476 3329 534 vim
3348 481 3489 542 621
3514 494 3645 547 sua,

2038 567 2061 601 ‘
2088 568 2315 623 salvabit
2339 568 2576 625 animam
2602 568 2718 640 ejus
2741 587 2777 625 a
2794 575 2981 636 morte,
3003 571 3025 605 ⁵
3055 576 3105 625 et
3129 573 3328 644 aperiet
3350 574 3647 633 multitudio

349 650 532 722 faciens
553 648 789 720 fructum
810 648 979 719 juxta
995 664 1156 719 genus
1176 664 1330 702 suum
1354 648 1570 719 (Genes.
1595 647 1929 721 1,11).Quod
2035 673 2155 712 nem
2177 663 2510 729 peccatorum
2540 658 2678 730 (Jac.
2712 676 2771 727 v,
2802 657 2917 730 20).
2938 658 2995 715 Si
3024 658 3173 715 enim
3196 678 3408 734 magna
3436 681 3644 724 merce-

345 740 417 797 sic
441 746 517 796 est
542 738 813 796 veraciter
841 738 1070 807 factum,
1087 745 1148 794 ut
1176 737 1509 811 signiﬁcaret
1538 739 1750 816 aliquid
1779 755 1928 797 vera-

340 830 465 888 citer
490 828 829 887 faciendum.
862 830 965 886 Per
991 836 1192 886 terram
1213 829 1415 904 quippe
1446 829 1712 903 ﬁguratur
1739 830 1933 888 Eccle-

339 920 429 990 sia,
458 934 576 992 qua
635 925 690 975 et
745 917 901 975 verbi
957 934 1059 976 nos
1088 919 1289 992 pabulo
1321 918 1521 989 reﬁcit,
1552 927 1607 976 et
1634 918 1932 993 patrocinii

338 1008 653 1068 umbraculo
680 1006 954 1075 custodit;
989 1023 1108 1081 qua
1128 1014 1183 1064 et
1212 1007 1488 1081 loquendo
1516 1009 1707 1082 pascit,
1737 1016 1792 1066 et
1818 1008 1934 1082 opi-

335 1097 553 1156 tulando
581 1096 851 1171 protegit,
882 1105 945 1154 ut
970 1112 1083 1153 non
1114 1097 1292 1154 solum
1344 1096 1573 1155 herbam
1614 1096 1936 1156 refectionis

335 1190 583 1264 proferat,
617 1187 719 1246 sed
766 1196 823 1245 et
868 1204 994 1246 cum
1042 1186 1228 1245 fructu
1265 1187 1447 1263 operis
1467 1187 1720 1246 arborem
1752 1196 1932 1263 prote-

334 1277 541 1336 ctionis.

399 1439 538 1515 [γει.
583 1440 646 1496 Χ
649 1438 770 1515 VL]
801 1438 890 1495 30.
922 1438 989 1496 In
1026 1438 1273 1495 Ecclesia
1320 1440 1611 1497 rectoribus
1644 1456 1737 1497 nec
1787 1440 1941 1511 vigor

334 1529 399 1585 sit
422 1529 655 1603 rigidus,
674 1545 767 1585 nec
794 1528 1140 1584 mansuetudo
1169 1528 1448 1585 dissoluta.
1472 1560 1544 1572 —
1584 1528 1940 1602 Perpenden-

337 1619 465 1677 dum
483 1620 505 1655 ²
520 1634 744 1694 quoque
770 1616 937 1674 video
953 1616 1041 1673 his
1068 1617 1162 1691 qui
1183 1617 1430 1691 plebium
1449 1618 1940 1690 gubernationibus

335 1716 602 1804 praesunt,
628 1707 779 1804 quod
802 1706 1056 1804 superius
1083 1706 1272 1764 dicens
1302 1724 1316 1763 :
1359 1707 1616 1804 Videbunt
1653 1725 1733 1804 me
1771 1708 1941 1779 juve-
1967 1743 2016 1804 Β

335 1815 441 1866 nes,
469 1804 520 1856 et
544 1797 1038 1868 abscondebantur;
1079 1813 1229 1854 nunc
1248 1796 1447 1853 astruit
1467 1814 1480 1853 :
1498 1798 1606 1854 Cor
1624 1798 1797 1854 vidua
1822 1815 1941 1854 con-

335 1890 536 1945 solatus
593 1904 730 1944 sum.
779 1886 997 1954 Quanta
1051 1885 1345 1960 disciplina
1389 1885 1697 1958 regiminis,
1726 1894 1789 1944 ut
1813 1893 1941 1943 ante

334 1992 466 2035 eum
492 1974 729 2049 juvenes
753 1974 1188 2044 abscondantur;
1210 1982 1415 2050 quanta
1443 1975 1808 2033 mansuetudo
1823 1974 1940 2049 pie-

333 2064 486 2134 tatis,
520 2072 584 2122 ut
611 2081 707 2138 per
732 2081 858 2123 eum
889 2063 1184 2121 viduarum
1204 2064 1373 2121 corda
1400 2064 1776 2121 consolentur!
1800 2065 1944 2121 Sunt

334 2170 574 2229 namque
620 2155 792 2228 (Dist.
823 2155 916 2226 45,
946 2171 1064 2212 can.
1107 2160 1231 2211 sunt
1274 2157 1528 2226 namque)
1553 2154 1812 2211 nonnulli
1866 2154 1945 2211 ita

333 2242 601 2314 districti,
623 2252 685 2301 ut
711 2261 934 2301 omnem
964 2244 1129 2301 etiam
1154 2246 1176 2281 ³
1199 2243 1677 2301 mansuetudinem
1691 2243 1944 2317 benigni-

333 2332 459 2390 tatis
487 2333 772 2403 amittant,
802 2340 859 2389 et
885 2340 1016 2389 sunt
1043 2332 1302 2389 nonnulli
1324 2332 1401 2388 ita
1428 2333 1796 2401 mansueti,ut
1810 2349 1946 2405 per-

329 2421 463 2478 dant
493 2421 739 2481 districti
761 2421 889 2495 jura
911 2421 1217 2494 regiminis.
1235 2420 1391 2478 Unde
1410 2422 1624 2480 cunctis
1641 2420 1946 2479 rectoribus

327 2517 572 2585 utraque
623 2526 975 2581 summopere
1001 2516 1133 2565 sunt
1158 2508 1423 2577 tenenda,
1451 2517 1516 2565 ut
1540 2525 1644 2566 nec
1672 2510 1733 2566 in
1765 2509 1947 2566 disci-

322 2600 507 2673 plina
532 2599 728 2672 vigore
753 2597 1155 2670 benignitatem
1194 2598 1655 2666 mansuetudinis,
1687 2615 1789 2656 nec
1817 2616 1949 2655 rur-

320 2704 458 2746 sum
492 2687 558 2743 in
589 2686 1011 2744 mansuetudine
1063 2686 1465 2745 districtionem
1494 2688 1743 2745 deserant
1769 2688 1949 2747 disci-

325 2777 528 2852 plina,
562 2782 837 2848 quatenus
864 2791 965 2832 nec
991 2791 1023 2831 a
1055 2775 1435 2848 compassione
1460 2776 1681 2849 pietatis
1698 2776 1947 2836 obdure-

328 2872 511 2934 scant,
545 2880 674 2921 cum
737 2870 1088 2921 contumaces
1144 2863 1455 2937 corrigunt;
1488 2880 1592 2922 nec
1637 2865 1946 2940 disciplina

335 2956 587 3028 vigorem
628 2952 905 3021 molliant,
935 2969 1059 3010 cum
1099 2953 1450 3009 inﬁrmorum
1497 2954 1713 3013 animos
1753 2973 1945 3016 conso-

333 3044 538 3102 lantur.
568 3043 741 3115 Regat
767 3058 896 3115 ergo
920 3041 1231 3116 disciplina
1250 3042 1407 3115 vigor
1435 3044 1935 3118 mansuetudinem,

336 3141 388 3190 et
410 3131 781 3189 mansuetudo
808 3137 968 3187 ornet
996 3131 1264 3204 vigorem,
1296 3139 1351 3188 et
1391 3131 1471 3190 sic
1516 3132 1751 3191 alterum
1775 3106 1941 3193 com;
1972 3106 2016 3167 θ’

339 3221 630 3282 meudetur
665 3237 737 3278 ex
791 3220 962 3277 altero
1015 3228 1079 3277 ut
1133 3236 1235 3278 nec
1279 3219 1440 3294 vigor
1480 3222 1552 3279 sit
1580 3222 1811 3296 rigidus,
1843 3240 1946 3283 nec

339 3309 705 3370 mansuetudo
723 3309 1012 3367 dissoluta.

410 3454 500 3515 31.
530 3455 754 3515 Pietatis
781 3472 944 3528 opera
972 3453 1325 3528 corporaliter
1350 3461 1399 3511 et
1423 3455 1744 3527 spiritaliter
1785 3456 1945 3513 eahi-

342 3545 530 3602 bentur
555 3544 623 3600 ab
651 3544 986 3601 Ecclesia.—
999 3544 1129 3601 Hac
1154 3550 1339 3600 autem
1370 3559 1492 3617 qua
1508 3561 1676 3618 supra
1695 3543 1946 3602 diximus

344 3633 569 3707 pietatis
585 3649 748 3706 opera
762 3640 952 3691 sancta
966 3632 1219 3691 Ecclesia
1233 3639 1289 3689 et
1307 3633 1669 3706 corporaliter
1695 3632 1943 3704 exhibet,

346 3730 407 3778 et
430 3720 749 3794 spiritaliter
791 3721 1049 3779 exhibere
1089 3735 1203 3777 non
1246 3727 1439 3776 cessat.
1474 3720 1611 3776 Nam
1651 3735 1943 3792 pauperem

351 3811 742 3869 vociferantem
792 3810 1009 3880 liberat,
1038 3825 1167 3868 cum
1196 3807 1471 3881 peccatori
1497 3808 1717 3865 veniam
1742 3808 1946 3882 depre-

345 3900 493 3959 canti
523 3916 614 3958 eas
640 3916 773 3975 quas
800 3899 1153 3958 commiserat
1169 3899 1360 3972 culpas
1384 3897 1613 3955 relaxat.
1632 3898 1712 3955 De
1740 3897 1945 3960 talibus

345 3991 544 4066 quippe
573 3989 904 4065 pauperibus
949 3986 1155 4046 dicitur
1185 4005 1198 4045 :
1231 3987 1386 4045 Beati
1415 4004 1677 4060 pauperes
1705 3988 1923 4061 spiritu,

347 4080 595 4151 quoniam
612 4079 853 4153 ipsorum
875 4082 950 4134 est
974 4092 1192 4150 regnum
1228 4077 1477 4134 calorum
1516 4076 1728 4150 (Matth.
1760 4095 1818 4146 ν,
1857 4079 1939 4151 3).

348 4169 417 4226 Et
443 4167 639 4226 talium
668 4183 973 4242 pauperum
1006 4166 1217 4224 clamor
1243 4174 1326 4223 est
1351 4165 1655 4224 Psalmista
1684 4183 1819 4226 voce
1847 4167 1945 4226 di-

349 4258 589 4316 centium
622 4276 634 4315 :
672 4258 789 4316 Cito
828 4272 925 4313 nos
969 4255 1220 4328 anticipet
1258 4254 1629 4313 misericordia
1673 4263 1787 4324 tua,
1816 4257 1943 4328 quia

347 4364 603 4421 pauperes
629 4348 762 4420 facti
787 4362 970 4403 sumus
993 4344 1155 4401 nimis
1185 4344 1359 4418 (Psal.
1390 4362 1630 4417 Lxxvm,
1645 4347 1729 4419 8).
1760 4346 1943 4420 Pupil-

2039 748 2125 805 dis
2164 758 2247 807 est
2272 766 2306 807 a
2336 758 2511 808 morte
2540 750 2752 823 eripere
2790 766 3012 808 carnem
3043 751 3375 827 quandoque
3403 757 3651 814 moritu-

2038 849 2180 909 ram,
2210 839 2401 913 quanti
2430 847 2513 896 est
2542 839 2727 896 meriti
2755 855 2787 895 a
2817 846 2994 897 morte
3032 840 3275 897 animam
3308 841 3559 912 liberare,
3588 844 3647 901 in

2040 929 2247 986 calcati
2276 929 2453 1002 patria
2479 929 2599 987 sine
2626 930 2737 986 ﬁne
2766 929 3045 988 victuram
3061 930 3091 988 7
3118 930 3226 989 Cor
3251 939 3436 990 autem
3463 932 3648 990 vidua

2041 1018 2376 1087 consolatur,
2424 1017 2557 1075 dum
2604 1018 2757 1075 ﬁdeli
2802 1019 3003 1093 cuique
3047 1020 3249 1078 anima
3286 1022 3383 1095 qui
3420 1030 3652 1080 aternas

2040 1107 2265 1165 Domini
2293 1106 2684 1166 retributiones
2711 1116 2925 1178 narrat,
2968 1110 3124 1183 quasi
3155 1111 3263 1168 viri
3291 1111 3379 1169 sui
3406 1111 3555 1170 bona
3580 1111 3651 1170 ad

2043 1198 2367 1256 memoriam
2387 1208 2632 1258 revocat.
2656 1199 2757 1257 Cui
2780 1199 2910 1274 quia
2924 1200 3246 1274 spiritaliter
3258 1201 3446 1260 anima
3458 1203 3651 1276 juncta

2043 1294 2146 1355 est,
2176 1302 2242 1343 eo
2270 1295 2490 1344 mortuo
2518 1287 2687 1344 vidua
2733 1287 2960 1359 dicitur,
3008 1290 3104 1347 sed
3151 1300 3355 1348 sancta
3390 1292 3651 1350 Ecclesia

2046 1374 2276 1431 vocibus
2294 1391 2364 1431 ex
2382 1374 2501 1447 ejus
2521 1376 2923 1433 resurrectione
2939 1378 3239 1437 refovetur.
3257 1381 3506 1453 Magnam
3522 1396 3652 1454 ergo

2045 1463 2479 1520 consolationem
2523 1480 2619 1521 cor
2659 1463 2843 1521 vidua
2897 1465 3147 1539 suscipit,
3206 1467 3428 1541 quando
3472 1467 3655 1526 ﬁdelis

2048 1555 2234 1612 anima
2262 1556 2321 1611 in
2360 1554 2546 1612 verbis
2584 1555 2846 1613 Ecclesia
2875 1555 2943 1613 de
2970 1556 3211 1614 adventu
3240 1557 3393 1615 illius
3418 1557 3652 1632 aliquid,

2048 1646 2139 1703 cui
2166 1644 2489 1717 spiritaliter
2507 1652 2588 1701 est
2607 1644 2924 1718 conjuncta,
2955 1646 3254 1719 cognoscit.
3286 1646 3577 1723 Sequitur:

2636 1846 2864 1904 CAPUT
2904 1848 3060 1905 XXI.

2121 1954 2293 2013 Vsus.
2328 1953 2414 2011 14.
2445 1984 2516 1997 -
2541 1953 2762 2011 Iustitia
2788 1955 3007 2012 indutus
3034 1973 3173 2025 sum,
3203 1958 3227 1994 ⁶
3269 1963 3319 2015 et
3356 1956 3540 2014 vestivi
3572 1972 3654 2013 me

2051 2044 2187 2100 sicut
2212 2043 2534 2102 vestimento.
3530 2070 3549 2075 ·

2123 2149 2212 2206 32.
2244 2150 2413 2207 Nulla
2441 2150 2575 2207 bona
2602 2168 2764 2225 opera
2783 2158 2925 2221 sunt,
2946 2150 2994 2208 si
3007 2152 3196 2224 pravis
3209 2152 3525 2225 quibusdam
3542 2169 3651 2210 ma-

2051 2240 2736 2298 culentur.—Vestimento
2752 2242 2943 2317 utique
2962 2258 3089 2299 cum
3110 2242 3400 2312 vestimur,
3415 2258 3486 2298 ex
3499 2244 3652 2300 omni

2052 2338 2208 2404 parte
2226 2330 2655 2390 circumdamur.
2674 2333 2773 2391 Ille
2786 2350 2915 2407 ergo
2926 2332 3143 2407 justitia
3162 2334 3307 2391 sicut
3324 2332 3653 2389 vestimento

2055 2419 2311 2491 vestitur,
2342 2421 2436 2495 qui
2469 2438 2526 2479 se
2553 2421 2799 2496 undique
2826 2422 2974 2479 bono
3001 2438 3163 2495 opere
3183 2421 3439 2494 protegit,
3459 2427 3515 2477 et
3532 2422 3652 2477 nul-

2055 2510 2164 2566 lam
2202 2517 2415 2583 partem
2454 2509 2690 2568 actionis
2720 2527 2831 2567 sua
2870 2517 3091 2584 peccato
3124 2510 3329 2567 nudam
3366 2509 3650 2584 relinquit.

2052 2600 2189 2657 Nam
2220 2598 2316 2673 qui
2344 2598 2404 2655 in
2431 2598 2557 2656 aliis
2583 2600 2894 2658 actionibus
2911 2598 3097 2671 justus
3124 2605 3227 2668 est,
3257 2599 3317 2656 in
3344 2598 3469 2657 aliis
3495 2598 3656 2672 inju—

2053 2694 2202 2756 stus;
2248 2688 2404 2762 quasi
2442 2688 2548 2746 hoc
2597 2689 2740 2745 latus
2768 2689 3073 2763 cooperuit,
3101 2687 3243 2745 illud
3270 2687 3524 2757 nudavit,
3554 2703 3657 2744 nec

2049 2774 2163 2849 jam
2191 2777 2337 2833 bona
2364 2785 2495 2835 sunt
2522 2794 2707 2851 opera,
2738 2794 2859 2851 qua
2887 2778 3129 2835 subortis
3154 2776 3280 2834 aliis
3304 2776 3491 2851 pravis
3516 2792 3658 2849 ope-

2056 2865 2210 2923 ribus
2238 2865 2624 2940 inquinantur.
2658 2866 2799 2924 Hinc
2826 2867 2974 2923 enim
3004 2883 3101 2940 per
3128 2866 3477 2923 Salomonem
3506 2864 3657 2922 dici-

2054 2961 2146 3010 tur
2169 2972 2181 3011 :
2210 2956 2313 3023 Qui
2340 2955 2398 3010 in
2426 2972 2531 3011 uno
2557 2955 2855 3026 offenderit,
2884 2957 3055 3011 multa
3082 2955 3219 3010 bona
3241 2954 3426 3026 perdet
3455 2953 3653 3026 (Eccle.

2054 3058 2136 3113 Ix,
2171 3042 2284 3115 18).
2318 3043 2461 3100 Hinc
2480 3046 2500 3078 ⁷
2531 3042 2764 3100 Iacobus
2783 3043 2955 3100 dicit:
2997 3042 3302 3112 Quicunque
3319 3048 3480 3097 totam
3501 3042 3658 3113 legem

2054 3132 2367 3199 servaverit,
2398 3132 2631 3204 o/fendat
2660 3138 2836 3188 autem
2870 3132 2930 3188 in
2956 3147 3084 3197 uno,
3121 3130 3295 3203 factus
3322 3135 3399 3187 est
3423 3129 3657 3186 omnium

2054 3238 2176 3278 reus
2207 3222 2346 3295 (Jac.
2378 3239 2442 3291 ιι,
2476 3222 2588 3310 ψ).
2622 3221 2797 3292 Quam
2841 3218 3655 3310 videlicetsententiamsuam

2057 3328 2170 3385 Ipse
2197 3308 2501 3386 diligenter
2531 3311 2809 3385 exposuit,
2852 3328 2980 3370 cum
3009 3309 3341 3383 subjunxit:
3383 3308 3487 3378 Qui
3519 3308 3657 3365 enim

2054 3400 2215 3468 dixit,
2244 3402 2365 3460 Non
2393 3400 2749 3467 machaberis,
2780 3400 2922 3457 dixit
2945 3406 3015 3467 et,
3044 3400 3165 3458 Non
3191 3397 3408 3455 occides.
3430 3397 3582 3465 Quod
3610 3396 3658 3452 si

2054 3507 2160 3547 non
2184 3490 2542 3560 machaberis,
2570 3489 2777 3548 occidas
2803 3496 2999 3557 dum,
3020 3488 3196 3561 factus
3215 3504 3267 3545 es
3297 3494 3656 3560 transgressor

2057 3581 2179 3654 legis
2209 3581 2398 3653 (Ibid,
2430 3581 2544 3653 υ).

2126 3723 2264 3797 [Vet.
2302 3723 2511 3798 XVII.]
2554 3721 2642 3780 33.
2675 3723 2811 3780 Hinc
2836 3722 3131 3780 adhibenda
3158 3720 3393 3792 undique
3419 3721 3657 3777 custodia

2052 3818 2101 3868 et
2118 3812 2417 3884 vigilantia.
2442 3812 2675 3866 Frustra
2695 3814 2899 3867 munita
2918 3817 3042 3865 sunt
3059 3815 3267 3875 cratera,
3283 3825 3403 3864 cum
3421 3810 3502 3864 vel
3518 3824 3656 3863 unus

2055 3900 2190 3955 hosti
2207 3898 2471 3971 panditur
2497 3898 2695 3953 aditus.
2725 3927 2797 3941 —-
2824 3896 3020 3954 Cordis
3047 3911 3175 3967 ergo
3204 3894 3380 3952 oculis
3407 3893 3657 3950 circum-

2053 4004 2272 4064 quaque
2300 3986 2586 4062 porrectis,
2617 3985 2864 4061 undique
2891 3984 3052 4043 nobis
3076 3983 3389 4042 adhibenda
3405 3982 3656 4041 custodia

2053 4086 2156 4137 est.
2179 4077 2334 4136 Unde
2349 4084 2495 4135 recte
2513 4092 2733 4152 quoque
2753 4092 2849 4152 per
2867 4074 3215 4135 Salomonem
3236 4072 3443 4132 dicitur
3461 4090 3472 4131 :
3500 4073 3657 4131 Omni

2052 4168 2289 4225 custodia
2324 4184 2474 4224 serva
2521 4184 2613 4224 cor
2646 4173 2814 4235 tuum,
2857 4165 2986 4238 quia
3030 4180 3098 4221 ea:
3136 4164 3249 4236 ipso
3286 4163 3398 4219 vita
3419 4162 3639 4237 procedi

2055 4258 2243 4331 (Prov.
2290 4274 2370 4326 Iv,
2414 4255 2530 4330 23).
2576 4256 2839 4315 Dicturus
2866 4254 3015 4312 enim
3040 4254 3062 4289 ⁸
3098 4251 3359 4320 custodia,
3390 4249 3656 4325 pramisit

2052 4348 2214 4417 omni,
2232 4354 2295 4404 ut
2322 4344 2581 4404 videlicet
2609 4345 2993 4419 unusquisque
3013 4342 3147 4401 hinc
3165 4339 3295 4399 inde
3321 4356 3379 4398 se
3410 4340 3658 4415 diligen—

354 4436 471 4493 lum
497 4453 627 4494 vero
654 4437 743 4495 cui
772 4452 885 4494 non
905 4442 987 4493 est
1012 4433 1235 4509 adjutor
1264 4434 1479 4504 liberat,
1499 4435 1631 4493 dum
1653 4438 1942 4512 unusquis-
1976 4470 2027 4531 Β
2058 4445 2140 4495 ter
2166 4436 2444 4510 inspiciat,
2474 4443 2529 4493 et
2556 4436 2803 4509 quandiu
2831 4435 2889 4491 in
2919 4434 3023 4491 hac
3052 4433 3167 4490 vita
3194 4439 3296 4531 est,
3328 4437 3523 4489 contra
3550 4430 3655 4504 spi-

352 4541 483 4600 que,
512 4533 727 4583 mortuo
764 4527 994 4600 antiquo
1021 4532 1175 4599 patre
1216 4523 1458 4594 diabolo,
1488 4525 1557 4583 ad
1600 4534 1812 4590 sanctae
1829 4528 1949 4584 Ec-

353 4614 532 4673 clesia
552 4615 736 4674 sinum
760 4632 1006 4686 currens,
1023 4615 1083 4673 in
1105 4631 1168 4672 ea
1187 4614 1591 4673 exhortationis
1611 4615 1947 4688 adjutorium

355 4705 586 4777 invenit,
624 4707 720 4781 qui
734 4723 848 4780 jam
878 4704 1150 4764 desideria
1170 4703 1363 4761 mundi
1380 4706 1761 4777 persequentis
1783 4705 1944 4779 fugit.

358 4793 532 4853 Potest
558 4795 761 4871 pupilli
789 4795 1014 4854 nomine
1042 4793 1223 4851 ﬁdelis
1246 4792 1476 4867 quisque
1513 4793 1679 4850 etiam
1729 4801 1951 4867 propter

357 4894 582 4944 mortem
599 4885 732 4944 boni
755 4884 927 4959 patris
953 4881 1212 4957 intelligi,
1235 4881 1395 4955 cujus
1413 4880 1482 4938 ad
1503 4888 1719 4955 tempus
1740 4881 1950 4940 visione

357 4971 649 5032 destitutus
691 4981 794 5043 est,
827 4973 1080 5047 quamvis
1127 4971 1322 5031 solatio
1371 4969 1665 5027 destitutus
1705 4986 1818 5027 non
1846 4977 1947 5028 est.

356 5061 673 5125 Benedictio
702 5065 869 5124 etiam
899 5063 1132 5138 perituri
1151 5079 1314 5137 super
1328 5078 1448 5119 eam
1477 5061 1650 5132 venit,
1675 5078 1803 5119 cum
1830 5077 1951 5136 pec-

356 5155 552 5215 catoris
580 5156 870 5231 interitum
897 5154 1187 5228 praveuit,
1220 5160 1276 5211 et
1304 5168 1431 5212 cum
1460 5152 1668 5210 sanctis
1694 5151 1951 5211 exhorta-

424 5427 449 5532 ἔ
472 5423 1056 5554 ἓῗτπὲιςῶΐίίδνη·

424 5513 448 5605 ἶ
473 5513 1189 5637 ἓὲἧιξιῧιιςῗῖιαωωθιαάἰπε
1217 5563 1601 5635 benignitatem.

426 5640 449 5717 ξ
483 5640 526 5717 l_
540 5638 739 5708 Laud.,
769 5638 1016 5717 suleavit.
1061 5712 1072 5717 _
1236 5705 1247 5717 ι

426 5711 449 5746 ⁵
484 5710 670 5767 Germ.
701 5716 758 5766 et
784 5710 997 5775 Norm.,
1026 5712 1075 5763 et
1099 5710 1286 5777 operit.

2057 4526 2242 4583 ritales
2272 4524 2528 4581 inimicos
2556 4524 2614 4580 in
2642 4525 2758 4582 acie
2786 4539 2843 4580 se
2868 4522 3110 4597 positum
3138 4520 3296 4590 sciat,
3339 4536 3409 4578 ne
3437 4534 3655 4577 merce-

2057 4614 2181 4671 dem
2203 4629 2367 4688 quam
2386 4628 2485 4685 per
2503 4612 2603 4671 has
2621 4612 2866 4670 actiones
2883 4611 3116 4685 colligit,
3146 4625 3243 4683 per
3262 4608 3397 4665 alias
3416 4608 3652 4675 amittat,

2056 4720 2126 4761 ne
2154 4703 2286 4761 hinc
2314 4701 2461 4759 hosti
2489 4702 2635 4760 fores
2661 4702 2930 4772 obstruat,
2951 4708 3006 4758 et
3034 4698 3257 4758 aliunde
3284 4699 3496 4757 aditum
3526 4714 3655 4771 pau-

2058 4793 2171 4850 dat.
2203 4793 2260 4851 Si
2281 4808 2388 4866 qua
2406 4792 2613 4849 etenim
2633 4792 2830 4849 civitas
2849 4798 3041 4850 contra
3056 4787 3382 4847 insidiantes
3400 4786 3657 4843 inimicos

2060 4898 2258 4956 magno
2287 4882 2525 4940 valletur
2551 4898 2764 4957 aggere,
2784 4880 3024 4939 fortibus
3049 4880 3305 4951 cingatur
3331 4874 3563 4942 muris,9
3583 4888 3653 4928 ex

2059 4973 2212 5030 omni
2252 4978 2406 5045 parte
2439 4971 2684 5029 insomni
2714 4972 2996 5029 muniatur
3022 4970 3292 5037 custodia,
3320 4979 3495 5021 unum
3523 4978 3655 5021 vero

2058 5061 2119 5119 in
2160 5077 2223 5118 ea
2262 5061 2511 5119 foramen
2547 5061 2933 5119 tantummodo
2961 5056 3318 5116 immunitum
3346 5067 3444 5126 per
3470 5052 3656 5127 negli—

2059 5150 2298 5225 gentiam
2325 5150 2704 5225 relinquatur;
2747 5148 2877 5207 inde
2915 5145 3112 5221 procul
3148 5142 3320 5201 dubio
3355 5140 3531 5201 hostis
3554 5142 3655 5200 in—

2131 5421 2153 5455 “
2182 5416 2366 5476 Germ.
2397 5408 2453 5474 et
2479 5416 2514 5474 2
2539 5412 2739 5482 Laud.,
2768 5418 2817 5468 et
2842 5410 3046 5468 vestivit
3084 5428 3166 5470 me
3203 5411 3338 5469 sicut
3371 5412 3656 5469 vestimen-
3746 5429 3765 5445 ·

2062 5496 2202 5555 tum;
2230 5496 2286 5544 et
2318 5489 2398 5546 sic
2425 5487 2589 5543 infra.

2131 5563 2150 5596 ⁷
2187 5560 2329 5617 Utic.
2361 5566 2418 5615 et
2443 5557 2563 5626 alii,
2592 5557 2752 5613 Iacob
2779 5556 2926 5625 dicit,
3075 5561 3237 5613 totum

2134 5633 2156 5668 ⁸
2188 5634 2214 5684 1
2245 5630 2417 5684 Laud.
2447 5636 2503 5684 et
2538 5629 2770 5684 Turon..
2810 5634 2952 5684 custo
2989 5644 3100 5684 iam
3137 5633 3395 5684 nrammt
3431 5648 3439 5679 t

2134 5633 2156 5668 ⁸
2188 5634 2214 5688 1
2245 5630 2417 5687 Laud.
2447 5636 2503 5686 et
2538 5629 2770 5698 Turon.,
2810 5629 3100 5685 custodiam
3134 5629 3395 5700 prmisit
3431 5641 3655 5682 omnm.

2136 5707 2158 5741 ³
2188 5705 2349 5760 Deest
2375 5718 2441 5757 ea
2469 5701 2614 5756 omni
2636 5706 2790 5774 parte
2815 5701 2875 5757 in
2902 5700 3039 5772 pler.
