  <div class='ocr_page' id='page_1' title='image "/cluster/home/n/w/nwhite01/storage/ocr_20150623/76/hvd.32044052772456/067.png"; bbox 0 0 4172 6184; ppageno 0'>
   <div class='ocr_carea' id='block_1_1' title="bbox 528 253 629 311">
    <p class='ocr_par' dir='ltr' id='par_1_1' title="bbox 528 253 629 311">
     <span class='ocr_line' id='line_1_1' title="bbox 528 253 629 311; baseline 0.02 -2"><span class='ocrx_word' id='word_1_1' title='bbox 528 253 629 311; x_wconf 84' lang='grc'>119</span> 
     </span>
    </p>
   </div>
   <div class='ocr_carea' id='block_1_2' title="bbox 1737 262 2632 330">
    <p class='ocr_par' dir='ltr' id='par_1_2' title="bbox 1737 262 2632 330">
     <span class='ocr_line' id='line_1_2' title="bbox 1737 262 2632 330; baseline 0.016 -14"><span class='ocrx_word' id='word_1_2' title='bbox 1737 262 1992 320; x_wconf 84' lang='lat' dir='ltr'>SANCTI</span> <span class='ocrx_word' id='word_1_3' title='bbox 2031 264 2370 325; x_wconf 76' lang='lat' dir='ltr'>GREGOBII</span> <span class='ocrx_word' id='word_1_4' title='bbox 2406 268 2632 330; x_wconf 83' lang='lat' dir='ltr'>MAGNI</span> 
     </span>
    </p>
   </div>
   <div class='ocr_carea' id='block_1_3' title="bbox 3736 293 3830 350">
    <p class='ocr_par' dir='ltr' id='par_1_3' title="bbox 3736 293 3830 350">
     <span class='ocr_line' id='line_1_3' title="bbox 3736 293 3830 350; baseline 0.021 -2"><span class='ocrx_word' id='word_1_5' title='bbox 3736 293 3830 350; x_wconf 72' lang='grc'>120</span> 
     </span>
    </p>
   </div>
   <div class='ocr_carea' id='block_1_4' title="bbox 523 372 3834 490">
    <p class='ocr_par' dir='ltr' id='par_1_4' title="bbox 523 372 3834 490">
     <span class='ocr_line' id='line_1_4' title="bbox 523 372 3834 490; baseline 0.011 -48"><span class='ocrx_word' id='word_1_6' title='bbox 523 385 788 457; x_wconf 87' lang='lat' dir='ltr'>greditur,</span> <span class='ocrx_word' id='word_1_7' title='bbox 811 384 908 458; x_wconf 88' lang='lat' dir='ltr'>qui</span> <span class='ocrx_word' id='word_1_8' title='bbox 928 383 1175 484; x_wconf 77' lang='lat' dir='ltr'>undique</span> <span class='ocrx_word' id='word_1_9' title='bbox 1195 387 1454 490; x_wconf 74' lang='lat' dir='ltr'>exclusus</span> <span class='ocrx_word' id='word_1_10' title='bbox 1477 387 1784 449; x_wconf 83' lang='lat' dir='ltr'>videbatur.</span> <span class='ocrx_word' id='word_1_11' title='bbox 1816 394 2132 453; x_wconf 72' lang='lat' dir='ltr'>Phariszeus</span> <span class='ocrx_word' id='word_1_12' title='bbox 2159 399 2212 461; x_wconf 82' lang='grc' dir='ltr'><strong>Α</strong></span> <span class='ocrx_word' id='word_1_13' title='bbox 2247 399 2434 469; x_wconf 83' lang='lat' dir='ltr'>beant,</span> <span class='ocrx_word' id='word_1_14' title='bbox 2466 403 2697 461; x_wconf 80' lang='lat' dir='ltr'>solerter</span> <span class='ocrx_word' id='word_1_15' title='bbox 2725 372 3021 480; x_wconf 86' lang='lat' dir='ltr'>aspiciunt,</span> <span class='ocrx_word' id='word_1_16' title='bbox 3052 418 3215 485; x_wconf 88' lang='lat' dir='ltr'>atque</span> <span class='ocrx_word' id='word_1_17' title='bbox 3243 413 3312 471; x_wconf 87' lang='lat' dir='ltr'>ad</span> <span class='ocrx_word' id='word_1_18' title='bbox 3358 417 3567 490; x_wconf 89' lang='lat' dir='ltr'>agenda</span> <span class='ocrx_word' id='word_1_19' title='bbox 3592 419 3754 477; x_wconf 75' lang='lat' dir='ltr'>bona</span> <span class='ocrx_word' id='word_1_20' title='bbox 3779 439 3834 478; x_wconf 88' lang='lat' dir='ltr'>se</span> 
     </span>
    </p>
   </div>
   <div class='ocr_carea' id='block_1_5' title="bbox 523 474 2126 553">
    <p class='ocr_par' dir='ltr' id='par_1_5' title="bbox 523 474 2126 553">
     <span class='ocr_line' id='line_1_5' title="bbox 523 474 2126 553; baseline 0.007 -23"><span class='ocrx_word' id='word_1_21' title='bbox 523 489 758 547; x_wconf 82' lang='lat' dir='ltr'>namque</span> <span class='ocrx_word' id='word_1_22' title='bbox 787 474 902 542; x_wconf 89' lang='lat' dir='ltr'>ille,</span> <span class='ocrx_word' id='word_1_23' title='bbox 933 475 1026 547; x_wconf 89' lang='lat' dir='ltr'>qui</span> <span class='ocrx_word' id='word_1_24' title='bbox 1053 474 1109 529; x_wconf 92' lang='lat' dir='ltr'>in</span> <span class='ocrx_word' id='word_1_25' title='bbox 1130 476 1396 548; x_wconf 79' lang='lat' dir='ltr'>templum</span> <span class='ocrx_word' id='word_1_26' title='bbox 1425 487 1680 537; x_wconf 88' lang='lat' dir='ltr'>oraturus</span> <span class='ocrx_word' id='word_1_27' title='bbox 1699 482 1966 553; x_wconf 84' lang='lat' dir='ltr'>ascendit,</span> <span class='ocrx_word' id='word_1_28' title='bbox 1988 484 2126 542; x_wconf 90' lang='lat' dir='ltr'>civi-</span> 
     </span>
    </p>
   </div>
   <div class='ocr_carea' id='block_1_6' title="bbox 521 559 2126 643">
    <p class='ocr_par' dir='ltr' id='par_1_6' title="bbox 521 559 2126 643">
     <span class='ocr_line' id='line_1_6' title="bbox 521 559 2126 643; baseline 0.009 -24"><span class='ocrx_word' id='word_1_29' title='bbox 521 570 688 620; x_wconf 88' lang='lat' dir='ltr'>tatem</span> <span class='ocrx_word' id='word_1_30' title='bbox 718 563 920 620; x_wconf 89' lang='lat' dir='ltr'>mentis</span> <span class='ocrx_word' id='word_1_31' title='bbox 955 579 1066 620; x_wconf 77' lang='lat' dir='ltr'>suae</span> <span class='ocrx_word' id='word_1_32' title='bbox 1105 572 1310 637; x_wconf 89' lang='lat' dir='ltr'>quanta</span> <span class='ocrx_word' id='word_1_33' title='bbox 1337 559 1646 626; x_wconf 86' lang='lat' dir='ltr'>munitione</span> <span class='ocrx_word' id='word_1_34' title='bbox 1677 559 1987 643; x_wconf 84' lang='lat' dir='ltr'>vallaverit,</span> <span class='ocrx_word' id='word_1_35' title='bbox 2016 590 2126 633; x_wconf 85' lang='lat' dir='ltr'>au-</span> 
     </span>
    </p>
   </div>
   <div class='ocr_carea' id='block_1_7' title="bbox 521 651 2125 726">
    <p class='ocr_par' dir='ltr' id='par_1_7' title="bbox 521 651 2125 726">
     <span class='ocr_line' id='line_1_7' title="bbox 521 651 2125 726; baseline 0.008 -18"><span class='ocrx_word' id='word_1_36' title='bbox 521 652 773 710; x_wconf 87' lang='lat' dir='ltr'>diamus:</span> <span class='ocrx_word' id='word_1_37' title='bbox 804 651 1016 723; x_wconf 79' lang='lat' dir='ltr'>Jejuno,</span> <span class='ocrx_word' id='word_1_38' title='bbox 1061 653 1265 726; x_wconf 84' lang='lat' dir='ltr'>inquit,</span> <span class='ocrx_word' id='word_1_39' title='bbox 1310 655 1388 711; x_wconf 88' lang='lat' dir='ltr'>bis</span> <span class='ocrx_word' id='word_1_40' title='bbox 1424 657 1482 712; x_wconf 87' lang='lat' dir='ltr'>in</span> <span class='ocrx_word' id='word_1_41' title='bbox 1527 659 1765 726; x_wconf 86' lang='lat' dir='ltr'>sabbato,</span> <span class='ocrx_word' id='word_1_42' title='bbox 1805 662 2031 724; x_wconf 78' lang='lat' dir='ltr'>decimas</span> <span class='ocrx_word' id='word_1_43' title='bbox 2058 665 2125 722; x_wconf 89' lang='lat' dir='ltr'>do</span> 
     </span>
    </p>
   </div>
   <div class='ocr_carea' id='block_1_8' title="bbox 519 741 2122 824">
    <p class='ocr_par' dir='ltr' id='par_1_8' title="bbox 519 741 2122 824">
     <span class='ocr_line' id='line_1_8' title="bbox 519 741 2122 824; baseline 0.009 -28"><span class='ocrx_word' id='word_1_44' title='bbox 519 741 752 798; x_wconf 82' lang='lat' dir='ltr'>omnium</span> <span class='ocrx_word' id='word_1_45' title='bbox 780 759 897 812; x_wconf 74' lang='lat' dir='ltr'>quae</span> <span class='ocrx_word' id='word_1_46' title='bbox 917 743 1160 813; x_wconf 74' lang='lat' dir='ltr'>possideo</span> <span class='ocrx_word' id='word_1_47' title='bbox 1194 744 1347 816; x_wconf 87' lang='lat' dir='ltr'>(Luc.</span> <span class='ocrx_word' id='word_1_48' title='bbox 1370 763 1535 816; x_wconf 87' lang='lat' dir='ltr'>xvnI,</span> <span class='ocrx_word' id='word_1_49' title='bbox 1561 749 1674 821; x_wconf 81' lang='lat' dir='ltr'>I2).</span> <span class='ocrx_word' id='word_1_50' title='bbox 1699 749 1803 818; x_wconf 90' lang='lat' dir='ltr'>Qui</span> <span class='ocrx_word' id='word_1_51' title='bbox 1824 753 2122 824; x_wconf 62' lang='lat' dir='ltr'>praemisit:</span> 
     </span>
    </p>
   </div>
   <div class='ocr_carea' id='block_1_9' title="bbox 525 830 2123 905">
    <p class='ocr_par' dir='ltr' id='par_1_9' title="bbox 525 830 2123 905">
     <span class='ocr_line' id='line_1_9' title="bbox 525 830 2123 905; baseline 0.008 -18"><span class='ocrx_word' id='word_1_52' title='bbox 525 830 740 887; x_wconf 82' lang='lat' dir='ltr'>Gratias</span> <span class='ocrx_word' id='word_1_53' title='bbox 758 847 856 902; x_wconf 88' lang='lat' dir='ltr'>ago</span> <span class='ocrx_word' id='word_1_54' title='bbox 880 831 992 896; x_wconf 87' lang='lat' dir='ltr'>tibi,</span> <span class='ocrx_word' id='word_1_55' title='bbox 1016 849 1211 905; x_wconf 88' lang='lat' dir='ltr'>magna</span> <span class='ocrx_word' id='word_1_56' title='bbox 1229 841 1375 891; x_wconf 84' lang='lat' dir='ltr'>certe</span> <span class='ocrx_word' id='word_1_57' title='bbox 1396 837 1709 895; x_wconf 87' lang='lat' dir='ltr'>munimina</span> <span class='ocrx_word' id='word_1_58' title='bbox 1723 839 1999 899; x_wconf 82' lang='lat' dir='ltr'>adhibuit.</span> <span class='ocrx_word' id='word_1_59' title='bbox 2013 842 2123 900; x_wconf 87' lang='lat' dir='ltr'>Sed</span> 
     </span>
    </p>
   </div>
   <div class='ocr_carea' id='block_1_10' title="bbox 518 918 2122 988">
    <p class='ocr_par' dir='ltr' id='par_1_10' title="bbox 518 918 2122 988">
     <span class='ocr_line' id='line_1_10' title="bbox 518 918 2122 988; baseline 0.009 -14"><span class='ocrx_word' id='word_1_60' title='bbox 518 918 803 976; x_wconf 86' lang='lat' dir='ltr'>videamus</span> <span class='ocrx_word' id='word_1_61' title='bbox 835 919 933 977; x_wconf 88' lang='lat' dir='ltr'>ubi</span> <span class='ocrx_word' id='word_1_62' title='bbox 972 921 1259 978; x_wconf 87' lang='lat' dir='ltr'>insidianti</span> <span class='ocrx_word' id='word_1_63' title='bbox 1296 922 1442 980; x_wconf 88' lang='lat' dir='ltr'>hosti</span> <span class='ocrx_word' id='word_1_64' title='bbox 1486 926 1843 984; x_wconf 89' lang='lat' dir='ltr'>immunitum</span> <span class='ocrx_word' id='word_1_65' title='bbox 1875 930 2122 988; x_wconf 84' lang='lat' dir='ltr'>foramen</span> 
     </span>
    </p>
   </div>
   <div class='ocr_carea' id='block_1_11' title="bbox 516 1011 2120 1096">
    <p class='ocr_par' dir='ltr' id='par_1_11' title="bbox 516 1011 2120 1096">
     <span class='ocr_line' id='line_1_11' title="bbox 516 1011 2120 1096; baseline 0.01 -30"><span class='ocrx_word' id='word_1_66' title='bbox 516 1011 742 1084; x_wconf 85' lang='lat' dir='ltr'>reliquit</span> <span class='ocrx_word' id='word_1_67' title='bbox 773 1029 785 1068; x_wconf 93' lang='lat'><em>:</em></span> <span class='ocrx_word' id='word_1_68' title='bbox 824 1012 964 1080; x_wconf 84' lang='lat' dir='ltr'>Quia</span> <span class='ocrx_word' id='word_1_69' title='bbox 990 1030 1098 1068; x_wconf 84' lang='lat' dir='ltr'>non</span> <span class='ocrx_word' id='word_1_70' title='bbox 1143 1031 1260 1070; x_wconf 88' lang='lat' dir='ltr'>sum</span> <span class='ocrx_word' id='word_1_71' title='bbox 1291 1017 1427 1071; x_wconf 81' lang='lat' dir='ltr'>sicut</span> <span class='ocrx_word' id='word_1_72' title='bbox 1462 1017 1779 1088; x_wconf 73' lang='lat' dir='ltr'>publicanus</span> <span class='ocrx_word' id='word_1_73' title='bbox 1806 1021 1902 1077; x_wconf 88' lang='lat' dir='ltr'>iste</span> <span class='ocrx_word' id='word_1_74' title='bbox 1932 1022 2120 1096; x_wconf 65' lang='lat' dir='ltr'>(Ibid,</span> 
     </span>
    </p>
   </div>
   <div class='ocr_carea' id='block_1_12' title="bbox 520 1107 2122 1185">
    <p class='ocr_par' dir='ltr' id='par_1_12' title="bbox 520 1107 2122 1185">
     <span class='ocr_line' id='line_1_12' title="bbox 520 1107 2122 1185; baseline 0.008 -23"><span class='ocrx_word' id='word_1_75' title='bbox 520 1107 632 1180; x_wconf 91' lang='grc'><strong>11).</strong></span> <span class='ocrx_word' id='word_1_76' title='bbox 665 1110 804 1185; x_wconf 84' lang='lat' dir='ltr'>Ecce</span> <span class='ocrx_word' id='word_1_77' title='bbox 833 1109 1114 1166; x_wconf 84' lang='lat' dir='ltr'>civitatem</span> <span class='ocrx_word' id='word_1_78' title='bbox 1147 1111 1328 1169; x_wconf 86' lang='lat' dir='ltr'>cordis</span> <span class='ocrx_word' id='word_1_79' title='bbox 1349 1111 1435 1168; x_wconf 89' lang='lat' dir='ltr'>sui</span> <span class='ocrx_word' id='word_1_80' title='bbox 1455 1112 1849 1172; x_wconf 87' lang='lat' dir='ltr'>insidiantibus</span> <span class='ocrx_word' id='word_1_81' title='bbox 1869 1114 2122 1176; x_wconf 85' lang='lat' dir='ltr'>hostibus</span> 
     </span>
    </p>
   </div>
   <div class='ocr_carea' id='block_1_13' title="bbox 514 1199 2120 1276">
    <p class='ocr_par' dir='ltr' id='par_1_13' title="bbox 514 1199 2120 1276">
     <span class='ocr_line' id='line_1_13' title="bbox 514 1199 2120 1276; baseline 0.007 -23"><span class='ocrx_word' id='word_1_82' title='bbox 514 1212 612 1269; x_wconf 90' lang='lat' dir='ltr'>per</span> <span class='ocrx_word' id='word_1_83' title='bbox 637 1199 932 1256; x_wconf 85' lang='lat' dir='ltr'>elationem</span> <span class='ocrx_word' id='word_1_84' title='bbox 959 1201 1198 1273; x_wconf 89' lang='lat' dir='ltr'>aperuit,</span> <span class='ocrx_word' id='word_1_85' title='bbox 1217 1218 1383 1276; x_wconf 91' lang='lat' dir='ltr'>quam</span> <span class='ocrx_word' id='word_1_86' title='bbox 1412 1201 1616 1259; x_wconf 85' lang='lat' dir='ltr'>frustra</span> <span class='ocrx_word' id='word_1_87' title='bbox 1644 1219 1743 1275; x_wconf 92' lang='lat' dir='ltr'>per</span> <span class='ocrx_word' id='word_1_88' title='bbox 1759 1202 2036 1276; x_wconf 90' lang='lat' dir='ltr'>jejunium</span> <span class='ocrx_word' id='word_1_89' title='bbox 2066 1217 2120 1265; x_wconf 90' lang='lat' dir='ltr'>et</span> 
     </span>
    </p>
   </div>
   <div class='ocr_carea' id='block_1_14' title="bbox 514 1286 2115 1366">
    <p class='ocr_par' dir='ltr' id='par_1_14' title="bbox 514 1286 2115 1366">
     <span class='ocr_line' id='line_1_14' title="bbox 514 1286 2115 1366; baseline 0.006 -24"><span class='ocrx_word' id='word_1_90' title='bbox 514 1286 890 1360; x_wconf 85' lang='lat' dir='ltr'>eleemosynas</span> <span class='ocrx_word' id='word_1_91' title='bbox 919 1290 1134 1346; x_wconf 87' lang='lat' dir='ltr'>clausit.</span> <span class='ocrx_word' id='word_1_92' title='bbox 1188 1293 1468 1348; x_wconf 87' lang='lat' dir='ltr'>Incassum</span> <span class='ocrx_word' id='word_1_93' title='bbox 1500 1292 1714 1348; x_wconf 89' lang='lat' dir='ltr'>munita</span> <span class='ocrx_word' id='word_1_94' title='bbox 1742 1303 1872 1350; x_wconf 91' lang='lat' dir='ltr'>sunt</span> <span class='ocrx_word' id='word_1_95' title='bbox 1901 1303 2115 1366; x_wconf 75' lang='lat' dir='ltr'>czetera,</span> 
     </span>
    </p>
   </div>
   <div class='ocr_carea' id='block_1_15' title="bbox 512 1379 2120 1456">
    <p class='ocr_par' dir='ltr' id='par_1_15' title="bbox 512 1379 2120 1456">
     <span class='ocr_line' id='line_1_15' title="bbox 512 1379 2120 1456; baseline 0.006 -22"><span class='ocrx_word' id='word_1_96' title='bbox 512 1393 640 1435; x_wconf 90' lang='lat' dir='ltr'>cum</span> <span class='ocrx_word' id='word_1_97' title='bbox 671 1379 826 1437; x_wconf 90' lang='lat' dir='ltr'>locus</span> <span class='ocrx_word' id='word_1_98' title='bbox 852 1396 1016 1450; x_wconf 90' lang='lat' dir='ltr'>unus,</span> <span class='ocrx_word' id='word_1_99' title='bbox 1048 1381 1116 1438; x_wconf 92' lang='lat' dir='ltr'>de</span> <span class='ocrx_word' id='word_1_100' title='bbox 1147 1399 1258 1456; x_wconf 91' lang='lat' dir='ltr'>quo</span> <span class='ocrx_word' id='word_1_101' title='bbox 1285 1381 1432 1439; x_wconf 91' lang='lat' dir='ltr'>hosti</span> <span class='ocrx_word' id='word_1_102' title='bbox 1463 1390 1610 1453; x_wconf 88' lang='lat' dir='ltr'>patet</span> <span class='ocrx_word' id='word_1_103' title='bbox 1638 1383 1841 1453; x_wconf 88' lang='lat' dir='ltr'>aditus,</span> <span class='ocrx_word' id='word_1_104' title='bbox 1871 1387 2120 1444; x_wconf 90' lang='lat' dir='ltr'>munitus</span> 
     </span>
    </p>
   </div>
   <div class='ocr_carea' id='block_1_16' title="bbox 513 1469 2118 1547">
    <p class='ocr_par' dir='ltr' id='par_1_16' title="bbox 513 1469 2118 1547">
     <span class='ocr_line' id='line_1_16' title="bbox 513 1469 2118 1547; baseline 0.005 -24"><span class='ocrx_word' id='word_1_105' title='bbox 513 1483 626 1524; x_wconf 90' lang='lat' dir='ltr'>non</span> <span class='ocrx_word' id='word_1_106' title='bbox 668 1476 768 1526; x_wconf 88' lang='lat' dir='ltr'>est.</span> <span class='ocrx_word' id='word_1_107' title='bbox 819 1469 1035 1527; x_wconf 88' lang='lat' dir='ltr'>Gratias</span> <span class='ocrx_word' id='word_1_108' title='bbox 1080 1478 1226 1527; x_wconf 91' lang='lat' dir='ltr'>recte</span> <span class='ocrx_word' id='word_1_109' title='bbox 1267 1471 1400 1543; x_wconf 92' lang='lat' dir='ltr'>egit,</span> <span class='ocrx_word' id='word_1_110' title='bbox 1448 1471 1542 1527; x_wconf 91' lang='lat' dir='ltr'>sed</span> <span class='ocrx_word' id='word_1_111' title='bbox 1584 1487 1837 1544; x_wconf 86' lang='lat' dir='ltr'>perverse</span> <span class='ocrx_word' id='word_1_112' title='bbox 1870 1489 1926 1529; x_wconf 91' lang='lat' dir='ltr'>se</span> <span class='ocrx_word' id='word_1_113' title='bbox 1955 1490 2118 1547; x_wconf 87' lang='lat' dir='ltr'>super</span> 
     </span>
    </p>
   </div>
   <div class='ocr_carea' id='block_1_17' title="bbox 510 1556 2118 1629">
    <p class='ocr_par' dir='ltr' id='par_1_17' title="bbox 510 1556 2118 1629">
     <span class='ocr_line' id='line_1_17' title="bbox 510 1556 2118 1629; baseline 0.006 -17"><span class='ocrx_word' id='word_1_114' title='bbox 510 1556 868 1629; x_wconf 87' lang='lat' dir='ltr'>publicanum</span> <span class='ocrx_word' id='word_1_115' title='bbox 897 1560 1117 1616; x_wconf 83' lang='lat' dir='ltr'>extulit.</span> <span class='ocrx_word' id='word_1_116' title='bbox 1163 1559 1457 1618; x_wconf 83' lang='lat' dir='ltr'>Civitatem</span> <span class='ocrx_word' id='word_1_117' title='bbox 1479 1560 1662 1617; x_wconf 90' lang='lat' dir='ltr'>cordis</span> <span class='ocrx_word' id='word_1_118' title='bbox 1688 1561 1774 1617; x_wconf 91' lang='lat' dir='ltr'>sui</span> <span class='ocrx_word' id='word_1_119' title='bbox 1799 1559 2118 1621; x_wconf 78' lang='lat' dir='ltr'>extollendo</span> 
     </span>
    </p>
   </div>
   <div class='ocr_carea' id='block_1_18' title="bbox 513 1646 2113 1722">
    <p class='ocr_par' dir='ltr' id='par_1_18' title="bbox 513 1646 2113 1722">
     <span class='ocr_line' id='line_1_18' title="bbox 513 1646 2113 1722; baseline 0.004 -21"><span class='ocrx_word' id='word_1_120' title='bbox 513 1646 780 1717; x_wconf 87' lang='lat' dir='ltr'>prodidit,</span> <span class='ocrx_word' id='word_1_121' title='bbox 828 1664 994 1721; x_wconf 87' lang='lat' dir='ltr'>quam</span> <span class='ocrx_word' id='word_1_122' title='bbox 1049 1647 1378 1705; x_wconf 91' lang='lat' dir='ltr'>abstinendo</span> <span class='ocrx_word' id='word_1_123' title='bbox 1425 1656 1478 1704; x_wconf 92' lang='lat' dir='ltr'>et</span> <span class='ocrx_word' id='word_1_124' title='bbox 1525 1649 1807 1722; x_wconf 80' lang='lat' dir='ltr'>largiendo</span> <span class='ocrx_word' id='word_1_125' title='bbox 1853 1651 2113 1708; x_wconf 83' lang='lat' dir='ltr'>servavit.</span> 
     </span>
    </p>
   </div>
   <div class='ocr_carea' id='block_1_19' title="bbox 2235 489 3836 576">
    <p class='ocr_par' dir='ltr' id='par_1_19' title="bbox 2235 489 3836 576">
     <span class='ocr_line' id='line_1_19' title="bbox 2235 489 3836 576; baseline 0.012 -30"><span class='ocrx_word' id='word_1_126' title='bbox 2235 489 2591 549; x_wconf 85' lang='lat' dir='ltr'>vehementer</span> <span class='ocrx_word' id='word_1_127' title='bbox 2618 497 2949 567; x_wconf 87' lang='lat' dir='ltr'>accendunt,</span> <span class='ocrx_word' id='word_1_128' title='bbox 2964 507 3018 556; x_wconf 88' lang='lat' dir='ltr'>et</span> <span class='ocrx_word' id='word_1_129' title='bbox 3047 500 3114 556; x_wconf 90' lang='lat' dir='ltr'>de</span> <span class='ocrx_word' id='word_1_130' title='bbox 3135 489 3458 576; x_wconf 82' lang='lat' dir='ltr'>perpetratis</span> <span class='ocrx_word' id='word_1_131' title='bbox 3473 507 3634 565; x_wconf 90' lang='lat' dir='ltr'>malis</span> <span class='ocrx_word' id='word_1_132' title='bbox 3653 499 3836 568; x_wconf 84' lang='lat' dir='ltr'>distri-</span> 
     </span>
    </p>
   </div>
   <div class='ocr_carea' id='block_1_20' title="bbox 2235 581 3837 666">
    <p class='ocr_par' dir='ltr' id='par_1_20' title="bbox 2235 581 3837 666">
     <span class='ocr_line' id='line_1_20' title="bbox 2235 581 3837 666; baseline 0.014 -31"><span class='ocrx_word' id='word_1_133' title='bbox 2235 587 2321 635; x_wconf 89' lang='lat' dir='ltr'>cte</span> <span class='ocrx_word' id='word_1_134' title='bbox 2353 581 2707 656; x_wconf 82' lang='lat' dir='ltr'>redarguunt.</span> <span class='ocrx_word' id='word_1_135' title='bbox 2742 586 2896 644; x_wconf 91' lang='lat' dir='ltr'>Unde</span> <span class='ocrx_word' id='word_1_136' title='bbox 2925 587 3063 645; x_wconf 86' lang='lat' dir='ltr'>bene</span> <span class='ocrx_word' id='word_1_137' title='bbox 3092 607 3310 666; x_wconf 89' lang='lat' dir='ltr'>quoque</span> <span class='ocrx_word' id='word_1_138' title='bbox 3339 610 3436 666; x_wconf 89' lang='lat' dir='ltr'>per</span> <span class='ocrx_word' id='word_1_139' title='bbox 3482 595 3837 656; x_wconf 89' lang='lat' dir='ltr'>Salomonem</span> 
     </span>
    </p>
   </div>
   <div class='ocr_carea' id='block_1_21' title="bbox 2235 669 3835 762">
    <p class='ocr_par' dir='ltr' id='par_1_21' title="bbox 2235 669 3835 762">
     <span class='ocr_line' id='line_1_21' title="bbox 2235 669 3835 762; baseline 0.013 -38"><span class='ocrx_word' id='word_1_140' title='bbox 2235 669 2441 728; x_wconf 90' lang='lat' dir='ltr'>dicitur</span> <span class='ocrx_word' id='word_1_141' title='bbox 2471 690 2482 728; x_wconf 93' lang='lat'>:</span> <span class='ocrx_word' id='word_1_142' title='bbox 2523 674 2872 746; x_wconf 71' lang='lat' dir='ltr'>Cogitationes</span> <span class='ocrx_word' id='word_1_143' title='bbox 2891 677 3163 747; x_wconf 85' lang='lat' dir='ltr'>justorum</span> <span class='ocrx_word' id='word_1_144' title='bbox 3182 682 3394 753; x_wconf 85' lang='lat' dir='ltr'>judicia</span> <span class='ocrx_word' id='word_1_145' title='bbox 3418 686 3614 757; x_wconf 81' lang='lat' dir='ltr'>(Prov.</span> <span class='ocrx_word' id='word_1_146' title='bbox 3641 689 3835 762; x_wconf 78' lang='lat' dir='ltr'>xu,5).&#39;</span> 
     </span>
    </p>
   </div>
   <div class='ocr_carea' id='block_1_22' title="bbox 2236 759 3837 843">
    <p class='ocr_par' dir='ltr' id='par_1_22' title="bbox 2236 759 3837 843">
     <span class='ocr_line' id='line_1_22' title="bbox 2236 759 3837 843; baseline 0.015 -29"><span class='ocrx_word' id='word_1_147' title='bbox 2236 759 2256 794; x_wconf 85' lang='grc'><strong>³</strong></span> <span class='ocrx_word' id='word_1_148' title='bbox 2283 761 2440 818; x_wconf 89' lang='lat' dir='ltr'>Intus</span> <span class='ocrx_word' id='word_1_149' title='bbox 2455 762 2655 837; x_wconf 88' lang='lat' dir='ltr'>quippe</span> <span class='ocrx_word' id='word_1_150' title='bbox 2674 765 2741 822; x_wconf 91' lang='lat' dir='ltr'>ab</span> <span class='ocrx_word' id='word_1_151' title='bbox 2757 767 2910 824; x_wconf 89' lang='lat' dir='ltr'>omni</span> <span class='ocrx_word' id='word_1_152' title='bbox 2939 770 3172 843; x_wconf 87' lang='lat' dir='ltr'>strepitu</span> <span class='ocrx_word' id='word_1_153' title='bbox 3189 774 3439 831; x_wconf 84' lang='lat' dir='ltr'>saeculari</span> <span class='ocrx_word' id='word_1_154' title='bbox 3461 776 3530 832; x_wconf 91' lang='lat' dir='ltr'>ad</span> <span class='ocrx_word' id='word_1_155' title='bbox 3550 779 3719 836; x_wconf 89' lang='lat' dir='ltr'>corda</span> <span class='ocrx_word' id='word_1_156' title='bbox 3737 759 3837 837; x_wconf 84' lang='lat' dir='ltr'>sua</span> 
     </span>
    </p>
   </div>
   <div class='ocr_carea' id='block_1_23' title="bbox 2232 848 3835 940">
    <p class='ocr_par' dir='ltr' id='par_1_23' title="bbox 2232 848 3835 940">
     <span class='ocr_line' id='line_1_23' title="bbox 2232 848 3835 940; baseline 0.013 -37"><span class='ocrx_word' id='word_1_157' title='bbox 2232 848 2482 922; x_wconf 90' lang='lat' dir='ltr'>redeunt,</span> <span class='ocrx_word' id='word_1_158' title='bbox 2501 852 2687 927; x_wconf 88' lang='lat' dir='ltr'>ibique</span> <span class='ocrx_word' id='word_1_159' title='bbox 2702 857 3006 916; x_wconf 90' lang='lat' dir='ltr'>ascendunt</span> <span class='ocrx_word' id='word_1_160' title='bbox 3023 859 3264 917; x_wconf 89' lang='lat' dir='ltr'>tribunal</span> <span class='ocrx_word' id='word_1_161' title='bbox 3281 864 3503 934; x_wconf 89' lang='lat' dir='ltr'>mentis,</span> <span class='ocrx_word' id='word_1_162' title='bbox 3519 874 3688 940; x_wconf 90' lang='lat' dir='ltr'>atque</span> <span class='ocrx_word' id='word_1_163' title='bbox 3708 875 3835 924; x_wconf 86' lang='lat' dir='ltr'>ante</span> 
     </span>
    </p>
   </div>
   <div class='ocr_carea' id='block_1_24' title="bbox 2230 940 3834 1019">
    <p class='ocr_par' dir='ltr' id='par_1_24' title="bbox 2230 940 3834 1019">
     <span class='ocr_line' id='line_1_24' title="bbox 2230 940 3834 1019; baseline 0.012 -26"><span class='ocrx_word' id='word_1_164' title='bbox 2230 940 2420 996; x_wconf 90' lang='lat' dir='ltr'>oculos</span> <span class='ocrx_word' id='word_1_165' title='bbox 2446 957 2503 997; x_wconf 92' lang='lat' dir='ltr'>se</span> <span class='ocrx_word' id='word_1_166' title='bbox 2532 951 2586 998; x_wconf 92' lang='lat' dir='ltr'>et</span> <span class='ocrx_word' id='word_1_167' title='bbox 2614 945 2930 1017; x_wconf 86' lang='lat' dir='ltr'>proximum</span> <span class='ocrx_word' id='word_1_168' title='bbox 2959 955 3230 1019; x_wconf 88' lang='lat' dir='ltr'>statuunt,</span> <span class='ocrx_word' id='word_1_169' title='bbox 3263 951 3544 1010; x_wconf 90' lang='lat' dir='ltr'>deducunt</span> <span class='ocrx_word' id='word_1_170' title='bbox 3596 955 3666 1011; x_wconf 91' lang='lat' dir='ltr'>ad</span> <span class='ocrx_word' id='word_1_171' title='bbox 3710 973 3834 1013; x_wconf 88' lang='lat' dir='ltr'>me-</span> 
     </span>
    </p>
   </div>
   <div class='ocr_carea' id='block_1_25' title="bbox 2229 1028 3836 1113">
    <p class='ocr_par' dir='ltr' id='par_1_25' title="bbox 2229 1028 3836 1113">
     <span class='ocr_line' id='line_1_25' title="bbox 2229 1028 3836 1113; baseline 0.012 -29"><span class='ocrx_word' id='word_1_172' title='bbox 2229 1028 2384 1087; x_wconf 90' lang='lat' dir='ltr'>dium</span> <span class='ocrx_word' id='word_1_173' title='bbox 2415 1035 2659 1106; x_wconf 85' lang='lat' dir='ltr'>regulam</span> <span class='ocrx_word' id='word_1_174' title='bbox 2689 1037 3022 1106; x_wconf 86' lang='lat' dir='ltr'>testamenti,</span> <span class='ocrx_word' id='word_1_175' title='bbox 3047 1056 3157 1113; x_wconf 90' lang='lat' dir='ltr'>qua</span> <span class='ocrx_word' id='word_1_176' title='bbox 3175 1040 3386 1099; x_wconf 89' lang='lat' dir='ltr'>dicitur</span> <span class='ocrx_word' id='word_1_177' title='bbox 3409 1061 3420 1099; x_wconf 92' lang='lat'>:</span> <span class='ocrx_word' id='word_1_178' title='bbox 3445 1046 3574 1112; x_wconf 76' lang='lat' dir='ltr'>Qua:</span> <span class='ocrx_word' id='word_1_179' title='bbox 3595 1047 3758 1102; x_wconf 83' lang='lat' dir='ltr'>uultis</span> <span class='ocrx_word' id='word_1_180' title='bbox 3778 1053 3836 1103; x_wconf 90' lang='lat' dir='ltr'>ut</span> 
     </span>
    </p>
   </div>
   <div class='ocr_carea' id='block_1_26' title="bbox 2227 1118 3828 1208">
    <p class='ocr_par' dir='ltr' id='par_1_26' title="bbox 2227 1118 3828 1208">
     <span class='ocr_line' id='line_1_26' title="bbox 2227 1118 3828 1208; baseline 0.012 -34"><span class='ocrx_word' id='word_1_181' title='bbox 2227 1118 2433 1189; x_wconf 85' lang='lat' dir='ltr'>faciant</span> <span class='ocrx_word' id='word_1_182' title='bbox 2460 1123 2603 1178; x_wconf 83' lang='lat' dir='ltr'>vobis</span> <span class='ocrx_word' id='word_1_183' title='bbox 2629 1124 2880 1193; x_wconf 80' lang='lat' dir='ltr'>homines,</span> <span class='ocrx_word' id='word_1_184' title='bbox 2897 1133 2945 1183; x_wconf 88' lang='lat' dir='ltr'>et</span> <span class='ocrx_word' id='word_1_185' title='bbox 2963 1145 3053 1183; x_wconf 84' lang='lat' dir='ltr'>vos</span> <span class='ocrx_word' id='word_1_186' title='bbox 3081 1131 3259 1186; x_wconf 84' lang='lat' dir='ltr'>eadem</span> <span class='ocrx_word' id='word_1_187' title='bbox 3285 1131 3444 1203; x_wconf 81' lang='lat' dir='ltr'>facite</span> <span class='ocrx_word' id='word_1_188' title='bbox 3473 1135 3584 1190; x_wconf 80' lang='lat' dir='ltr'>illis</span> <span class='ocrx_word' id='word_1_189' title='bbox 3615 1134 3828 1208; x_wconf 78' lang='lat' dir='ltr'>(Matth.</span> 
     </span>
    </p>
   </div>
   <div class='ocr_carea' id='block_1_27' title="bbox 2228 1213 3833 1298">
    <p class='ocr_par' dir='ltr' id='par_1_27' title="bbox 2228 1213 3833 1298">
     <span class='ocr_line' id='line_1_27' title="bbox 2228 1213 3833 1298; baseline 0.012 -33"><span class='ocrx_word' id='word_1_190' title='bbox 2228 1227 2329 1279; x_wconf 83' lang='lat' dir='ltr'>vn,</span> <span class='ocrx_word' id='word_1_191' title='bbox 2363 1213 2474 1284; x_wconf 84' lang='grc'><strong>12).</strong></span> <span class='ocrx_word' id='word_1_192' title='bbox 2508 1217 2530 1251; x_wconf 83' lang='grc'><strong>⁴</strong></span> <span class='ocrx_word' id='word_1_193' title='bbox 2561 1215 2918 1276; x_wconf 76' lang='lat' dir='ltr'>Transierunt</span> <span class='ocrx_word' id='word_1_194' title='bbox 2945 1219 3003 1275; x_wconf 89' lang='lat' dir='ltr'>in</span> <span class='ocrx_word' id='word_1_195' title='bbox 3052 1237 3108 1276; x_wconf 90' lang='lat' dir='ltr'>se</span> <span class='ocrx_word' id='word_1_196' title='bbox 3151 1239 3438 1295; x_wconf 89' lang='lat' dir='ltr'>personam</span> <span class='ocrx_word' id='word_1_197' title='bbox 3484 1225 3750 1298; x_wconf 85' lang='lat' dir='ltr'>proximi,</span> <span class='ocrx_word' id='word_1_198' title='bbox 3779 1235 3833 1286; x_wconf 90' lang='lat' dir='ltr'>et</span> 
     </span>
    </p>
   </div>
   <div class='ocr_carea' id='block_1_28' title="bbox 2228 1300 3831 1382">
    <p class='ocr_par' dir='ltr' id='par_1_28' title="bbox 2228 1300 3831 1382">
     <span class='ocr_line' id='line_1_28' title="bbox 2228 1300 3831 1382; baseline 0.012 -28"><span class='ocrx_word' id='word_1_199' title='bbox 2228 1300 2463 1359; x_wconf 88' lang='lat' dir='ltr'>sollicite</span> <span class='ocrx_word' id='word_1_200' title='bbox 2504 1306 2798 1364; x_wconf 89' lang='lat' dir='ltr'>attendunt</span> <span class='ocrx_word' id='word_1_201' title='bbox 2841 1309 2976 1382; x_wconf 90' lang='lat' dir='ltr'>quid</span> <span class='ocrx_word' id='word_1_202' title='bbox 3031 1311 3137 1367; x_wconf 89' lang='lat' dir='ltr'>sibi</span> <span class='ocrx_word' id='word_1_203' title='bbox 3169 1311 3215 1367; x_wconf 92' lang='lat' dir='ltr'>si</span> <span class='ocrx_word' id='word_1_204' title='bbox 3271 1312 3347 1369; x_wconf 92' lang='lat' dir='ltr'>ita</span> <span class='ocrx_word' id='word_1_205' title='bbox 3381 1323 3562 1372; x_wconf 83' lang='lat' dir='ltr'>essent</span> <span class='ocrx_word' id='word_1_206' title='bbox 3592 1316 3714 1374; x_wconf 86' lang='lat' dir='ltr'>ﬁeri</span> <span class='ocrx_word' id='word_1_207' title='bbox 3744 1319 3831 1374; x_wconf 89' lang='lat' dir='ltr'>vel</span> 
     </span>
    </p>
   </div>
   <div class='ocr_carea' id='block_1_29' title="bbox 2227 1391 3830 1480">
    <p class='ocr_par' dir='ltr' id='par_1_29' title="bbox 2227 1391 3830 1480">
     <span class='ocr_line' id='line_1_29' title="bbox 2227 1391 3830 1480; baseline 0.012 -35"><span class='ocrx_word' id='word_1_208' title='bbox 2227 1406 2338 1480; x_wconf 90' lang='lat' dir='ltr'>non</span> <span class='ocrx_word' id='word_1_209' title='bbox 2368 1391 2487 1448; x_wconf 88' lang='lat' dir='ltr'>ﬁeri</span> <span class='ocrx_word' id='word_1_210' title='bbox 2512 1394 2660 1466; x_wconf 90' lang='lat' dir='ltr'>juste</span> <span class='ocrx_word' id='word_1_211' title='bbox 2679 1398 3006 1468; x_wconf 89' lang='lat' dir='ltr'>voluissent,</span> <span class='ocrx_word' id='word_1_212' title='bbox 3029 1399 3217 1473; x_wconf 90' lang='lat' dir='ltr'>sicque</span> <span class='ocrx_word' id='word_1_213' title='bbox 3237 1401 3490 1460; x_wconf 86' lang='lat' dir='ltr'>districto</span> <span class='ocrx_word' id='word_1_214' title='bbox 3516 1404 3644 1477; x_wconf 91' lang='lat' dir='ltr'>jure</span> <span class='ocrx_word' id='word_1_215' title='bbox 3667 1415 3830 1480; x_wconf 89' lang='lat' dir='ltr'>atque</span> 
     </span>
    </p>
   </div>
   <div class='ocr_carea' id='block_1_30' title="bbox 2221 1478 3831 1562">
    <p class='ocr_par' dir='ltr' id='par_1_30' title="bbox 2221 1478 3831 1562">
     <span class='ocr_line' id='line_1_30' title="bbox 2221 1478 3831 1562; baseline 0.011 -27"><span class='ocrx_word' id='word_1_216' title='bbox 2221 1478 2436 1552; x_wconf 89' lang='lat' dir='ltr'>judicio</span> <span class='ocrx_word' id='word_1_217' title='bbox 2464 1500 2684 1542; x_wconf 88' lang='lat' dir='ltr'>causam</span> <span class='ocrx_word' id='word_1_218' title='bbox 2704 1504 2860 1544; x_wconf 90' lang='lat' dir='ltr'>suam</span> <span class='ocrx_word' id='word_1_219' title='bbox 2881 1497 2934 1544; x_wconf 91' lang='lat' dir='ltr'>et</span> <span class='ocrx_word' id='word_1_220' title='bbox 2960 1490 3203 1561; x_wconf 88' lang='lat' dir='ltr'>proximi</span> <span class='ocrx_word' id='word_1_221' title='bbox 3212 1488 3376 1562; x_wconf 83' lang='lat' dir='ltr'>juxta</span> <span class='ocrx_word' id='word_1_222' title='bbox 3388 1494 3605 1551; x_wconf 87' lang='lat' dir='ltr'>tabulas</span> <span class='ocrx_word' id='word_1_223' title='bbox 3623 1478 3831 1553; x_wconf 63' lang='lat' dir='ltr'>divina</span> 
     </span>
    </p>
   </div>
   <div class='ocr_carea' id='block_1_31' title="bbox 2227 1569 3826 1654">
    <p class='ocr_par' dir='ltr' id='par_1_31' title="bbox 2227 1569 3826 1654">
     <span class='ocr_line' id='line_1_31' title="bbox 2227 1569 3826 1654; baseline 0.012 -30"><span class='ocrx_word' id='word_1_224' title='bbox 2227 1569 2362 1642; x_wconf 80' lang='lat' dir='ltr'>legis</span> <span class='ocrx_word' id='word_1_225' title='bbox 2390 1570 2449 1626; x_wconf 92' lang='lat' dir='ltr'>in</span> <span class='ocrx_word' id='word_1_226' title='bbox 2481 1571 2598 1630; x_wconf 83' lang='lat' dir='ltr'>fero</span> <span class='ocrx_word' id='word_1_227' title='bbox 2626 1575 2810 1633; x_wconf 89' lang='lat' dir='ltr'>cordis</span> <span class='ocrx_word' id='word_1_228' title='bbox 2837 1578 3178 1636; x_wconf 81' lang='lat' dir='ltr'>examinant.</span> <span class='ocrx_word' id='word_1_229' title='bbox 3214 1580 3362 1637; x_wconf 88' lang='lat' dir='ltr'>Bene</span> <span class='ocrx_word' id='word_1_230' title='bbox 3391 1597 3522 1654; x_wconf 90' lang='lat' dir='ltr'>ergo</span> <span class='ocrx_word' id='word_1_231' title='bbox 3570 1583 3782 1642; x_wconf 89' lang='lat' dir='ltr'>dicitur</span> <span class='ocrx_word' id='word_1_232' title='bbox 3813 1601 3826 1642; x_wconf 90' lang='lat'><strong>:</strong></span> 
     </span>
    </p>
   </div>
   <div class='ocr_carea' id='block_1_32' title="bbox 2231 1657 3850 1744">
    <p class='ocr_par' dir='ltr' id='par_1_32' title="bbox 2231 1657 3850 1744">
     <span class='ocr_line' id='line_1_32' title="bbox 2231 1657 3850 1744; baseline 0.011 -30"><span class='ocrx_word' id='word_1_233' title='bbox 2231 1657 2582 1730; x_wconf 77' lang='lat' dir='ltr'>Cogitationes</span> <span class='ocrx_word' id='word_1_234' title='bbox 2591 1662 2622 1733; x_wconf 87' lang='lat' dir='ltr'>j</span> <span class='ocrx_word' id='word_1_235' title='bbox 2626 1671 2866 1722; x_wconf 83' lang='lat' dir='ltr'>ustorum</span> <span class='ocrx_word' id='word_1_236' title='bbox 2872 1665 3105 1736; x_wconf 86' lang='lat' dir='ltr'>judicia,</span> <span class='ocrx_word' id='word_1_237' title='bbox 3120 1668 3250 1744; x_wconf 87' lang='lat' dir='ltr'>quia</span> <span class='ocrx_word' id='word_1_238' title='bbox 3261 1670 3378 1743; x_wconf 92' lang='lat' dir='ltr'>ipse</span> <span class='ocrx_word' id='word_1_239' title='bbox 3393 1686 3583 1728; x_wconf 89' lang='lat' dir='ltr'>eorum</span> <span class='ocrx_word' id='word_1_240' title='bbox 3596 1671 3850 1731; x_wconf 88' lang='lat' dir='ltr'>intimus-</span> 
     </span>
    </p>
   </div>
   <div class='ocr_carea' id='block_1_33' title="bbox 511 1735 3827 1834">
    <p class='ocr_par' dir='ltr' id='par_1_33' title="bbox 511 1735 3827 1834">
     <span class='ocr_line' id='line_1_33' title="bbox 511 1735 3827 1834; baseline 0.009 -43"><span class='ocrx_word' id='word_1_241' title='bbox 511 1735 674 1792; x_wconf 79' lang='lat' dir='ltr'>Victa</span> <span class='ocrx_word' id='word_1_242' title='bbox 719 1744 801 1793; x_wconf 91' lang='lat' dir='ltr'>est</span> <span class='ocrx_word' id='word_1_243' title='bbox 847 1754 944 1810; x_wconf 87' lang='lat' dir='ltr'>per</span> <span class='ocrx_word' id='word_1_244' title='bbox 978 1739 1368 1796; x_wconf 89' lang='lat' dir='ltr'>abstinentiam</span> <span class='ocrx_word' id='word_1_245' title='bbox 1423 1741 1569 1812; x_wconf 84' lang='lat' dir='ltr'>gula,</span> <span class='ocrx_word' id='word_1_246' title='bbox 1601 1739 1878 1798; x_wconf 89' lang='lat' dir='ltr'>destructa</span> <span class='ocrx_word' id='word_1_247' title='bbox 1905 1744 2114 1801; x_wconf 87' lang='lat' dir='ltr'>ventris</span> <span class='ocrx_word' id='word_1_248' title='bbox 2141 1768 2188 1826; x_wconf 83' lang='lat' dir='ltr'><strong>B</strong></span> <span class='ocrx_word' id='word_1_249' title='bbox 2227 1755 2411 1806; x_wconf 90' lang='lat' dir='ltr'>motus</span> <span class='ocrx_word' id='word_1_250' title='bbox 2465 1751 2669 1823; x_wconf 89' lang='lat' dir='ltr'>cordis,</span> <span class='ocrx_word' id='word_1_251' title='bbox 2714 1735 3154 1830; x_wconf 18' lang='lat' dir='ltr'>quasiiquaadam&#39;</span> <span class='ocrx_word' id='word_1_252' title='bbox 3205 1735 3346 1818; x_wconf 74' lang='lat' dir='ltr'>libra</span> <span class='ocrx_word' id='word_1_253' title='bbox 3373 1768 3456 1818; x_wconf 90' lang='lat' dir='ltr'>est</span> <span class='ocrx_word' id='word_1_254' title='bbox 3505 1760 3827 1834; x_wconf 67' lang='lat' dir='ltr'>judiciariaa</span> 
     </span>
    </p>
   </div>
   <div class='ocr_carea' id='block_1_34' title="bbox 512 1832 2116 1910">
    <p class='ocr_par' dir='ltr' id='par_1_34' title="bbox 512 1832 2116 1910">
     <span class='ocr_line' id='line_1_34' title="bbox 512 1832 2116 1910; baseline 0.007 -22"><span class='ocrx_word' id='word_1_255' title='bbox 512 1832 807 1906; x_wconf 89' lang='lat' dir='ltr'>ingluvies,</span> <span class='ocrx_word' id='word_1_256' title='bbox 838 1833 1145 1892; x_wconf 91' lang='lat' dir='ltr'>sublemata</span> <span class='ocrx_word' id='word_1_257' title='bbox 1171 1844 1254 1893; x_wconf 87' lang='lat' dir='ltr'>est</span> <span class='ocrx_word' id='word_1_258' title='bbox 1284 1833 1428 1891; x_wconf 84' lang='lat'>622</span> <span class='ocrx_word' id='word_1_259' title='bbox 1457 1838 1707 1910; x_wconf 88' lang='lat' dir='ltr'>largitate</span> <span class='ocrx_word' id='word_1_260' title='bbox 1725 1839 1960 1910; x_wconf 90' lang='lat' dir='ltr'>tenacia,</span> <span class='ocrx_word' id='word_1_261' title='bbox 1991 1857 2116 1899; x_wconf 88' lang='lat' dir='ltr'>ava-</span> 
     </span>
    </p>
   </div>
   <div class='ocr_carea' id='block_1_35' title="bbox 509 1921 2116 1996">
    <p class='ocr_par' dir='ltr' id='par_1_35' title="bbox 509 1921 2116 1996">
     <span class='ocr_line' id='line_1_35' title="bbox 509 1921 2116 1996; baseline 0.006 -18"><span class='ocrx_word' id='word_1_262' title='bbox 509 1921 637 1978; x_wconf 88' lang='lat' dir='ltr'>ritia</span> <span class='ocrx_word' id='word_1_263' title='bbox 657 1922 927 1996; x_wconf 89' lang='lat' dir='ltr'>depressa.</span> <span class='ocrx_word' id='word_1_264' title='bbox 946 1924 1158 1992; x_wconf 87' lang='lat' dir='ltr'>Quibus</span> <span class='ocrx_word' id='word_1_265' title='bbox 1177 1924 1284 1983; x_wconf 88' lang='lat' dir='ltr'>hoc</span> <span class='ocrx_word' id='word_1_266' title='bbox 1299 1925 1582 1984; x_wconf 89' lang='lat' dir='ltr'>laboribus</span> <span class='ocrx_word' id='word_1_267' title='bbox 1594 1934 1778 1983; x_wconf 86' lang='lat' dir='ltr'>actum</span> <span class='ocrx_word' id='word_1_268' title='bbox 1795 1928 2072 1988; x_wconf 89' lang='lat' dir='ltr'>credimus</span> <span class='ocrx_word' id='word_1_269' title='bbox 2087 1932 2116 1988; x_wconf 80' lang='lat'><strong>?</strong></span> 
     </span>
    </p>
   </div>
   <div class='ocr_carea' id='block_1_36' title="bbox 508 2010 2112 2090">
    <p class='ocr_par' dir='ltr' id='par_1_36' title="bbox 508 2010 2112 2090">
     <span class='ocr_line' id='line_1_36' title="bbox 508 2010 2112 2090; baseline 0.006 -23"><span class='ocrx_word' id='word_1_270' title='bbox 508 2010 614 2068; x_wconf 90' lang='lat' dir='ltr'>Sed</span> <span class='ocrx_word' id='word_1_271' title='bbox 660 2027 693 2068; x_wconf 92' lang='grc' dir='ltr'>ο</span> <span class='ocrx_word' id='word_1_272' title='bbox 741 2018 874 2083; x_wconf 89' lang='lat' dir='ltr'>quot</span> <span class='ocrx_word' id='word_1_273' title='bbox 915 2011 1128 2090; x_wconf 86' lang='lat' dir='ltr'>labores</span> <span class='ocrx_word' id='word_1_274' title='bbox 1173 2030 1286 2072; x_wconf 91' lang='lat' dir='ltr'>uno</span> <span class='ocrx_word' id='word_1_275' title='bbox 1331 2015 1472 2072; x_wconf 89' lang='lat' dir='ltr'>vitio</span> <span class='ocrx_word' id='word_1_276' title='bbox 1502 2017 1743 2088; x_wconf 84' lang='lat' dir='ltr'>percussi</span> <span class='ocrx_word' id='word_1_277' title='bbox 1773 2017 2112 2089; x_wconf 89' lang='lat' dir='ltr'>ceciderunt,</span> 
     </span>
    </p>
   </div>
   <div class='ocr_carea' id='block_1_37' title="bbox 509 2100 2114 2182">
    <p class='ocr_par' dir='ltr' id='par_1_37' title="bbox 509 2100 2114 2182">
     <span class='ocr_line' id='line_1_37' title="bbox 509 2100 2114 2182; baseline 0.006 -24"><span class='ocrx_word' id='word_1_278' title='bbox 509 2107 714 2174; x_wconf 87' lang='lat' dir='ltr'>quanta</span> <span class='ocrx_word' id='word_1_279' title='bbox 741 2100 887 2159; x_wconf 89' lang='lat' dir='ltr'>bona</span> <span class='ocrx_word' id='word_1_280' title='bbox 917 2103 1084 2160; x_wconf 89' lang='lat' dir='ltr'>unius</span> <span class='ocrx_word' id='word_1_281' title='bbox 1112 2105 1285 2178; x_wconf 75' lang='lat' dir='ltr'>culpas</span> <span class='ocrx_word' id='word_1_282' title='bbox 1308 2106 1491 2178; x_wconf 91' lang='lat' dir='ltr'>gladio</span> <span class='ocrx_word' id='word_1_283' title='bbox 1511 2113 1639 2164; x_wconf 91' lang='lat' dir='ltr'>sunt</span> <span class='ocrx_word' id='word_1_284' title='bbox 1659 2109 1964 2182; x_wconf 84' lang='lat' dir='ltr'>perempta!</span> <span class='ocrx_word' id='word_1_285' title='bbox 1991 2109 2114 2167; x_wconf 92' lang='lat' dir='ltr'>Un-</span> 
     </span>
    </p>
   </div>
   <div class='ocr_carea' id='block_1_38' title="bbox 508 2189 2114 2270">
    <p class='ocr_par' dir='ltr' id='par_1_38' title="bbox 508 2189 2114 2270">
     <span class='ocr_line' id='line_1_38' title="bbox 508 2189 2114 2270; baseline 0.006 -25"><span class='ocrx_word' id='word_1_286' title='bbox 508 2189 576 2246; x_wconf 89' lang='lat' dir='ltr'>de</span> <span class='ocrx_word' id='word_1_287' title='bbox 605 2207 932 2265; x_wconf 90' lang='lat' dir='ltr'>magnopere</span> <span class='ocrx_word' id='word_1_288' title='bbox 962 2201 1176 2266; x_wconf 88' lang='lat' dir='ltr'>oportet</span> <span class='ocrx_word' id='word_1_289' title='bbox 1213 2202 1267 2251; x_wconf 90' lang='lat' dir='ltr'>et</span> <span class='ocrx_word' id='word_1_290' title='bbox 1311 2194 1457 2253; x_wconf 91' lang='lat' dir='ltr'>bona</span> <span class='ocrx_word' id='word_1_291' title='bbox 1502 2212 1715 2270; x_wconf 83' lang='lat' dir='ltr'>semper</span> <span class='ocrx_word' id='word_1_292' title='bbox 1755 2212 1934 2270; x_wconf 88' lang='lat' dir='ltr'>agere,</span> <span class='ocrx_word' id='word_1_293' title='bbox 1965 2205 2019 2255; x_wconf 92' lang='lat' dir='ltr'>et</span> <span class='ocrx_word' id='word_1_294' title='bbox 2045 2198 2114 2256; x_wconf 86' lang='lat' dir='ltr'>ab</span> 
     </span>
    </p>
   </div>
   <div class='ocr_carea' id='block_1_39' title="bbox 506 2276 2114 2359">
    <p class='ocr_par' dir='ltr' id='par_1_39' title="bbox 506 2276 2114 2359">
     <span class='ocr_line' id='line_1_39' title="bbox 506 2276 2114 2359; baseline 0.007 -26"><span class='ocrx_word' id='word_1_295' title='bbox 506 2276 641 2349; x_wconf 89' lang='lat' dir='ltr'>ipsis</span> <span class='ocrx_word' id='word_1_296' title='bbox 667 2295 770 2336; x_wconf 88' lang='lat' dir='ltr'>nos</span> <span class='ocrx_word' id='word_1_297' title='bbox 796 2280 958 2337; x_wconf 90' lang='lat' dir='ltr'>bonis</span> <span class='ocrx_word' id='word_1_298' title='bbox 986 2281 1242 2354; x_wconf 87' lang='lat' dir='ltr'>operibus</span> <span class='ocrx_word' id='word_1_299' title='bbox 1271 2292 1429 2341; x_wconf 89' lang='lat' dir='ltr'>caute</span> <span class='ocrx_word' id='word_1_300' title='bbox 1457 2285 1516 2341; x_wconf 91' lang='lat' dir='ltr'>in</span> <span class='ocrx_word' id='word_1_301' title='bbox 1558 2286 1889 2359; x_wconf 85' lang='lat' dir='ltr'>cogitatione</span> <span class='ocrx_word' id='word_1_302' title='bbox 1919 2295 2114 2344; x_wconf 86' lang='lat' dir='ltr'>custo-</span> 
     </span>
    </p>
   </div>
   <div class='ocr_carea' id='block_1_40' title="bbox 506 2365 2113 2451">
    <p class='ocr_par' dir='ltr' id='par_1_40' title="bbox 506 2365 2113 2451">
     <span class='ocr_line' id='line_1_40' title="bbox 506 2365 2113 2451; baseline 0.007 -28"><span class='ocrx_word' id='word_1_303' title='bbox 506 2365 645 2436; x_wconf 90' lang='lat' dir='ltr'>dire,</span> <span class='ocrx_word' id='word_1_304' title='bbox 675 2384 745 2424; x_wconf 90' lang='lat' dir='ltr'>ne</span> <span class='ocrx_word' id='word_1_305' title='bbox 773 2369 820 2425; x_wconf 88' lang='lat' dir='ltr'>si</span> <span class='ocrx_word' id='word_1_306' title='bbox 850 2377 1090 2427; x_wconf 86' lang='lat' dir='ltr'>mentem</span> <span class='ocrx_word' id='word_1_307' title='bbox 1122 2373 1360 2442; x_wconf 91' lang='lat' dir='ltr'>elevant,</span> <span class='ocrx_word' id='word_1_308' title='bbox 1391 2374 1537 2431; x_wconf 89' lang='lat' dir='ltr'>bona</span> <span class='ocrx_word' id='word_1_309' title='bbox 1564 2392 1677 2433; x_wconf 90' lang='lat' dir='ltr'>non</span> <span class='ocrx_word' id='word_1_310' title='bbox 1697 2377 1832 2446; x_wconf 89' lang='lat' dir='ltr'>sint,</span> <span class='ocrx_word' id='word_1_311' title='bbox 1855 2394 1976 2451; x_wconf 66' lang='lat' dir='ltr'>quae</span> <span class='ocrx_word' id='word_1_312' title='bbox 2000 2392 2113 2435; x_wconf 90' lang='lat' dir='ltr'>non</span> 
     </span>
    </p>
   </div>
   <div class='ocr_carea' id='block_1_41' title="bbox 505 2456 1422 2530">
    <p class='ocr_par' dir='ltr' id='par_1_41' title="bbox 505 2456 1422 2530">
     <span class='ocr_line' id='line_1_41' title="bbox 505 2456 1422 2530; baseline 0.005 -16"><span class='ocrx_word' id='word_1_313' title='bbox 505 2456 721 2516; x_wconf 88' lang='lat' dir='ltr'>auctori</span> <span class='ocrx_word' id='word_1_314' title='bbox 749 2457 1016 2530; x_wconf 89' lang='lat' dir='ltr'>militant,</span> <span class='ocrx_word' id='word_1_315' title='bbox 1047 2460 1142 2518; x_wconf 88' lang='lat' dir='ltr'>sed</span> <span class='ocrx_word' id='word_1_316' title='bbox 1171 2459 1422 2520; x_wconf 88' lang='lat' dir='ltr'>elationi.</span> 
     </span>
    </p>
   </div>
   <div class='ocr_carea' id='block_1_42' title="bbox 575 2597 2112 2679">
    <p class='ocr_par' dir='ltr' id='par_1_42' title="bbox 575 2597 2112 2679">
     <span class='ocr_line' id='line_1_42' title="bbox 575 2597 2112 2679; baseline 0.005 -21"><span class='ocrx_word' id='word_1_317' title='bbox 575 2597 719 2673; x_wconf 68' lang='lat' dir='ltr'>[Rea</span> <span class='ocrx_word' id='word_1_318' title='bbox 752 2600 942 2676; x_wconf 84' lang='lat' dir='ltr'>XIII.]</span> <span class='ocrx_word' id='word_1_319' title='bbox 985 2600 1073 2657; x_wconf 76' lang='grc'>34.</span> <span class='ocrx_word' id='word_1_320' title='bbox 1105 2602 1342 2660; x_wconf 67' lang='lat' dir='ltr'>Maxime</span> <span class='ocrx_word' id='word_1_321' title='bbox 1367 2604 1654 2661; x_wconf 82' lang='lat' dir='ltr'>cavendum</span> <span class='ocrx_word' id='word_1_322' title='bbox 1679 2623 1715 2662; x_wconf 90' lang='lat' dir='ltr'>a</span> <span class='ocrx_word' id='word_1_323' title='bbox 1744 2607 2017 2679; x_wconf 80' lang='lat' dir='ltr'>superbia.</span> <span class='ocrx_word' id='word_1_324' title='bbox 2040 2640 2112 2652; x_wconf 90' lang='lat'><strong><em>—</em></strong></span> 
     </span>
    </p>
   </div>
   <div class='ocr_carea' id='block_1_43' title="bbox 501 2691 2112 2766">
    <p class='ocr_par' dir='ltr' id='par_1_43' title="bbox 501 2691 2112 2766">
     <span class='ocr_line' id='line_1_43' title="bbox 501 2691 2112 2766; baseline 0.005 -20"><span class='ocrx_word' id='word_1_325' title='bbox 501 2692 580 2746; x_wconf 90' lang='lat' dir='ltr'>De</span> <span class='ocrx_word' id='word_1_326' title='bbox 610 2706 718 2762; x_wconf 90' lang='lat' dir='ltr'>qua</span> <span class='ocrx_word' id='word_1_327' title='bbox 745 2707 803 2746; x_wconf 90' lang='lat' dir='ltr'>re</span> <span class='ocrx_word' id='word_1_328' title='bbox 832 2707 944 2747; x_wconf 90' lang='lat' dir='ltr'>non</span> <span class='ocrx_word' id='word_1_329' title='bbox 974 2691 1288 2748; x_wconf 89' lang='lat' dir='ltr'>inordinate</span> <span class='ocrx_word' id='word_1_330' title='bbox 1316 2693 1551 2765; x_wconf 89' lang='lat' dir='ltr'>agimus,</span> <span class='ocrx_word' id='word_1_331' title='bbox 1575 2695 1620 2751; x_wconf 91' lang='lat' dir='ltr'>si</span> <span class='ocrx_word' id='word_1_332' title='bbox 1641 2711 1711 2750; x_wconf 82' lang='lat' dir='ltr'>ex</span> <span class='ocrx_word' id='word_1_333' title='bbox 1741 2695 1956 2766; x_wconf 79' lang='lat' dir='ltr'>libris,‘</span> <span class='ocrx_word' id='word_1_334' title='bbox 1983 2697 2112 2754; x_wconf 90' lang='lat' dir='ltr'>licet</span> 
     </span>
    </p>
   </div>
   <div class='ocr_carea' id='block_1_44' title="bbox 502 2779 2109 2849">
    <p class='ocr_par' dir='ltr' id='par_1_44' title="bbox 502 2779 2109 2849">
     <span class='ocr_line' id='line_1_44' title="bbox 502 2779 2109 2849; baseline 0.006 -16"><span class='ocrx_word' id='word_1_335' title='bbox 502 2793 615 2834; x_wconf 91' lang='lat' dir='ltr'>non</span> <span class='ocrx_word' id='word_1_336' title='bbox 643 2779 945 2849; x_wconf 89' lang='lat' dir='ltr'>canonicis,</span> <span class='ocrx_word' id='word_1_337' title='bbox 978 2780 1074 2837; x_wconf 92' lang='lat' dir='ltr'>sed</span> <span class='ocrx_word' id='word_1_338' title='bbox 1105 2788 1289 2837; x_wconf 90' lang='lat' dir='ltr'>tamen</span> <span class='ocrx_word' id='word_1_339' title='bbox 1317 2781 1386 2838; x_wconf 89' lang='lat' dir='ltr'>ad</span> <span class='ocrx_word' id='word_1_340' title='bbox 1405 2783 1828 2840; x_wconf 85' lang='lat' dir='ltr'>aediﬁcationem</span> <span class='ocrx_word' id='word_1_341' title='bbox 1850 2786 2109 2843; x_wconf 70' lang='lat' dir='ltr'>Ecclesiae</span> 
     </span>
    </p>
   </div>
   <div class='ocr_carea' id='block_1_45' title="bbox 502 2867 2106 2948">
    <p class='ocr_par' dir='ltr' id='par_1_45' title="bbox 502 2867 2106 2948">
     <span class='ocr_line' id='line_1_45' title="bbox 502 2867 2106 2948; baseline 0.006 -25"><span class='ocrx_word' id='word_1_342' title='bbox 502 2867 686 2936; x_wconf 90' lang='lat' dir='ltr'>editis,</span> <span class='ocrx_word' id='word_1_343' title='bbox 715 2869 1097 2927; x_wconf 90' lang='lat' dir='ltr'>testimonium</span> <span class='ocrx_word' id='word_1_344' title='bbox 1127 2870 1491 2944; x_wconf 87' lang='lat' dir='ltr'>proferamus.</span> <span class='ocrx_word' id='word_1_345' title='bbox 1529 2873 1756 2929; x_wconf 87' lang='lat' dir='ltr'>Eleazar</span> <span class='ocrx_word' id='word_1_346' title='bbox 1783 2891 2019 2948; x_wconf 88' lang='lat' dir='ltr'>namque</span> <span class='ocrx_word' id='word_1_347' title='bbox 2048 2876 2106 2932; x_wconf 93' lang='lat' dir='ltr'>in</span> 
     </span>
    </p>
   </div>
   <div class='ocr_carea' id='block_1_46' title="bbox 501 2957 2105 3038">
    <p class='ocr_par' dir='ltr' id='par_1_46' title="bbox 501 2957 2105 3038">
     <span class='ocr_line' id='line_1_46' title="bbox 501 2957 2105 3038; baseline 0.003 -23"><span class='ocrx_word' id='word_1_348' title='bbox 501 2958 694 3032; x_wconf 67' lang='lat' dir='ltr'>praelio</span> <span class='ocrx_word' id='word_1_349' title='bbox 721 2957 1068 3033; x_wconf 87' lang='lat' dir='ltr'>elephantem</span> <span class='ocrx_word' id='word_1_350' title='bbox 1098 2959 1302 3017; x_wconf 88' lang='lat' dir='ltr'>feriens</span> <span class='ocrx_word' id='word_1_351' title='bbox 1330 2960 1546 3029; x_wconf 88' lang='lat' dir='ltr'>stravit,</span> <span class='ocrx_word' id='word_1_352' title='bbox 1567 2961 1660 3019; x_wconf 92' lang='lat' dir='ltr'>sed</span> <span class='ocrx_word' id='word_1_353' title='bbox 1683 2962 1785 3019; x_wconf 89' lang='lat' dir='ltr'>sub</span> <span class='ocrx_word' id='word_1_354' title='bbox 1805 2963 1924 3037; x_wconf 92' lang='lat' dir='ltr'>ipso</span> <span class='ocrx_word' id='word_1_355' title='bbox 1944 2980 2105 3038; x_wconf 90' lang='lat' dir='ltr'>quem</span> 
     </span>
    </p>
   </div>
   <div class='ocr_carea' id='block_1_47' title="bbox 500 3049 2107 3127">
    <p class='ocr_par' dir='ltr' id='par_1_47' title="bbox 500 3049 2107 3127">
     <span class='ocr_line' id='line_1_47' title="bbox 500 3049 2107 3127; baseline 0.002 -21"><span class='ocrx_word' id='word_1_356' title='bbox 500 3049 772 3107; x_wconf 81' lang='lat' dir='ltr'>exstinxit</span> <span class='ocrx_word' id='word_1_357' title='bbox 801 3049 1064 3108; x_wconf 88' lang='lat' dir='ltr'>occubuit</span> <span class='ocrx_word' id='word_1_358' title='bbox 1104 3052 1162 3122; x_wconf 92' lang='grc' dir='ltr'>(Ι</span> <span class='ocrx_word' id='word_1_359' title='bbox 1198 3052 1371 3110; x_wconf 85' lang='lat' dir='ltr'>Mach.</span> <span class='ocrx_word' id='word_1_360' title='bbox 1417 3070 1496 3122; x_wconf 80' lang='lat' dir='ltr'>vr,</span> <span class='ocrx_word' id='word_1_361' title='bbox 1527 3051 1644 3124; x_wconf 76' lang='grc'><strong>46).</strong></span> <span class='ocrx_word' id='word_1_362' title='bbox 1677 3053 1825 3121; x_wconf 90' lang='lat' dir='ltr'>Quos</span> <span class='ocrx_word' id='word_1_363' title='bbox 1850 3071 1976 3127; x_wconf 89' lang='lat' dir='ltr'>ergo</span> <span class='ocrx_word' id='word_1_364' title='bbox 2005 3055 2107 3112; x_wconf 89' lang='lat' dir='ltr'>iste</span> 
     </span>
    </p>
   </div>
   <div class='ocr_carea' id='block_1_48' title="bbox 500 3125 2183 3217">
    <p class='ocr_par' dir='ltr' id='par_1_48' title="bbox 500 3125 2183 3217">
     <span class='ocr_line' id='line_1_48' title="bbox 500 3125 2183 3217; baseline 0.003 -21"><span class='ocrx_word' id='word_1_365' title='bbox 500 3138 774 3212; x_wconf 87' lang='lat' dir='ltr'>signiﬁcat</span> <span class='ocrx_word' id='word_1_366' title='bbox 801 3155 963 3212; x_wconf 88' lang='lat' dir='ltr'>quem</span> <span class='ocrx_word' id='word_1_367' title='bbox 993 3155 1091 3197; x_wconf 90' lang='lat' dir='ltr'>sua</span> <span class='ocrx_word' id='word_1_368' title='bbox 1119 3141 1356 3198; x_wconf 88' lang='lat' dir='ltr'>victoria</span> <span class='ocrx_word' id='word_1_369' title='bbox 1383 3142 1674 3215; x_wconf 87' lang='lat' dir='ltr'>oppressit,</span> <span class='ocrx_word' id='word_1_370' title='bbox 1719 3143 1829 3200; x_wconf 89' lang='lat' dir='ltr'>nisi</span> <span class='ocrx_word' id='word_1_371' title='bbox 1878 3125 1971 3200; x_wconf 84' lang='lat' dir='ltr'>eos</span> <span class='ocrx_word' id='word_1_372' title='bbox 2008 3145 2103 3217; x_wconf 88' lang='lat' dir='ltr'>qui</span> <span class='ocrx_word' id='word_1_373' title='bbox 2139 3125 2183 3185; x_wconf 61' lang='grc' dir='ltr'>(ἶ</span> 
     </span>
    </p>
   </div>
   <div class='ocr_carea' id='block_1_49' title="bbox 501 3228 2108 3306">
    <p class='ocr_par' dir='ltr' id='par_1_49' title="bbox 501 3228 2108 3306">
     <span class='ocr_line' id='line_1_49' title="bbox 501 3228 2108 3306; baseline 0.005 -24"><span class='ocrx_word' id='word_1_374' title='bbox 501 3228 638 3284; x_wconf 90' lang='lat' dir='ltr'>vitia</span> <span class='ocrx_word' id='word_1_375' title='bbox 683 3235 963 3301; x_wconf 87' lang='lat' dir='ltr'>superant,</span> <span class='ocrx_word' id='word_1_376' title='bbox 1003 3228 1098 3285; x_wconf 90' lang='lat' dir='ltr'>sed</span> <span class='ocrx_word' id='word_1_377' title='bbox 1140 3229 1242 3286; x_wconf 90' lang='lat' dir='ltr'>sub</span> <span class='ocrx_word' id='word_1_378' title='bbox 1289 3230 1408 3302; x_wconf 85' lang='lat' dir='ltr'>ipsa</span> <span class='ocrx_word' id='word_1_379' title='bbox 1445 3247 1564 3303; x_wconf 66' lang='lat' dir='ltr'>qum</span> <span class='ocrx_word' id='word_1_380' title='bbox 1593 3230 1876 3304; x_wconf 62' lang='lat' dir='ltr'>siiigunt,</span> <span class='ocrx_word' id='word_1_381' title='bbox 1907 3249 2108 3306; x_wconf 89' lang='lat' dir='ltr'>super-</span> 
     </span>
    </p>
   </div>
   <div class='ocr_carea' id='block_1_50' title="bbox 498 3315 2106 3395">
    <p class='ocr_par' dir='ltr' id='par_1_50' title="bbox 498 3315 2106 3395">
     <span class='ocr_line' id='line_1_50' title="bbox 498 3315 2106 3395; baseline 0.004 -22"><span class='ocrx_word' id='word_1_382' title='bbox 498 3315 704 3373; x_wconf 91' lang='lat' dir='ltr'>biendo</span> <span class='ocrx_word' id='word_1_383' title='bbox 744 3317 1157 3376; x_wconf 80' lang='lat' dir='ltr'>succumbunt?</span> <span class='ocrx_word' id='word_1_384' title='bbox 1197 3319 1365 3388; x_wconf 89' lang='lat' dir='ltr'>Quasi</span> <span class='ocrx_word' id='word_1_385' title='bbox 1407 3319 1556 3376; x_wconf 92' lang='lat' dir='ltr'>enim</span> <span class='ocrx_word' id='word_1_386' title='bbox 1603 3319 1705 3378; x_wconf 89' lang='lat' dir='ltr'>sub</span> <span class='ocrx_word' id='word_1_387' title='bbox 1749 3319 1906 3378; x_wconf 88' lang='lat' dir='ltr'>hoste</span> <span class='ocrx_word' id='word_1_388' title='bbox 1944 3338 2106 3395; x_wconf 89' lang='lat' dir='ltr'>quem</span> 
     </span>
    </p>
   </div>
   <div class='ocr_carea' id='block_1_51' title="bbox 502 3405 2108 3483">
    <p class='ocr_par' dir='ltr' id='par_1_51' title="bbox 502 3405 2108 3483">
     <span class='ocr_line' id='line_1_51' title="bbox 502 3405 2108 3483; baseline 0.003 -22"><span class='ocrx_word' id='word_1_389' title='bbox 502 3405 804 3478; x_wconf 89' lang='lat' dir='ltr'>prosternit</span> <span class='ocrx_word' id='word_1_390' title='bbox 830 3406 1088 3476; x_wconf 91' lang='lat' dir='ltr'>moritur,</span> <span class='ocrx_word' id='word_1_391' title='bbox 1134 3407 1229 3481; x_wconf 91' lang='lat' dir='ltr'>qui</span> <span class='ocrx_word' id='word_1_392' title='bbox 1258 3407 1326 3464; x_wconf 91' lang='lat' dir='ltr'>de</span> <span class='ocrx_word' id='word_1_393' title='bbox 1355 3408 1517 3481; x_wconf 89' lang='lat' dir='ltr'>culpa</span> <span class='ocrx_word' id='word_1_394' title='bbox 1545 3424 1710 3483; x_wconf 89' lang='lat' dir='ltr'>quam</span> <span class='ocrx_word' id='word_1_395' title='bbox 1740 3417 1959 3482; x_wconf 88' lang='lat' dir='ltr'>superat</span> <span class='ocrx_word' id='word_1_396' title='bbox 1986 3412 2108 3468; x_wconf 90' lang='lat' dir='ltr'>ele-</span> 
     </span>
    </p>
   </div>
   <div class='ocr_carea' id='block_1_52' title="bbox 502 3495 2108 3572">
    <p class='ocr_par' dir='ltr' id='par_1_52' title="bbox 502 3495 2108 3572">
     <span class='ocr_line' id='line_1_52' title="bbox 502 3495 2108 3572; baseline 0.004 -23"><span class='ocrx_word' id='word_1_397' title='bbox 502 3502 682 3551; x_wconf 87' lang='lat' dir='ltr'>vatur.</span> <span class='ocrx_word' id='word_1_398' title='bbox 743 3495 1092 3553; x_wconf 90' lang='lat' dir='ltr'>Pensandum</span> <span class='ocrx_word' id='word_1_399' title='bbox 1137 3512 1266 3570; x_wconf 89' lang='lat' dir='ltr'>ergo</span> <span class='ocrx_word' id='word_1_400' title='bbox 1304 3513 1632 3570; x_wconf 90' lang='lat' dir='ltr'>magnopere</span> <span class='ocrx_word' id='word_1_401' title='bbox 1674 3507 1756 3555; x_wconf 90' lang='lat' dir='ltr'>est</span> <span class='ocrx_word' id='word_1_402' title='bbox 1802 3499 1931 3572; x_wconf 90' lang='lat' dir='ltr'>quia</span> <span class='ocrx_word' id='word_1_403' title='bbox 1962 3498 2108 3556; x_wconf 93' lang='lat' dir='ltr'>bona</span> 
     </span>
    </p>
   </div>
   <div class='ocr_carea' id='block_1_53' title="bbox 501 3585 2108 3661">
    <p class='ocr_par' dir='ltr' id='par_1_53' title="bbox 501 3585 2108 3661">
     <span class='ocr_line' id='line_1_53' title="bbox 501 3585 2108 3661; baseline 0.005 -21"><span class='ocrx_word' id='word_1_404' title='bbox 501 3585 758 3656; x_wconf 87' lang='lat' dir='ltr'>prodesse</span> <span class='ocrx_word' id='word_1_405' title='bbox 788 3595 1090 3659; x_wconf 90' lang='lat' dir='ltr'>nequeunt,</span> <span class='ocrx_word' id='word_1_406' title='bbox 1131 3586 1177 3644; x_wconf 90' lang='lat' dir='ltr'>si</span> <span class='ocrx_word' id='word_1_407' title='bbox 1207 3587 1352 3643; x_wconf 88' lang='lat' dir='ltr'>mala</span> <span class='ocrx_word' id='word_1_408' title='bbox 1380 3604 1500 3661; x_wconf 80' lang='lat' dir='ltr'>quae</span> <span class='ocrx_word' id='word_1_409' title='bbox 1531 3587 1836 3661; x_wconf 90' lang='lat' dir='ltr'>subrepunt</span> <span class='ocrx_word' id='word_1_410' title='bbox 1863 3605 1975 3646; x_wconf 91' lang='lat' dir='ltr'>non</span> <span class='ocrx_word' id='word_1_411' title='bbox 2005 3606 2108 3648; x_wconf 89' lang='lat' dir='ltr'>ca-</span> 
     </span>
    </p>
   </div>
   <div class='ocr_carea' id='block_1_54' title="bbox 502 3675 2106 3750">
    <p class='ocr_par' dir='ltr' id='par_1_54' title="bbox 502 3675 2106 3750">
     <span class='ocr_line' id='line_1_54' title="bbox 502 3675 2106 3750; baseline 0.004 -22"><span class='ocrx_word' id='word_1_412' title='bbox 502 3681 723 3730; x_wconf 89' lang='lat' dir='ltr'>ventur.</span> <span class='ocrx_word' id='word_1_413' title='bbox 757 3675 905 3732; x_wconf 90' lang='lat' dir='ltr'>Perit</span> <span class='ocrx_word' id='word_1_414' title='bbox 934 3691 1097 3733; x_wconf 89' lang='lat' dir='ltr'>omne</span> <span class='ocrx_word' id='word_1_415' title='bbox 1127 3675 1274 3750; x_wconf 90' lang='lat' dir='ltr'>quod</span> <span class='ocrx_word' id='word_1_416' title='bbox 1302 3676 1506 3749; x_wconf 90' lang='lat' dir='ltr'>agitur,</span> <span class='ocrx_word' id='word_1_417' title='bbox 1545 3677 1591 3733; x_wconf 89' lang='lat' dir='ltr'>si</span> <span class='ocrx_word' id='word_1_418' title='bbox 1633 3693 1743 3734; x_wconf 93' lang='lat' dir='ltr'>non</span> <span class='ocrx_word' id='word_1_419' title='bbox 1781 3678 2018 3737; x_wconf 90' lang='lat' dir='ltr'>sollicite</span> <span class='ocrx_word' id='word_1_420' title='bbox 2047 3680 2106 3736; x_wconf 89' lang='lat' dir='ltr'>in</span> 
     </span>
    </p>
   </div>
   <div class='ocr_carea' id='block_1_55' title="bbox 501 3762 2106 3844">
    <p class='ocr_par' dir='ltr' id='par_1_55' title="bbox 501 3762 2106 3844">
     <span class='ocr_line' id='line_1_55' title="bbox 501 3762 2106 3844; baseline 0.007 -27"><span class='ocrx_word' id='word_1_421' title='bbox 501 3762 816 3821; x_wconf 88' lang='lat' dir='ltr'>humilitate</span> <span class='ocrx_word' id='word_1_422' title='bbox 867 3766 1199 3823; x_wconf 88' lang='lat' dir='ltr'>custoditur.</span> <span class='ocrx_word' id='word_1_423' title='bbox 1251 3766 1405 3824; x_wconf 90' lang='lat' dir='ltr'>Unde</span> <span class='ocrx_word' id='word_1_424' title='bbox 1449 3767 1588 3823; x_wconf 90' lang='lat' dir='ltr'>bene</span> <span class='ocrx_word' id='word_1_425' title='bbox 1631 3784 1847 3844; x_wconf 90' lang='lat' dir='ltr'>quoque</span> <span class='ocrx_word' id='word_1_426' title='bbox 1885 3769 1953 3828; x_wconf 91' lang='lat' dir='ltr'>de</span> <span class='ocrx_word' id='word_1_427' title='bbox 1987 3770 2106 3844; x_wconf 91' lang='lat' dir='ltr'>ipso</span> 
     </span>
    </p>
   </div>
   <div class='ocr_carea' id='block_1_56' title="bbox 500 3852 2107 3932">
    <p class='ocr_par' dir='ltr' id='par_1_56' title="bbox 500 3852 2107 3932">
     <span class='ocr_line' id='line_1_56' title="bbox 500 3852 2107 3932; baseline 0.007 -25"><span class='ocrx_word' id='word_1_428' title='bbox 500 3852 680 3923; x_wconf 87' lang='lat' dir='ltr'>primo</span> <span class='ocrx_word' id='word_1_429' title='bbox 707 3859 933 3925; x_wconf 84' lang='lat' dir='ltr'>parente</span> <span class='ocrx_word' id='word_1_430' title='bbox 962 3854 1200 3911; x_wconf 91' lang='lat' dir='ltr'>dicitur:</span> <span class='ocrx_word' id='word_1_431' title='bbox 1223 3855 1412 3912; x_wconf 87' lang='lat' dir='ltr'>Posuit</span> <span class='ocrx_word' id='word_1_432' title='bbox 1438 3873 1556 3912; x_wconf 87' lang='lat' dir='ltr'>eum</span> <span class='ocrx_word' id='word_1_433' title='bbox 1581 3857 1842 3914; x_wconf 85' lang='lat' dir='ltr'>Dominus</span> <span class='ocrx_word' id='word_1_434' title='bbox 1868 3859 1926 3914; x_wconf 85' lang='lat' dir='ltr'>in</span> <span class='ocrx_word' id='word_1_435' title='bbox 1941 3877 2107 3932; x_wconf 87' lang='lat' dir='ltr'>para-</span> 
     </span>
    </p>
   </div>
   <div class='ocr_carea' id='block_1_57' title="bbox 499 3941 2104 4020">
    <p class='ocr_par' dir='ltr' id='par_1_57' title="bbox 499 3941 2104 4020">
     <span class='ocr_line' id='line_1_57' title="bbox 499 3941 2104 4020; baseline 0.007 -25"><span class='ocrx_word' id='word_1_436' title='bbox 499 3941 614 3996; x_wconf 87' lang='lat' dir='ltr'>diso</span> <span class='ocrx_word' id='word_1_437' title='bbox 650 3943 958 4014; x_wconf 85' lang='lat' dir='ltr'>voluptatis,</span> <span class='ocrx_word' id='word_1_438' title='bbox 988 3950 1048 3998; x_wconf 90' lang='lat' dir='ltr'>ut</span> <span class='ocrx_word' id='word_1_439' title='bbox 1082 3950 1397 4016; x_wconf 84' lang='lat' dir='ltr'>operaretur</span> <span class='ocrx_word' id='word_1_440' title='bbox 1414 3952 1462 4000; x_wconf 88' lang='lat' dir='ltr'>et</span> <span class='ocrx_word' id='word_1_441' title='bbox 1481 3947 1765 4002; x_wconf 86' lang='lat' dir='ltr'>custodiret</span> <span class='ocrx_word' id='word_1_442' title='bbox 1797 3948 2008 4020; x_wconf 86' lang='lat' dir='ltr'>(Genes.</span> <span class='ocrx_word' id='word_1_443' title='bbox 2041 3967 2104 4020; x_wconf 83' lang='lat' dir='ltr'>II,</span> 
     </span>
    </p>
   </div>
   <div class='ocr_carea' id='block_1_58' title="bbox 502 4030 2108 4112">
    <p class='ocr_par' dir='ltr' id='par_1_58' title="bbox 502 4030 2108 4112">
     <span class='ocr_line' id='line_1_58' title="bbox 502 4030 2108 4112; baseline 0.006 -26"><span class='ocrx_word' id='word_1_444' title='bbox 502 4030 616 4102; x_wconf 79' lang='grc'><strong>15).</strong></span> <span class='ocrx_word' id='word_1_445' title='bbox 651 4031 922 4103; x_wconf 90' lang='lat' dir='ltr'>Operatur</span> <span class='ocrx_word' id='word_1_446' title='bbox 950 4032 1152 4105; x_wconf 90' lang='lat' dir='ltr'>quippe</span> <span class='ocrx_word' id='word_1_447' title='bbox 1183 4032 1280 4106; x_wconf 93' lang='lat' dir='ltr'>qui</span> <span class='ocrx_word' id='word_1_448' title='bbox 1309 4033 1421 4106; x_wconf 90' lang='lat' dir='ltr'>agit</span> <span class='ocrx_word' id='word_1_449' title='bbox 1448 4034 1656 4092; x_wconf 90' lang='lat' dir='ltr'>bonum</span> <span class='ocrx_word' id='word_1_450' title='bbox 1687 4036 1836 4108; x_wconf 92' lang='lat' dir='ltr'>quod</span> <span class='ocrx_word' id='word_1_451' title='bbox 1862 4038 2108 4112; x_wconf 63' lang='lat' dir='ltr'>praecipi-</span> 
     </span>
    </p>
   </div>
   <div class='ocr_carea' id='block_1_59' title="bbox 507 4119 2108 4196">
    <p class='ocr_par' dir='ltr' id='par_1_59' title="bbox 507 4119 2108 4196">
     <span class='ocr_line' id='line_1_59' title="bbox 507 4119 2108 4196; baseline 0.009 -25"><span class='ocrx_word' id='word_1_452' title='bbox 507 4124 622 4186; x_wconf 88' lang='lat' dir='ltr'>tur,</span> <span class='ocrx_word' id='word_1_453' title='bbox 652 4119 748 4176; x_wconf 91' lang='lat' dir='ltr'>sed</span> <span class='ocrx_word' id='word_1_454' title='bbox 779 4120 926 4193; x_wconf 90' lang='lat' dir='ltr'>quod</span> <span class='ocrx_word' id='word_1_455' title='bbox 956 4128 1210 4194; x_wconf 87' lang='lat' dir='ltr'>operatus</span> <span class='ocrx_word' id='word_1_456' title='bbox 1239 4121 1408 4178; x_wconf 82' lang='lat' dir='ltr'>fuerit</span> <span class='ocrx_word' id='word_1_457' title='bbox 1436 4139 1548 4179; x_wconf 91' lang='lat' dir='ltr'>non</span> <span class='ocrx_word' id='word_1_458' title='bbox 1577 4125 1838 4196; x_wconf 86' lang='lat' dir='ltr'>custodit,</span> <span class='ocrx_word' id='word_1_459' title='bbox 1885 4127 1975 4184; x_wconf 91' lang='lat' dir='ltr'>cui</span> <span class='ocrx_word' id='word_1_460' title='bbox 2001 4127 2108 4186; x_wconf 88' lang='lat' dir='ltr'>hoc</span> 
     </span>
    </p>
   </div>
   <div class='ocr_carea' id='block_1_60' title="bbox 499 4203 2106 4288">
    <p class='ocr_par' dir='ltr' id='par_1_60' title="bbox 499 4203 2106 4288">
     <span class='ocr_line' id='line_1_60' title="bbox 499 4203 2106 4288; baseline 0.007 -27"><span class='ocrx_word' id='word_1_461' title='bbox 499 4203 747 4279; x_wconf 89' lang='lat' dir='ltr'>subrepit</span> <span class='ocrx_word' id='word_1_462' title='bbox 775 4207 923 4281; x_wconf 91' lang='lat' dir='ltr'>quod</span> <span class='ocrx_word' id='word_1_463' title='bbox 952 4208 1295 4282; x_wconf 89' lang='lat' dir='ltr'>prohibetur.</span> <span class='ocrx_word' id='word_1_464' title='bbox 1327 4211 1527 4267; x_wconf 89' lang='lat' dir='ltr'>Beatus</span> <span class='ocrx_word' id='word_1_465' title='bbox 1555 4211 1726 4284; x_wconf 91' lang='lat' dir='ltr'>igitur</span> <span class='ocrx_word' id='word_1_466' title='bbox 1743 4213 1867 4280; x_wconf 85' lang='lat' dir='ltr'>Job,</span> <span class='ocrx_word' id='word_1_467' title='bbox 1889 4215 2017 4288; x_wconf 90' lang='lat' dir='ltr'>quia</span> <span class='ocrx_word' id='word_1_468' title='bbox 2036 4231 2106 4272; x_wconf 84' lang='lat' dir='ltr'>ex</span> 
     </span>
    </p>
   </div>
   <div class='ocr_carea' id='block_1_61' title="bbox 499 4295 2106 4374">
    <p class='ocr_par' dir='ltr' id='par_1_61' title="bbox 499 4295 2106 4374">
     <span class='ocr_line' id='line_1_61' title="bbox 499 4295 2106 4374; baseline 0.007 -24"><span class='ocrx_word' id='word_1_469' title='bbox 499 4295 652 4352; x_wconf 89' lang='lat' dir='ltr'>omni</span> <span class='ocrx_word' id='word_1_470' title='bbox 680 4305 831 4370; x_wconf 90' lang='lat' dir='ltr'>parte</span> <span class='ocrx_word' id='word_1_471' title='bbox 858 4299 1006 4356; x_wconf 91' lang='lat' dir='ltr'>bono</span> <span class='ocrx_word' id='word_1_472' title='bbox 1036 4315 1092 4358; x_wconf 90' lang='lat' dir='ltr'>se</span> <span class='ocrx_word' id='word_1_473' title='bbox 1121 4315 1283 4374; x_wconf 89' lang='lat' dir='ltr'>opere</span> <span class='ocrx_word' id='word_1_474' title='bbox 1307 4302 1704 4370; x_wconf 79' lang='lat' dir='ltr'>texerat,dicat</span> <span class='ocrx_word' id='word_1_475' title='bbox 1736 4321 1748 4358; x_wconf 91' lang='lat'>:</span> <span class='ocrx_word' id='word_1_476' title='bbox 1781 4304 1998 4361; x_wconf 80' lang='lat' dir='ltr'>Iustitia</span> <span class='ocrx_word' id='word_1_477' title='bbox 2029 4306 2106 4360; x_wconf 86' lang='lat' dir='ltr'>in-</span> 
     </span>
    </p>
   </div>
   <div class='ocr_carea' id='block_1_62' title="bbox 498 4384 2106 4468">
    <p class='ocr_par' dir='ltr' id='par_1_62' title="bbox 498 4384 2106 4468">
     <span class='ocr_line' id='line_1_62' title="bbox 498 4384 2106 4468; baseline 0.009 -29"><span class='ocrx_word' id='word_1_478' title='bbox 498 4384 657 4441; x_wconf 87' lang='lat' dir='ltr'>dutus</span> <span class='ocrx_word' id='word_1_479' title='bbox 671 4403 810 4455; x_wconf 89' lang='lat' dir='ltr'>sum,</span> <span class='ocrx_word' id='word_1_480' title='bbox 831 4395 880 4445; x_wconf 91' lang='lat' dir='ltr'>et</span> <span class='ocrx_word' id='word_1_481' title='bbox 896 4389 1078 4446; x_wconf 83' lang='lat' dir='ltr'>vestivi</span> <span class='ocrx_word' id='word_1_482' title='bbox 1104 4407 1184 4447; x_wconf 87' lang='lat' dir='ltr'>me</span> <span class='ocrx_word' id='word_1_483' title='bbox 1209 4389 1346 4447; x_wconf 85' lang='lat' dir='ltr'>sicut</span> <span class='ocrx_word' id='word_1_484' title='bbox 1372 4391 1688 4449; x_wconf 82' lang='lat' dir='ltr'>vestimento.</span> <span class='ocrx_word' id='word_1_485' title='bbox 1722 4392 1825 4451; x_wconf 88' lang='lat' dir='ltr'>Ubi</span> <span class='ocrx_word' id='word_1_486' title='bbox 1854 4395 2106 4468; x_wconf 84' lang='lat' dir='ltr'>protinus</span> 
     </span>
    </p>
   </div>
   <div class='ocr_carea' id='block_1_63' title="bbox 499 4473 800 4534">
    <p class='ocr_par' dir='ltr' id='par_1_63' title="bbox 499 4473 800 4534">
     <span class='ocr_line' id='line_1_63' title="bbox 499 4473 800 4534; baseline 0.017 -5"><span class='ocrx_word' id='word_1_487' title='bbox 499 4473 756 4532; x_wconf 89' lang='lat' dir='ltr'>subditur</span> <span class='ocrx_word' id='word_1_488' title='bbox 787 4493 800 4534; x_wconf 90' lang='lat'><strong>:</strong></span> 
     </span>
    </p>
   </div>
   <div class='ocr_carea' id='block_1_64' title="bbox 853 4618 1741 4701">
    <p class='ocr_par' dir='ltr' id='par_1_64' title="bbox 853 4618 1741 4701">
     <span class='ocr_line' id='line_1_64' title="bbox 853 4618 1741 4701; baseline 0.006 -25"><span class='ocrx_word' id='word_1_489' title='bbox 853 4618 1082 4677; x_wconf 85' lang='lat' dir='ltr'><strong>CAPUT</strong></span> <span class='ocrx_word' id='word_1_490' title='bbox 1121 4622 1281 4680; x_wconf 82' lang='lat' dir='ltr'>xxn</span> <span class='ocrx_word' id='word_1_491' title='bbox 1321 4622 1459 4694; x_wconf 74' lang='grc' dir='ltr'>(νει.</span> <span class='ocrx_word' id='word_1_492' title='bbox 1500 4623 1741 4701; x_wconf 85' lang='lat' dir='ltr'>XVIII].</span> 
     </span>
    </p>
   </div>
   <div class='ocr_carea' id='block_1_65' title="bbox 566 4748 1646 4822">
    <p class='ocr_par' dir='ltr' id='par_1_65' title="bbox 566 4748 1646 4822">
     <span class='ocr_line' id='line_1_65' title="bbox 566 4748 1646 4822; baseline 0.001 -16"><span class='ocrx_word' id='word_1_493' title='bbox 566 4748 705 4806; x_wconf 83' lang='lat' dir='ltr'>IBID.</span> <span class='ocrx_word' id='word_1_494' title='bbox 736 4777 808 4791; x_wconf 91' lang='lat'><strong>-</strong></span> <span class='ocrx_word' id='word_1_495' title='bbox 842 4748 918 4806; x_wconf 87' lang='lat' dir='ltr'>Et</span> <span class='ocrx_word' id='word_1_496' title='bbox 943 4748 1260 4816; x_wconf 79' lang='lat' dir='ltr'>diademate,</span> <span class='ocrx_word' id='word_1_497' title='bbox 1279 4749 1488 4822; x_wconf 84' lang='lat' dir='ltr'>judicio</span> <span class='ocrx_word' id='word_1_498' title='bbox 1519 4767 1646 4807; x_wconf 90' lang='lat' dir='ltr'>meo.</span> 
     </span>
    </p>
   </div>
   <div class='ocr_carea' id='block_1_66' title="bbox 566 4876 2105 4951">
    <p class='ocr_par' dir='ltr' id='par_1_66' title="bbox 566 4876 2105 4951">
     <span class='ocr_line' id='line_1_66' title="bbox 566 4876 2105 4951; baseline 0 -17"><span class='ocrx_word' id='word_1_499' title='bbox 566 4877 655 4934; x_wconf 81' lang='lat'>35.</span> <span class='ocrx_word' id='word_1_500' title='bbox 677 4877 822 4934; x_wconf 71' lang='lat' dir='ltr'>Iusti</span> <span class='ocrx_word' id='word_1_501' title='bbox 848 4876 1067 4935; x_wconf 82' lang='lat' dir='ltr'>sollicite</span> <span class='ocrx_word' id='word_1_502' title='bbox 1093 4878 1388 4943; x_wconf 83' lang='lat' dir='ltr'>attendunt,</span> <span class='ocrx_word' id='word_1_503' title='bbox 1410 4877 1543 4949; x_wconf 88' lang='lat' dir='ltr'>quid</span> <span class='ocrx_word' id='word_1_504' title='bbox 1560 4877 1693 4944; x_wconf 89' lang='lat' dir='ltr'>Deo,</span> <span class='ocrx_word' id='word_1_505' title='bbox 1709 4876 1840 4949; x_wconf 83' lang='lat' dir='ltr'>quid</span> <span class='ocrx_word' id='word_1_506' title='bbox 1854 4877 2105 4951; x_wconf 68' lang='lat' dir='ltr'>proximo</span> 
     </span>
    </p>
   </div>
   <div class='ocr_carea' id='block_1_67' title="bbox 497 4966 2105 5042">
    <p class='ocr_par' dir='ltr' id='par_1_67' title="bbox 497 4966 2105 5042">
     <span class='ocr_line' id='line_1_67' title="bbox 497 4966 2105 5042; baseline 0.003 -21"><span class='ocrx_word' id='word_1_507' title='bbox 497 4968 1086 5028; x_wconf 76' lang='lat' dir='ltr'>Ilebeant.—.lustorum</span> <span class='ocrx_word' id='word_1_508' title='bbox 1096 4966 1308 5042; x_wconf 88' lang='lat' dir='ltr'>judicia</span> <span class='ocrx_word' id='word_1_509' title='bbox 1319 4975 1464 5026; x_wconf 88' lang='lat' dir='ltr'>recte</span> <span class='ocrx_word' id='word_1_510' title='bbox 1475 4967 1773 5024; x_wconf 87' lang='lat' dir='ltr'>diademati</span> <span class='ocrx_word' id='word_1_511' title='bbox 1792 4985 2105 5041; x_wconf 87' lang='lat' dir='ltr'>comparan-</span> 
     </span>
    </p>
   </div>
   <div class='ocr_carea' id='block_1_68' title="bbox 497 5059 2104 5137">
    <p class='ocr_par' dir='ltr' id='par_1_68' title="bbox 497 5059 2104 5137">
     <span class='ocr_line' id='line_1_68' title="bbox 497 5059 2104 5137; baseline 0.004 -24"><span class='ocrx_word' id='word_1_512' title='bbox 497 5067 610 5128; x_wconf 88' lang='lat' dir='ltr'>tur,</span> <span class='ocrx_word' id='word_1_513' title='bbox 642 5061 771 5133; x_wconf 90' lang='lat' dir='ltr'>quia</span> <span class='ocrx_word' id='word_1_514' title='bbox 797 5079 895 5136; x_wconf 87' lang='lat' dir='ltr'>per</span> <span class='ocrx_word' id='word_1_515' title='bbox 922 5061 1106 5137; x_wconf 89' lang='lat' dir='ltr'>magni</span> <span class='ocrx_word' id='word_1_516' title='bbox 1137 5059 1320 5134; x_wconf 90' lang='lat' dir='ltr'>operis</span> <span class='ocrx_word' id='word_1_517' title='bbox 1358 5060 1592 5134; x_wconf 83' lang='lat' dir='ltr'>gloriam</span> <span class='ocrx_word' id='word_1_518' title='bbox 1623 5059 1692 5116; x_wconf 89' lang='lat' dir='ltr'>ad</span> <span class='ocrx_word' id='word_1_519' title='bbox 1722 5061 2104 5120; x_wconf 88' lang='lat' dir='ltr'>retributionis</span> 
     </span>
    </p>
   </div>
   <div class='ocr_carea' id='block_1_69' title="bbox 502 5147 2103 5228">
    <p class='ocr_par' dir='ltr' id='par_1_69' title="bbox 502 5147 2103 5228">
     <span class='ocr_line' id='line_1_69' title="bbox 502 5147 2103 5228; baseline 0.005 -24"><span class='ocrx_word' id='word_1_520' title='bbox 502 5149 522 5181; x_wconf 69' lang='grc'><em>³</em></span> <span class='ocrx_word' id='word_1_521' title='bbox 550 5147 764 5206; x_wconf 89' lang='lat' dir='ltr'>ducunt</span> <span class='ocrx_word' id='word_1_522' title='bbox 790 5167 1074 5211; x_wconf 88' lang='lat' dir='ltr'>coronam.</span> <span class='ocrx_word' id='word_1_523' title='bbox 1105 5152 1237 5222; x_wconf 70' lang='lat' dir='ltr'>Quae</span> <span class='ocrx_word' id='word_1_524' title='bbox 1257 5150 1524 5208; x_wconf 87' lang='lat' dir='ltr'>nimirum</span> <span class='ocrx_word' id='word_1_525' title='bbox 1535 5149 1750 5224; x_wconf 88' lang='lat' dir='ltr'>judicia</span> <span class='ocrx_word' id='word_1_526' title='bbox 1769 5168 1951 5210; x_wconf 89' lang='lat' dir='ltr'>secum</span> <span class='ocrx_word' id='word_1_527' title='bbox 1970 5169 2103 5228; x_wconf 91' lang='lat' dir='ltr'>quo-</span> 
     </span>
    </p>
   </div>
   <div class='ocr_carea' id='block_1_70' title="bbox 500 5233 2102 5318">
    <p class='ocr_par' dir='ltr' id='par_1_70' title="bbox 500 5233 2102 5318">
     <span class='ocr_line' id='line_1_70' title="bbox 500 5233 2102 5318; baseline 0.007 -28"><span class='ocrx_word' id='word_1_528' title='bbox 500 5233 635 5293; x_wconf 88' lang='lat' dir='ltr'>tidie</span> <span class='ocrx_word' id='word_1_529' title='bbox 674 5237 948 5300; x_wconf 87' lang='lat' dir='ltr'>introrsus</span> <span class='ocrx_word' id='word_1_530' title='bbox 987 5251 1178 5316; x_wconf 91' lang='lat' dir='ltr'>agunt,</span> <span class='ocrx_word' id='word_1_531' title='bbox 1217 5241 1352 5318; x_wconf 92' lang='lat' dir='ltr'>quid</span> <span class='ocrx_word' id='word_1_532' title='bbox 1392 5243 1528 5311; x_wconf 90' lang='lat' dir='ltr'>Deo,</span> <span class='ocrx_word' id='word_1_533' title='bbox 1569 5241 1705 5317; x_wconf 89' lang='lat' dir='ltr'>quid</span> <span class='ocrx_word' id='word_1_534' title='bbox 1750 5243 2006 5316; x_wconf 85' lang='lat' dir='ltr'>proximo</span> <span class='ocrx_word' id='word_1_535' title='bbox 2035 5243 2102 5302; x_wconf 88' lang='lat' dir='ltr'>de</span> 
     </span>
    </p>
   </div>
   <div class='ocr_carea' id='block_1_71' title="bbox 576 5452 2102 5536">
    <p class='ocr_par' dir='ltr' id='par_1_71' title="bbox 576 5452 2102 5536">
     <span class='ocr_line' id='line_1_71' title="bbox 576 5452 2102 5536; baseline 0.006 -26"><span class='ocrx_word' id='word_1_536' title='bbox 576 5455 591 5489; x_wconf 85' lang='grc'>¹</span> <span class='ocrx_word' id='word_1_537' title='bbox 623 5452 746 5536; x_wconf 77' lang='lat' dir='ltr'>Hoc</span> <span class='ocrx_word' id='word_1_538' title='bbox 779 5463 880 5536; x_wconf 69' lang='lat' dir='ltr'>est,</span> <span class='ocrx_word' id='word_1_539' title='bbox 923 5458 1121 5536; x_wconf 82' lang='lat' dir='ltr'>canoni</span> <span class='ocrx_word' id='word_1_540' title='bbox 1164 5458 1507 5536; x_wconf 51' lang='lat' dir='ltr'>behrmorum</span> <span class='ocrx_word' id='word_1_541' title='bbox 1538 5478 1650 5518; x_wconf 88' lang='lat' dir='ltr'>nou</span> <span class='ocrx_word' id='word_1_542' title='bbox 1680 5461 1924 5536; x_wconf 77' lang='lat' dir='ltr'>insertis,</span> <span class='ocrx_word' id='word_1_543' title='bbox 1954 5463 2102 5536; x_wconf 80' lang='lat' dir='ltr'>quod</span> 
     </span>
    </p>
   </div>
   <div class='ocr_carea' id='block_1_72' title="bbox 498 5525 2097 5614">
    <p class='ocr_par' dir='ltr' id='par_1_72' title="bbox 498 5525 2097 5614">
     <span class='ocr_line' id='line_1_72' title="bbox 498 5525 2097 5614; baseline 0.004 -31"><span class='ocrx_word' id='word_1_544' title='bbox 498 5540 611 5583; x_wconf 88' lang='lat' dir='ltr'>non</span> <span class='ocrx_word' id='word_1_545' title='bbox 641 5525 754 5584; x_wconf 88' lang='lat' dir='ltr'>sint</span> <span class='ocrx_word' id='word_1_546' title='bbox 780 5525 1046 5614; x_wconf 66' lang='lat' dir='ltr'>Iiebraice</span> <span class='ocrx_word' id='word_1_547' title='bbox 1073 5529 1283 5614; x_wconf 76' lang='lat' dir='ltr'>scripti.</span> <span class='ocrx_word' id='word_1_548' title='bbox 1317 5532 1436 5614; x_wconf 79' lang='lat' dir='ltr'>Qua</span> <span class='ocrx_word' id='word_1_549' title='bbox 1447 5533 1529 5614; x_wconf 61' lang='lat' dir='ltr'>de</span> <span class='ocrx_word' id='word_1_550' title='bbox 1559 5549 1616 5592; x_wconf 90' lang='lat' dir='ltr'>re</span> <span class='ocrx_word' id='word_1_551' title='bbox 1636 5534 1862 5614; x_wconf 75' lang='lat' dir='ltr'>consule</span> <span class='ocrx_word' id='word_1_552' title='bbox 1882 5525 2097 5614; x_wconf 65' lang='lat' dir='ltr'>praefat.</span> 
     </span>
    </p>
   </div>
   <div class='ocr_carea' id='block_1_73' title="bbox 497 5596 2024 5679">
    <p class='ocr_par' dir='ltr' id='par_1_73' title="bbox 497 5596 2024 5679">
     <span class='ocr_line' id='line_1_73' title="bbox 497 5596 2024 5679; baseline 0.004 -26"><span class='ocrx_word' id='word_1_553' title='bbox 497 5613 708 5679; x_wconf 53' lang='lat' dir='ltr'>gener},</span> <span class='ocrx_word' id='word_1_554' title='bbox 743 5596 841 5657; x_wconf 88' lang='lat' dir='ltr'>ubi</span> <span class='ocrx_word' id='word_1_555' title='bbox 869 5597 937 5679; x_wconf 86' lang='lat' dir='ltr'>de</span> <span class='ocrx_word' id='word_1_556' title='bbox 962 5596 1226 5679; x_wconf 71' lang='lat' dir='ltr'>doctrina</span> <span class='ocrx_word' id='word_1_557' title='bbox 1245 5596 1421 5660; x_wconf 75' lang='lat' dir='ltr'>sancti</span> <span class='ocrx_word' id='word_1_558' title='bbox 1441 5604 1689 5679; x_wconf 86' lang='lat' dir='ltr'>Gregorii</span> <span class='ocrx_word' id='word_1_559' title='bbox 1715 5596 2024 5663; x_wconf 79' lang='lat' dir='ltr'>disseritur.</span> 
     </span>
    </p>
   </div>
   <div class='ocr_carea' id='block_1_74' title="bbox 570 5669 1317 5744">
    <p class='ocr_par' dir='ltr' id='par_1_74' title="bbox 570 5669 1317 5744">
     <span class='ocr_line' id='line_1_74' title="bbox 570 5669 1317 5744; baseline 0.005 -19"><span class='ocrx_word' id='word_1_560' title='bbox 570 5669 593 5744; x_wconf 59' lang='grc' dir='ltr'><strong>ξ</strong></span> <span class='ocrx_word' id='word_1_561' title='bbox 620 5670 812 5744; x_wconf 58' lang='grc' dir='ltr'>ῌοῐω.</span> <span class='ocrx_word' id='word_1_562' title='bbox 841 5677 912 5744; x_wconf 65' lang='lat' dir='ltr'>et</span> <span class='ocrx_word' id='word_1_563' title='bbox 923 5671 998 5744; x_wconf 90' lang='lat' dir='ltr'>pl.</span> <span class='ocrx_word' id='word_1_564' title='bbox 1031 5671 1317 5744; x_wconf 75' lang='lat' dir='ltr'>ducuntur.</span> 
     </span>
    </p>
   </div>
   <div class='ocr_carea' id='block_1_75' title="bbox 571 5741 2089 5816">
    <p class='ocr_par' dir='ltr' id='par_1_75' title="bbox 571 5741 2089 5816">
     <span class='ocr_line' id='line_1_75' title="bbox 571 5741 2089 5816; baseline 0.002 -16"><span class='ocrx_word' id='word_1_565' title='bbox 571 5742 594 5777; x_wconf 84' lang='grc'>³</span> <span class='ocrx_word' id='word_1_566' title='bbox 623 5741 836 5812; x_wconf 87' lang='lat' dir='ltr'>Germ.,</span> <span class='ocrx_word' id='word_1_567' title='bbox 863 5741 1079 5812; x_wconf 81' lang='lat' dir='ltr'>N6rm.,</span> <span class='ocrx_word' id='word_1_568' title='bbox 1108 5741 1278 5801; x_wconf 87' lang='lat' dir='ltr'>Laud.</span> <span class='ocrx_word' id='word_1_569' title='bbox 1290 5785 1306 5813; x_wconf 92' lang='lat'>,</span> <span class='ocrx_word' id='word_1_570' title='bbox 1335 5743 1565 5816; x_wconf 84' lang='lat' dir='ltr'>Turon.,</span> <span class='ocrx_word' id='word_1_571' title='bbox 1597 5754 1730 5815; x_wconf 89' lang='lat' dir='ltr'>etc.,</span> <span class='ocrx_word' id='word_1_572' title='bbox 1761 5745 1837 5803; x_wconf 85' lang='lat' dir='ltr'>ita</span> <span class='ocrx_word' id='word_1_573' title='bbox 1866 5745 2089 5813; x_wconf 87' lang='lat' dir='ltr'>habent;</span> 
     </span>
    </p>
   </div>
   <div class='ocr_carea' id='block_1_76' title="bbox 2128 4493 2176 4552">
    <p class='ocr_par' dir='ltr' id='par_1_76' title="bbox 2128 4493 2176 4552">
     <span class='ocr_line' id='line_1_76' title="bbox 2128 4493 2176 4552; baseline 0 0"><span class='ocrx_word' id='word_1_574' title='bbox 2128 4493 2176 4552; x_wconf 94' lang='lat' dir='ltr'><strong>D</strong></span> 
     </span>
    </p>
   </div>
   <div class='ocr_carea' id='block_1_77' title="bbox 2225 1840 3830 1923">
    <p class='ocr_par' dir='ltr' id='par_1_77' title="bbox 2225 1840 3830 1923">
     <span class='ocr_line' id='line_1_77' title="bbox 2225 1840 3830 1923; baseline 0.009 -29"><span class='ocrx_word' id='word_1_575' title='bbox 2225 1840 2530 1911; x_wconf 88' lang='lat' dir='ltr'>potestatis.</span> <span class='ocrx_word' id='word_1_576' title='bbox 2562 1842 2773 1910; x_wconf 88' lang='lat' dir='ltr'>Quibus</span> <span class='ocrx_word' id='word_1_577' title='bbox 2792 1847 3048 1918; x_wconf 85' lang='lat' dir='ltr'>peractis,</span> <span class='ocrx_word' id='word_1_578' title='bbox 3070 1850 3200 1923; x_wconf 90' lang='lat' dir='ltr'>quia</span> <span class='ocrx_word' id='word_1_579' title='bbox 3225 1850 3645 1910; x_wconf 88' lang='lat' dir='ltr'>retributionem</span> <span class='ocrx_word' id='word_1_580' title='bbox 3673 1853 3830 1909; x_wconf 81' lang='lat' dir='ltr'>infe-</span> 
     </span>
    </p>
   </div>
   <div class='ocr_carea' id='block_1_78' title="bbox 2224 1926 3826 2013">
    <p class='ocr_par' dir='ltr' id='par_1_78' title="bbox 2224 1926 3826 2013">
     <span class='ocr_line' id='line_1_78' title="bbox 2224 1926 3826 2013; baseline 0.011 -31"><span class='ocrx_word' id='word_1_581' title='bbox 2224 1926 2339 1984; x_wconf 89' lang='lat' dir='ltr'>rius</span> <span class='ocrx_word' id='word_1_582' title='bbox 2366 1945 2480 1986; x_wconf 91' lang='lat' dir='ltr'>non</span> <span class='ocrx_word' id='word_1_583' title='bbox 2515 1932 2825 2005; x_wconf 90' lang='lat' dir='ltr'>requirunt,</span> <span class='ocrx_word' id='word_1_584' title='bbox 2857 1943 3003 1993; x_wconf 90' lang='lat' dir='ltr'>recte</span> <span class='ocrx_word' id='word_1_585' title='bbox 3033 1953 3224 1996; x_wconf 91' lang='lat' dir='ltr'>eorum</span> <span class='ocrx_word' id='word_1_586' title='bbox 3267 1939 3484 2013; x_wconf 92' lang='lat' dir='ltr'>judicia</span> <span class='ocrx_word' id='word_1_587' title='bbox 3529 1941 3826 2000; x_wconf 87' lang='lat' dir='ltr'>diademati</span> 
     </span>
    </p>
   </div>
   <div class='ocr_carea' id='block_1_79' title="bbox 2224 2021 3828 2104">
    <p class='ocr_par' dir='ltr' id='par_1_79' title="bbox 2224 2021 3828 2104">
     <span class='ocr_line' id='line_1_79' title="bbox 2224 2021 3828 2104; baseline 0.011 -33"><span class='ocrx_word' id='word_1_588' title='bbox 2224 2026 2636 2089; x_wconf 88' lang='lat' dir='ltr'>comparantur.</span> <span class='ocrx_word' id='word_1_589' title='bbox 2682 2021 2949 2080; x_wconf 89' lang='lat' dir='ltr'>Diadema</span> <span class='ocrx_word' id='word_1_590' title='bbox 2991 2025 3195 2100; x_wconf 89' lang='lat' dir='ltr'>quippe</span> <span class='ocrx_word' id='word_1_591' title='bbox 3246 2027 3306 2084; x_wconf 90' lang='lat' dir='ltr'>in</span> <span class='ocrx_word' id='word_1_592' title='bbox 3353 2030 3628 2102; x_wconf 89' lang='lat' dir='ltr'>superiori</span> <span class='ocrx_word' id='word_1_593' title='bbox 3675 2038 3828 2104; x_wconf 87' lang='lat' dir='ltr'>parte</span> 
     </span>
    </p>
   </div>
   <div class='ocr_carea' id='block_1_80' title="bbox 2223 2108 3828 2194">
    <p class='ocr_par' dir='ltr' id='par_1_80' title="bbox 2223 2108 3828 2194">
     <span class='ocr_line' id='line_1_80' title="bbox 2223 2108 3828 2194; baseline 0.011 -31"><span class='ocrx_word' id='word_1_594' title='bbox 2223 2108 2468 2180; x_wconf 88' lang='lat' dir='ltr'>corporis</span> <span class='ocrx_word' id='word_1_595' title='bbox 2497 2111 2518 2146; x_wconf 84' lang='grc'>⁵</span> <span class='ocrx_word' id='word_1_596' title='bbox 2549 2111 2794 2185; x_wconf 89' lang='lat' dir='ltr'>ponitur.</span> <span class='ocrx_word' id='word_1_597' title='bbox 2816 2114 3103 2194; x_wconf 23' lang='lat' dir='ltr'>Justorum.</span> <span class='ocrx_word' id='word_1_598' title='bbox 3130 2134 3258 2191; x_wconf 87' lang='lat' dir='ltr'>ergo</span> <span class='ocrx_word' id='word_1_599' title='bbox 3271 2117 3554 2191; x_wconf 88' lang='lat' dir='ltr'>judicium</span> <span class='ocrx_word' id='word_1_600' title='bbox 3572 2121 3828 2180; x_wconf 87' lang='lat' dir='ltr'>diadema</span> 
     </span>
    </p>
   </div>
   <div class='ocr_carea' id='block_1_81' title="bbox 2223 2198 3828 2284">
    <p class='ocr_par' dir='ltr' id='par_1_81' title="bbox 2223 2198 3828 2284">
     <span class='ocr_line' id='line_1_81' title="bbox 2223 2198 3828 2284; baseline 0.011 -29"><span class='ocrx_word' id='word_1_601' title='bbox 2223 2198 2451 2270; x_wconf 89' lang='lat' dir='ltr'>dicitur,</span> <span class='ocrx_word' id='word_1_602' title='bbox 2482 2204 2616 2276; x_wconf 88' lang='lat' dir='ltr'>quia</span> <span class='ocrx_word' id='word_1_603' title='bbox 2670 2221 2774 2278; x_wconf 91' lang='lat' dir='ltr'>per</span> <span class='ocrx_word' id='word_1_604' title='bbox 2831 2204 2939 2264; x_wconf 92' lang='lat' dir='ltr'>hoc</span> <span class='ocrx_word' id='word_1_605' title='bbox 2991 2223 3105 2265; x_wconf 91' lang='lat' dir='ltr'>non</span> <span class='ocrx_word' id='word_1_606' title='bbox 3152 2208 3211 2266; x_wconf 90' lang='lat' dir='ltr'>in</span> <span class='ocrx_word' id='word_1_607' title='bbox 3246 2212 3475 2268; x_wconf 88' lang='lat' dir='ltr'>terrenis</span> <span class='ocrx_word' id='word_1_608' title='bbox 3503 2219 3559 2268; x_wconf 92' lang='lat' dir='ltr'>et</span> <span class='ocrx_word' id='word_1_609' title='bbox 3593 2212 3828 2284; x_wconf 87' lang='lat' dir='ltr'>inﬁmis,</span> 
     </span>
    </p>
   </div>
   <div class='ocr_carea' id='block_1_82' title="bbox 2222 2289 3714 2376">
    <p class='ocr_par' dir='ltr' id='par_1_82' title="bbox 2222 2289 3714 2376">
     <span class='ocr_line' id='line_1_82' title="bbox 2222 2289 3714 2376; baseline 0.009 -29"><span class='ocrx_word' id='word_1_610' title='bbox 2222 2289 2318 2348; x_wconf 89' lang='lat' dir='ltr'>sed</span> <span class='ocrx_word' id='word_1_611' title='bbox 2343 2308 2563 2350; x_wconf 90' lang='lat' dir='ltr'>sursum</span> <span class='ocrx_word' id='word_1_612' title='bbox 2587 2297 2925 2353; x_wconf 89' lang='lat' dir='ltr'>remunerari</span> <span class='ocrx_word' id='word_1_613' title='bbox 2955 2299 3374 2373; x_wconf 87' lang='lat' dir='ltr'>concupiscunt.</span> <span class='ocrx_word' id='word_1_614' title='bbox 3407 2299 3668 2376; x_wconf 89' lang='lat' dir='ltr'>Sequitur</span> <span class='ocrx_word' id='word_1_615' title='bbox 3696 2317 3714 2360; x_wconf 85' lang='lat'><strong>:</strong></span> 
     </span>
    </p>
   </div>
   <div class='ocr_carea' id='block_1_83' title="bbox 2594 2492 3474 2574">
    <p class='ocr_par' dir='ltr' id='par_1_83' title="bbox 2594 2492 3474 2574">
     <span class='ocr_line' id='line_1_83' title="bbox 2594 2492 3474 2574; baseline 0.005 -22"><span class='ocrx_word' id='word_1_616' title='bbox 2594 2492 2822 2552; x_wconf 80' lang='lat' dir='ltr'><strong>CAPUT</strong></span> <span class='ocrx_word' id='word_1_617' title='bbox 2869 2495 3055 2552; x_wconf 83' lang='lat' dir='ltr'>XXIII</span> <span class='ocrx_word' id='word_1_618' title='bbox 3122 2495 3268 2571; x_wconf 85' lang='lat' dir='ltr'>[Rec.</span> <span class='ocrx_word' id='word_1_619' title='bbox 3293 2497 3474 2574; x_wconf 85' lang='lat' dir='ltr'>XIV].</span> 
     </span>
    </p>
   </div>
   <div class='ocr_carea' id='block_1_84' title="bbox 2295 2599 3822 2678">
    <p class='ocr_par' dir='ltr' id='par_1_84' title="bbox 2295 2599 3822 2678">
     <span class='ocr_line' id='line_1_84' title="bbox 2295 2599 3822 2678; baseline 0.006 -22"><span class='ocrx_word' id='word_1_620' title='bbox 2295 2599 2466 2657; x_wconf 72' lang='lat' dir='ltr'>Vnus.</span> <span class='ocrx_word' id='word_1_621' title='bbox 2497 2600 2585 2672; x_wconf 78' lang='grc'>15,</span> <span class='ocrx_word' id='word_1_622' title='bbox 2627 2601 2712 2658; x_wconf 88' lang='grc'>16.</span> <span class='ocrx_word' id='word_1_623' title='bbox 2742 2632 2814 2644; x_wconf 92' lang='grc'><strong>-</strong></span> <span class='ocrx_word' id='word_1_624' title='bbox 2845 2603 3041 2660; x_wconf 80' lang='lat' dir='ltr'>Oculus</span> <span class='ocrx_word' id='word_1_625' title='bbox 3088 2603 3174 2675; x_wconf 86' lang='lat' dir='ltr'>fui</span> <span class='ocrx_word' id='word_1_626' title='bbox 3209 2622 3362 2674; x_wconf 77' lang='lat' dir='ltr'>C(BCO,</span> <span class='ocrx_word' id='word_1_627' title='bbox 3387 2611 3438 2661; x_wconf 89' lang='lat' dir='ltr'>et</span> <span class='ocrx_word' id='word_1_628' title='bbox 3475 2621 3566 2678; x_wconf 87' lang='lat' dir='ltr'>pes</span> <span class='ocrx_word' id='word_1_629' title='bbox 3611 2608 3822 2665; x_wconf 86' lang='lat' dir='ltr'>claudo.</span> 
     </span>
    </p>
   </div>
   <div class='ocr_carea' id='block_1_85' title="bbox 2220 2688 3823 2765">
    <p class='ocr_par' dir='ltr' id='par_1_85' title="bbox 2220 2688 3823 2765">
     <span class='ocr_line' id='line_1_85' title="bbox 2220 2688 3823 2765; baseline 0.006 -21"><span class='ocrx_word' id='word_1_630' title='bbox 2220 2688 2385 2744; x_wconf 87' lang='lat' dir='ltr'>Pater</span> <span class='ocrx_word' id='word_1_631' title='bbox 2412 2705 2559 2744; x_wconf 87' lang='lat' dir='ltr'>eram</span> <span class='ocrx_word' id='word_1_632' title='bbox 2598 2707 2924 2762; x_wconf 80' lang='lat' dir='ltr'>pauperum,</span> <span class='ocrx_word' id='word_1_633' title='bbox 2955 2699 3004 2747; x_wconf 88' lang='lat' dir='ltr'>et</span> <span class='ocrx_word' id='word_1_634' title='bbox 3046 2711 3263 2750; x_wconf 87' lang='lat' dir='ltr'>causam</span> <span class='ocrx_word' id='word_1_635' title='bbox 3302 2712 3467 2765; x_wconf 85' lang='lat' dir='ltr'>quam</span> <span class='ocrx_word' id='word_1_636' title='bbox 3515 2696 3823 2765; x_wconf 79' lang='lat' dir='ltr'>nesciebam,</span> 
     </span>
    </p>
   </div>
   <div class='ocr_carea' id='block_1_86' title="bbox 2219 2778 3210 2853">
    <p class='ocr_par' dir='ltr' id='par_1_86' title="bbox 2219 2778 3210 2853">
     <span class='ocr_line' id='line_1_86' title="bbox 2219 2778 3210 2853; baseline 0.007 -21"><span class='ocrx_word' id='word_1_637' title='bbox 2219 2778 2614 2850; x_wconf 84' lang='lat' dir='ltr'>diligentissime</span> <span class='ocrx_word' id='word_1_638' title='bbox 2641 2779 3040 2853; x_wconf 77' lang='lat' dir='ltr'>inuestigabam.</span> <span class='ocrx_word' id='word_1_639' title='bbox 3207 2789 3210 2792; x_wconf 40' lang='grc' dir='ltr'><strong><em>ί</em></strong></span> 
     </span>
    </p>
   </div>
   <div class='ocr_carea' id='block_1_87' title="bbox 2288 2901 3823 2976">
    <p class='ocr_par' dir='ltr' id='par_1_87' title="bbox 2288 2901 3823 2976">
     <span class='ocr_line' id='line_1_87' title="bbox 2288 2901 3823 2976; baseline 0.007 -18"><span class='ocrx_word' id='word_1_640' title='bbox 2288 2901 2377 2959; x_wconf 88' lang='grc'><strong>36.</strong></span> <span class='ocrx_word' id='word_1_641' title='bbox 2408 2903 2562 2959; x_wconf 85' lang='lat' dir='ltr'>Bona</span> <span class='ocrx_word' id='word_1_642' title='bbox 2598 2920 2761 2976; x_wconf 84' lang='lat' dir='ltr'>opera</span> <span class='ocrx_word' id='word_1_643' title='bbox 2798 2906 2893 2962; x_wconf 82' lang='lat' dir='ltr'>etsi</span> <span class='ocrx_word' id='word_1_644' title='bbox 2921 2907 3215 2964; x_wconf 85' lang='lat' dir='ltr'>humilitate</span> <span class='ocrx_word' id='word_1_645' title='bbox 3242 2908 3578 2976; x_wconf 86' lang='lat' dir='ltr'>occultanda,</span> <span class='ocrx_word' id='word_1_646' title='bbox 3607 2911 3823 2968; x_wconf 83' lang='lat' dir='ltr'>necessi-</span> 
     </span>
    </p>
   </div>
   <div class='ocr_carea' id='block_1_88' title="bbox 2217 2994 3825 3069">
    <p class='ocr_par' dir='ltr' id='par_1_88' title="bbox 2217 2994 3825 3069">
     <span class='ocr_line' id='line_1_88' title="bbox 2217 2994 3825 3069; baseline 0.006 -21"><span class='ocrx_word' id='word_1_647' title='bbox 2217 2997 2318 3048; x_wconf 87' lang='lat' dir='ltr'>tate</span> <span class='ocrx_word' id='word_1_648' title='bbox 2338 2999 2509 3049; x_wconf 88' lang='lat' dir='ltr'>tamen</span> <span class='ocrx_word' id='word_1_649' title='bbox 2535 2994 2831 3066; x_wconf 85' lang='lat' dir='ltr'>aliquando</span> <span class='ocrx_word' id='word_1_650' title='bbox 2844 2997 3188 3069; x_wconf 84' lang='lat' dir='ltr'>publicanda.</span> <span class='ocrx_word' id='word_1_651' title='bbox 3219 3028 3290 3040; x_wconf 90' lang='lat'><strong><em>—</em></strong></span> <span class='ocrx_word' id='word_1_652' title='bbox 3318 2999 3467 3054; x_wconf 89' lang='lat' dir='ltr'>Inter</span> <span class='ocrx_word' id='word_1_653' title='bbox 3494 2997 3612 3058; x_wconf 64' lang='lat' dir='ltr'>haec</span> <span class='ocrx_word' id='word_1_654' title='bbox 3640 2999 3825 3058; x_wconf 90' lang='lat' dir='ltr'>lecto-</span> 
     </span>
    </p>
   </div>
   <div class='ocr_carea' id='block_1_89' title="bbox 2218 3079 3867 3158">
    <p class='ocr_par' dir='ltr' id='par_1_89' title="bbox 2218 3079 3867 3158">
     <span class='ocr_line' id='line_1_89' title="bbox 2218 3079 3867 3158; baseline 0.006 -22"><span class='ocrx_word' id='word_1_655' title='bbox 2218 3080 2294 3137; x_wconf 90' lang='lat' dir='ltr'>ris</span> <span class='ocrx_word' id='word_1_656' title='bbox 2322 3081 2542 3138; x_wconf 90' lang='lat' dir='ltr'>animus</span> <span class='ocrx_word' id='word_1_657' title='bbox 2567 3081 2801 3140; x_wconf 88' lang='lat' dir='ltr'>forsitan</span> <span class='ocrx_word' id='word_1_658' title='bbox 2830 3093 3040 3158; x_wconf 68' lang='lat' dir='ltr'>quaerat</span> <span class='ocrx_word' id='word_1_659' title='bbox 3065 3102 3166 3144; x_wconf 89' lang='lat' dir='ltr'>cur</span> <span class='ocrx_word' id='word_1_660' title='bbox 3193 3085 3390 3144; x_wconf 88' lang='lat' dir='ltr'>beatus</span> <span class='ocrx_word' id='word_1_661' title='bbox 3415 3087 3444 3143; x_wconf 77' lang='grc' dir='ltr'><strong>Ι</strong></span> <span class='ocrx_word' id='word_1_662' title='bbox 3457 3087 3527 3143; x_wconf 92' lang='lat' dir='ltr'>ob</span> <span class='ocrx_word' id='word_1_663' title='bbox 3557 3103 3682 3145; x_wconf 88' lang='lat' dir='ltr'>suas</span> <span class='ocrx_word' id='word_1_664' title='bbox 3707 3095 3824 3146; x_wconf 87' lang='lat' dir='ltr'>tam</span> <span class='ocrx_word' id='word_1_665' title='bbox 3865 3079 3867 3081; x_wconf 57' lang='grc'><em>’</em></span> 
     </span>
    </p>
   </div>
   <div class='ocr_carea' id='block_1_90' title="bbox 2218 3168 3824 3254">
    <p class='ocr_par' dir='ltr' id='par_1_90' title="bbox 2218 3168 3824 3254">
     <span class='ocr_line' id='line_1_90' title="bbox 2218 3168 3824 3254; baseline 0.006 -30"><span class='ocrx_word' id='word_1_666' title='bbox 2218 3168 2496 3227; x_wconf 90' lang='lat' dir='ltr'>subtiliter</span> <span class='ocrx_word' id='word_1_667' title='bbox 2523 3171 2757 3228; x_wconf 88' lang='lat' dir='ltr'>virtutes</span> <span class='ocrx_word' id='word_1_668' title='bbox 2785 3182 3088 3231; x_wconf 77' lang='lat' dir='ltr'>enumerat.</span> <span class='ocrx_word' id='word_1_669' title='bbox 3130 3179 3277 3238; x_wconf 86' lang='lat'>623</span> <span class='ocrx_word' id='word_1_670' title='bbox 3303 3175 3634 3235; x_wconf 87' lang='lat' dir='ltr'>Sanctorum</span> <span class='ocrx_word' id='word_1_671' title='bbox 3663 3178 3824 3254; x_wconf 62' lang='lat' dir='ltr'>quip.</span> 
     </span>
    </p>
   </div>
   <div class='ocr_carea' id='block_1_91' title="bbox 2217 3266 3824 3343">
    <p class='ocr_par' dir='ltr' id='par_1_91' title="bbox 2217 3266 3824 3343">
     <span class='ocr_line' id='line_1_91' title="bbox 2217 3266 3824 3343; baseline 0.009 -23"><span class='ocrx_word' id='word_1_672' title='bbox 2217 3282 2281 3338; x_wconf 92' lang='lat' dir='ltr'>pe</span> <span class='ocrx_word' id='word_1_673' title='bbox 2311 3266 2560 3323; x_wconf 92' lang='lat' dir='ltr'>virorum</span> <span class='ocrx_word' id='word_1_674' title='bbox 2592 3275 2674 3324; x_wconf 90' lang='lat' dir='ltr'>est</span> <span class='ocrx_word' id='word_1_675' title='bbox 2687 3267 2832 3324; x_wconf 91' lang='lat' dir='ltr'>bona</span> <span class='ocrx_word' id='word_1_676' title='bbox 2860 3285 2983 3342; x_wconf 65' lang='lat' dir='ltr'>quae</span> <span class='ocrx_word' id='word_1_677' title='bbox 3013 3270 3245 3329; x_wconf 84' lang='lat' dir='ltr'>fecerint</span> <span class='ocrx_word' id='word_1_678' title='bbox 3263 3273 3564 3343; x_wconf 89' lang='lat' dir='ltr'>occultare,</span> <span class='ocrx_word' id='word_1_679' title='bbox 3593 3291 3664 3332; x_wconf 90' lang='lat' dir='ltr'>ne</span> <span class='ocrx_word' id='word_1_680' title='bbox 3693 3292 3824 3334; x_wconf 84' lang='lat' dir='ltr'>con-</span> 
     </span>
    </p>
   </div>
   <div class='ocr_carea' id='block_1_92' title="bbox 2214 3353 3935 3438">
    <p class='ocr_par' dir='ltr' id='par_1_92' title="bbox 2214 3353 3935 3438">
     <span class='ocr_line' id='line_1_92' title="bbox 2214 3353 3935 3438; baseline 0.008 -28"><span class='ocrx_word' id='word_1_681' title='bbox 2214 3353 2391 3427; x_wconf 88' lang='lat' dir='ltr'>tingat</span> <span class='ocrx_word' id='word_1_682' title='bbox 2417 3371 2513 3412; x_wconf 91' lang='lat' dir='ltr'>eos</span> <span class='ocrx_word' id='word_1_683' title='bbox 2540 3357 2754 3428; x_wconf 89' lang='lat' dir='ltr'>lapsum</span> <span class='ocrx_word' id='word_1_684' title='bbox 2784 3357 3042 3416; x_wconf 90' lang='lat' dir='ltr'>elationis</span> <span class='ocrx_word' id='word_1_685' title='bbox 3071 3359 3384 3418; x_wconf 90' lang='lat' dir='ltr'>incurrere.</span> <span class='ocrx_word' id='word_1_686' title='bbox 3418 3363 3576 3420; x_wconf 92' lang='lat' dir='ltr'>Unde</span> <span class='ocrx_word' id='word_1_687' title='bbox 3604 3380 3702 3438; x_wconf 89' lang='lat' dir='ltr'>per</span> <span class='ocrx_word' id='word_1_688' title='bbox 3727 3381 3826 3422; x_wconf 90' lang='lat' dir='ltr'>se-</span> <span class='ocrx_word' id='word_1_689' title='bbox 3923 3361 3935 3372; x_wconf 60' lang='lat'><em>&#39;</em></span> 
     </span>
    </p>
   </div>
   <div class='ocr_carea' id='block_1_93' title="bbox 2215 3442 3823 3522">
    <p class='ocr_par' dir='ltr' id='par_1_93' title="bbox 2215 3442 3823 3522">
     <span class='ocr_line' id='line_1_93' title="bbox 2215 3442 3823 3522; baseline 0.009 -25"><span class='ocrx_word' id='word_1_690' title='bbox 2215 3442 2504 3516; x_wconf 88' lang='lat' dir='ltr'>metipsam</span> <span class='ocrx_word' id='word_1_691' title='bbox 2521 3443 2739 3501; x_wconf 86' lang='lat' dir='ltr'>Veritas</span> <span class='ocrx_word' id='word_1_692' title='bbox 2753 3444 2891 3504; x_wconf 83' lang='lat' dir='ltr'>dicit</span> <span class='ocrx_word' id='word_1_693' title='bbox 2914 3465 2926 3502; x_wconf 90' lang='lat'><strong>:</strong></span> <span class='ocrx_word' id='word_1_694' title='bbox 2945 3447 3212 3506; x_wconf 85' lang='lat' dir='ltr'>Attendite</span> <span class='ocrx_word' id='word_1_695' title='bbox 3223 3467 3288 3507; x_wconf 85' lang='lat' dir='ltr'>ne</span> <span class='ocrx_word' id='word_1_696' title='bbox 3297 3450 3567 3522; x_wconf 85' lang='lat' dir='ltr'>justitiam</span> <span class='ocrx_word' id='word_1_697' title='bbox 3595 3459 3823 3511; x_wconf 76' lang='lat' dir='ltr'>uestram</span> 
     </span>
    </p>
   </div>
   <div class='ocr_carea' id='block_1_94' title="bbox 2213 3531 3818 3617">
    <p class='ocr_par' dir='ltr' id='par_1_94' title="bbox 2213 3531 3818 3617">
     <span class='ocr_line' id='line_1_94' title="bbox 2213 3531 3818 3617; baseline 0.008 -30"><span class='ocrx_word' id='word_1_698' title='bbox 2213 3531 2430 3603; x_wconf 84' lang='lat' dir='ltr'>faciatis</span> <span class='ocrx_word' id='word_1_699' title='bbox 2455 3549 2635 3589; x_wconf 90' lang='lat' dir='ltr'>coram</span> <span class='ocrx_word' id='word_1_700' title='bbox 2653 3535 2972 3604; x_wconf 87' lang='lat' dir='ltr'>hominibus,</span> <span class='ocrx_word' id='word_1_701' title='bbox 3003 3544 3063 3594; x_wconf 88' lang='lat' dir='ltr'>ut</span> <span class='ocrx_word' id='word_1_702' title='bbox 3083 3539 3372 3596; x_wconf 80' lang='lat' dir='ltr'>videamini</span> <span class='ocrx_word' id='word_1_703' title='bbox 3397 3541 3464 3598; x_wconf 91' lang='lat' dir='ltr'>ab</span> <span class='ocrx_word' id='word_1_704' title='bbox 3492 3544 3570 3600; x_wconf 85' lang='lat' dir='ltr'>eis</span> <span class='ocrx_word' id='word_1_705' title='bbox 3595 3545 3818 3617; x_wconf 77' lang='lat' dir='ltr'>(Matth.</span> 
     </span>
    </p>
   </div>
   <div class='ocr_carea' id='block_1_95' title="bbox 2214 3622 3819 3705">
    <p class='ocr_par' dir='ltr' id='par_1_95' title="bbox 2214 3622 3819 3705">
     <span class='ocr_line' id='line_1_95' title="bbox 2214 3622 3819 3705; baseline 0.008 -28"><span class='ocrx_word' id='word_1_706' title='bbox 2214 3637 2294 3689; x_wconf 82' lang='lat' dir='ltr'>v1,</span> <span class='ocrx_word' id='word_1_707' title='bbox 2328 3622 2405 3694; x_wconf 89' lang='grc'>1).</span> <span class='ocrx_word' id='word_1_708' title='bbox 2441 3622 2582 3680; x_wconf 89' lang='lat' dir='ltr'>Hinc</span> <span class='ocrx_word' id='word_1_709' title='bbox 2609 3631 2692 3680; x_wconf 92' lang='lat' dir='ltr'>est</span> <span class='ocrx_word' id='word_1_710' title='bbox 2719 3624 2885 3681; x_wconf 90' lang='lat' dir='ltr'>etiam</span> <span class='ocrx_word' id='word_1_711' title='bbox 2915 3626 3065 3699; x_wconf 89' lang='lat' dir='ltr'>quod</span> <span class='ocrx_word' id='word_1_712' title='bbox 3105 3627 3245 3686; x_wconf 89' lang='lat' dir='ltr'>duos</span> <span class='ocrx_word' id='word_1_713' title='bbox 3284 3646 3458 3688; x_wconf 68' lang='lat' dir='ltr'>czecos</span> <span class='ocrx_word' id='word_1_714' title='bbox 3479 3631 3642 3705; x_wconf 81' lang='lat' dir='ltr'>juxta</span> <span class='ocrx_word' id='word_1_715' title='bbox 3669 3631 3819 3690; x_wconf 88' lang='lat' dir='ltr'>viam</span> 
     </span>
    </p>
   </div>
   <div class='ocr_carea' id='block_1_96' title="bbox 2215 3711 3820 3797">
    <p class='ocr_par' dir='ltr' id='par_1_96' title="bbox 2215 3711 3820 3797">
     <span class='ocr_line' id='line_1_96' title="bbox 2215 3711 3820 3797; baseline 0.008 -29"><span class='ocrx_word' id='word_1_716' title='bbox 2215 3711 2464 3770; x_wconf 89' lang='lat' dir='ltr'>sedentes</span> <span class='ocrx_word' id='word_1_717' title='bbox 2492 3713 2837 3786; x_wconf 89' lang='lat' dir='ltr'>illuminans,</span> <span class='ocrx_word' id='word_1_718' title='bbox 2868 3720 3129 3794; x_wconf 83' lang='lat' dir='ltr'>praecepit</span> <span class='ocrx_word' id='word_1_719' title='bbox 3155 3721 3382 3780; x_wconf 89' lang='lat' dir='ltr'>dicens:</span> <span class='ocrx_word' id='word_1_720' title='bbox 3424 3725 3597 3782; x_wconf 79' lang='lat' dir='ltr'>Videte</span> <span class='ocrx_word' id='word_1_721' title='bbox 3619 3742 3684 3780; x_wconf 84' lang='lat' dir='ltr'>ne</span> <span class='ocrx_word' id='word_1_722' title='bbox 3701 3725 3820 3797; x_wconf 80' lang='lat' dir='ltr'>quis</span> 
     </span>
    </p>
   </div>
   <div class='ocr_carea' id='block_1_97' title="bbox 2214 3801 3821 3886">
    <p class='ocr_par' dir='ltr' id='par_1_97' title="bbox 2214 3801 3821 3886">
     <span class='ocr_line' id='line_1_97' title="bbox 2214 3801 3821 3886; baseline 0.009 -30"><span class='ocrx_word' id='word_1_723' title='bbox 2214 3801 2346 3858; x_wconf 90' lang='lat' dir='ltr'>sciat</span> <span class='ocrx_word' id='word_1_724' title='bbox 2362 3803 2572 3874; x_wconf 82' lang='lat' dir='ltr'>(Matth.</span> <span class='ocrx_word' id='word_1_725' title='bbox 2593 3803 2772 3878; x_wconf 85' lang='lat' dir='ltr'>Ix,30)</span> <span class='ocrx_word' id='word_1_726' title='bbox 2783 3849 2795 3862; x_wconf 93' lang='lat'>.</span> <span class='ocrx_word' id='word_1_727' title='bbox 2820 3808 2898 3863; x_wconf 93' lang='lat' dir='ltr'>De</span> <span class='ocrx_word' id='word_1_728' title='bbox 2913 3809 3115 3881; x_wconf 88' lang='lat' dir='ltr'>quibus</span> <span class='ocrx_word' id='word_1_729' title='bbox 3133 3810 3285 3868; x_wconf 91' lang='lat' dir='ltr'>illico</span> <span class='ocrx_word' id='word_1_730' title='bbox 3301 3810 3571 3884; x_wconf 88' lang='lat' dir='ltr'>scriptum</span> <span class='ocrx_word' id='word_1_731' title='bbox 3587 3820 3670 3869; x_wconf 87' lang='lat' dir='ltr'>est</span> <span class='ocrx_word' id='word_1_732' title='bbox 3689 3815 3821 3886; x_wconf 87' lang='lat' dir='ltr'>quia</span> 
     </span>
    </p>
   </div>
   <div class='ocr_carea' id='block_1_98' title="bbox 2215 3899 3815 3980">
    <p class='ocr_par' dir='ltr' id='par_1_98' title="bbox 2215 3899 3815 3980">
     <span class='ocr_line' id='line_1_98' title="bbox 2215 3899 3815 3980; baseline 0.008 -26"><span class='ocrx_word' id='word_1_733' title='bbox 2215 3899 2299 3955; x_wconf 89' lang='lat' dir='ltr'>illi</span> <span class='ocrx_word' id='word_1_734' title='bbox 2328 3900 2592 3957; x_wconf 89' lang='lat' dir='ltr'>abeuntes</span> <span class='ocrx_word' id='word_1_735' title='bbox 2620 3900 3050 3960; x_wconf 84' lang='lat' dir='ltr'>diffamaverunt</span> <span class='ocrx_word' id='word_1_736' title='bbox 3065 3920 3190 3962; x_wconf 90' lang='lat' dir='ltr'>eum</span> <span class='ocrx_word' id='word_1_737' title='bbox 3208 3923 3306 3980; x_wconf 91' lang='lat' dir='ltr'>per</span> <span class='ocrx_word' id='word_1_738' title='bbox 3322 3915 3495 3964; x_wconf 90' lang='lat' dir='ltr'>totam</span> <span class='ocrx_word' id='word_1_739' title='bbox 3526 3915 3729 3965; x_wconf 88' lang='lat' dir='ltr'>terram</span> <span class='ocrx_word' id='word_1_740' title='bbox 3750 3911 3815 3967; x_wconf 89' lang='lat' dir='ltr'>il-</span> 
     </span>
    </p>
   </div>
   <div class='ocr_carea' id='block_1_99' title="bbox 2215 3987 3816 4073">
    <p class='ocr_par' dir='ltr' id='par_1_99' title="bbox 2215 3987 3816 4073">
     <span class='ocr_line' id='line_1_99' title="bbox 2215 3987 3816 4073; baseline 0.009 -30"><span class='ocrx_word' id='word_1_741' title='bbox 2215 3989 2343 4044; x_wconf 87' lang='lat' dir='ltr'>lam.</span> <span class='ocrx_word' id='word_1_742' title='bbox 2377 3987 2482 4045; x_wconf 90' lang='lat' dir='ltr'>Sed</span> <span class='ocrx_word' id='word_1_743' title='bbox 2510 3990 2864 4062; x_wconf 71' lang='lat' dir='ltr'>quaerendum</span> <span class='ocrx_word' id='word_1_744' title='bbox 2895 3993 3056 4049; x_wconf 91' lang='lat' dir='ltr'>nobis</span> <span class='ocrx_word' id='word_1_745' title='bbox 3082 4001 3164 4050; x_wconf 90' lang='lat' dir='ltr'>est</span> <span class='ocrx_word' id='word_1_746' title='bbox 3206 3995 3340 4068; x_wconf 90' lang='lat' dir='ltr'>quid</span> <span class='ocrx_word' id='word_1_747' title='bbox 3394 3996 3469 4053; x_wconf 88' lang='lat' dir='ltr'>sit</span> <span class='ocrx_word' id='word_1_748' title='bbox 3509 3996 3616 4055; x_wconf 93' lang='lat' dir='ltr'>hoc</span> <span class='ocrx_word' id='word_1_749' title='bbox 3665 3999 3816 4073; x_wconf 90' lang='lat' dir='ltr'>quod</span> 
     </span>
    </p>
   </div>
   <div class='ocr_carea' id='block_1_100' title="bbox 2214 4077 3814 4158">
    <p class='ocr_par' dir='ltr' id='par_1_100' title="bbox 2214 4077 3814 4158">
     <span class='ocr_line' id='line_1_100' title="bbox 2214 4077 3814 4158; baseline 0.009 -26"><span class='ocrx_word' id='word_1_750' title='bbox 2214 4077 2330 4149; x_wconf 87' lang='lat' dir='ltr'>ipse</span> <span class='ocrx_word' id='word_1_751' title='bbox 2359 4077 2739 4150; x_wconf 90' lang='lat' dir='ltr'>Omnipotens,</span> <span class='ocrx_word' id='word_1_752' title='bbox 2760 4079 2850 4137; x_wconf 88' lang='lat' dir='ltr'>cui</span> <span class='ocrx_word' id='word_1_753' title='bbox 2867 4079 2974 4138; x_wconf 92' lang='lat' dir='ltr'>hoc</span> <span class='ocrx_word' id='word_1_754' title='bbox 2992 4089 3076 4137; x_wconf 90' lang='lat' dir='ltr'>est</span> <span class='ocrx_word' id='word_1_755' title='bbox 3102 4083 3245 4139; x_wconf 89' lang='lat' dir='ltr'>velle</span> <span class='ocrx_word' id='word_1_756' title='bbox 3274 4084 3424 4157; x_wconf 93' lang='lat' dir='ltr'>quod</span> <span class='ocrx_word' id='word_1_757' title='bbox 3443 4101 3623 4158; x_wconf 88' lang='lat' dir='ltr'>posse,</span> <span class='ocrx_word' id='word_1_758' title='bbox 3655 4095 3710 4146; x_wconf 91' lang='lat' dir='ltr'>et</span> <span class='ocrx_word' id='word_1_759' title='bbox 3737 4095 3814 4146; x_wconf 87' lang='lat' dir='ltr'>ta-</span> 
     </span>
    </p>
   </div>
   <div class='ocr_carea' id='block_1_101' title="bbox 2214 4160 3817 4250">
    <p class='ocr_par' dir='ltr' id='par_1_101' title="bbox 2214 4160 3817 4250">
     <span class='ocr_line' id='line_1_101' title="bbox 2214 4160 3817 4250; baseline 0.007 -26"><span class='ocrx_word' id='word_1_760' title='bbox 2214 4165 2325 4224; x_wconf 87' lang='lat' dir='ltr'>ceri</span> <span class='ocrx_word' id='word_1_761' title='bbox 2354 4166 2588 4224; x_wconf 87' lang='lat' dir='ltr'>virtutes</span> <span class='ocrx_word' id='word_1_762' title='bbox 2615 4184 2740 4227; x_wconf 90' lang='lat' dir='ltr'>suas</span> <span class='ocrx_word' id='word_1_763' title='bbox 2769 4160 2976 4241; x_wconf 78' lang='lat' dir='ltr'>valuit,</span> <span class='ocrx_word' id='word_1_764' title='bbox 2998 4180 3054 4229; x_wconf 92' lang='lat' dir='ltr'>et</span> <span class='ocrx_word' id='word_1_765' title='bbox 3072 4179 3262 4230; x_wconf 90' lang='lat' dir='ltr'>tamen</span> <span class='ocrx_word' id='word_1_766' title='bbox 3293 4165 3362 4230; x_wconf 82' lang='lat' dir='ltr'>ab</span> <span class='ocrx_word' id='word_1_767' title='bbox 3379 4173 3468 4232; x_wconf 91' lang='lat' dir='ltr'>his</span> <span class='ocrx_word' id='word_1_768' title='bbox 3483 4177 3574 4250; x_wconf 91' lang='lat' dir='ltr'>qui</span> <span class='ocrx_word' id='word_1_769' title='bbox 3593 4177 3817 4235; x_wconf 90' lang='lat' dir='ltr'>illumi-</span> 
     </span>
    </p>
   </div>
   <div class='ocr_carea' id='block_1_102' title="bbox 2215 4255 3816 4340">
    <p class='ocr_par' dir='ltr' id='par_1_102' title="bbox 2215 4255 3816 4340">
     <span class='ocr_line' id='line_1_102' title="bbox 2215 4255 3816 4340; baseline 0.009 -29"><span class='ocrx_word' id='word_1_770' title='bbox 2215 4255 2328 4312; x_wconf 88' lang='lat' dir='ltr'>nati</span> <span class='ocrx_word' id='word_1_771' title='bbox 2360 4263 2489 4311; x_wconf 90' lang='lat' dir='ltr'>sunt</span> <span class='ocrx_word' id='word_1_772' title='bbox 2516 4257 2672 4330; x_wconf 89' lang='lat' dir='ltr'>quasi</span> <span class='ocrx_word' id='word_1_773' title='bbox 2706 4257 2921 4317; x_wconf 89' lang='lat' dir='ltr'>invitus</span> <span class='ocrx_word' id='word_1_774' title='bbox 2950 4260 3252 4332; x_wconf 89' lang='lat' dir='ltr'>indicatur,</span> <span class='ocrx_word' id='word_1_775' title='bbox 3282 4263 3391 4320; x_wconf 90' lang='lat' dir='ltr'>nisi</span> <span class='ocrx_word' id='word_1_776' title='bbox 3448 4265 3596 4340; x_wconf 88' lang='lat' dir='ltr'>quod</span> <span class='ocrx_word' id='word_1_777' title='bbox 3641 4267 3816 4326; x_wconf 89' lang='lat' dir='ltr'>servis</span> 
     </span>
    </p>
   </div>
   <div class='ocr_carea' id='block_1_103' title="bbox 2215 4343 3814 4431">
    <p class='ocr_par' dir='ltr' id='par_1_103' title="bbox 2215 4343 3814 4431">
     <span class='ocr_line' id='line_1_103' title="bbox 2215 4343 3814 4431; baseline 0.008 -31"><span class='ocrx_word' id='word_1_778' title='bbox 2215 4343 2330 4401; x_wconf 90' lang='lat' dir='ltr'>suis</span> <span class='ocrx_word' id='word_1_779' title='bbox 2357 4359 2414 4400; x_wconf 89' lang='lat' dir='ltr'>se</span> <span class='ocrx_word' id='word_1_780' title='bbox 2445 4347 2800 4419; x_wconf 87' lang='lat' dir='ltr'>sequentibus</span> <span class='ocrx_word' id='word_1_781' title='bbox 2828 4351 3145 4424; x_wconf 84' lang='lat' dir='ltr'>exemplum</span> <span class='ocrx_word' id='word_1_782' title='bbox 3166 4351 3340 4424; x_wconf 86' lang='lat' dir='ltr'>dedit,</span> <span class='ocrx_word' id='word_1_783' title='bbox 3362 4361 3425 4411; x_wconf 89' lang='lat' dir='ltr'>ut</span> <span class='ocrx_word' id='word_1_784' title='bbox 3453 4354 3557 4428; x_wconf 90' lang='lat' dir='ltr'>ipsi</span> <span class='ocrx_word' id='word_1_785' title='bbox 3589 4355 3814 4431; x_wconf 88' lang='lat' dir='ltr'>quidem</span> 
     </span>
    </p>
   </div>
   <div class='ocr_carea' id='block_1_104' title="bbox 2215 4433 3816 4514">
    <p class='ocr_par' dir='ltr' id='par_1_104' title="bbox 2215 4433 3816 4514">
     <span class='ocr_line' id='line_1_104' title="bbox 2215 4433 3816 4514; baseline 0.008 -25"><span class='ocrx_word' id='word_1_786' title='bbox 2215 4433 2448 4491; x_wconf 89' lang='lat' dir='ltr'>virtutes</span> <span class='ocrx_word' id='word_1_787' title='bbox 2476 4451 2602 4492; x_wconf 88' lang='lat' dir='ltr'>suas</span> <span class='ocrx_word' id='word_1_788' title='bbox 2628 4438 2896 4495; x_wconf 88' lang='lat' dir='ltr'>occultari</span> <span class='ocrx_word' id='word_1_789' title='bbox 2925 4439 3260 4511; x_wconf 88' lang='lat' dir='ltr'>desiderent,</span> <span class='ocrx_word' id='word_1_790' title='bbox 3289 4449 3344 4499; x_wconf 89' lang='lat' dir='ltr'>et</span> <span class='ocrx_word' id='word_1_791' title='bbox 3399 4450 3608 4514; x_wconf 90' lang='lat' dir='ltr'>tamen,</span> <span class='ocrx_word' id='word_1_792' title='bbox 3629 4452 3692 4502; x_wconf 89' lang='lat' dir='ltr'>ut</span> <span class='ocrx_word' id='word_1_793' title='bbox 3719 4443 3816 4502; x_wconf 90' lang='lat' dir='ltr'>alii</span> 
     </span>
    </p>
   </div>
   <div class='ocr_carea' id='block_1_105' title="bbox 2211 4527 3817 4605">
    <p class='ocr_par' dir='ltr' id='par_1_105' title="bbox 2211 4527 3817 4605">
     <span class='ocr_line' id='line_1_105' title="bbox 2211 4527 3817 4605; baseline 0.007 -25"><span class='ocrx_word' id='word_1_794' title='bbox 2211 4540 2402 4582; x_wconf 90' lang='lat' dir='ltr'>eorum</span> <span class='ocrx_word' id='word_1_795' title='bbox 2433 4527 2687 4600; x_wconf 90' lang='lat' dir='ltr'>exemplo</span> <span class='ocrx_word' id='word_1_796' title='bbox 2717 4529 3030 4602; x_wconf 86' lang='lat' dir='ltr'>proﬁciant,</span> <span class='ocrx_word' id='word_1_797' title='bbox 3063 4530 3370 4604; x_wconf 87' lang='lat' dir='ltr'>prodantur</span> <span class='ocrx_word' id='word_1_798' title='bbox 3389 4532 3578 4605; x_wconf 89' lang='lat' dir='ltr'>inviti,</span> <span class='ocrx_word' id='word_1_799' title='bbox 3601 4543 3656 4590; x_wconf 89' lang='lat' dir='ltr'>et</span> <span class='ocrx_word' id='word_1_800' title='bbox 3670 4533 3817 4591; x_wconf 84' lang='lat' dir='ltr'>facta</span> 
     </span>
    </p>
   </div>
   <div class='ocr_carea' id='block_1_106' title="bbox 2217 4613 3812 4694">
    <p class='ocr_par' dir='ltr' id='par_1_106' title="bbox 2217 4613 3812 4694">
     <span class='ocr_line' id='line_1_106' title="bbox 2217 4613 3812 4694; baseline 0.006 -25"><span class='ocrx_word' id='word_1_801' title='bbox 2217 4613 2442 4687; x_wconf 88' lang='lat' dir='ltr'>quidem</span> <span class='ocrx_word' id='word_1_802' title='bbox 2471 4631 2570 4672; x_wconf 91' lang='lat' dir='ltr'>sua</span> <span class='ocrx_word' id='word_1_803' title='bbox 2596 4617 2928 4676; x_wconf 85' lang='lat' dir='ltr'>occultando</span> <span class='ocrx_word' id='word_1_804' title='bbox 2956 4619 3166 4694; x_wconf 89' lang='lat' dir='ltr'>seipsos</span> <span class='ocrx_word' id='word_1_805' title='bbox 3195 4621 3528 4691; x_wconf 87' lang='lat' dir='ltr'>custodiant,</span> <span class='ocrx_word' id='word_1_806' title='bbox 3557 4620 3650 4678; x_wconf 88' lang='lat' dir='ltr'>sed</span> <span class='ocrx_word' id='word_1_807' title='bbox 3679 4620 3812 4678; x_wconf 90' lang='lat' dir='ltr'>dum</span> 
     </span>
    </p>
   </div>
   <div class='ocr_carea' id='block_1_107' title="bbox 2217 4703 3815 4785">
    <p class='ocr_par' dir='ltr' id='par_1_107' title="bbox 2217 4703 3815 4785">
     <span class='ocr_line' id='line_1_107' title="bbox 2217 4703 3815 4785; baseline 0.006 -26"><span class='ocrx_word' id='word_1_808' title='bbox 2217 4703 2530 4774; x_wconf 90' lang='lat' dir='ltr'>produntur</span> <span class='ocrx_word' id='word_1_809' title='bbox 2557 4703 2747 4776; x_wconf 91' lang='lat' dir='ltr'>inviti,</span> <span class='ocrx_word' id='word_1_810' title='bbox 2775 4706 2922 4766; x_wconf 89' lang='lat' dir='ltr'>bona</span> <span class='ocrx_word' id='word_1_811' title='bbox 2949 4709 3017 4764; x_wconf 89' lang='lat' dir='ltr'>ad</span> <span class='ocrx_word' id='word_1_812' title='bbox 3058 4710 3346 4784; x_wconf 77' lang='lat' dir='ltr'>proximos</span> <span class='ocrx_word' id='word_1_813' title='bbox 3387 4726 3516 4767; x_wconf 87' lang='lat' dir='ltr'>suos</span> <span class='ocrx_word' id='word_1_814' title='bbox 3561 4712 3815 4785; x_wconf 89' lang='lat' dir='ltr'>exempla</span> 
     </span>
    </p>
   </div>
   <div class='ocr_carea' id='block_1_108' title="bbox 2215 4795 3903 4870">
    <p class='ocr_par' dir='ltr' id='par_1_108' title="bbox 2215 4795 3903 4870">
     <span class='ocr_line' id='line_1_108' title="bbox 2215 4795 3903 4870; baseline 0.007 -22"><span class='ocrx_word' id='word_1_815' title='bbox 2215 4795 2612 4852; x_wconf 88' lang='lat' dir='ltr'>transmittant.</span> <span class='ocrx_word' id='word_1_816' title='bbox 2645 4797 3011 4855; x_wconf 88' lang='lat' dir='ltr'>Occultentur</span> <span class='ocrx_word' id='word_1_817' title='bbox 3056 4815 3185 4870; x_wconf 89' lang='lat' dir='ltr'>ergo</span> <span class='ocrx_word' id='word_1_818' title='bbox 3238 4797 3444 4868; x_wconf 87' lang='lat' dir='ltr'>studio,</span> <span class='ocrx_word' id='word_1_819' title='bbox 3487 4798 3814 4860; x_wconf 87' lang='lat' dir='ltr'>necessitate</span> <span class='ocrx_word' id='word_1_820' title='bbox 3889 4822 3903 4835; x_wconf 69' lang='grc' dir='ltr'><strong>ν</strong></span> 
     </span>
    </p>
   </div>
   <div class='ocr_carea' id='block_1_109' title="bbox 2213 4886 3815 4967">
    <p class='ocr_par' dir='ltr' id='par_1_109' title="bbox 2213 4886 3815 4967">
     <span class='ocr_line' id='line_1_109' title="bbox 2213 4886 3815 4967; baseline 0.005 -25"><span class='ocrx_word' id='word_1_821' title='bbox 2213 4886 2596 4958; x_wconf 86' lang='lat' dir='ltr'>publicentur;</span> <span class='ocrx_word' id='word_1_822' title='bbox 2629 4894 2685 4942; x_wconf 88' lang='lat' dir='ltr'>et</span> <span class='ocrx_word' id='word_1_823' title='bbox 2711 4903 2902 4945; x_wconf 89' lang='lat' dir='ltr'>eorum</span> <span class='ocrx_word' id='word_1_824' title='bbox 2933 4888 3230 4946; x_wconf 88' lang='lat' dir='ltr'>occultatio</span> <span class='ocrx_word' id='word_1_825' title='bbox 3281 4889 3356 4948; x_wconf 87' lang='lat' dir='ltr'>sit</span> <span class='ocrx_word' id='word_1_826' title='bbox 3381 4891 3634 4950; x_wconf 88' lang='lat' dir='ltr'>custodia</span> <span class='ocrx_word' id='word_1_827' title='bbox 3675 4909 3815 4967; x_wconf 89' lang='lat' dir='ltr'>pro-</span> 
     </span>
    </p>
   </div>
   <div class='ocr_carea' id='block_1_110' title="bbox 2213 4976 3812 5050">
    <p class='ocr_par' dir='ltr' id='par_1_110' title="bbox 2213 4976 3812 5050">
     <span class='ocr_line' id='line_1_110' title="bbox 2213 4976 3812 5050; baseline 0.004 -18"><span class='ocrx_word' id='word_1_828' title='bbox 2213 4976 2352 5050; x_wconf 91' lang='lat' dir='ltr'>pria,</span> <span class='ocrx_word' id='word_1_829' title='bbox 2374 4992 2673 5050; x_wconf 87' lang='lat' dir='ltr'>eorumque</span> <span class='ocrx_word' id='word_1_830' title='bbox 2703 4976 3006 5050; x_wconf 89' lang='lat' dir='ltr'>publicatio</span> <span class='ocrx_word' id='word_1_831' title='bbox 3025 4976 3098 5033; x_wconf 91' lang='lat' dir='ltr'>sit</span> <span class='ocrx_word' id='word_1_832' title='bbox 3125 4977 3342 5037; x_wconf 85' lang='lat' dir='ltr'>utilitas</span> <span class='ocrx_word' id='word_1_833' title='bbox 3355 4979 3554 5038; x_wconf 88' lang='lat' dir='ltr'>aliena.</span> <span class='ocrx_word' id='word_1_834' title='bbox 3572 4981 3812 5041; x_wconf 83' lang='lat' dir='ltr'>Rursum</span> 
     </span>
    </p>
   </div>
   <div class='ocr_carea' id='block_1_111' title="bbox 2212 5064 3811 5144">
    <p class='ocr_par' dir='ltr' id='par_1_111' title="bbox 2212 5064 3811 5144">
     <span class='ocr_line' id='line_1_111' title="bbox 2212 5064 3811 5144; baseline 0.006 -25"><span class='ocrx_word' id='word_1_835' title='bbox 2212 5065 2339 5138; x_wconf 90' lang='lat' dir='ltr'>quia</span> <span class='ocrx_word' id='word_1_836' title='bbox 2367 5064 2635 5138; x_wconf 89' lang='lat' dir='ltr'>scriptum</span> <span class='ocrx_word' id='word_1_837' title='bbox 2663 5072 2746 5122; x_wconf 89' lang='lat' dir='ltr'>est</span> <span class='ocrx_word' id='word_1_838' title='bbox 2778 5083 2791 5122; x_wconf 90' lang='lat'>:</span> <span class='ocrx_word' id='word_1_839' title='bbox 2824 5067 3001 5140; x_wconf 85' lang='lat' dir='ltr'>Neque</span> <span class='ocrx_word' id='word_1_840' title='bbox 3024 5067 3315 5125; x_wconf 78' lang='lat' dir='ltr'>accendunt</span> <span class='ocrx_word' id='word_1_841' title='bbox 3344 5070 3631 5138; x_wconf 79' lang='lat' dir='ltr'>lucemam,</span> <span class='ocrx_word' id='word_1_842' title='bbox 3649 5078 3698 5128; x_wconf 85' lang='lat' dir='ltr'>et</span> <span class='ocrx_word' id='word_1_843' title='bbox 3717 5087 3811 5144; x_wconf 83' lang='lat' dir='ltr'>po-</span> 
     </span>
    </p>
   </div>
   <div class='ocr_carea' id='block_1_112' title="bbox 2210 5154 3802 5229">
    <p class='ocr_par' dir='ltr' id='par_1_112' title="bbox 2210 5154 3802 5229">
     <span class='ocr_line' id='line_1_112' title="bbox 2210 5154 3802 5229; baseline 0.004 -19"><span class='ocrx_word' id='word_1_844' title='bbox 2210 5159 2346 5210; x_wconf 85' lang='lat' dir='ltr'>nunt</span> <span class='ocrx_word' id='word_1_845' title='bbox 2369 5171 2485 5212; x_wconf 89' lang='lat' dir='ltr'>eam</span> <span class='ocrx_word' id='word_1_846' title='bbox 2513 5157 2536 5193; x_wconf 83' lang='grc'><strong><em>⁶</em></strong></span> <span class='ocrx_word' id='word_1_847' title='bbox 2565 5155 2660 5212; x_wconf 89' lang='lat' dir='ltr'>sub</span> <span class='ocrx_word' id='word_1_848' title='bbox 2673 5154 2872 5223; x_wconf 87' lang='lat' dir='ltr'>modio,</span> <span class='ocrx_word' id='word_1_849' title='bbox 2899 5157 2989 5214; x_wconf 88' lang='lat' dir='ltr'>sed</span> <span class='ocrx_word' id='word_1_850' title='bbox 3013 5173 3175 5229; x_wconf 83' lang='lat' dir='ltr'>super</span> <span class='ocrx_word' id='word_1_851' title='bbox 3201 5158 3600 5228; x_wconf 86' lang='lat' dir='ltr'>candelabrum,</span> <span class='ocrx_word' id='word_1_852' title='bbox 3621 5167 3680 5216; x_wconf 86' lang='lat' dir='ltr'>ut</span> <span class='ocrx_word' id='word_1_853' title='bbox 3709 5163 3802 5217; x_wconf 88' lang='lat' dir='ltr'>lu-</span> 
     </span>
    </p>
   </div>
   <div class='ocr_carea' id='block_1_113' title="bbox 2209 5245 3808 5319">
    <p class='ocr_par' dir='ltr' id='par_1_113' title="bbox 2209 5245 3808 5319">
     <span class='ocr_line' id='line_1_113' title="bbox 2209 5245 3808 5319; baseline 0.005 -19"><span class='ocrx_word' id='word_1_854' title='bbox 2209 5251 2320 5302; x_wconf 85' lang='lat' dir='ltr'>ceat</span> <span class='ocrx_word' id='word_1_855' title='bbox 2340 5246 2579 5302; x_wconf 85' lang='lat' dir='ltr'>omnibus</span> <span class='ocrx_word' id='word_1_856' title='bbox 2615 5246 2709 5319; x_wconf 90' lang='lat' dir='ltr'>qui</span> <span class='ocrx_word' id='word_1_857' title='bbox 2734 5245 2794 5303; x_wconf 86' lang='lat' dir='ltr'>in</span> <span class='ocrx_word' id='word_1_858' title='bbox 2817 5247 2968 5303; x_wconf 90' lang='lat' dir='ltr'>domo</span> <span class='ocrx_word' id='word_1_859' title='bbox 3015 5253 3156 5304; x_wconf 80' lang='lat' dir='ltr'>sunt.</span> <span class='ocrx_word' id='word_1_860' title='bbox 3199 5247 3286 5307; x_wconf 88' lang='lat' dir='ltr'>Sic</span> <span class='ocrx_word' id='word_1_861' title='bbox 3316 5249 3484 5307; x_wconf 86' lang='lat' dir='ltr'>luceat</span> <span class='ocrx_word' id='word_1_862' title='bbox 3511 5251 3607 5307; x_wconf 77' lang='lat' dir='ltr'>tua;</span> <span class='ocrx_word' id='word_1_863' title='bbox 3633 5256 3808 5308; x_wconf 80' lang='lat' dir='ltr'>vestra</span> 
     </span>
    </p>
   </div>
   <div class='ocr_carea' id='block_1_114' title="bbox 2207 5460 3619 5538">
    <p class='ocr_par' dir='ltr' id='par_1_114' title="bbox 2207 5460 3619 5538">
     <span class='ocr_line' id='line_1_114' title="bbox 2207 5460 3619 5538; baseline 0.005 -24"><span class='ocrx_word' id='word_1_864' title='bbox 2207 5467 2263 5515; x_wconf 92' lang='lat' dir='ltr'>at</span> <span class='ocrx_word' id='word_1_865' title='bbox 2286 5460 2366 5538; x_wconf 33' lang='lat' dir='ltr'>in‘</span> <span class='ocrx_word' id='word_1_866' title='bbox 2378 5461 2580 5538; x_wconf 79' lang='lat' dir='ltr'>Editis,</span> <span class='ocrx_word' id='word_1_867' title='bbox 2605 5479 2704 5538; x_wconf 75' lang='lat' dir='ltr'>pro</span> <span class='ocrx_word' id='word_1_868' title='bbox 2740 5462 2884 5521; x_wconf 87' lang='lat' dir='ltr'>intus</span> <span class='ocrx_word' id='word_1_869' title='bbox 2901 5464 3117 5538; x_wconf 72' lang='lat' dir='ltr'>legitur</span> <span class='ocrx_word' id='word_1_870' title='bbox 3135 5465 3297 5536; x_wconf 87' lang='lat' dir='ltr'>justi,</span> <span class='ocrx_word' id='word_1_871' title='bbox 3327 5473 3422 5523; x_wconf 89' lang='lat' dir='ltr'>aut</span> <span class='ocrx_word' id='word_1_872' title='bbox 3448 5465 3556 5522; x_wconf 86' lang='lat' dir='ltr'>isti.</span> <span class='ocrx_word' id='word_1_873' title='bbox 3615 5496 3619 5499; x_wconf 93' lang='lat'><strong><em>-</em></strong></span> 
     </span>
    </p>
   </div>
   <div class='ocr_carea' id='block_1_115' title="bbox 2281 5532 3802 5613">
    <p class='ocr_par' dir='ltr' id='par_1_115' title="bbox 2281 5532 3802 5613">
     <span class='ocr_line' id='line_1_115' title="bbox 2281 5532 3802 5613; baseline -0.001 -22"><span class='ocrx_word' id='word_1_874' title='bbox 2281 5532 2302 5613; x_wconf 65' lang='grc' dir='ltr'><em>ξ</em></span> <span class='ocrx_word' id='word_1_875' title='bbox 2322 5532 2586 5613; x_wconf 69' lang='lat' dir='ltr'>Quidam.</span> <span class='ocrx_word' id='word_1_876' title='bbox 2606 5532 2712 5592; x_wconf 89' lang='lat' dir='ltr'>Ed.</span> <span class='ocrx_word' id='word_1_877' title='bbox 2735 5532 3067 5608; x_wconf 75' lang='lat' dir='ltr'>transferunt</span> <span class='ocrx_word' id='word_1_878' title='bbox 3092 5532 3219 5595; x_wconf 75' lang='lat' dir='ltr'>sein</span> <span class='ocrx_word' id='word_1_879' title='bbox 3239 5532 3527 5610; x_wconf 73' lang='lat' dir='ltr'>personam</span> <span class='ocrx_word' id='word_1_880' title='bbox 3540 5541 3802 5610; x_wconf 57' lang='grc' dir='ltr'>ρνοφάηιί,</span> 
     </span>
    </p>
   </div>
   <div class='ocr_carea' id='block_1_116' title="bbox 2277 5603 2880 5680">
    <p class='ocr_par' dir='ltr' id='par_1_116' title="bbox 2277 5603 2880 5680">
     <span class='ocr_line' id='line_1_116' title="bbox 2277 5603 2880 5680; baseline 0.01 -21"><span class='ocrx_word' id='word_1_881' title='bbox 2277 5603 2583 5680; x_wconf 57' lang='lat' dir='ltr'>inndoc.,</span> <span class='ocrx_word' id='word_1_882' title='bbox 2607 5613 2880 5680; x_wconf 84' lang='lat' dir='ltr'>portatur.</span> 
     </span>
    </p>
   </div>
   <div class='ocr_carea' id='block_1_117' title="bbox 2280 5674 2996 5745">
    <p class='ocr_par' dir='ltr' id='par_1_117' title="bbox 2280 5674 2996 5745">
     <span class='ocr_line' id='line_1_117' title="bbox 2280 5674 2996 5745; baseline 0.011 -16"><span class='ocrx_word' id='word_1_883' title='bbox 2280 5676 2301 5708; x_wconf 80' lang='grc' dir='ltr'>δ</span> <span class='ocrx_word' id='word_1_884' title='bbox 2332 5674 2365 5730; x_wconf 85' lang='lat'><strong>2</strong></span> <span class='ocrx_word' id='word_1_885' title='bbox 2392 5674 2590 5745; x_wconf 66' lang='lat' dir='ltr'>Laud,</span> <span class='ocrx_word' id='word_1_886' title='bbox 2607 5674 2715 5734; x_wconf 74' lang='grc' dir='ltr'><strong>’.ςυὸ</strong></span> <span class='ocrx_word' id='word_1_887' title='bbox 2742 5680 2996 5736; x_wconf 85' lang='lat' dir='ltr'>modium.</span> 
     </span>
    </p>
   </div>
  </div>
