4172 6184
523 254 626 314 123

1743 257 1996 316 SANCTI
2034 258 2372 320 GREGORII
2407 263 2633 322 MAGNI

3719 281 3818 340 124

519 388 815 480 suam-Deo
843 386 1059 480 tribuit,
1080 395 1134 480 et
1161 404 1218 444 se
1244 395 1485 480 peccato.
1519 389 1635 447 Hoc
1661 390 1808 463 quod
1824 391 2006 449 minus
2033 400 2116 449 est
2143 396 2194 456 A
2228 395 2284 450 in
2314 395 2556 464 tenebris,
2591 396 2724 452 vidit
2761 401 2925 455 lucem
2951 416 3198 472 magnam
3234 404 3397 474 (Isai.
3448 422 3530 472 nr,
3570 407 3650 480 2).
3685 409 3836 466 Rur.

519 477 724 535 obtulit
763 478 998 546 auctori,
1021 485 1074 533 et
1095 477 1202 534 hoc
1214 477 1362 550 quod
1378 477 1555 551 majus
1566 487 1649 536 est
1663 481 1904 536 servavit
1924 481 2128 555 iniqui-

517 579 640 634 tati.
692 573 837 632 625
893 579 1037 634 Bene
1065 578 1248 650 itaque
1280 594 1376 650 per
1403 577 1624 636 beatum
1651 580 1754 636 Job
1782 580 1935 652 prius
1977 580 2088 637 dici
2109 608 2130 618 -

520 675 646 725 tur:
689 669 906 724 Iustitia
936 669 1152 724 indutus
1194 686 1335 736 sum,
1369 672 1384 705 ¹
1413 678 1461 726 et
1487 670 1674 726 vestivi
1699 688 1780 726 me
1806 671 1945 725 sicut
1983 669 2132 724 vesti-

519 763 686 812 mento
708 764 790 822 ;et
807 757 944 812 sicut
957 758 1275 824 diademate,
1288 757 1492 827 judicio
1508 776 1639 814 meo.
1662 761 1743 814 Ac
1763 759 1964 815 deinde
1985 757 2127 814 sub-

513 845 765 917 jungitur
797 865 809 902 :
847 847 1040 903 Oculus
1075 847 1160 918 fui
1187 866 1338 915 caeco,
1381 855 1431 904 et
1461 866 1552 920 pes
1588 851 1796 905 claudo.
1831 849 1970 916 Quia
1999 855 2132 903 tunc

518 943 600 992 est
626 937 770 1009 apud
801 939 974 994 Deum
1002 939 1208 997 oblatio
1225 955 1367 996 vera
1397 939 1770 1002 rectitudinis,
1797 955 1923 994 cum
1953 937 2020 993 de
2045 953 2126 993 ra.

518 1026 639 1084 dice
656 1026 889 1100 justitia
916 1030 1188 1102 prodeunt
1209 1032 1349 1087 rami
1372 1030 1611 1104 pietatis.
1645 1030 1750 1087 Sed
1773 1029 1900 1103 quia
1928 1030 1986 1086 in
2009 1029 2127 1102 ipso

519 1113 911 1173 misericordia
941 1133 1105 1190 opere
1153 1119 1276 1191 plus
1321 1119 1461 1175 solet
1490 1118 1636 1191 apud
1676 1117 1956 1174 internum
1979 1116 2126 1189 judi-

518 1221 635 1261 cem
667 1207 886 1263 animus
933 1209 1151 1281 pensari
1182 1226 1344 1283 quam
1391 1210 1618 1278 factum,
1647 1209 1950 1265 notandum
1979 1207 2128 1283 quod

520 1293 542 1329 ³
571 1310 714 1351 caco
743 1296 966 1352 oculum
999 1298 1170 1354 fuisse
1198 1315 1254 1355 se
1284 1300 1498 1367 asserit,
1529 1299 1719 1371 pedem
1750 1297 1966 1354 claudo.
2000 1298 2128 1353 Hac

516 1383 720 1438 etenim
749 1384 957 1454 dicens,
977 1388 1221 1459 profecto
1241 1388 1448 1444 indicat
1477 1389 1606 1461 quia
1621 1396 1674 1444 et
1703 1388 1786 1443 illi
1817 1405 1912 1460 per
1932 1394 2126 1443 semet-

519 1470 698 1544 ipsum
729 1490 954 1530 manum
985 1477 1312 1548 praebuerat,
1336 1485 1389 1532 et
1413 1477 1562 1534 hunc
1590 1476 1863 1548 portando
1892 1476 2125 1531 sustine-

518 1561 631 1618 bat.
675 1565 759 1620 Ex
794 1581 900 1637 qua
947 1582 1003 1622 re
1043 1568 1346 1639 colligitur,
1382 1583 1548 1638 super
1586 1583 1784 1638 egenos
1829 1581 1892 1622 ac
1922 1565 2128 1621 debiles

518 1659 784 1725 quantum
831 1653 1217 1712 misericordia
1271 1655 1424 1711 illius
1472 1655 1683 1710 viscera
1727 1653 2124 1711 fundebantur.

518 1742 672 1800 Unde
701 1750 756 1797 et
783 1743 1040 1799 subditur
1073 1762 1084 1798 :
1118 1746 1284 1801 Pater
1313 1762 1460 1800 eram
1483 1760 1804 1816 pauperum.

585 1832 673 1889 39.
704 1833 941 1889 Ecclesia
968 1851 1124 1889 caecos
1161 1835 1454 1901 illuminat,
1498 1835 1718 1891 claudos
1747 1839 2022 1889 sustentat.
2055 1863 2125 1874 —-

515 1921 647 1990 Qua
693 1922 954 1979 videlicet
1000 1923 1166 1978 verba
1194 1923 1243 1979 si
1280 1923 1347 1979 ad
1388 1941 1577 1980 vocem
1620 1931 1822 1980 sancta
1863 1922 2124 1979 Ecclesia

514 2010 703 2082 typica
749 2010 1204 2082 interpretatione
1250 2012 1572 2079 referamus,
1632 2011 1748 2083 ipsa
1792 2017 1876 2066 est
1930 2010 2124 2066 oculus

513 2119 679 2173 caco,
711 2103 843 2177 quia
873 2120 968 2177 per
1001 2104 1231 2161 verbum
1275 2105 1442 2174 lucet,
1474 2105 1590 2178 ipsa
1619 2121 1714 2177 pes
1741 2103 1962 2172 claudo,
1993 2102 2124 2176 quia

514 2209 611 2266 per
654 2194 993 2267 adjutorium
1035 2195 1302 2252 continet.
1351 2195 1537 2252 Cacos
1583 2194 1730 2250 enim
1774 2193 2123 2266 pradicando

514 2280 813 2350 illuminat,
843 2282 1068 2339 claudos
1097 2299 1229 2338 vero
1257 2281 1581 2355 opitulando
1609 2290 1898 2339 sustentat.
1933 2283 2125 2340 Cacus

518 2368 722 2441 quippe
748 2377 831 2425 est
859 2369 954 2441 qui
983 2370 1166 2426 adhuc
1187 2387 1296 2442 quo
1325 2378 1512 2443 pergat
1541 2389 1650 2427 non
1681 2372 1868 2438 videt;
1895 2372 2125 2428 claudus

513 2465 698 2514 autem
721 2466 826 2526 est,
857 2457 950 2530 qui
982 2473 1092 2514 non
1115 2465 1294 2530 potest
1323 2459 1402 2513 ire
1423 2477 1532 2531 quo
1555 2460 1724 2514 videt.
1745 2460 1951 2516 Crebro
1973 2477 2124 2515 nam-

513 2563 619 2620 que
648 2555 932 2620 peccatum
965 2554 1059 2602 aut
1099 2546 1411 2618 ignorantia
1439 2555 1533 2602 aut
1565 2547 1885 2602 inﬁrmitate
1922 2564 2127 2620 perpe-

514 2645 709 2705 tratur,
733 2643 795 2693 ut
824 2637 911 2691 vel
927 2635 1133 2693 nesciat
1150 2635 1316 2691 homo
1334 2635 1469 2710 quid
1490 2637 1631 2691 velle
1651 2635 1866 2704 debeat,
1899 2637 1984 2692 vel
2013 2653 2125 2692 non

513 2743 676 2783 omne
721 2725 871 2800 quod
908 2725 1147 2782 voluerit
1180 2725 1385 2797 possit.
1432 2726 1552 2794 Quo
1599 2733 1792 2782 contra
1839 2734 1986 2782 recte
2029 2742 2126 2799 per

513 2817 857 2872 Psalmistam
876 2815 1082 2871 dicitur
1105 2832 1116 2870 :
1154 2816 1402 2871 Dominus
1433 2815 1755 2870 illuminatio
1775 2832 1890 2869 mea
1910 2821 1958 2870 et
1977 2817 2126 2870 salus

513 2923 623 2961 mea
657 2905 830 2976 (Psal.
870 2921 1028 2972 xxvr,
1069 2905 1146 2974 1).
1195 2904 1334 2971 Quia
1373 2903 1519 2959 enim
1559 2903 1828 2959 Dominus
1858 2911 1910 2959 et
1937 2902 2128 2960 scien-

513 2995 645 3050 tiam
673 3001 727 3050 et
755 2994 1018 3050 virtutem
1041 2993 1266 3066 prabet,
1297 2999 1350 3047 et
1377 3000 1569 3048 contra
1598 2992 1963 3065 ignorantiam
1999 2992 2124 3048 illu-

514 3082 769 3151 minatio,
801 3090 857 3138 et
881 3090 1074 3140 contra
1119 3080 1498 3137 inﬁrmitatem
1529 3082 1679 3138 salus
1702 3089 1950 3137 vocatur.
1985 3081 2127 3138 Hinc

513 3171 678 3227 etiam
707 3170 774 3226 de
803 3171 1011 3244 iniquis
1039 3170 1245 3227 dicitur
1270 3189 1281 3226 :
1315 3172 1479 3227 Fiant
1506 3171 1604 3225 vite
1630 3171 1853 3227 illorum
1883 3171 2126 3236 tenebrat,

513 3267 562 3317 et
591 3259 852 3317 lubricum
882 3261 1054 3331 (Psal.
1087 3275 1286 3327 xxxrv,
1322 3260 1403 3331 6),
1435 3267 1496 3315 ut
1524 3259 1736 3316 scilicet
1758 3276 1853 3332 per
1873 3259 2129 3316 tenebras

515 3353 536 3387 ³
559 3367 668 3424 quo
699 3350 778 3406 ire
807 3349 1010 3406 debent
1039 3366 1150 3405 non
1168 3349 1415 3418 videant,
1433 3350 1527 3423 qui
1556 3349 1657 3405 etsi
1673 3357 1822 3405 recta
1851 3349 2122 3419 viderent,

515 3438 573 3496 in
601 3439 682 3495 eis
709 3446 890 3495 tamen
921 3454 1016 3510 per
1045 3437 1318 3494 lubricum
1349 3445 1490 3494 stare
1535 3444 1650 3494 non
1686 3445 1924 3510 possent.
1976 3439 1998 3472 ‘
2027 3438 2122 3502 Isti

516 3529 700 3602 itaque
728 3544 824 3601 per
858 3525 1137 3583 lubricum
1170 3526 1315 3582 inter
1347 3525 1492 3582 bona
1539 3525 1873 3594 claudicant,
1915 3525 1999 3580 illi
2029 3541 2124 3597 per

517 3617 773 3674 tenebras
789 3633 911 3690 qua
940 3616 1084 3672 bona
1105 3623 1407 3688 sequantur
1425 3615 1700 3688 ignorant.
1727 3615 1923 3671 Sancta
1939 3615 2123 3688 itaque

515 3706 764 3764 Ecclesia
795 3706 1060 3762 extremis
1080 3703 1548 3764 tribulationibus
1579 3703 1938 3776 deprehensa,
1969 3703 2124 3759 anti-

515 3815 752 3872 quorum
781 3797 1155 3855 reminiscitur
1182 3805 1518 3871 temporum,
1550 3795 1770 3869 quando
1800 3801 1854 3850 et
1874 3794 2121 3851 docendo

516 3887 832 3946 illuminare
866 3896 1250 3958 consueverat,
1282 3895 1337 3944 et
1391 3884 1706 3961 adjuvando
1775 3884 2016 3954 ﬁrmare,
2068 3892 2126 3940 et

516 3980 875 4052 pracedentis
903 3981 1135 4036 membri
1169 3980 1256 4035 sui
1287 3996 1380 4034 ore
1412 3976 1679 4050 loquitur,
1711 3976 1899 4033 dicens
1933 3993 1944 4032 :
1991 3978 2122 4034 Ocu-

520 4067 602 4122 lus
621 4066 708 4137 fui
733 4083 885 4132 casco,
916 4074 964 4121 et
986 4085 1078 4139 pes
1096 4068 1306 4122 claudo.

589 4190 730 4266 [νει.
776 4189 955 4264 XXI.)
1001 4189 1089 4246 40.
1136 4165 1272 4246 Caeci
1313 4196 1436 4244 sunt
1479 4187 1717 4260 gentiles,
1762 4189 1944 4244 claudi
1997 4207 2121 4246 vero

517 4281 713 4339 Judaei.
743 4280 959 4348 —Qua
987 4279 1117 4352 quia
1145 4277 1284 4335 duos
1321 4277 1379 4334 in
1403 4294 1459 4334 se
1491 4277 1725 4351 populos
1754 4278 1999 4351 collegit,
2029 4280 2120 4335 Ju-

516 4369 735 4427 daicum
765 4368 976 4426 scilicet
1027 4374 1191 4440 atque
1237 4367 1518 4439 gentilem,
1561 4374 1706 4424 recte
1747 4366 1912 4424 etiam
1943 4375 2123 4441 potest

2235 501 2357 540 sum
2405 485 2450 540 si
2493 487 2829 546 lsraeliticus
2868 490 3104 562 populus
3132 508 3164 546 a
3207 491 3353 550 bono
3401 511 3566 568 opere
3606 498 3836 556 minime

2235 573 2614 644 claudicassct,
2671 593 3015 652 nequaquam
3066 597 3198 638 voce
3252 582 3477 640 Domini
3552 587 3840 644 Psalmista

2235 662 2501 720 dixisset:
2549 667 2680 723 Filii
2735 669 2900 724 alieni
2935 672 3142 727 mentiti
3177 680 3302 728 sunt
3343 675 3497 740 mihi,
3533 678 3637 748 ﬁlii
3676 680 3842 734 alieni

2237 753 2257 787 ⁵
2274 753 2548 811 inveterati
2565 763 2708 823 sunt,
2729 765 2776 812 et
2794 759 3227 816 claudicaverunt
3253 781 3288 818 a
3306 763 3502 818 semitis
3517 766 3629 821 suis
3655 768 3837 836 (Psal.

2236 861 2378 913 xvn,
2408 845 2523 918 46).
2557 847 2662 914 Qui
2693 849 2960 906 nimirum
2982 852 3214 924 populus
3242 854 3474 911 claudus
3503 856 3713 915 idcirco
3741 875 3839 915 no-

2237 934 2500 1003 minatur,
2533 937 2628 1009 qui
2649 955 2845 995 sanum
2885 956 3128 1012 gressum
3158 941 3217 996 in
3247 943 3564 1014 operatione
3593 962 3707 1001 non
3731 945 3840 1002 ha-

2236 1023 2377 1091 buit,
2409 1025 2609 1098 quippe
2630 1027 2723 1100 qui
2743 1035 2974 1102 utroque
2991 1029 3124 1101 pede
3154 1029 3236 1086 uti
3265 1033 3468 1100 noluit,
3501 1032 3635 1090 dum
3665 1049 3840 1094 unum

2237 1115 2642 1171 Testamentum
2683 1117 2908 1189 recepit,
2957 1117 3111 1174 aliud
3152 1120 3380 1190 sprevit.
3413 1121 3587 1190 Quem
3617 1139 3744 1180 cum
3773 1123 3842 1180 ad

2236 1221 2293 1261 se
2323 1206 2634 1263 venientem
2669 1215 2857 1264 sancta
2901 1209 3151 1265 Ecclesia
3180 1211 3430 1283 suscipit,
3472 1212 3604 1286 quia
3630 1213 3679 1269 ei
3724 1213 3840 1286 jam

2237 1295 2410 1350 Vetus
2442 1297 2672 1365 tenenti,
2703 1296 2868 1353 etiam
2920 1299 3137 1354 Novum
3186 1299 3596 1358 Testamentum
3625 1301 3838 1372 inserit,

2236 1383 2304 1438 ad
2347 1384 2663 1456 dirigendos
2689 1403 2904 1457 gressus
2950 1387 3123 1456 illius,
3173 1389 3329 1461 quasi
3362 1391 3598 1447 alterum
3648 1393 3839 1465 pedem

2231 1469 2436 1544 jungit.
2465 1473 2568 1530 Cui
2598 1474 2778 1530 ﬁdelis
2818 1483 3018 1531 sancta
3093 1477 3353 1534 Ecclesia
3387 1481 3622 1552 populus
3659 1481 3842 1540 adhuc

2237 1569 2382 1617 recte
2428 1562 2744 1636 subjungit:
2781 1566 2940 1620 Pater
2980 1583 3128 1622 eram
3167 1584 3490 1639 pauperum,
3522 1575 3666 1632 626
3713 1571 3842 1644 quia

2237 1659 2496 1716 videlicet
2525 1661 2784 1732 humiles,
2812 1664 2908 1736 qui
2939 1681 3201 1737 pauperes
3222 1666 3421 1737 spiritu
3441 1665 3576 1722 dicti
3597 1675 3748 1734 sunt,
3771 1683 3840 1722 ex

2159 1761 2205 1820 Β
2240 1747 2359 1819 ejus
2389 1751 2779 1821 pradicatione
2811 1761 3161 1824 generantur.
3195 1753 3300 1810 Sed
3329 1761 3543 1826 oportet
3571 1762 3632 1810 ut
3662 1755 3720 1811 in
3753 1755 3841 1811 his

2237 1837 2497 1895 omnibus
2518 1839 2634 1911 ipsa
2655 1840 2903 1897 historia
2919 1843 3201 1899 subtiliter
3222 1843 3388 1900 verba
3408 1860 3717 1917 pensemus.
3743 1844 3840 1900 Ait

2233 1941 2382 1982 enim
2407 1945 2420 1983 ζ

2803 2071 3034 2130 CAPUT
3056 2073 3262 2130 XXIV.

2304 2177 2474 2234 Vsus.
2503 2178 2587 2233 16.
2605 2209 2676 2220 —
2695 2179 2860 2235 Pater
2878 2198 3025 2235 eram
3040 2198 3362 2253 pauperum,
3379 2186 3427 2235 et
3440 2197 3656 2237 causam
3676 2199 3838 2254 quam

2233 2269 2518 2325 nesciebam
2544 2270 2944 2342 diligentissime
2971 2269 3366 2344 inuestigabam.

2304 2377 2393 2434 41.
2421 2379 2652 2435 Praestat
2679 2380 2871 2436 bonum
2895 2399 3026 2452 opus
3055 2399 3120 2436 ea:
3139 2383 3324 2453 aﬁectu
3353 2381 3548 2453 facere,
3580 2400 3743 2455 quam
3773 2401 3840 2441 ea:

2229 2477 2507 2540 praecepto.
2540 2503 2608 2512 -—
2637 2472 2965 2546 Plerumque
2984 2473 3132 2528 enim
3164 2475 3335 2530 multa
3352 2473 3605 2532 homines
3626 2492 3843 2548 paupe-

2235 2555 2388 2611 ribus
2416 2558 2745 2629 largiuntur,
2769 2577 2880 2616 non
2897 2561 3025 2633 quia
3047 2561 3265 2617 eosdem
3285 2580 3550 2636 pauperes
3571 2563 3839 2636 diligunt,

2233 2644 2327 2700 sed
2353 2645 2484 2716 quia
2517 2647 2563 2701 si
2605 2648 2835 2704 minime
2865 2649 3131 2720 tribuant,
3181 2652 3318 2707 iram
3353 2652 3558 2724 judicis
3613 2654 3838 2726 superni

2234 2733 2566 2800 formidant;
2600 2736 2694 2808 qui
2721 2737 2765 2792 si
2799 2739 2970 2793 Deum
3003 2755 3113 2794 non
3137 2748 3460 2809 metuerent,
3484 2758 3604 2814 qua
3637 2742 3841 2799 habent

2233 2822 2361 2878 dare
2392 2825 2714 2880 noluissent.
2734 2827 2806 2880 Et
2827 2826 3048 2898 quidem
3080 2826 3137 2882 in
3166 2827 3312 2884 bono
3328 2845 3488 2900 opere
3519 2830 3731 2902 primus
3757 2831 3839 2889 in-

2232 2913 2557 2986 cipientium
2589 2915 2788 2987 gradus
2815 2924 2898 2972 est
2925 2924 2986 2972 ut
3012 2917 3104 2990 qui
3136 2917 3318 2974 adhuc
3352 2919 3666 2991 proximum
3687 2922 3836 2979 sicut

2233 3019 2289 3059 se
2319 3005 2491 3061 nescit
2518 3005 2766 3078 diligere,
2791 3004 2905 3078 jam
2936 3015 3120 3063 tamen
3145 3007 3372 3080 incipiat
3395 3007 3608 3080 judicia
3635 3027 3842 3085 super-

2165 3115 2207 3175 C
2238 3108 2307 3148 na
2335 3093 2650 3177 formidare.
2683 3095 2825 3163 Quia
2853 3095 3022 3168 igitur
3049 3096 3200 3153 aliud
3229 3105 3313 3154 est
3357 3097 3565 3154 bonum
3595 3116 3735 3172 opus
3762 3115 3833 3157 ex

2237 3189 2528 3254 pracepto,
2558 3183 2711 3239 aliud
2739 3200 2871 3240 vero
2899 3185 3065 3240 etiam
3085 3202 3156 3242 ex
3169 3185 3368 3243 affectu
3395 3187 3592 3256 facere,
3614 3197 3839 3246 sanctus

2237 3272 2324 3327 vir
2353 3280 2413 3328 ut
2443 3280 2680 3329 mentem
2712 3274 2870 3330 nobis
2890 3291 3001 3332 sua
3017 3276 3351 3348 operationis
3367 3276 3632 3346 insinuet,
3654 3277 3837 3336 dicat:

2234 3363 2398 3417 Pater
2421 3379 2566 3417 eram
2591 3380 2910 3434 pauperum.
2946 3366 2967 3400 δ
2989 3365 3108 3421 Non
3141 3365 3290 3422 enim
3327 3373 3618 3438 patronum
3649 3384 3726 3438 se,
3749 3370 3836 3426 vel

2235 3452 2573 3524 proximum,
2619 3453 2706 3509 vel
2750 3453 3064 3525 adjutorem
3128 3472 3451 3528 pauperum,
3498 3456 3593 3513 sed
3631 3465 3837 3530 patrem

2233 3539 2399 3596 fuisse
2429 3549 2680 3611 testatur,
2702 3542 2833 3616 quia
2852 3543 3117 3599 nimirum
3149 3546 3169 3579 ⁷
3193 3561 3392 3617 magno
3413 3545 3697 3604 charitatis
3725 3547 3839 3604 ofﬁ-

2233 3629 2318 3685 cio
2348 3630 2592 3687 studium
2624 3631 3017 3689 misericordia
3045 3635 3211 3690 vertit
3240 3634 3297 3690 in
3327 3635 3582 3693 affectum
3605 3644 3834 3705 natura,

2233 3725 2296 3774 ut
2321 3735 2414 3776 eos
2442 3721 2595 3793 quasi
2613 3721 2759 3778 ﬁlios
2775 3731 3022 3779 cerneret
3046 3740 3142 3796 per
3168 3741 3433 3794 amorem,
3457 3727 3658 3798 quibus
3679 3725 3832 3800 quasi

2234 3815 2386 3880 pater
2418 3818 2650 3882 praetat
2680 3827 2775 3882 per
2803 3812 3220 3882 protectionem.
3263 3813 3402 3879 Quia
3431 3813 3600 3885 igitur
3621 3815 3706 3871 vis
3737 3814 3838 3871 mi-

2232 3897 2547 3955 sericordia
2599 3899 2750 3955 illius
2778 3906 3029 3956 naturam
3061 3901 3241 3956 fuerat
3267 3900 3503 3971 imitata,
3544 3911 3753 3975 patrem
3781 3921 3840 3962 se

2231 4002 2531 4059 pauperum
2562 3987 2730 4044 fuisse
2759 3996 3178 4045 commemorat.
3214 3989 3315 4046 Ubi
3345 3990 3509 4046 etiam
3539 3991 3726 4048 subdit
3750 4011 3763 4049 :

2799 4150 3028 4208 CAPUT
3078 4150 3258 4208 XXV.

2301 4259 2438 4314 Iern.
2469 4288 2541 4300 —
2571 4261 2648 4316 Et
2699 4277 2918 4315 causam
2945 4276 3106 4332 quam
3141 4259 3428 4316 nesciebam
3455 4260 3848 4334 diligentissime

2230 4348 2620 4420 inuestigabam.

517 4476 660 4518 caco
690 4458 932 4532 gentilis,
960 4457 1158 4516 claudo
1185 4465 1367 4514 autem
1396 4456 1657 4514 Iudaicus
1700 4458 1936 4532 populus
1963 4457 2121 4516 desi-
2151 4483 2200 4542 Ι)
2308 4455 2397 4512 42.
2429 4455 2550 4511 Etsi
2583 4456 2734 4511 nulla
2767 4455 2903 4512 bona
2930 4473 3092 4528 opera
3117 4455 3444 4528 negligenda,
3488 4457 3701 4515 minora
3741 4463 3832 4514 ta-

518 4547 693 4622 gnari.
725 4548 962 4605 Gentilis
991 4548 1193 4622 quippe
1221 4547 1376 4622 quasi
1394 4548 1586 4605 oculos
1614 4564 1725 4604 non
1743 4548 1956 4616 habuit,
1989 4549 2120 4622 quia

519 4653 627 4696 non
643 4639 987 4711 acceptalege
1004 4654 1115 4694 non
1132 4637 1278 4693 vidit
1292 4654 1401 4711 quo
1423 4637 1501 4693 ire
1517 4638 1813 4694 debuisset.
1833 4639 1906 4694 At
1925 4645 2118 4694 contra

517 4725 778 4785 Iudaicus
794 4726 1002 4784 habens
1021 4727 1230 4796 oculos,
1252 4727 1482 4784 claudus
1503 4728 1631 4796 fuit,
1653 4727 1783 4800 quia
1803 4727 1982 4799 legem.
1997 4727 2116 4800 qui-

519 4819 644 4875 dem
671 4816 894 4875 sciendo
926 4816 1126 4884 tenuit,
1171 4817 1265 4873 sed
1313 4817 1371 4874 in
1400 4833 1463 4873 ea
1493 4834 1734 4890 gressum
1772 4817 1904 4874 recti
1935 4816 2116 4889 operis

519 4924 631 4965 non
659 4907 912 4965 tetendit.
943 4905 1001 4963 Si
1029 4903 1178 4961 enim
1195 4905 1416 4978 gentilis
1445 4906 1680 4979 populus
1697 4922 1875 4964 cacus
1886 4905 2114 4963 minime

517 4997 732 5069 fuisset,
762 4995 1029 5074 propheta
1074 5011 1189 5052 non
1217 4994 1424 5052 diceret
1457 5011 1469 5050 :
1515 4996 1757 5067 Populus
1785 4996 1880 5068 qui
1907 4996 2116 5053 sedebat

598 5245 612 5278 ¹
649 5245 676 5300 1
699 5243 897 5314 Laud.,
927 5253 977 5302 et
1010 5246 1216 5303 vestivit
1239 5261 1320 5302 me
1340 5245 1476 5301 sicut
1495 5247 1874 5305 vestimentum.
1916 5247 1977 5302 In
2009 5247 2126 5304 Bel-

526 5313 668 5382 lov.,
697 5319 746 5368 et
769 5313 952 5372 vestivi
977 5335 1076 5375 me.

519 5385 856 5513 cla'ugerm.,
883 5387 1097 5446 Bellov.
1129 5397 1185 5448 et
1209 5391 1426 5460 Norm.,
1453 5393 1576 5448 caci
1613 5391 1916 5450 oculum...
1943 5391 2126 5464 pedem

595 5529 617 5563 ³
646 5527 860 5618 (ξῖτέῖὲτθ
880 5529 926 5618 1
941 5528 1124 5618 ἔξὲνξίο
1140 5538 1218 5618 9‘.
1239 5532 1404 5618 CP'fb-
1436 5539 1647 5618 (ἓθτῖξιει
1679 5553 1785 5618 φφ
1810 5553 1830 5601 ἱ
1859 5535 1903 5618 2.
1922 5533 2119 5603 Lauda

521 5616 630 5673 qua
657 5598 737 5673 ἕνα
748 5615 855 5673 ηρη
873 5598 1104 5666 videant,
1125 5602 1218 5673 qui
1244 5607 1341 5662 etsi
1361 5615 1505 5667 recta
1533 5598 1783 5664 viderint.
1856 5613 1999 5661 stare
2015 5598 2122 5660 non

528 5670 749 5743 possint.
780 5670 863 5728 Ita
890 5685 1108 5744 quoque
1134 5671 1324 5731 Norm.

2227 4564 2345 4603 men
2376 4545 2672 4618 potioribus
2697 4546 2946 4618 postponi
2973 4547 3258 4602 debent.—
3285 4548 3348 4604 In
3369 4547 3570 4621 quibus
3587 4546 3845 4604 videlicet

2228 4633 2412 4691 verbis
2441 4633 2722 4706 pensanda
2743 4641 2886 4690 sunt
2904 4635 3094 4690 omnia
3129 4651 3296 4708 quam
3323 4636 3582 4692 distincte
3616 4649 3846 4691 narren-

2225 4732 2337 4793 tur,
2377 4723 2524 4797 quod
2554 4723 2710 4779 nulla
2741 4723 2809 4779 ab
2839 4740 2903 4780 eo
2937 4740 3153 4780 merces
3181 4723 3636 4795 pratermittitur.
3658 4723 3847 4780 Justus

2225 4816 2426 4889 quippe
2472 4822 2553 4870 est
2582 4814 2639 4869 in
2674 4813 2990 4870 actionibus
3018 4811 3155 4880 suis,
3189 4811 3316 4882 pius
3341 4811 3398 4866 in
3429 4811 3847 4869 inﬁrmitatibus

2224 4905 2624 4978 proximorum,
2641 4911 2897 4959 strenuus
2912 4902 2968 4957 in
2987 4899 3223 4973 negotiis
3236 4917 3536 4974 pauperum
3547 4945 3559 4959 .
3573 4902 3679 4971 Qui
3695 4903 3843 4959 enim

2223 5003 2438 5052 aeterna
2466 4991 2850 5050 retributionis
2876 4993 3024 5050 bona
3049 4991 3277 5066 cogitat,
3310 5007 3529 5052 necesse
3569 5001 3660 5051 est
3687 5001 3750 5051 ut
3775 4992 3843 5051 ad

2309 5243 2532 5300 ‘Iidem
2587 5243 2743 5311 Mss,
2801 5248 2998 5314 prater
3059 5240 3284 5309 Germ.,
3347 5240 3511 5298 iste...
3558 5241 3842 5306 claudicat,

2232 5317 2342 5373 ille.
2355 5359 2366 5371 .
2379 5360 2392 5372 .
2423 5315 2657 5387 ignorat.

2305 5390 2326 5423 ⁵
2367 5383 2577 5455 Germ.,
2598 5385 2709 5443 duo
2737 5385 2940 5454 Laud.,
2970 5383 3136 5444 Corb.
3161 5384 3347 5441 Germ.
3370 5392 3424 5441 et
3449 5384 3666 5454 Norm.,
3704 5383 3841 5440 inve-

2233 5466 2554 5516 teraverunt.

2303 5533 2324 5607 ξ
2363 5533 2483 5607 Quo
2511 5529 2708 5598 Laud.,
2739 5529 2913 5607 Corb._
2937 5529 3126 5607 Germ,
3158 5528 3454 5607 et_Norm.,
3483 5543 3590 5583 non
3615 5543 3754 5600 ergo.

2304 5604 2322 5636 ⁷
2366 5602 2604 5668 Gemet.,
2634 5619 2839 5673 magna:
2867 5599 3145 5657 charitatis
3173 5599 3358 5671 ofﬁcio.
