4172 6184
315 281 409 336 ηδ
1061 273 1429 331 MORALIUM
1469 274 1601 332 LIB.
1644 277 1798 332 XIX.
1839 306 1911 320 —
1947 277 2014 335 IN
2059 279 2288 336 CAPUT
2328 280 2565 338 XXVIII
2604 285 2666 339 Β.
2707 285 2851 342 JOB.

3503 288 3605 345 126

313 419 526 464 omnem
547 416 603 459 se
627 414 838 457 causam
857 405 1125 456 secutum
1147 399 1412 456 mercedis
1441 401 1720 458 extendat.
1744 402 1888 460 Hinc
1917 408 1966 468 Α
2001 404 2183 474 viunt,
2217 406 2238 441 ³
2267 405 2374 462 alia
2401 422 2522 480 quae
2542 423 2575 462 a
2592 414 2751 463 terrae
2767 415 2918 464 tactu
2938 410 3167 468 minime
3185 411 3599 486 disjunguntur.

315 496 459 553 enim
486 509 574 566 per
595 491 939 548 Salomonem
970 489 1205 546 dicitur:
1243 491 1346 558 Qui
1374 491 1541 547 Deum
1573 492 1734 557 timet,
1757 494 1893 549 nihil

314 584 514 658 negligit
532 582 720 654 (Eccle.
738 597 842 647 VII,
859 580 971 652 l9).
993 579 1136 636 Hinc
1155 580 1321 636 etiam
1333 581 1536 637 Paulus
1555 581 1634 636 ait
1653 599 1664 637 :
1686 582 1771 638 Ad
1785 599 1893 638 om-

315 696 374 735 ne
397 693 515 749 opus
539 674 727 732 bonum
747 671 936 745 parati
967 671 1056 742 (ΙΙ
1080 672 1217 727 Tim.
1241 689 1303 739 II,
1320 672 1435 743 2i).
1469 671 1575 728 Sed
1604 673 1749 729 inter
1775 673 1893 731 haec

311 766 568 826 sciendum
585 772 665 821 est
684 764 817 838 quia
831 761 1128 836 aliquando
1146 762 1204 819 in
1225 763 1536 820 actionibus
1550 765 1757 821 nostris
1777 765 1893 821 mi-

310 874 426 915 nora
437 855 574 912 bona
591 851 1064 928 praetermittenda
1075 860 1203 909 sunt
1224 869 1322 925 pro
1334 854 1575 910 utilitate
1593 855 1888 928 majorum.

305 948 424 1006 Nam
444 945 565 1019 quis
579 945 801 1017 ignoret
820 960 935 1000 esse
956 942 1089 998 boni
1110 943 1292 1016 operis
1313 944 1596 1014 meritum,
1612 954 1890 1002 mortuum

304 1035 511 1109 sepelire
531 1034 560 1090 ?
587 1042 645 1090 et
671 1042 859 1090 tamen
899 1032 1120 1090 cuidam
1160 1033 1253 1106 qui
1284 1032 1351 1089 ad
1380 1035 1755 1107 sepeliendum
1784 1053 1892 1109 pa-

299 1135 422 1184 trem
451 1141 505 1183 se
532 1124 749 1182 dimitti
775 1130 1095 1197 poposcerat
1123 1123 1330 1180 dictum
1378 1133 1490 1181 est:
1518 1126 1639 1181 Sine
1666 1132 1726 1181 ut
1751 1145 1890 1183 mor-

302 1218 369 1272 tui
391 1216 647 1288 sepeliant
662 1221 899 1270 mortuos
926 1231 1071 1280 suos,
1103 1220 1157 1270 tu
1184 1221 1358 1269 autem
1385 1215 1516 1269 vade
1555 1220 1603 1270 et
1629 1218 1892 1275 annuntia

298 1322 498 1377 regnum
536 1305 644 1361 Dei
685 1303 839 1376 (Luc.
883 1321 964 1373 Ix,
1006 1303 1123 1374 60).
1169 1303 1613 1376 Postponendum
1654 1321 1890 1379 namque

299 1402 399 1451 erat
424 1394 756 1466 obsequium
788 1392 956 1466 hujus
989 1393 1284 1449 ministerii
1320 1393 1502 1450 otlicio
1535 1395 1892 1468 praedicatio—

295 1485 394 1553 nis,
413 1484 539 1558 quia
560 1484 664 1540 illo
691 1498 854 1540 carne
875 1490 1123 1538 mortuos
1143 1485 1155 1517 '
1191 1482 1249 1538 in
1266 1490 1465 1539 terram
1487 1485 1767 1554 conderet,
1787 1486 1892 1542 isto

295 1584 467 1632 autem
512 1577 704 1632 anima
758 1581 1004 1630 mortuos
1045 1572 1114 1629 ad
1161 1573 1332 1630 vitam
1373 1576 1741 1632 resuscitaret.
1791 1577 1893 1632 Per

296 1664 610 1738 prophetam
669 1679 888 1738 quoque
919 1662 1278 1734 ‘primatibus
1321 1681 1612 1737 synagoga;
1653 1665 1886 1721 dicitur:

2005 496 2210 553 Oculus
2239 496 2440 569 quippe
2476 496 2584 552 luci
2615 495 2944 565 intenditur,
2974 505 3029 554 et
3049 515 3117 554 ne
3138 502 3326 558 caecari
3358 502 3606 572 valeat,a

2004 587 2229 660 pulvere
2258 587 2591 644 custoditur.
2624 589 2724 644 Pes
2752 604 2882 644 vero
2898 595 3033 645 tunc
3059 607 3219 646 suum
3251 593 3494 651 cilicium
3525 611 3605 652 re-

2003 683 2088 734 cte
2111 676 2337 750 peragit,
2380 693 2504 734 cum
2549 675 2961 750 suscipiendum
2993 685 3151 734 terrae
3182 681 3464 752 pulverem
3493 700 3602 740 non

2003 769 2224 841 refugit.
2258 769 2388 838 Quae
2417 777 2600 826 tamen
2647 771 2893 844 corporis
2935 771 3181 828 membra
3223 773 3470 830 vicissim
3499 776 3605 834 sibi

2003 877 2099 919 sua
2128 862 2308 918 ofﬁcia
2336 862 2704 935 impartiendo
2735 865 3083 937 copulantur,
3101 873 3164 922 ut
3177 881 3272 939 pes
3290 867 3467 925 oculis
3485 885 3606 927 cur-

2003 959 2108 1020 rat,
2139 960 2194 1007 et
2223 953 2417 1009 oculus
2433 953 2555 1026 pedi
2578 955 2893 1028 prospiciat.

2072 1040 2163 1098 44.
2195 1042 2432 1100 Membra
2482 1044 2750 1110 Ecclesiae,
2806 1045 2900 1100 etsi
2951 1045 3114 1119 ofﬁcio
3159 1046 3430 1114 distincta,
3485 1055 3610 1104 sunt

2003 1135 2258 1191 charitate
2285 1135 2583 1204 conjuncta.
2615 1136 2792 1192 —Sic
2811 1135 2995 1209 itaque
3021 1137 3101 1194 sic
3125 1144 3326 1194 sanctae
3345 1138 3607 1196 Ecclesiae

2003 1223 2248 1280 membra
2276 1223 2476 1279 debent
2504 1231 2559 1280 et
2588 1225 2770 1281 ofﬁcio
2799 1241 2918 1281 esse
2947 1226 3236 1294 distincta,
3258 1235 3312 1282 et
3339 1227 3606 1286 charitate

2003 1313 2316 1384 conjuncta,
2347 1320 2409 1368 ut
2436 1315 2638 1370 summi
2670 1315 2775 1369 viri
2806 1330 2997 1371 eorum
3030 1317 3051 1352 ⁴
3081 1315 3225 1371 viam
3258 1317 3604 1389 provideant,

2003 1403 2097 1475 qui
2128 1403 2184 1458 in
2215 1402 2448 1458 terrenis
2490 1403 2727 1475 negotiis
2764 1413 2985 1472 vacant,
3035 1413 3304 1478 quatenus
3345 1406 3497 1461 velut
3538 1404 3607 1462 ad

2004 1492 2190 1549 lumen
2220 1492 2507 1548 oculorum
2540 1509 2635 1564 pes
2679 1493 2946 1562 ambulet,
2995 1502 3050 1549 et
3079 1512 3295 1551 rursum
3334 1494 3608 1568 quidquid

2002 1581 2234 1638 terrenis
2263 1580 2498 1652 negotiis
2540 1580 2808 1652 implicati
2849 1592 3040 1654 agunt,
3089 1584 3195 1640 hoc
3222 1585 3291 1640 ad
3335 1583 3605 1656 majorum

2003 1671 2300 1726 utilitatem
2327 1670 2588 1738 referant,
2618 1678 2679 1726 ut
2705 1688 2798 1742 pes
2817 1671 2975 1744 cujus
2994 1674 3085 1729 via
3112 1673 3466 1746 prospicitur,
3496 1689 3608 1730 non

299 1754 514 1822 Qum-ite
532 1752 825 1823 judicium,
846 1752 1110 1808 subvenite
1128 1769 1374 1824 oppresso
1408 1752 1564 1824 (Isai.
1597 1772 1638 1822 ι,
1673 1755 1784 1826 l7).
1817 1755 1889 1810 Et
1922 1770 1969 1832 Β
2003 1760 2107 1817 sibi
2137 1757 2543 1827 tantummodo,
2573 1759 2669 1815 sed
2697 1760 2860 1815 etiam
2902 1761 3078 1818 oculis
3121 1762 3422 1833 gradiatur.
3467 1762 3607 1818 Dum

294 1853 468 1902 tamen
510 1845 720 1903 Paulus
769 1845 1050 1917 apostolus
1104 1843 1274 1902 dicit:
1327 1845 1746 1918 Contemptibiles
1797 1844 1892 1916 qui

292 1941 412 1991 sunt
425 1935 484 1991 in
499 1935 755 2001 Ecclesia,
771 1936 894 1991 illos
909 1934 1207 1990 constituite
1223 1936 1296 1991 ad
1305 1935 1659 2006 judicandum
1690 1936 1748 2007 (Ι
1762 1935 1887 1992 Cor.

292 2041 370 2092 vr,
400 2024 482 2095 4).
507 2023 797 2082 Auditores
821 2024 1026 2081 etenim
1049 2041 1175 2081 suos
1195 2024 1263 2082 ad
1293 2024 1556 2082 virtutem
1585 2025 1890 2098 sapientiae,

293 2112 354 2170 ad
375 2113 687 2186 linguarum
709 2129 926 2186 genera,
946 2112 1015 2170 ad
1033 2112 1334 2186 prophetiae
1351 2130 1568 2186 quoque
1583 2112 1894 2186 indaganda

292 2203 547 2276 mysteria
591 2203 975 2272 succendehat,
1006 2203 1228 2260 dicens:
1254 2205 1276 2238 ²
1316 2204 1674 2260 Emulamini
1718 2203 1894 2274 spiri-

292 2293 437 2360 talia,
467 2294 642 2365 magis
669 2300 844 2349 autem
872 2299 931 2348 ut
954 2294 1274 2365 prophetetis
1305 2295 1362 2365 (Ι
1382 2295 1509 2351 Cor.
1532 2311 1653 2361 XIV,
1678 2292 1755 2363 1).
1788 2290 1892 2348 Sed

290 2385 411 2457 quia
437 2383 714 2456 spiritalia
742 2382 888 2440 dona
916 2399 1027 2438 non
1046 2390 1325 2456 caperent,
1351 2383 1397 2439 si
1427 2391 1644 2439 terrena
1662 2398 1756 2438 eos
1785 2397 1894 2437 ne-

288 2475 426 2546 gotia
469 2474 894 2547 depressissent,
936 2475 1096 2546 longe
1145 2482 1271 2530 ante
1318 2474 1607 2546 praemisit,
1664 2473 1890 2529 dicens:

288 2563 716 2633 Contemptibiles
745 2562 842 2632 qui
869 2569 991 2616 sunt
1018 2563 1072 2615 in
1096 2563 1358 2627 Ecclesia,
1375 2563 1500 2617 illos
1519 2561 1810 2616 constituite
1828 2561 1899 2616 ad

277 2650 647 2722 judicandum
693 2649 748 2716 (Ι
782 2649 910 2704 Cor.
953 2666 1033 2716 VI,
1063 2649 1146 2719 4).
1187 2650 1269 2705 Ac
1309 2650 1355 2705 si
1384 2657 1568 2721 aperte
1598 2650 1762 2715 dicat,
1801 2650 1895 2722 qui

284 2737 527 2795 minoris
558 2736 740 2792 meriti
771 2743 903 2791 sunt
931 2736 987 2792 in
1017 2736 1286 2802 Ecclesia,
1308 2744 1361 2792 et
1381 2737 1551 2793 nullis
1570 2754 1893 2810 magnorum

287 2827 563 2884 donorum
598 2824 902 2880 virtutibus
929 2826 1161 2896 pollent,
1180 2826 1282 2897 ipsi
1314 2825 1381 2882 de
1412 2827 1642 2882 terrenis
1663 2829 1897 2899 negotiis

285 2917 557 2990 judicent,
589 2921 862 2986 quatenus
890 2930 984 2986 per
1012 2930 1149 2987 quos
1177 2931 1373 2987 magna
1420 2924 1722 2989 nequeunt,
1752 2917 1898 2974 bona

292 3007 504 3063 minora
533 3004 915 3075 suppleantur.
949 3002 1097 3070 Quos
1127 3010 1182 3058 et
1221 3005 1666 3078 contemptibiles
1706 3005 1898 3062 nomi-

2001 1851 2185 1923 itaque
2214 1847 2319 1904 sibi
2351 1847 2590 1905 invicem
2629 1849 2840 1904 alterna
2886 1850 3367 1907 administratione
3397 1865 3610 1908 conve—

1977 1942 2185 2014 niunt,
2209 1939 2351 1994 miro
2381 1937 2546 1993 modo
2573 1939 2774 2010 agitur,
2793 1947 2854 1994 ut
2873 1941 3002 2012 quia
3029 1942 3190 1998 electi
3210 1941 3414 2014 quique
3429 1939 3610 1996 vicis-

2001 2032 2104 2089 sim
2135 2031 2356 2087 sibimet
2385 2028 2753 2101 impendendo
2770 2031 2916 2104 quod
2933 2033 3125 2088 valent
3153 2033 3388 2099 faciunt,
3417 2048 3606 2090 eorum

2003 2124 2138 2180 ﬁant
2172 2137 2337 2194 opera
2363 2121 2528 2177 etiam
2558 2137 2679 2194 qua:
2709 2121 2888 2178 facere
2911 2121 3015 2195 ipsi
3036 2139 3147 2178 non
3180 2130 3430 2196 possunt.

2073 2212 2162 2269 45.
2182 2211 2492 2267 Necessitate
2519 2212 2787 2278 suadente,
2803 2213 3175 2284 contemplatio
3194 2212 3608 2277 intermittenda,

2003 2309 2063 2359 ut
2085 2301 2325 2375 proximi
2344 2300 2566 2356 utilitati
2592 2302 2880 2358 serviatur.
2904 2331 2975 2344 —
2995 2301 3100 2359 Sed
3133 2301 3278 2358 inter
3299 2301 3416 2358 haec
3437 2299 3608 2356 scien-
3643 2290 3648 2294 ’

2003 2393 2135 2449 dum
2165 2400 2245 2448 est
2275 2391 2402 2464 quia
2421 2407 2548 2447 cum
2596 2391 2978 2461 proximorum
3015 2391 3196 2448 causis
3240 2388 3610 2446 exterioribus

2004 2481 2098 2555 qui
2129 2488 2252 2552 apte
2295 2477 2608 2534 deserviant
2646 2477 2874 2545 desunt,
2923 2477 3125 2535 debent
3177 2478 3236 2534 hi
3267 2492 3488 2550 quoque
3516 2475 3611 2548 qui

2004 2569 2346 2642 spiritalibus
2373 2568 2534 2624 donis
2567 2569 2714 2641 pleni
2745 2575 2875 2624 sunt
2903 2585 3093 2625 eorum
3125 2567 3438 2623 inﬁrmitati
3469 2582 3613 2622 con-

2005 2657 2333 2714 descendere
2391 2657 2730 2730 terrenisque
2788 2657 3013 2713 illorum
3061 2655 3504 2724 necessitatibus,
3552 2655 3611 2712 in

2005 2755 2272 2820 quantum
2303 2747 2563 2804 decenter
2581 2747 2822 2812 valeant,
2846 2745 3133 2803 charitatis
3152 2745 3612 2803 condescensione

2005 2838 2235 2894 servire.
2267 2838 2380 2894 Nec
2425 2836 2627 2892 taedere
2667 2836 2916 2892 animum
2961 2835 3146 2903 debet,
3189 2836 3236 2891 si
3278 2852 3470 2892 sensus
3498 2833 3616 2906 ejus

2005 2924 2456 2997 contemplationi
2473 2925 2804 2996 spiritalium
2821 2940 3035 2995 semper
3051 2925 3296 2980 intentus
3315 2922 3614 2995 aliquando

2005 3015 2386 3089 dispensandis
2415 3014 2576 3069 rebus
2606 3013 2852 3069 minimis
2870 3014 3024 3086 quasi
3043 3011 3614 3068 minoratusintlecti—

294 3103 400 3162 nat,
434 3102 488 3192 εξ
517 3101 705 3192 ῒδῑζλθη
748 3091 1024 3192 sapienfes
1052 3099 1234 3161 νοοδῐ,
1263 3095 1622 3192 ’θοαὶ-ἀξοίξῑ
1677 3096 1762 3151 δίο
1790 3113 1894 3150 ηοη
1929 3131 1973 3192 ρ
2009 3115 2118 3174 tur,
2148 3104 2369 3178 quando
2399 3103 2539 3159 illud
2569 3104 2812 3160 Verbum
2844 3120 2939 3177 per
2967 3104 3114 3177 quod
3143 3111 3401 3160 constant
3428 3104 3616 3161 omnia

295 3191 362 3240 est
372 3184 581 3255 sapiens
599 3183 740 3238 inter
755 3197 844 3237 vos
857 3182 1162 3254 quisquam,
1179 3184 1272 3254 qui
1285 3185 1457 3256 possit
1472 3185 1720 3255 judicare
1748 3188 1894 3249 627

296 3280 421 3336 inter
448 3281 682 3352 fratrem
703 3296 860 3335 suum
883 3279 1074 3349 (Ibid,
1090 3281 1149 3349 5)
1165 3280 1193 3336 ?
1211 3280 1329 3348 Qua
1356 3297 1426 3336 ex
1451 3299 1508 3338 re
1529 3282 1663 3355 quid
1685 3281 1894 3353 colligi-

295 3377 400 3439 tur,
429 3371 537 3426 nisi
568 3377 630 3426 ut
658 3369 716 3426 hi
747 3377 992 3425 terrenas
1012 3385 1203 3425 causas
1231 3370 1576 3439 examinem,
1605 3371 1700 3443 qui
1730 3377 1896 3426 exte-

295 3458 498 3515 riorum
546 3475 732 3516 rerum
770 3457 1096 3530 sapientiam
1139 3459 1545 3530 perceperunt?
1574 3459 1682 3527 Qui
1711 3466 1894 3514 autem

295 3547 634 3620 spiritalibus
663 3548 824 3604 donis
851 3547 1012 3603 ditati
1044 3554 1194 3616 sunt,
1226 3548 1471 3620 profecto
1502 3547 1738 3604 terrenis
1782 3565 1894 3604 non

297 3637 502 3693 debent
527 3638 762 3708 negotiis
790 3637 1086 3710 implicari,
1117 3645 1180 3693 ut
1207 3637 1338 3693 dum
1370 3656 1482 3695 non
1513 3647 1786 3710 coguntur
1814 3639 1896 3694 in-

297 3726 508 3783 feriora
533 3725 678 3782 bona
707 3726 1011 3799 disponere,
1042 3727 1328 3784 exercitati
1359 3729 1578 3784 valeant
1605 3727 1766 3783 bonis
1795 3744 1898 3783 su-

296 3813 604 3888 perioribus
631 3814 924 3871 deservire.

367 3921 506 3996 [Vet.
539 3921 750 3997 ΧΧῙΙ.]
773 3921 863 3978 43.
898 3921 1002 3990 Qui
1027 3938 1124 3994 per
1145 3938 1200 3976 se
1226 3938 1333 3977 non
1353 3926 1600 3994 possunt,
1633 3938 1733 3994 per
1758 3921 1896 3978 alios

302 4017 460 4088 omcia
489 4016 772 4073 charitatis
799 4035 1039 4073 exercere
1068 4022 1327 4073 tenentur.
1358 4047 1429 4059 —
1454 4015 1559 4073 Sed
1588 4015 1893 4073 curandum

305 4120 619 4178 magnopere
661 4115 745 4163 est
771 4114 835 4164 ut
872 4106 930 4162 hi
961 4106 1056 4180 qui
1100 4105 1262 4163 donis
1288 4104 1633 4178 spiritalibus
1658 4103 1898 4160 emicant

305 4208 635 4268 nequaquam
652 4195 1039 4269 proximorum
1063 4195 1323 4250 inﬁrman
1331 4194 1467 4249 tium
1480 4193 1698 4266 negotia
1712 4191 1895 4249 fundi-

303 4282 669 4352 tusdeserant,
690 4285 785 4340 sed
811 4284 929 4341 haec
944 4284 1069 4340 aliis
1090 4283 1292 4357 quibus
1311 4282 1540 4355 dignum
1560 4290 1641 4339 est
1661 4289 1895 4338 tractan-

305 4369 370 4426 da
393 4374 756 4430 committant.
782 4373 939 4431 Unde
966 4375 1185 4446 Moyses
1213 4389 1431 4446 quoque
1450 4389 1512 4429 ac
1529 4372 1793 4445 populum
1814 4371 1895 4426 vi-

2005 3203 2210 3264 creata,
2240 3203 2302 3252 ut
2335 3195 2614 3268 prodesset
2663 3192 3007 3262 hominibus,
3050 3201 3333 3267 assumpta
3361 3193 3615 3250 humani-

2003 3295 2136 3356 tate,
2167 3286 2347 3342 voluit
2377 3286 2731 3359 paulominus
2754 3287 2776 3322 ⁵
2807 3285 2877 3342 ab
2905 3284 3116 3357 angelis
3149 3284 3435 3341 minorari.
3469 3283 3615 3352 Quid

2004 3393 2132 3450 ergo
2161 3376 2365 3433 mirum
2407 3377 2454 3433 si
2502 3376 2670 3433 homo
2699 3392 2756 3433 se
2787 3383 3010 3449 propter
3047 3373 3330 3430 hominem
3359 3373 3613 3443 attrahit,

2007 3466 2142 3523 dum
2162 3475 2377 3524 creator
2397 3467 2685 3524 hominum
2701 3475 2756 3523 et
2769 3467 3091 3540 angelorum
3112 3467 3349 3523 formam
3371 3465 3616 3522 hominis

2007 3570 2234 3635 propter
2261 3560 2544 3617 hominem
2595 3560 2885 3633 suscepit?
2930 3560 3042 3617 Nec
3095 3566 3279 3615 tamen
3310 3558 3619 3615 minoratur

2003 3668 2198 3708 sensus
2224 3667 2350 3707 cum
2379 3651 2460 3707 sic
2486 3649 2807 3718 attrahitur,
2836 3650 2967 3722 quia
2985 3655 3140 3705 tanto
3169 3649 3434 3706 subtilius
3459 3664 3616 3721 supe-

2003 3742 2151 3797 riora
2178 3747 2448 3812 penetrat,
2469 3745 2676 3810 quanto
2691 3738 2962 3794 humilius
2979 3755 3078 3809 pro
3105 3755 3291 3794 amore
3311 3738 3618 3795 conditoris

2005 3845 2106 3885 nec
2134 3828 2399 3884 inferiora
2425 3826 2752 3882 contemnit.
2813 3826 2962 3892 Quid
3000 3825 3291 3896 indignum
3340 3824 3502 3880 nobis
3529 3826 3617 3882 vel

2005 3916 2238 3974 difﬁcile
2263 3922 2366 3982 est,
2397 3914 2443 3970 si
2473 3929 2638 3986 supra
2658 3913 2912 3984 infraque
2940 3913 3190 3968 animum
3223 3912 3498 3979 ducimus,
3521 3913 3617 3984 qui

2005 4005 2196 4063 eadem
2249 4019 2418 4060 manu
2455 4002 2704 4075 corporis
2750 4003 3001 4058 lavamus
3048 4000 3268 4069 faciem,
3305 4016 3413 4073 qua
3450 3999 3617 4057 etiam

2005 4095 2321 4153 calceamus
2346 4092 2575 4166 pedem?
2618 4093 2818 4148 Beatus
2850 4090 3020 4163 igitur
3047 4089 3148 4147 Job
3169 4093 3316 4154 828
3340 4089 3473 4163 quia
3491 4107 3617 4147 cum

2006 4208 2205 4265 magna
2260 4197 2445 4264 ageret
2499 4189 2735 4246 minima
2768 4205 2883 4245 non
2929 4188 3202 4262 despexit,
3258 4188 3441 4245 dicat:
3475 4187 3615 4262 [Vet.

2005 4281 2250 4356 ΧΧΙΙΙ.]
2308 4284 2383 4338 Et
2437 4297 2653 4336 causam
2697 4298 2860 4352 quam
2899 4280 3186 4336 nesciebam
3225 4279 3620 4351 diligentissime

2004 4371 2400 4442 inuestigabam.

305 4476 393 4516 ros
432 4478 530 4533 pro
571 4480 628 4520 se
673 4464 1014 4537 septuaginta
1059 4463 1371 4532 constituit,
1401 4471 1463 4520 ut
1509 4468 1716 4535 quanto
1743 4477 1799 4517 se
1826 4460 1896 4517 ab
1926 4494 1974 4553 Β
2076 4462 2167 4519 46.
2199 4463 2265 4518 In
2284 4459 2505 4530 judiciis
2531 4475 2640 4514 non
2657 4458 2820 4514 simus
2842 4458 3159 4530 praecipites.
3181 4456 3620 4553 Maiora-crimi-

308 4553 666 4609 exterioribus
691 4554 868 4611 causis
896 4552 1276 4621 absconderet,
1306 4558 1460 4609 tanto
1487 4550 1769 4607 ardentius
1800 4550 1898 4606 in-
1926 4547 1968 4553 “
2006 4570 2080 4609 na
2100 4549 2309 4607 tardius
2336 4549 2635 4613 credenda;
2662 4548 2753 4603 sed
2779 4564 2897 4602 cum
2924 4553 3310 4620 agnoscuntur,
3328 4547 3484 4603 citius
3505 4557 3635 4618 pu—'

311 4644 450 4697 terna
477 4648 806 4713 penetraret.
838 4641 1037 4714 Sicque
1065 4640 1130 4696 ﬁt
1157 4647 1219 4696 ut
1247 4639 1449 4696 summi
1493 4638 1600 4694 viri
1633 4637 1805 4709 magis
1831 4637 1899 4693 ad

311 4728 562 4798 spiritalia
577 4730 725 4786 dona
742 4730 1056 4803 proﬁciant,
1074 4729 1205 4785 dum
1227 4744 1417 4784 eorum
1442 4734 1650 4783 mentes
1670 4742 1755 4781 res
1777 4726 1898 4782 inti-

311 4829 401 4871 mae
415 4833 518 4874 non
540 4819 904 4886 conculcant;
928 4826 983 4874 et
1003 4834 1222 4874 rursum
1247 4815 1352 4872 viri
1370 4815 1428 4872 in
1447 4815 1695 4873 Ecclesia
1715 4815 1898 4872 ultimi

308 4903 413 4962 sine
437 4906 583 4965 bono
610 4925 776 4982 opere
805 4925 920 4966 non
948 4908 1164 4977 vivant,
1210 4907 1347 4976 dum
1377 4906 1435 4963 in
1467 4905 1629 4962 rebus
1657 4905 1899 4962 exterio-

307 4995 443 5056 ribus
471 4999 770 5058 inveniunt
798 5007 948 5057 recta
976 5018 1099 5074 quae
1114 5008 1296 5074 agant.
1328 5001 1526 5056 Sancta
1561 4997 1763 5072 quippe
1785 4999 1901 5054 Ec-

307 5085 456 5144 clesia
485 5088 568 5146 sic
594 5088 854 5146 consistit
880 5089 1093 5145 unitate
1114 5089 1384 5156 ﬁdelium,
1409 5088 1554 5145 sicut
1583 5103 1784 5160 corpus
1803 5103 1898 5143 no-

306 5179 466 5232 strum
484 5177 706 5235 unitum
727 5185 810 5234 est
830 5193 1090 5252 compage
1108 5177 1501 5235 membrorum.
1521 5177 1648 5233 Alia
1662 5192 1899 5250 namque

306 5271 423 5320 sunt
446 5265 698 5325 membra
724 5267 785 5325 in
831 5281 1058 5341 corpore
1087 5284 1209 5342 quae
1237 5265 1518 5325 intuenda:
1545 5265 1658 5322 luci
1702 5265 1897 5323 deser-

2008 4641 2225 4698 nienda.
2256 4669 2327 4680 —
2345 4638 2465 4706 Qua
2507 4636 2564 4693 in
2596 4652 2655 4693 re
2700 4636 3007 4693 notandum
3037 4636 3202 4693 Video
3229 4652 3300 4693 ne
3327 4636 3396 4693 ad
3424 4635 3617 4709 profe-

2009 4730 2235 4788 rendam
2261 4727 2591 4786 sententiam
2621 4743 2864 4800 unquam
2896 4727 3205 4799 praecipites
3252 4743 3370 4783 esse
3425 4723 3618 4781 debea-

2011 4836 2155 4886 mus,
2188 4835 2257 4873 ne
2285 4825 2490 4874 temere
2519 4815 2828 4873 indiscussa
2865 4815 3200 4889 judicemus,
3246 4832 3315 4872 ne
3361 4811 3619 4886 quaelibet

2012 4911 2157 4965 mala
2185 4907 2374 4965 audita
2403 4923 2505 4964 nos
2535 4915 2814 4976 moveant,
2846 4923 2914 4963 ne
2943 4907 3144 4980 passim
3173 4905 3318 4961 dicta
3348 4902 3468 4958 sine
3495 4916 3617 4972 pro-

2009 4999 2230 5056 batione
2260 4998 2567 5055 credamus.
2609 4998 2767 5066 Quod
2796 4997 3044 5070 profecto
3085 5000 3392 5066 perpetrare
3439 4989 3620 5061 perti-

2009 5087 2326 5156 mescimus,
2347 5088 2391 5144 si
2404 5087 2647 5144 auctoris
2665 5086 2841 5144 nostri
2861 5083 3120 5142 subtilius
3139 5081 3284 5135 facta
3304 5095 3615 5152 pensamus.

2009 5181 2128 5252 Ipse
2157 5180 2360 5254 quippe
2378 5186 2440 5236 ut
2454 5195 2556 5236 nos
2575 5195 2605 5234 a
2634 5177 2974 5252 praecipitata
2994 5171 3280 5230 sententias
3308 5171 3618 5246 prolatione

2003 5276 2396 5343 compesceret,
2427 5283 2555 5327 cum
2583 5267 2771 5325 omnia
2798 5263 2949 5324 nuda
2991 5269 3046 5320 et
3073 5268 3260 5337 aperta
3286 5262 3400 5320 sint
3431 5261 3612 5321 oculis

373 5535 387 5569 ¹
429 5536 453 5591 l
488 5535 690 5606 Laud.,
731 5537 790 5593 in
818 5541 1018 5592 terram
1061 5534 1372 5594 concederet.
1421 5536 1635 5604 Germ.,
1662 5541 1903 5592 mortuos
2006 5535 2257 5595 Nostram
2282 5531 2773 5606 lecttconﬁrmant
2800 5533 2926 5588 Mss.
2950 5530 3362 5606 Corb.,vG_rerm.
3397 5531 3616 5597 Norm.,

306 5607 557 5677 tepeliret.

369 5677 391 5759 ξ
426 5678 668 5759 Yindoc.
677 5721 698 5759 ,
723 5677 1231 5759 tantulamini'dona.
1244 5678 1484 5758 meliora.

372 5750 392 5783 ³
431 5750 619 5808 Germ.
651 5757 707 5807 et
732 5758 936 5825 poster.
970 5749 1144 5817 Editi,
1173 5749 1289 5806 alia
1314 5765 1429 5820 qua
1455 5768 1489 5806 a
1520 5756 1726 5806 terreno
1754 5755 1902 5810 actu.

2009 5606 2122 5665 duo
2149 5604 2347 5673 Laud.,
2379 5603 2641 5673 Vindoc.,
2671 5605 2878 5662 Turon.
2910 5611 2965 5660 et
2994 5611 3107 5661 vet.
3137 5603 3289 5661 Edit.

2084 5679 2106 5714 ⁸
2137 5677 2374 5746 Gemet.,
2403 5675 2546 5734 Utic.
2577 5684 2632 5732 et
2660 5677 2942 5746 Beccens.,
2970 5693 3152 5733 eorum
3180 5675 3360 5733 vitam.

2083 5753 2105 5785 ⁵
2137 5748 2448 5818 Omittitur,
2476 5747 2564 5816 ab,
2596 5748 2654 5805 in
2681 5749 2820 5822 pler.
