4172 6184
538 293 643 352 H7

1750 286 2001 348 SANCTI
2036 287 2377 347 GREGORII
2414 287 2644 347 MAGNI

3745 297 3848 356 128

533 425 673 498 ejus,
706 423 851 481 mala
889 430 1074 480 tamen
1112 420 1363 479 Sodomae
1417 419 1599 477 uoluit
1639 418 1829 475 audita
1850 418 2124 492 judicare,
2160 418 2209 476 Α
2238 419 2491 492 diripuit.
2530 420 2667 489 Quis
2709 437 2948 497 namque
2988 422 3214 498 iniquus
3250 425 3439 485 verius
3484 424 3598 485 dici
3646 421 3853 500 potest,

532 514 628 590 qui
639 513 743 572 ait:
767 514 986 572 Clamor
1005 512 1355 569 Sodomorum
1371 515 1419 564 et
1433 510 1447 544 ¹
1471 509 1938 566 Gomorrhceorum
1951 509 2130 565 multi-

526 603 762 676 plicatus
787 608 882 669 est,
911 608 961 657 et
982 605 1253 674 peccatum
1271 616 1453 655 eorum
1481 606 1831 671 aggravatum
1851 605 1925 655 est
1948 598 2131 665 nimis;

531 691 835 749 descendam
853 695 904 745 et
922 689 1102 745 uidebo
1131 694 1314 744 utrum
1351 690 1637 744 clamorem
1671 689 1763 760 qui
1789 688 1930 744 venit
1956 688 2028 743 ad
2052 705 2132 744 me

528 795 685 851 opere
713 779 1107 851 compleoerint,
1136 795 1209 835 an
1235 795 1342 835 non
1369 785 1444 834 est
1490 779 1588 845 ita,
1637 784 1700 833 ut
1724 778 1886 835 sciam
1915 777 2127 851 (Genes.

528 884 693 938 xvm,
743 869 861 941 20).
892 868 1257 942 Omnipotens
1286 869 1471 942 itaque
1499 869 1772 926 Dominus
1803 868 1882 941 (2,
1913 887 1967 941 q.
2002 871 2053 938 1,
2083 887 2128 927 c.

528 958 671 1015 Deus
697 958 1045 1031 omnipotens)
1096 966 1151 1015 et
1179 958 1368 1015 omnia
1405 958 1604 1026 sciens,
1637 974 1737 1015 cur
1770 965 1895 1015 ante
1925 958 2133 1031 proba-

527 1048 736 1106 tionem
765 1046 922 1122 quasi
943 1047 1181 1115 dubitat,
1211 1046 1320 1103 nisi
1349 1053 1413 1102 ut
1441 1046 1728 1119 gravitatis
1754 1046 1915 1104 nobis
1934 1064 2135 1104 exem—

527 1138 680 1212 plum
709 1143 1000 1212 proponat,
1029 1152 1101 1193 ne
1120 1137 1265 1193 mala
1283 1135 1576 1193 hominum
1597 1144 1723 1193 ante
1738 1153 2134 1210 praesumamus

526 1227 749 1285 credere
775 1244 939 1301 quam
964 1227 1226 1301 probare?
1267 1227 1411 1284 Ecce
1438 1243 1536 1300 per
1574 1227 1796 1299 angelos
1823 1226 1892 1284 ad
1918 1243 2135 1301 cogno-

528 1316 730 1375 scenda
745 1318 890 1374 mala
909 1316 1215 1386 descendit,
1235 1334 1476 1391 moxque
1505 1317 1846 1375 facinorosos
1860 1318 2097 1391 percutit
2114 1334 2128 1385 ;

526 1414 689 1481 atque
717 1406 812 1463 ille
840 1406 1075 1480 patiens,
1107 1406 1201 1462 ille
1250 1406 1427 1474 mitis,
1479 1406 1571 1463 ille
1612 1404 1681 1462 de
1710 1422 1820 1479 quo
1865 1406 2131 1478 scriptum

525 1504 639 1555 est:
677 1500 758 1557 Tu
791 1502 970 1553 autem
1022 1496 1268 1563 Domine,
1318 1513 1441 1552 cum
1495 1496 1884 1567 tranquillitate
1917 1495 2134 1565 judicas

529 1587 685 1660 (Sep.
734 1604 839 1656 xu,
891 1586 1007 1660 18),
1056 1586 1152 1642 ille
1197 1585 1265 1642 de
1300 1602 1410 1659 quo
1438 1586 1706 1658 scriptum
1736 1592 1820 1641 est
1873 1601 2128 1642 rursum:

526 1677 786 1735 Dominus
810 1677 1020 1749 patiens
1046 1682 1124 1732 est
1149 1675 1393 1731 redditor
1423 1674 1615 1746 (Eccli.
1647 1692 1705 1743 v,
1735 1674 1816 1748 4);
1848 1681 2003 1732 tanto
2031 1673 2134 1732 cri-

2239 526 2402 583 quam
2418 509 2672 567 diabolus
2686 511 2716 568 ‘I
2740 511 2911 585 Cujus
2933 513 3106 570 molas
3122 514 3482 584 conterimus,
3503 515 3723 590 quoties
3742 516 3851 574 dis-

2240 598 2470 657 serendo
2503 608 2695 658 contra
2717 600 2836 674 ejus
2865 601 3093 660 insidias
3122 603 3339 661 occulta
3368 602 3523 660 illius
3551 603 3852 663 machina-

2244 697 2429 746 menta
2477 694 2622 753 629
2665 699 3065 760 monstramus;
3107 708 3170 749 ac
3215 692 3263 749 si
3315 692 3384 749 de
3428 692 3549 765 ejus
3594 694 3855 767 dentibus

2243 787 2483 860 praedam
2513 787 2784 857 tollimus,
2807 788 2936 862 quia
2962 798 3201 845 mentem
3232 794 3396 862 quam
3420 788 3536 863 jam
3566 791 3634 848 ad
3665 807 3854 865 pecca-

2241 885 2358 934 tum
2380 877 2685 951 frangendo
2705 877 3097 949 momorderat,
3120 880 3189 936 ad
3219 880 3451 936 salutem
3472 881 3602 937 vitae
3622 897 3853 938 conver-

2241 967 2408 1025 tendo
2437 985 2781 1025 revocamus.
2804 966 2942 1043 [Vet.
2962 969 3098 1025 XXI
3105 967 3191 1042 V.]
3213 968 3316 1025 Per
3333 969 3507 1025 molas
3527 970 3731 1043 quippe
3751 986 3857 1028 oc-

2241 1057 2403 1114 cultae
2433 1056 2551 1131 ejus
2580 1058 2819 1127 insidiae,
2836 1074 2933 1130 per
2952 1056 3143 1115 dentes
3164 1074 3296 1114 vero
3317 1066 3505 1131 aperta
3527 1057 3645 1131 jam
3675 1059 3854 1132 culpa:

2241 1148 2574 1219 perpetratio
2598 1148 3028 1205 demonstratur.
3059 1149 3137 1204 De
3166 1145 3367 1221 quibus
3396 1145 3663 1204 nimirum
3692 1149 3855 1206 molis

2240 1252 2305 1293 ac
2324 1236 2582 1295 dentibus
2610 1254 2707 1311 per
2725 1237 3070 1294 Psalmistam
3099 1237 3367 1310 scriptum
3388 1243 3501 1294 est:
3544 1238 3689 1295 Deus
3727 1256 3851 1295 vero

2245 1326 2509 1382 ‘conteret
2540 1327 2716 1384 dentes
2739 1344 2920 1383 eorum
2946 1327 3005 1382 in
3030 1344 3120 1383 ore
3158 1327 3417 1398 ipsorum,
3447 1327 3617 1383 molas
3649 1328 3855 1384 leonum

2241 1415 2537 1488 confringet
2573 1417 2834 1473 Dominus
2875 1416 3063 1500 (Ρεςαι.Δ
3083 1434 3220 1485 Lvn,
3268 1416 3348 1488 7).
3380 1415 3486 1472 Sed
3515 1424 3740 1481 sanctus
3766 1417 3855 1474 vir

2242 1511 2368 1561 ante
2396 1522 2453 1562 se
2481 1507 2676 1562 asserit
2705 1507 2879 1563 molas
2907 1513 3212 1575 conterere,
3242 1513 3306 1561 ut
3334 1512 3458 1577 post
3498 1504 3565 1562 de
3594 1504 3854 1563 dentibus

2244 1592 2395 1650 illius
2423 1595 2663 1668 praedam
2688 1595 2961 1669 potuisset
2988 1594 3224 1664 auferre,
3254 1594 3384 1668 quia
3421 1603 3556 1651 tunc
3585 1595 3853 1652 veraciter

2242 1684 2483 1758 praedam
2512 1684 2581 1742 de
2608 1683 2728 1757 ejus
2756 1684 3015 1742 dentibus
3048 1680 3318 1754 tollimus,
3337 1701 3464 1742 cum
3492 1685 3648 1758 prius
3678 1674 3854 1743 molas

526 1764 678 1823 mine
706 1766 990 1823 involutos
1018 1763 1331 1833 inveniens,
1364 1764 1519 1837 quasi
1562 1762 1885 1836 patientiam
1915 1771 2128 1835 praeter-

2242 1773 2396 1831 illius
2423 1782 2705 1831 conterere
2737 1774 2961 1831 scimus.
3011 1775 3172 1832 Prius
3212 1773 3361 1830 enim
3390 1790 3610 1831 necesse
3639 1782 3722 1831 est
3747 1792 3853 1832 oc-

526 1856 701 1926 misit,
730 1864 786 1914 et
831 1856 980 1914 diem
1015 1854 1251 1912 extremi
1288 1853 1490 1927 iudicii
1524 1860 1841 1927 exspectem
1878 1853 1949 1911 ad
1993 1855 2134 1911 vin-

526 1944 733 2002 dictam
791 1945 994 2014 noluit,
1055 1943 1151 2001 sed
1206 1958 1299 2001 eos
1363 1942 1488 2015 igne
1538 1941 1761 2015 judicii,
1818 1950 1945 2000 ante
1985 1942 2133 2015 judi-

525 2033 600 2090 cii
637 2033 785 2091 diem
828 2032 1117 2107 praevenit.
1169 2032 1311 2088 Ecce
1353 2031 1561 2086 malum
1607 2030 1763 2104 quasi
1808 2046 1936 2087 cum
1991 2030 2133 2090 diﬁi-

525 2124 733 2181 cultate
760 2121 998 2180 credidit
1023 2136 1151 2178 cum
1186 2119 1426 2188 audivit,
1446 2126 1502 2176 et
1527 2126 1714 2175 tamen
1734 2118 1854 2175 sine
1872 2119 2132 2177 tarditate

526 2210 819 2285 percussit,
848 2227 976 2270 cum
1005 2226 1199 2267 verum
1220 2208 1601 2283 cognoscendo
1630 2208 1852 2282 reperit,
1882 2215 1945 2264 ut
1972 2207 2133 2265 nobis

524 2299 789 2357 videlicet
829 2299 986 2356 daret
1012 2299 1350 2372 exemplum,
1388 2296 1537 2370 quod
1569 2296 1778 2369 majora
1816 2295 2053 2354 crimina
2078 2304 2134 2353 et

523 2387 678 2445 tarde
706 2386 982 2445 credenda
1010 2395 1141 2443 sunt
1154 2402 1283 2444 cum
1303 2385 1628 2455 audiuntur,
1649 2393 1706 2441 et
1723 2384 1890 2442 citius
1904 2385 2135 2457 punien-

523 2478 594 2536 da
620 2485 751 2536 sunt
778 2494 906 2536 cum
935 2476 1207 2534 veraciter
1232 2482 1627 2549 agnoscuntur.
1672 2473 1850 2546 Hujus
1879 2489 2007 2547 ergo
2035 2473 2133 2530 di-

523 2566 766 2642 ligcntiae
810 2566 1005 2624 beatus
1063 2564 1166 2623 Job
1195 2563 1629 2622 sollicitudinem
1675 2578 1890 2636 gerens,
1917 2561 2027 2617 ait:
2059 2562 2135 2619 Et

524 2672 740 2713 causam
767 2671 929 2726 quam
970 2652 1280 2720 nesciebam,
1309 2652 1705 2723 diligentissime
1732 2650 2127 2726 inuestigabam.

525 2745 658 2815 Quae
685 2743 899 2802 scilicet
915 2742 1084 2799 verba
1110 2741 1275 2798 etiam
1304 2757 1402 2813 per
1422 2756 1615 2799 vocem
1643 2739 1906 2798 Ecclesiae
1933 2738 2001 2796 ad
2032 2739 2132 2796 in-

522 2831 976 2906 terpretationem
1004 2832 1249 2903 typicam
1272 2844 1564 2902 possumus
1596 2842 1710 2884 non
1734 2827 2127 2885 inconvenien-

524 2928 610 2978 ter
632 2921 853 2978 referre.
886 2920 1009 2992 Ipsa
1036 2919 1239 2993 quippe
1269 2919 1291 2954 ²
1321 2934 1417 2991 per
1431 2918 1635 2975 electos
1664 2934 1791 2974 suos
1820 2934 1946 2975 cum
1985 2917 2130 2974 mala

522 3010 829 3069 carnalium
854 3008 1089 3082 judicat,
1124 3008 1230 3065 hoc
1259 3007 1408 3081 quod
1451 3006 1628 3063 nescit
1654 3006 1969 3080 investigat,
2000 3005 2131 3080 quia

525 3098 670 3155 mala
694 3112 818 3170 quae
855 3096 1031 3153 nescit
1072 3094 1349 3168 operando
1391 3094 1688 3167 investigat
1713 3111 1811 3168 per
1849 3093 2125 3167 judicium

520 3184 865 3259 corrigendo.
897 3184 1096 3242 Sancta
1121 3184 1307 3257 itaque
1346 3183 1593 3241 Ecclesia
1632 3200 1759 3241 cum
1789 3182 2124 3257 injustorum

522 3276 693 3335 fuerit
719 3276 789 3334 ad
817 3283 1035 3350 tempus
1067 3274 1423 3349 improbitate
1451 3292 1780 3350 compressa,
1814 3275 2125 3333 reminisci-

520 3374 614 3426 tur
639 3367 834 3427 dicens
853 3384 867 3425 :
903 3368 1137 3426 Causam
1153 3383 1314 3438 quam
1334 3367 1622 3424 nesciebam
1639 3366 2035 3439 diligentissime
2046 3366 2125 3422 in-

520 3458 858 3530 uestigabam.
890 3457 972 3515 Ac
999 3456 1047 3514 si
1072 3462 1256 3529 aperte
1283 3455 1469 3513 dicat:
1505 3456 1648 3512 Mala
1688 3472 1810 3529 quae
1848 3456 1908 3512 in
1938 3456 2126 3513 electis

522 3547 661 3605 meis
687 3545 899 3621 agendo
927 3562 1040 3603 non
1075 3562 1361 3616 noveram,
1391 3546 1451 3602 in
1479 3545 1690 3619 iniquis
1709 3544 2031 3603 hominibus
2043 3545 2125 3602 di-

521 3635 712 3694 stricto
752 3634 1056 3707 judicando
1101 3635 1430 3709 plectebam.
1458 3636 1533 3691 Et
1570 3635 1699 3708 quia
1738 3650 1889 3691 nunc
1918 3633 2126 3691 virtute

520 3723 931 3800 pradicationis
957 3740 1070 3781 suae
1096 3724 1383 3794 diabolum
1422 3723 1682 3792 conterit,
1716 3729 1878 3796 atque
1907 3739 1978 3779 ex
2007 3721 2128 3795 ejus

520 3832 614 3873 ore
641 3813 1076 3888 uniuscujusque
1104 3830 1268 3889 quem
1306 3812 1537 3888 suscipit
1564 3812 1807 3870 animam
1836 3813 2001 3887 rapit,
2030 3829 2128 3870 se-

519 3904 711 3979 quitur
737 3902 927 3961 dicens
953 3920 965 3960 :
1650 3936 1653 3937 ν

901 4091 1131 4151 CAPUT
1188 4090 1375 4149 XXVI
1436 4088 1580 4165 [Rea
1635 4089 1781 4165 XV].

585 4215 757 4273 Vens.
792 4216 878 4275 17.
892 4247 964 4260 -
977 4216 1318 4275 Conterebam
1332 4215 1499 4272 molas
1516 4211 1712 4286 iniqui,
1734 4219 1785 4269 et
1799 4210 1861 4268 de
1877 4211 2124 4268 dentibus

515 4304 665 4362 illius
693 4304 999 4377 auferebam
1012 4304 1277 4377 praedam.

585 4428 689 4486 47.-
703 4430 942 4488 Ecclesia
961 4431 1175 4488 diabolo
1198 4430 1443 4504 praedam
1459 4427 1640 4502 eripit,
1661 4444 1780 4485 cum
1796 4427 2032 4499 aliquem
2055 4429 2122 4485 ab

2240 1862 2390 1919 culta
2434 1861 2795 1919 consiliorum
2844 1862 3000 1919 illius
3029 1863 3477 1929 machinamenta
3513 1862 3764 1936 prodere,
3790 1871 3854 1921 ut

2240 1951 2508 2009 auditoris
2558 1951 2735 2009 nostri
2776 1952 3019 2009 animam
3065 1955 3349 2010 valeamus
3384 1953 3737 2026 postmodum
3782 1953 3853 2010 ab

2233 2046 2429 2113 ‘aperto
2459 2039 2617 2112 lapsu
2646 2054 2925 2096 revocare.
2958 2040 3139 2112 Hujus
3163 2041 3343 2114 iniqui
3367 2042 3541 2098 molas
3562 2041 3678 2114 ipse
3706 2058 3853 2098 sum-

2240 2146 2365 2187 mus
2382 2137 2569 2202 pastor
2595 2128 2857 2187 Ecclesiae
2876 2129 3228 2203 praedicando
3256 2129 3594 2199 conterebat,
3616 2146 3739 2186 cum
3761 2130 3851 2187 di-

2240 2229 2417 2278 ceret:
2452 2220 2631 2279 Sobrii
2657 2227 2813 2277 estote
2839 2227 2888 2278 et
2907 2221 3141 2294 vigilate,
3169 2219 3300 2293 quia
3318 2219 3666 2277 adversarius
3685 2226 3853 2276 vester

2240 2309 2484 2366 diabolus
2514 2315 2768 2382 tanquam
2812 2310 2890 2366 leo
2930 2309 3146 2382 rugiens
3183 2308 3391 2378 circuit,
3432 2325 3673 2389 quarens
3699 2324 3851 2381 quem

2240 2399 2481 2467 devoret;
2507 2402 2594 2458 cui
2620 2401 2844 2458 resistite
2869 2401 3033 2473 fortes
3064 2401 3120 2457 in
3146 2402 3249 2474 ﬁde
3278 2402 3334 2474 (Ι
3353 2401 3500 2457 Petr.
3522 2418 3582 2470 v,
3599 2400 3681 2473 8).
3707 2399 3848 2457 Con-

2239 2497 2325 2546 tra
2349 2489 2501 2548 hunc
2527 2491 2743 2548 leonem
2785 2498 2973 2548 sancta
3011 2490 3279 2558 Ecclesia,
3310 2491 3442 2564 quia
3469 2482 3588 2564 ejus
3616 2489 3850 2547 insidias

2241 2577 2535 2651 conspicit,
2551 2578 2681 2635 ﬁdei
2699 2579 2887 2636 caulas
2905 2579 3107 2636 munit.
3135 2578 3306 2651 Cujus
3330 2577 3493 2634 toties
3511 2578 3684 2634 molas
3699 2577 3847 2633 fran-

2241 2667 2340 2741 git,
2372 2668 2589 2740 quoties
2609 2666 2999 2725 haereticorum
3020 2675 3343 2740 argumenta
3372 2666 3640 2734 destruit;
3663 2666 3849 2731 toties-

2241 2770 2346 2827 que
2375 2752 2467 2810 'ab
2509 2753 2628 2826 ejus
2671 2753 2930 2811 dentibus
2979 2754 3221 2827 praedam
3260 2753 3476 2825 diripit,
3520 2754 3738 2827 quoties
3777 2753 3844 2811 ab

2238 2860 2421 2902 errore
2441 2843 2755 2918 quempiam
2778 2844 3128 2916 praedicando
3155 2845 3451 2902 convertit.
3483 2845 3555 2900 Et
3583 2845 3714 2918 quia
3733 2845 3847 2919 ple-

2238 2932 2395 3007 rique
2418 2931 2696 3005 justorum
2722 2938 2860 2989 tunc
2886 2938 3049 2988 erunt
3078 2930 3172 3004 qui
3201 2946 3258 2988 se
3286 2929 3669 2988 ecclesiasticae
3697 2931 3850 3003 pacis

2237 3028 2482 3095 tempore
2508 3020 2577 3078 ab
2619 3020 2727 3078 hoc
2760 3020 2970 3077 mundo
2998 3020 3248 3077 exituros
3293 3035 3410 3077 esse
3466 3019 3847 3089 crediderunt,

2238 3110 2429 3168 beatus
2473 3111 2574 3168 Job
2601 3110 2735 3168 dum
2765 3126 2864 3167 sua
2890 3117 3098 3180 narrat,
3127 3125 3291 3168 voces
3319 3124 3538 3184 quoque
3560 3106 3840 3181 justorum

2239 3199 2587 3275 sequentium
2617 3198 2847 3268 indicat,
2874 3198 3064 3256 dicens
3089 3216 3102 3255 :

2600 3359 2830 3418 CAPUT
2868 3358 3079 3416 xxvu
3109 3357 3254 3433 [κω.
3287 3357 3467 3433 XVI].

2304 3468 2475 3526 Vnus.
2510 3468 2595 3526 18.
2628 3500 2700 3511 -
2722 3467 3100 3539 νΒὶοθόατηᾳωεε
3131 3466 3197 3522 In
3238 3449 3424 3522 nidulo
3467 3480 3581 3521 meo
3610 3464 3840 3533 moriar,

2232 3563 2281 3614 et
2307 3558 2329 3594 ⁸
2363 3557 2498 3614 sicut
2519 3559 2705 3630 palma
2733 3557 3093 3631 multiplicabo
3122 3556 3251 3613 dies.

2303 3683 2392 3741 48.
2426 3683 2565 3754 Ejus
2593 3683 2717 3758 ﬁlii,
2738 3684 2786 3739 si
2807 3700 2938 3756 pace
2964 3682 3083 3754 frui
3111 3682 3436 3749 desiderant,
3466 3680 3523 3738 in
3552 3680 3668 3752 ejus
3712 3679 3838 3735 nido

2233 3783 2283 3832 et
2306 3777 2431 3832 sinu
2462 3781 2788 3832 remaneant.
2820 3806 2892 3817 -—
2920 3774 3066 3842 Quid
3094 3774 3202 3831 hoc
3231 3774 3353 3830 loco
3381 3787 3478 3845 per
3504 3770 3623 3827 nidi
3644 3784 3841 3826 nomen

2232 3865 2586 3938 exprimitur,
2604 3864 2713 3920 nisi
2740 3863 3040 3937 tranquilla
3069 3863 3227 3934 quies
3247 3860 3401 3929 ﬁdei,
3418 3875 3526 3933 qua
3548 3857 3844 3931 unusquis-

2234 3971 2340 4029 que
2367 3954 2624 4011 inﬁrmus
2652 3952 2899 4008 nutritur
2918 3952 2945 4007 ?
2974 3949 3274 4007 Multitudo
3304 3946 3505 4021 quippe
3534 3946 3631 4003 illa
3657 3945 3844 4002 bono-

2233 4064 2381 4115 rum,
2412 4061 2532 4119 quae
2570 4042 3018 4118 persecutionum
3057 4038 3405 4113 temporibus
3442 4036 3612 4093 fuerit
3639 4035 3844 4109 depre-

2234 4136 2425 4204 hensa,
2445 4131 2913 4190 nutrimentorum
2935 4145 3161 4186 suorum
3182 4125 3301 4184 dies
3321 4125 3479 4200 quasi
3507 4124 3566 4182 in
3585 4124 3742 4193 nido,
3764 4124 3844 4181 sic

2235 4225 2294 4282 in
2323 4225 2445 4281 loco
2474 4221 2696 4297 quietis,
2726 4221 2947 4294 explere
2976 4235 3032 4277 se
3071 4216 3328 4276 credidit.
3359 4215 3497 4273 Nam
3519 4214 3628 4271 nisi
3656 4221 3845 4271 sancta

2234 4314 2485 4373 Ecclesia
2514 4312 2766 4370 inﬁrmos
2794 4325 3040 4385 quosque
3068 4307 3214 4365 ﬁlios
3242 4323 3395 4364 nunc
3423 4305 3484 4363 in
3526 4304 3661 4362 nido
3693 4303 3843 4379 pacis

2236 4404 2528 4473 enutriret,
2559 4400 2851 4460 Psalmista
2878 4416 2992 4457 non
3022 4398 3261 4456 diceret:
3293 4395 3505 4453 Etenim
3543 4412 3730 4469 passer
3763 4394 3842 4449 in-

514 4484 1425 4590 εννοὲοῖιιᾶἐὶῖέὸοὲἀὶξζο
1440 4484 1660 4591 animi;
1699 4515 1768 4573 de
1793 4484 1903 4573 ore.
1914 4515 2123 4574 diaboli

2237 4495 2379 4552 venit
2404 4493 2503 4550 sibi
2531 4492 2763 4558 domum,
2784 4497 2832 4547 et
2854 4496 3038 4546 turtur
3064 4487 3275 4554 nidum,
3304 4485 3395 4542 ubi
3427 4490 3651 4559 reponat
3664 4484 3842 4584 pullos

514 4604 755 4680 praedam
808 4606 961 4674 tulit,
1017 4606 1239 4678 quando
1311 4606 1497 4679 ipsum
1551 4614 1826 4679 raptorem
1894 4606 2122 4663 Saulum

514 4695 890 4757 convertendo
918 4696 1101 4767 rapuit
1130 4696 1350 4769 quando
1384 4696 1567 4754 adhuc
1592 4696 1808 4771 spirans
1818 4696 2119 4765 minarum,

514 4784 753 4861 acceptis
807 4782 1058 4860 epistolis
1081 4824 1097 4853 ,
1145 4783 1402 4856 pergebat
1454 4786 1784 4844 Damascum
1816 4827 1833 4854 ,
1887 4792 1942 4841 et
1986 4783 2121 4840 dum

512 4874 892 4951 persequendo
946 4870 1138 4931 ﬁdeles
1166 4874 1188 4909 ³
1218 4880 1572 4946 congregaret
1608 4873 1848 4946 praedam
1876 4872 2119 4942 diabolo,

513 4964 896 5039 cognoscendo
924 4961 1091 5020 ﬁdem
1119 4961 1236 5035 ipse
1264 4968 1584 5035 aggregatus
1610 4970 1694 5018 est
1721 4960 1941 5021 Christo
1974 4961 2118 5035 (Act.

514 5074 597 5126 ιχ,
627 5056 708 5128 2)!
739 5057 925 5116 Toties
951 5070 1022 5112 ex
1062 5051 1244 5129 iniqui
1285 5051 1546 5110 dentibus
1590 5053 1837 5111 Ecclesia
1879 5050 2119 5125 praedam

514 5143 666 5215 tulit,
694 5146 911 5218 quoties
936 5159 1009 5203 ex
1036 5142 1242 5202 erroris
1270 5157 1457 5200 morsu
1483 5141 1729 5198 animam
1768 5138 2120 5215 praedicando

590 5416 607 5450 ¹
634 5412 846 5485 Gemet.
878 5431 961 5471 ac.
988 5414 1137 5485 plur.
1168 5414 1459 5484 Norman.,
1490 5419 1540 5469 et
1569 5412 1902 5472 Gomorrhas.

587 5485 610 5566 ξ
634 5484 900 5566 Χίηεοοη
924 5484 1307 5566 pergratam
1334 5502 1478 5566 suos.

586 5558 607 5629 if
637 5556 890 5629 Ita‘Msgs:
908 5555 1128 5627 Anglic.
1151 5563 1205 5611 et
1234 5557 1433 5625 nostri,
1471 5564 1669 5629 praeter
1698 5556 1861 5629 Corb.
1892 5555 2118 5629 _Germ.,

514 5627 693 5686 ubiut
722 5624 782 5682 in
811 5624 916 5683 Ed.
948 5624 1069 5699 tum
1106 5632 1221 5682 vet.
1269 5635 1388 5683 tum
1420 5624 1838 5686 recentioribus
1892 5625 2116 5699 legitur,

513 5696 1094 5773 medietatem-

586 5767 889 5827 ιῬιὶιτὶωῑ
900 5768 1031 5825 Mss.
1042 5810 1057 5836 ,
1087 5767 1357 5825 contrivit.
1370 5808 1383 5824 .
1395 5810 1407 5823 .
1442 5769 1722 5840 confregit.

2230 4602 2355 4643 suos
2387 4584 2563 4658 (Psal.
2591 4599 2832 4651 Lxxxm,
2861 4580 2944 4654 4).
2977 4580 3095 4636 lam
3138 4577 3344 4654 quippe
3372 4576 3597 4634 domum
3627 4572 3842 4631 invenit

2231 4674 2338 4732 sibi
2367 4689 2572 4748 passer,
2602 4671 2734 4746 quia
2761 4677 3029 4727 aeternum
3069 4666 3192 4725 coeli
3228 4664 3605 4722 habitaculum
3654 4668 3843 4725 noster

2230 4763 2565 4836 Redemptor
2610 4759 2862 4818 intravit.
2901 4759 2975 4815 Et
3001 4763 3185 4813 turtur
3214 4753 3428 4811 invenit
3455 4750 3673 4820 nidum,
3710 4751 3842 4825 quia

2229 4860 2419 4912 sancta
2444 4851 2692 4910 Ecclesia
2710 4865 2895 4907 amore
2935 4842 3239 4903 conditoris
3258 4842 3470 4911 aﬂ'ecta,
3500 4839 3708 4897 crebris
3736 4854 3838 4912 ge-

2230 4941 2462 4999 mitibus
2488 4941 2688 5008 utitur,
2718 4946 2773 4995 et
2800 4937 2955 4993 velut
2983 4932 3178 4992 nidum
3207 4930 3338 5001 sibi,
3369 4928 3427 4988 id
3446 4936 3531 4987 est
3557 4927 3838 5003 pacatissi-

2230 5048 2378 5088 mam
2408 5030 2536 5087 ﬁdei
2568 5030 2809 5104 quietem
2840 5023 3132 5092 construit,
3149 5020 3209 5079 in
3237 5036 3348 5095 qua
3366 5026 3674 5078 crescentes
3688 5016 3835 5075 ﬁlios

2227 5121 2385 5196 quasi
2426 5122 2832 5196 plumescentes
2871 5115 3074 5190 pullos,
3117 5125 3403 5187 quousque
3439 5108 3509 5167 ad
3556 5108 3839 5183 superiora

2299 5402 2321 5436 ε
2365 5389 2631 5447 Hebraice
2663 5376 2805 5454 51:1:
2834 5386 2978 5445 sicut
3019 5398 3202 5442 arena.
3252 5382 3513 5439 Attamen
3541 5365 3658 5443 ’πη
3704 5377 3841 5451 qui-

2226 5471 2459 5529 busdam
2501 5468 2745 5526 Hebraeis
2782 5467 3014 5542 phcenix
3042 5472 3144 5522 est.
3175 5464 3249 5521 Et
3290 5461 3422 5537 quia
3455 5457 3617 5542 ᾀοῖνιξ
3645 5458 3832 5542 Graece

2226 5538 2802 5630 signiﬁcaturus”;
2838 5546 2971 5630 Nec
3009 5544 3343 5630 ,ίιιιθτρῐθιεξε
3363 5629 3367 5630 ί
3387 5538 3843 5630 ﬂemina“

2221 5608 2429 5695 palma.
2453 5608 2597 5695 Aliis
2624 5608 2895 5695 placet‘eo
2916 5608 3377 5695 locimen'tionem
3402 5610 3663 5694 injecta-m
3681 5608 3835 5683 phoe-

2228 5684 2372 5752 iiicis
2398 5691 2519 5748 avis
2547 5684 2951 5759 famosissimas,
2981 5684 3075 5744 sed
3105 5684 3551 5741 fabulosissimae.
