4172 6184
319 313 407 368 129
1035 308 1406 366 MORALIUM
1444 309 1578 366 LIB.
1623 310 1778 370 XIX.
1815 339 1885 353 —
1924 311 1994 367 IN
2032 311 2260 368 CAPUT
2301 313 2539 369 XXVIII
2580 315 2641 369 B.
2683 317 2823 371 JOB.
2848 389 2866 410 λ

3506 320 3606 378 130

315 453 548 522 evolent,
585 447 865 508 cbaritatis
906 448 1115 520 gremio
1155 449 1448 507 calefactos
1492 450 1664 507 fovet.
1713 450 1890 523 Igitur

2003 450 2169 504 mem,
2203 451 2303 508 pro
2331 435 2688 509 acquirendis
2717 435 2933 494 divitiis
2961 446 3124 512 atque
3151 440 3456 500 honoribus
3475 443 3608 501 tole-

320 544 444 619 quia
478 550 598 598 tunc
622 545 782 594 erunt
811 536 906 610 qui
925 537 1075 609 pacis
1098 545 1341 611 tempore
1357 555 1412 596 se
1429 539 1498 597 ad
1535 555 1772 613 superna
1789 540 1889 596 mi-

318 649 478 706 grare,
508 629 557 686 id
585 636 663 685 est
690 644 722 684 a
755 625 890 684 nido
918 627 1136 682 evolare
1153 627 1527 698 crediderunt,
1558 645 1748 685 eorum
1778 645 1889 685 vox

315 721 445 779 beati
471 719 568 775 Job
595 734 732 774 voce
775 716 1133 790 praevenitur,
1176 735 1303 774 cum
1338 717 1450 774 ait:
1500 719 1883 790 Dicebamque:

311 813 371 868 In
395 809 568 864 nidailo
594 824 709 863 meo
741 806 970 862 moriar.
1003 805 1144 874 Quia
1173 823 1303 864 vero
1332 806 1439 865 hoc
1466 808 1647 880 ipsum
1663 807 1768 864 sibi
1799 824 1888 880 pa-

311 900 379 958 cis
396 897 562 955 otium
583 913 655 952 ex
677 896 982 952 multorum
1006 895 1221 952 dierum
1240 897 1585 969 longitudine
1606 897 1889 970 promitte-

307 990 442 1056 bant,
470 994 614 1044 recte
644 985 953 1058 subjungit,
972 985 1191 1042 dicens:
1225 989 1299 1044 Et
1325 988 1458 1043 sicut
1482 990 1666 1060 palma
1694 988 1889 1044 multi-

300 1079 490 1153 plicabo
513 1077 645 1134 dies.
678 1077 868 1132 Palma
896 1075 1046 1132 enim
1083 1075 1237 1132 tarde
1266 1076 1504 1149 proﬁcit,
1548 1077 1642 1133 sed
1684 1076 1780 1133 diu
1829 1076 1887 1132 in

303 1169 563 1226 viriditate
591 1166 870 1224 subsistit.
891 1166 1029 1223 Cum
1054 1167 1245 1223 multis
1263 1173 1445 1223 autem
1468 1164 1888 1222 difﬁcultatibus

301 1266 470 1315 sancta
483 1257 736 1315 Ecclesia
749 1255 818 1312 ad
832 1254 959 1311 ﬁdei
973 1262 1175 1312 statum
1195 1256 1368 1324 venit,
1385 1263 1439 1312 et
1454 1272 1552 1328 pro
1563 1255 1888 1312 collectione

300 1349 658 1423 plurimorum
676 1347 734 1402 in
750 1344 995 1418 ejusdem
1026 1343 1156 1402 ﬁdei
1170 1345 1342 1418 gloria
1361 1345 1573 1402 diutius
1599 1351 1741 1400 stare
1761 1359 1888 1400 con-

299 1438 538 1512 cupiscit.
573 1443 726 1502 630
754 1435 908 1510 Sicut
931 1434 1114 1508 palma
1142 1451 1269 1509 ergo
1298 1435 1668 1508 multiplicare
1689 1448 1746 1489 se
1769 1431 1888 1489 dies

297 1537 541 1606 credidit,
569 1552 697 1612 qua:
717 1541 1028 1606 emergente
1065 1531 1262 1590 subitae
1288 1531 1612 1589 tentationis
1631 1529 1889 1596 articulo,

2000 531 2144 591 rant,
2175 531 2229 579 et
2248 539 2433 579 earum
2459 539 2644 578 rerum
2669 539 2726 579 se
2755 522 3091 582 abstinentia
3116 529 3365 585 cruciant
3383 528 3452 586 ad
3472 546 3609 604 quas

1999 610 2378 684 adipiscendas
2399 611 2690 680 festinant;
2715 629 2953 686 superna
2975 621 3156 670 autem
3175 615 3443 675 laboriose
3464 636 3608 692 quai-

1998 720 2118 760 rere
2147 711 2299 760 tanto
2330 704 2502 777 magis
2531 703 2908 773 dissimulant,
2932 712 3138 778 quanto
3165 721 3229 761 ea
3249 707 3481 765 retribui
3500 718 3608 768 tar-

1999 793 2127 850 dius
2154 804 2367 868 putant.
2402 797 2471 852 Hi
2506 796 2689 869 itaque
2719 795 2875 869 quasi
2906 796 3139 852 aliarum
3169 797 3427 854 arborum
3458 816 3609 858 more

1998 884 2254 942 deorsum
2284 886 2426 943 vasti
2454 893 2606 955 sunt,
2637 902 2856 942 sursum
2895 886 3138 959 angusti,
3181 887 3310 960 quia
3352 886 3522 945 fortes
3550 890 3609 946 in

1998 975 2263 1032 inferiora
2290 975 2620 1044 subsistunt,
2651 975 2745 1032 sed
2775 975 2844 1032 ad
2884 976 3170 1049 superiora
3205 976 3492 1034 deficiunt.
3536 979 3611 1035 At

1997 1072 2192 1120 contra
2219 1081 2288 1120 ex
2319 1063 2580 1137 qualitate
2631 1063 2940 1135 palmarum
2970 1064 3290 1138 designatur
3319 1066 3612 1138 proﬁciens

1998 1153 2115 1209 vita
2137 1152 2440 1223 justorum,
2471 1152 2566 1226 qui
2604 1169 2952 1226 nequaquam
2983 1162 3111 1211 sunt
3152 1155 3206 1210 in
3239 1155 3472 1211 terrenis
3499 1162 3610 1212 stu-

1999 1241 2107 1298 diis
2139 1243 2329 1310 fortes,
2363 1250 2417 1298 et
2446 1242 2503 1297 in
2534 1243 2854 1304 coelestibus
2882 1243 3122 1311 debiles;
3155 1243 3250 1300 sed
3289 1244 3508 1317 longius
3531 1251 3610 1302 at-

1998 1348 2103 1404 que
2131 1330 2434 1388 distantius
2473 1329 2750 1386 studiosos
2778 1347 2836 1386 se
2869 1333 2982 1388 Deo
3012 1331 3280 1390 exhibent
3308 1349 3470 1406 quam
3499 1351 3612 1392 saa-

1997 1423 2124 1478 culo
2169 1421 2339 1478 fuisse
2387 1422 2785 1480 meminerunt.
2830 1423 2968 1479 Nam
2999 1439 3125 1479 cum
3158 1423 3484 1495 quibusdam
3517 1441 3611 1498 per

1998 1512 2414 1584 praedicatorem
2445 1521 2697 1569 nostrum
2727 1513 2937 1569 dicitur
2962 1531 2973 1568 :
2999 1513 3303 1569 Humanum
3332 1512 3468 1582 dico,
3484 1531 3610 1586 pro~

297 1629 438 1701 pacis
464 1603 607 1685 suae-
628 1628 856 1700 gratiam
876 1603 939 1682 vet
973 1624 1125 1681 tarde
1153 1641 1184 1680 a
1229 1623 1487 1681 ﬁdelibus
1516 1623 1789 1696 adeptam,
1836 1627 1889 1676 et

2000 1610 2115 1675 pter
2149 1603 2514 1675 inﬁmitatem
2541 1605 2721 1660 carnis
2750 1609 2934 1660 vestra:
2947 1621 2969 1670 ,°
2997 1603 3132 1659 sicut
3149 1604 3170 1639 ²
3199 1603 3335 1659 enim
3361 1604 3612 1660 exhibui-

296 1716 534 1775 citiusab
565 1715 890 1773 inﬁdelibus
913 1715 1274 1787 interceptam
1307 1713 1478 1770 dolet.

1998 1693 2093 1747 stis
2121 1693 2353 1748 membra
2383 1699 2558 1749 vestra
2585 1694 2784 1750 servire
2810 1693 3160 1750 immunditiis
3177 1700 3226 1750 et
3241 1693 3514 1765 iniquitati
3538 1693 3611 1752 ad

1919 1803 1967 1863 B
2003 1781 2352 1853 iniquitatem,
2382 1782 2460 1838 ita
2486 1800 2627 1838 nunc
2653 1784 2882 1840 exhibete
2909 1783 3142 1839 membra
3169 1789 3344 1840 vestra
3365 1785 3385 1819 ³
3412 1783 3612 1840 servire

360 1877 502 1952 [Vet.
535 1879 641 1936 XX
649 1877 732 1953 ιε]
761 1877 850 1934 49.
887 1878 1002 1933 Cur
1020 1874 1157 1946 justi
1180 1876 1378 1948 palma!
1394 1877 1797 1946 comparantur.
1815 1901 1888 1913 —
1990 1871 2222 1940 justitice
2248 1872 2305 1926 in
2334 1872 2797 1945 sanctiﬁcationem
2829 1872 3006 1944 (Rom.
3031 1889 3111 1941 vr,
3131 1872 3220 1946 19)
3242 1891 3256 1939 ;
3280 1888 3468 1930 eorum
3486 1890 3607 1946 pro.

292 1969 400 2025 Nec
428 1968 709 2025 immerito
725 1967 1002 2040 justorum
1021 1966 1135 2022 vita
1150 1965 1343 2039 palmae
1364 1969 1735 2036 comparatur,
1758 1960 1888 2034 quia

292 2057 502 2114 scilicet
530 2058 712 2131 palma
740 2056 976 2113 inferius
1004 2063 1158 2114 tactu
1183 2071 1374 2128 aspera
1393 2061 1496 2124 est,
1528 2061 1583 2110 et
1605 2051 1762 2126 quasi
1782 2049 1888 2107 ari-

291 2145 371 2203 dis
396 2146 704 2205 corticibus
731 2146 1024 2214 obvoluta;
1049 2145 1302 2218 superius
1321 2161 1454 2202 vero
1473 2151 1526 2200 et
1553 2142 1680 2198 visu
1696 2140 1889 2198 fructi-

292 2235 386 2292 bus
405 2235 674 2310 pulchra;
700 2236 933 2293 inferius
961 2235 1228 2293 corticum
1257 2249 1482 2292 suarum
1512 2229 1892 2288 involutioni-

290 2326 744 2400 busangustatur,
761 2325 854 2383 sed
869 2326 1120 2399 superius
1139 2322 1506 2397 amplitudine
1523 2319 1772 2396 pulchra
1801 2319 1887 2376 vi-

290 2415 530 2472 riditatis
557 2416 914 2489 expanditur.
947 2415 1038 2473 Sic
1083 2415 1286 2488 quippe
1314 2421 1396 2470 est
1422 2413 1722 2469 electorum
1751 2411 1890 2479 vita,

289 2503 551 2576 despecta
566 2504 824 2571 inferius,
839 2503 1091 2574 superius
1105 2503 1372 2576 pulchra;
1391 2502 1451 2556 in
1470 2500 1584 2556 imo
1614 2500 1718 2556 ista
1737 2500 1892 2572 quasi

288 2593 488 2649 multis
503 2589 817 2648 corticibus
835 2592 1178 2660 obvolvitur,
1195 2591 1328 2647 dum
1349 2588 1655 2645 innumeris
1669 2588 1894 2644 tribula-

283 2682 548 2739 tionibus
577 2688 917 2753 angustatur,
962 2681 1020 2737 in
1050 2698 1268 2737 summo
1298 2695 1427 2735 vero
1456 2679 1550 2734 illa
1577 2679 1731 2751 quasi
1760 2678 1895 2750 pul—

285 2771 429 2828 chra
461 2769 776 2825 viriditatis
803 2769 953 2824 foliis
978 2767 1344 2840 amplitudine
1372 2765 1751 2822 retributionis
1785 2782 1894 2822 ex-

288 2859 574 2932 panditur.
610 2857 784 2914 Habet
813 2856 1034 2931 quidem
1064 2857 1216 2912 aliud
1246 2856 1428 2928 palma
1458 2872 1566 2929 quo
1603 2872 1635 2911 a
1675 2855 1892 2912 cunctis

291 2949 549 3005 arborum
582 2946 874 3020 generibus
907 2945 1111 3002 diﬁ‘ert.
1139 2945 1334 3002 Omnis
1375 2960 1610 3018 namque
1640 2943 1803 3001 arbor
1832 2943 1891 3000 in

292 3055 383 3095 suo
403 3037 608 3095 robore
631 3036 796 3109 juxta
824 3044 1026 3093 terram
1056 3041 1210 3092 vasta
1237 3033 1510 3103 subsistit,
1527 3033 1621 3090 sed
1648 3049 1890 3090 crescen-

294 3128 360 3185 do
399 3128 655 3203 superius
683 3133 1029 3200 angustatur,
1060 3133 1114 3182 et
1142 3124 1362 3198 quando
1401 3123 1677 3196 paulisper
1704 3123 1890 3180 subli-

296 3218 450 3288 mior,
479 3226 639 3275 tanto
669 3217 727 3273 in
757 3216 930 3272 altum
961 3215 1218 3272 subtilior
1243 3213 1510 3270 redditur.
1543 3213 1730 3268 Palma
1759 3229 1890 3268 vero

301 3309 315 3343 ⁸
344 3309 577 3365 minoris
606 3307 994 3380 amplitudinis
1030 3307 1098 3362 ab
1128 3305 1256 3362 imis
1285 3304 1531 3372 inchoat,
1563 3313 1616 3360 et
1627 3302 1789 3376 juxta
1810 3319 1892 3359 ra-

301 3413 415 3454 mos
441 3415 504 3454 ac
533 3398 747 3467 fructus
777 3395 1033 3469 ampliori
1062 3395 1256 3452 robore
1286 3394 1534 3466 exsurgit
1553 3438 1565 3461 ,
1598 3400 1651 3449 et
1681 3410 1801 3466 quae
1817 3399 1893 3447 te-

295 3487 418 3544 nuis
444 3487 514 3543 ab
544 3486 672 3542 imis
692 3485 932 3558 proﬁcit,
976 3485 1184 3541 vastior
1223 3483 1290 3541 ad
1337 3499 1553 3540 summa
1575 3481 1890 3540 succrescit.

295 3577 508 3646 Quibus
551 3577 732 3649 itaque
772 3576 878 3632 alia
911 3575 1133 3632 arbusta
1175 3574 1282 3630 nisi
1338 3573 1572 3630 terrenis
1615 3572 1894 3628 mentibus

295 3666 664 3723 inveniuntur
692 3683 802 3723 esse
831 3666 1055 3736 similia,
1081 3667 1314 3722 inferius
1336 3674 1510 3735 vasta,
1533 3663 1786 3738 superius
1802 3681 1891 3718 an-

298 3757 502 3830 gusta?
529 3756 657 3829 quia
676 3756 934 3813 nimirum
965 3773 1156 3812 omnes
1187 3755 1352 3827 hujus
1380 3754 1565 3810 smculi
1602 3753 1894 3811 dilectores

297 3846 354 3903 in
386 3846 618 3902 terrenis
645 3845 805 3902 rebus
834 3847 1003 3902 fortes
1032 3853 1162 3902 sunt
1207 3845 1370 3917 (Dist.
1403 3843 1493 3913 47,
1512 3859 1555 3898 c.
1577 3842 1658 3914 3),
1701 3840 1759 3897 in
1775 3859 1895 3898 coe—

300 3936 526 3994 lestibus
555 3936 785 3994 debiles.
817 3937 953 3994 Nam
983 3953 1083 4010 pro
1111 3933 1398 4007 temporali
1431 3933 1603 4005 gloria
1633 3949 1804 4006 usque
1823 3933 1891 3988 ad

305 4034 528 4082 mortem
572 4025 841 4082 desudare
869 4031 1154 4098 appetunt,
1184 4031 1236 4079 et
1266 4039 1363 4095 pro
1405 4038 1497 4094 spe
1523 4030 1782 4095 perpetua
1826 4039 1893 4078 ne

303 4130 487 4188 parum
517 4116 743 4190 quidem
765 4115 825 4172 in
847 4116 1032 4172 labore
1053 4114 1380 4171 subsistunt.
1415 4113 1519 4168 Pro
1537 4112 1767 4168 terrenis
1794 4113 1894 4168 lu-

304 4205 404 4262 cris
432 4206 706 4280 quaslibet
735 4205 969 4277 injurias
997 4205 1256 4270 tolerant,
1285 4209 1338 4258 et
1372 4218 1469 4274 pro
1499 4201 1708 4260 caelesti
1740 4218 1894 4257 mer—

304 4294 426 4351 cede
450 4296 537 4351 vel
565 4294 882 4351 tenuissimi
917 4293 1068 4350 verbi
1086 4294 1225 4348 ferre
1241 4291 1601 4349 contumelias
1618 4297 1890 4358 recusant;

303 4391 516 4441 terreno
540 4384 717 4459 judici
747 4392 865 4442 toto
893 4383 1059 4440 etiam
1089 4382 1179 4439 die
1207 4381 1456 4438 assistere
1486 4380 1653 4436 fortes
1668 4387 1818 4445 sunt,
1835 4379 1894 4435 in

305 4475 551 4532 oratione
579 4492 708 4535 vero
751 4492 935 4533 coram
964 4473 1204 4532 Domino
1249 4472 1336 4528 vel
1366 4470 1534 4527 unius
1574 4469 1723 4526 horae
1765 4486 1897 4526 mo-

1997 1963 2086 2018 cul
2117 1961 2290 2018 dubio
2313 1962 2626 2019 inﬁrmitati
2656 1962 3140 2029 condescenditur,
3170 1979 3234 2021 ac
3261 1964 3308 2020 si
3333 1963 3414 2020 eis
3441 1980 3608 2036 aper-

1999 2051 2112 2107 tius
2141 2051 2452 2108 diceretur:
2487 2052 2544 2109 Si
2574 2067 2917 2126 nequaquam
2946 2052 3186 2124 amplius
3212 2053 3461 2126 potestis,
3489 2054 3609 2110 sal-

1999 2146 2110 2195 tem
2139 2139 2276 2196 tales
2305 2147 2478 2197 estote
2510 2141 2569 2196 in
2599 2142 2787 2198 fructu
2834 2140 3108 2199 bonorum
3137 2158 3389 2214 operum,
3419 2142 3608 2215 quales

2001 2229 2188 2286 fuistis
2205 2229 2417 2287 dudum
2438 2231 2498 2288 in
2521 2233 2735 2300 actione
2751 2232 3041 2303 vitiorum,
3064 2235 3085 2269 ⁴
3105 2249 3174 2288 ne
3194 2231 3487 2289 debiliores
3508 2249 3607 2288 vos

2001 2321 2199 2377 habeat
2227 2329 2416 2379 sancta
2446 2323 2670 2381 libertas
2697 2323 3003 2393 charitatis,
3035 2340 3173 2397 quos
3193 2322 3254 2382 in
3279 2339 3442 2382 carne
3472 2322 3604 2379 vali-
3699 2347 3714 2356 ε

2001 2411 2102 2468 dos
2129 2410 2326 2468 habuit
2353 2429 2485 2470 usus
2516 2421 2742 2471 terrenae
2774 2413 3095 2486 voluptatis.

2075 2571 2214 2647 [Vet.
2266 2575 2368 2631 XX
2375 2574 2493 2650 VL]
2537 2574 2627 2632 50.
2675 2575 2797 2634 Non
2838 2592 2959 2632 vero
2991 2574 3188 2648 palma:
3226 2581 3606 2646 comparantur

2002 2664 2093 2734 qui
2119 2681 2235 2719 cum
2263 2665 2382 2721 bene
2408 2667 2674 2740 δωρον-ἐπί,
2724 2665 2938 2721 minime
2978 2671 3336 2737 perseverant.
3366 2694 3437 2706 -—
3465 2666 3605 2721 Sunt

2002 2780 2134 2820 vero
2176 2764 2431 2820 nonnulli
2473 2765 2568 2838 qui
2597 2781 2724 2823 cum
2753 2763 2996 2822 cmlestia
3022 2771 3307 2836 appetunt,
3337 2759 3478 2818 631
3511 2771 3606 2820 at-

2003 2869 2108 2925 que
2151 2851 2318 2924 hujus
2359 2853 2553 2910 mundi
2600 2854 2769 2910 noxia
2811 2853 2955 2912 facta
2992 2852 3492 2926 derelinquunt,ab
3521 2853 3604 2910 in-

2001 2941 2296 3000 choatione
2326 2961 2423 2999 sua
2451 2944 2699 3016 quotidie
2738 2942 3121 3000 inconstantiae
3151 2942 3607 3014 pusillanimitate

2002 3030 2292 3087 deﬁciunt.
2326 3031 2540 3099 Quibus
2585 3031 2686 3087 hos
2733 3031 2841 3088 nisi
2872 3031 3109 3086 arbustis
3140 3030 3371 3103 reliquis
3398 3030 3608 3088 similes

2006 3119 2243 3176 dixerim
2277 3120 2370 3193 qui
2400 3135 2747 3194 nequaquam
2777 3120 2913 3176 tales
2940 3119 3192 3192 superius
3220 3128 3450 3194 surgunt
3477 3137 3607 3194 qua-

2007 3209 2084 3266 les
2113 3208 2345 3265 inferius
2374 3209 2674 3266 oriuntur?
2711 3209 2781 3265 Hi
2810 3209 3010 3282 quippe
3033 3210 3054 3244 ³
3089 3207 3158 3266 ad
3186 3207 3605 3267 conversionem

2003 3299 2285 3357 venientes
2313 3317 2424 3358 non
2456 3301 2590 3358 tales
2627 3301 2815 3375 quales
2843 3307 3125 3373 coeperunt
3153 3309 3523 3374 perseverant,
3554 3307 3608 3357 et

2004 3391 2160 3463 quasi
2192 3408 2342 3448 more
2366 3391 2625 3450 arborum
2657 3389 3014 3448 inchoatione
3042 3390 3182 3447 vasti
3213 3399 3364 3461 sunt,
3393 3390 3489 3447 sed
3518 3398 3611 3446 te-

2003 3496 2140 3536 nues
2169 3489 2443 3552 crescunt,
2475 3482 2602 3556 quia
2632 3481 2910 3555 paulisper
2944 3497 3039 3554 per
3065 3489 3357 3554 augmenta
3384 3487 3609 3555 tempo-

2003 3587 2126 3626 rum
2158 3571 2445 3644 patiuntur
2476 3572 2807 3628 detrimenta
2835 3570 3129 3626 virtutum.
3157 3569 3373 3626 Sensim
3407 3570 3609 3643 quippe

2003 3658 2062 3714 in
2091 3659 2170 3715 eis
2198 3658 2474 3716 desideria
2503 3676 2738 3732 superna
2768 3659 3162 3730 languescunt;
3195 3665 3249 3714 et
3269 3656 3365 3731 qui
3384 3657 3608 3714 robusta

2003 3765 2066 3804 ac
2085 3749 2250 3804 fortia
2265 3757 2685 3822 proposuerant,
2709 3747 2913 3803 debilia
2934 3754 3095 3819 atque
3116 3747 3337 3802 inﬁrma
3356 3761 3609 3802 consum-

2004 3844 2188 3901 mant;
2236 3838 2477 3908 dumque
2522 3835 2699 3890 aetatis
2747 3842 3041 3906 augmento
3089 3833 3406 3906 proﬁciunt,
3455 3835 3609 3906 quasi

2004 3924 2276 3982 ﬂexibiles
2319 3930 2590 3980 crescunt.
2641 3922 2830 3978 Palma
2874 3937 3028 3988 vero,
3071 3920 3216 3976 sicut
3257 3919 3467 3975 dictum
3506 3928 3608 3989 est,

2005 4017 2026 4050 ⁶
2051 4012 2304 4069 vastioris
2334 4011 2392 4067 in
2417 4009 2734 4067 summitate
2756 4015 2837 4066 est
2860 4023 3023 4082 quam
3053 4022 3167 4062 esse
3197 4006 3421 4080 coeperit
3443 4023 3610 4080 quan-

2005 4103 2182 4160 titatis
2209 4119 2277 4158 ex
2308 4101 2514 4170 radice,
2544 4099 2674 4174 quia
2694 4114 2835 4172 sape
2857 4097 3155 4154 electorum
3177 4095 3466 4152 conversio
3486 4095 3610 4168 plus

2004 4192 2249 4250 ﬁniendo
2279 4191 2488 4265 peragit
2518 4206 2682 4264 quam
2713 4187 2969 4263 proponit
3000 4184 3344 4254 inchoando;
3377 4192 3430 4241 et
3458 4185 3505 4242 si
3533 4193 3608 4242 te.

2003 4283 2190 4356 pidius
2218 4283 2397 4356 prima
2444 4279 2690 4350 inchoat,
2729 4276 3036 4335 ferventius
3064 4283 3313 4333 extrema
3342 4291 3611 4332 consum-

2005 4379 2140 4441 mat,
2172 4373 2432 4429 videlicet
2451 4387 2668 4444 semper
2688 4368 2949 4426 inchoare
2969 4383 3024 4424 se
3044 4367 3307 4436 aestimat,
3329 4374 3381 4422 et
3402 4365 3610 4423 idcirco

2006 4461 2370 4534 infatigabilis
2399 4460 2457 4516 in
2487 4460 2734 4516 novitate
2761 4457 3040 4531 perdurat.
3083 4457 3237 4513 Hanc
3274 4455 3486 4513 scilicet
3507 4453 3611 4527 ju-

307 4574 488 4624 mento
507 4566 798 4627 lassantur.
829 4567 980 4641 Saepe
1010 4563 1342 4632 nuditatem,
1365 4559 1750 4634 dejectionem,
1799 4559 1892 4616 fa-
1921 4535 1970 4596 D
2004 4558 2216 4608 storum
2237 4548 2610 4610 constantiam
2640 4547 2907 4622 propheta
2935 4545 3182 4616 intuens,
3210 4545 3324 4603 ait:
3361 4543 3610 4616 Qui-con-

379 4857 407 4934 ξ
431 4857 511 4918 Ita
550 4876 680 4918 cum
890 4855 1106 4934 Norm.,
1136 4851 1348 4934 Laud,
1367 4849 1604 4934 'I‘uron.l
1629 4845 1892 4934 Vindoc.,

308 4929 534 5001 Bellov.,
564 4940 679 4989 vet.
712 4931 844 5000 Ed.,
875 4929 1034 5001 cujus
1059 4925 1312 4985 lectionis
1334 4926 1456 5001 loco
1478 4925 1538 5001 in_
1565 4925 1895 5001 GermLetin

306 5000 402 5074 Ed.
433 4994 640 5060 recent.
667 4994 1109 5074 habeturpalma
1129 5016 1250 5074 vero
1279 4998 1456 5054 minor
1483 4998 1550 5055 ab
1569 4995 1709 5053 imis.
1729 4994 1892 5054 Corb.

307 5072 482 5132 Germ.
515 5075 682 5132 habet
718 5069 944 5129 mino-ris
971 5069 1292 5127 altitudinis.

373 5148 585 5220 fDeest
611 5147 752 5202 enim
779 5143 1161 5220 in‘plerisque.
1244 5213 1281 5220 _
1411 5210 1423 5220 _
1647 5208 1716 5220 Μ
1793 5208 1826 5220 μ’

370 5219 392 5254 ³
419 5218 660 5288 Gemet.,
723 5209 923 5274 servire
955 5209 1182 5286 justitice
1235 5213 1342 5270 Deo
1400 5210 1460 5269 in
1513 5209 1898 5282 sanctiﬁcatio-

306 5306 434 5347 nera.

371 5364 392 5397 ⁴
421 5362 525 5418 Hic
554 5362 793 5419 multum
823 5360 1039 5416 variant
1067 5357 1295 5418 Codices
1327 5371 1453 5410 mss.
1487 5360 1541 5409 et
1575 5351 1748 5409 Editi.
1780 5351 1900 5407 Tu-

304 5448 420 5490 ron.
452 5433 650 5490 habet:
684 5451 748 5489 ne
794 5433 1066 5488 debiliores
1107 5447 1198 5485 vos
1227 5428 1412 5484 habeat
1443 5431 1626 5482 sancta
1662 5425 1897 5490 libertas,

305 5521 452 5576 quos,
482 5514 589 5562 etc.
619 5507 884 5564 Norman.
903 5520 1030 5562 cum
1063 5499 1320 5576 I_Laud.,
1339 5497 1744 5576 ne...._l_ibertas
1758 5495 1900 5576 aeris

305 5565 449 5648 ᾆιιοεξ
480 5577 646 5635 Corb.
686 5578 898 5645 Germ.,
944 5591 1036 5648 nec
1080 5565 1446 5648 debiliorem...
1482 5565 1902 5648 libertas-aeris

305 5638 450 5719 ᾇιιοε.
483 5649 752 5720 Vindoc.,
778 5667 842 5706 ne
878 5638 1152 5720 debiliores
1179 5643 1491 5720 eoshabeat
1517 5646 1701 5720 sancta
1734 5638 1903 5694 liber-

308 5713 405 5795 ξω»
433 5723 508 5795 eis
535 5739 680 5795 quos
704 5713 762 5778 ίτὶ
786 5737 944 5795 eam
971 5717 1175 5795 υφιίέιοε
1202 5713 1391 5795 habent
1417 5730 1544 5795 usus
1573 5719 1906 5795 ter-rma?-

309 5779 759 5853 lun'tatis.'Codex
786 5793 999 5849 Bellov.
1031 5788 1124 5848 hic
1151 5793 1234 5846 est
1261 5791 1574 5857 corruptus.
1593 5783 1768 5843 Vetus
1793 5779 1905 5843 Ed.

2002 4839 2201 4912 Paris.,
2229 4859 2293 4898 ne
2313 4836 2608 4898 debiliores.
2621 4883 2632 4896 .
2645 4883 2658 4896 .
2679 4832 2851 4914 sancti
2875 4834 3015 4914 libra
3035 4833 3234 4914 operis,
3255 4833 3606 4914 quos._Germ.

2003 4923 2058 4972 et
2085 4904 2236 4971 Edit.
2265 4914 2458 4982 Basil.,
2476 4918 2659 4968 sancta
2682 4913 2897 4967 libertas
2921 4904 3151 4964 heredes
3172 4904 3321 4978 quos.
3343 4904 3512 4962 Gilot.
3535 4904 3614 4982 ita

2004 4986 2191 5043 habet.
2225 4987 2286 5042 ln
2315 4981 2576 5057 omnibus
2602 4985 2730 5057 Mss.
2765 4982 2964 5057 legitur
3003 4996 3154 5057 quos,
3182 4993 3298 5057 non
3340 4990 3520 5057 quam,
3551 4981 3613 5056 ut

2006 5059 2066 5114 in
2095 5057 2199 5112 Ed.
2231 5057 2503 5112 Gussanv.
2537 5050 2841 5111 Gratianus
2879 5051 3046 5107 etiam
3090 5050 3223 5119 legit
3258 5062 3410 5118 quos,
3441 5052 3505 5103 nt
3531 5050 3611 5102 vi-

2007 5128 2341 5201 deregliquet
2369 5127 2500 5201 dist.
2532 5127 2624 5201 b7,
2653 5143 2704 5201 c_.
2741 5127 2975 5201 omnes._

2075 5201 2097 5236 ⁸
2129 5187 2342 5268 Germ”
2388 5199 2499 5255 duo
2545 5187 3028 5268 Laud.,_Geme_t.,
3059 5187 3264 5268 aliiqu_e
3300 5188 3517 5268 Norm.,
3557 5189 3615 5245 in

2007 5261 2399 5328 conversatione
2426 5270 2704 5327 uenientes.
2728 5261 2903 5324 'Corb.
2927 5261 3114 5318 Germ.
3137 5261 3193 5316 et
3219 5261 3393 5332 Prat.,
3413 5262 3470 5317 in
3498 5278 3614 5318 con-

2006 5344 2376 5400 versationem.

2080 5417 2102 5451 θ
2131 5415 2221 5470 Sic
2249 5414 2360 5470 duo
2388 5411 2588 5478 Laud.,
2619 5408 2781 5466 Corb.
2815 5407 3026 5475 Germ.,
3060 5405 3276 5474 Norm.,
3298 5411 3403 5462 etc.
3424 5402 3614 5478 Edito-

2009 5503 2135 5543 rum
2183 5501 2314 5540 vero
2356 5501 2467 5539 non
2506 5474 2692 5537 eadem
2724 5488 2807 5537 est
2838 5474 3021 5535 lectio.
3065 5479 3130 5535 In
3172 5485 3284 5534 vet.
3330 5483 3392 5533 ut
3421 5474 3480 5531 in
3509 5492 3614 5533 ms.

2012 5560 2199 5637 Germ.
2231 5556 2431 5637 legitur
2453 5573 2465 5610 ε
2498 5553 2700 5637 vastigr
2729 5551 2802 5637 in‘
2811 5550 3109 5637 summitate
3127 5555 3202 5604 est
3217 5566 3382 5637 quam
3401 5564 3506 5637 essje
3524 5563 3616 5601 coe-

2008 5616 2522 5704 peritqualitatis_ex
2537 5624 2737 5704 radice.
2762 5625 2970 5704 Poster.
3004 5621 3194 5704 eadem
3217 5616 3615 5704 habent,.dem-

2012 5694 2107 5777 pta
2133 5694 2267 5759 voce
2295 5697 2594 5772 qualitatis,
2634 5713 2798 5772 quam
2829 5694 2994 5756 Corb.
3027 5694 3212 5754 Germ.
3245 5694 3508 5749 servavit.
