  <div class='ocr_page' id='page_1' title='image "/cluster/home/n/w/nwhite01/storage/ocr_20150623/76/hvd.32044052772456/073.png"; bbox 0 0 4172 6184; ppageno 0'>
   <div class='ocr_carea' id='block_1_1' title="bbox 519 322 2598 384">
    <p class='ocr_par' dir='ltr' id='par_1_1' title="bbox 519 322 2598 384">
     <span class='ocr_line' id='line_1_1' title="bbox 519 322 2598 384; baseline 0.001 -4"><span class='ocrx_word' id='word_1_1' title='bbox 519 324 610 382; x_wconf 74' lang='grc'><strong>131</strong></span> <span class='ocrx_word' id='word_1_2' title='bbox 1708 322 1959 382; x_wconf 86' lang='lat' dir='ltr'><strong>SANCTI</strong></span> <span class='ocrx_word' id='word_1_3' title='bbox 1996 323 2333 384; x_wconf 82' lang='lat' dir='ltr'><strong>GREGORII</strong></span> <span class='ocrx_word' id='word_1_4' title='bbox 2354 325 2598 383; x_wconf 79' lang='lat' dir='ltr'><strong>&#39;MAGNI</strong></span> 
     </span>
    </p>
   </div>
   <div class='ocr_carea' id='block_1_2' title="bbox 3714 330 3814 387">
    <p class='ocr_par' dir='ltr' id='par_1_2' title="bbox 3714 330 3814 387">
     <span class='ocr_line' id='line_1_2' title="bbox 3714 330 3814 387; baseline 0.02 -2"><span class='ocrx_word' id='word_1_5' title='bbox 3714 330 3814 387; x_wconf 79' lang='lat' dir='ltr'><strong>I32</strong></span> 
     </span>
    </p>
   </div>
   <div class='ocr_carea' id='block_1_3' title="bbox 511 448 3816 525">
    <p class='ocr_par' dir='ltr' id='par_1_3' title="bbox 511 448 3816 525">
     <span class='ocr_line' id='line_1_3' title="bbox 511 448 3816 525; baseline 0.002 -20"><span class='ocrx_word' id='word_1_6' title='bbox 511 449 683 523; x_wconf 68' lang='lat' dir='ltr'><strong>ﬁdunt</strong></span> <span class='ocrx_word' id='word_1_7' title='bbox 709 449 765 503; x_wconf 86' lang='lat' dir='ltr'><strong>in</strong></span> <span class='ocrx_word' id='word_1_8' title='bbox 788 448 1037 512; x_wconf 86' lang='lat' dir='ltr'><strong>Domino,</strong></span> <span class='ocrx_word' id='word_1_9' title='bbox 1058 448 1332 502; x_wconf 84' lang='lat' dir='ltr'><strong>mutabunt</strong></span> <span class='ocrx_word' id='word_1_10' title='bbox 1359 448 1727 517; x_wconf 80' lang='lat' dir='ltr'><strong>fortitudinem</strong></span> <span class='ocrx_word' id='word_1_11' title='bbox 1755 464 1931 515; x_wconf 86' lang='lat' dir='ltr'><strong>suam,</strong></span> <span class='ocrx_word' id='word_1_12' title='bbox 1963 466 2109 503; x_wconf 80' lang='lat' dir='ltr'><strong>assu-</strong></span> <span class='ocrx_word' id='word_1_13' title='bbox 2137 457 2188 515; x_wconf 83' lang='grc' dir='ltr'><strong>Α</strong></span> <span class='ocrx_word' id='word_1_14' title='bbox 2223 450 2376 520; x_wconf 88' lang='lat' dir='ltr'><strong>(Luc.</strong></span> <span class='ocrx_word' id='word_1_15' title='bbox 2407 465 2572 516; x_wconf 77' lang='lat' dir='ltr'><strong>xxxii,</strong></span> <span class='ocrx_word' id='word_1_16' title='bbox 2595 448 2687 518; x_wconf 81' lang='lat' dir='ltr'><strong>3i)</strong></span> <span class='ocrx_word' id='word_1_17' title='bbox 2706 449 2734 506; x_wconf 84' lang='lat'><strong>?</strong></span> <span class='ocrx_word' id='word_1_18' title='bbox 2762 449 2996 521; x_wconf 84' lang='lat' dir='ltr'><strong>Lignum</strong></span> <span class='ocrx_word' id='word_1_19' title='bbox 3024 465 3154 522; x_wconf 84' lang='lat' dir='ltr'><strong>ergo</strong></span> <span class='ocrx_word' id='word_1_20' title='bbox 3181 466 3338 507; x_wconf 84' lang='lat' dir='ltr'><strong>secus</strong></span> <span class='ocrx_word' id='word_1_21' title='bbox 3363 449 3628 509; x_wconf 78' lang='lat' dir='ltr'><strong>decursus</strong></span> <span class='ocrx_word' id='word_1_22' title='bbox 3650 468 3816 525; x_wconf 81' lang='lat' dir='ltr'><strong>aqua-</strong></span> 
     </span>
    </p>
   </div>
   <div class='ocr_carea' id='block_1_4' title="bbox 511 536 2111 610">
    <p class='ocr_par' dir='ltr' id='par_1_4' title="bbox 511 536 2111 610">
     <span class='ocr_line' id='line_1_4' title="bbox 511 536 2111 610; baseline -0.002 -15"><span class='ocrx_word' id='word_1_23' title='bbox 511 545 651 595; x_wconf 82' lang='lat' dir='ltr'><strong>ment</strong></span> <span class='ocrx_word' id='word_1_24' title='bbox 671 554 873 610; x_wconf 82' lang='lat' dir='ltr'><strong>pennas</strong></span> <span class='ocrx_word' id='word_1_25' title='bbox 892 542 950 590; x_wconf 91' lang='lat' dir='ltr'><strong>ut</strong></span> <span class='ocrx_word' id='word_1_26' title='bbox 971 536 1188 605; x_wconf 68' lang='lat' dir='ltr'><strong>aquila&#39;,</strong></span> <span class='ocrx_word' id='word_1_27' title='bbox 1213 543 1428 591; x_wconf 86' lang='lat' dir='ltr'><strong>current</strong></span> <span class='ocrx_word' id='word_1_28' title='bbox 1445 541 1493 590; x_wconf 91' lang='lat' dir='ltr'><strong>et</strong></span> <span class='ocrx_word' id='word_1_29' title='bbox 1519 553 1624 591; x_wconf 89' lang='lat' dir='ltr'><strong>non</strong></span> <span class='ocrx_word' id='word_1_30' title='bbox 1646 537 1984 604; x_wconf 87' lang='lat' dir='ltr'><strong>laborabunt,</strong></span> <span class='ocrx_word' id='word_1_31' title='bbox 2000 555 2111 593; x_wconf 88' lang='lat' dir='ltr'><strong>am-</strong></span> 
     </span>
    </p>
   </div>
   <div class='ocr_carea' id='block_1_5' title="bbox 513 627 2112 702">
    <p class='ocr_par' dir='ltr' id='par_1_5' title="bbox 513 627 2112 702">
     <span class='ocr_line' id='line_1_5' title="bbox 513 627 2112 702; baseline -0.003 -14"><span class='ocrx_word' id='word_1_32' title='bbox 513 632 769 688; x_wconf 84' lang='lat' dir='ltr'><strong>bulabunt</strong></span> <span class='ocrx_word' id='word_1_33' title='bbox 792 636 840 684; x_wconf 90' lang='lat' dir='ltr'><strong>et</strong></span> <span class='ocrx_word' id='word_1_34' title='bbox 867 645 971 683; x_wconf 89' lang='lat' dir='ltr'><strong>non</strong></span> <span class='ocrx_word' id='word_1_35' title='bbox 983 627 1217 700; x_wconf 79' lang='lat' dir='ltr'><strong>deﬁcient</strong></span> <span class='ocrx_word' id='word_1_36' title='bbox 1235 628 1393 698; x_wconf 88' lang='lat' dir='ltr'><strong>(Isai.</strong></span> <span class='ocrx_word' id='word_1_37' title='bbox 1427 645 1519 698; x_wconf 80' lang='lat' dir='ltr'><strong>XL,</strong></span> <span class='ocrx_word' id='word_1_38' title='bbox 1543 629 1658 702; x_wconf 82' lang='grc'><strong>31),</strong></span> <span class='ocrx_word' id='word_1_39' title='bbox 1681 629 1897 685; x_wconf 86' lang='lat' dir='ltr'><strong>Mutant</strong></span> <span class='ocrx_word' id='word_1_40' title='bbox 1911 628 2112 702; x_wconf 83' lang='lat' dir='ltr'><strong>quippe</strong></span> 
     </span>
    </p>
   </div>
   <div class='ocr_carea' id='block_1_6' title="bbox 512 715 2110 790">
    <p class='ocr_par' dir='ltr' id='par_1_6' title="bbox 512 715 2110 790">
     <span class='ocr_line' id='line_1_6' title="bbox 512 715 2110 790; baseline -0.002 -14"><span class='ocrx_word' id='word_1_41' title='bbox 512 718 917 784; x_wconf 82' lang='lat' dir='ltr'><strong>fortitudinem,</strong></span> <span class='ocrx_word' id='word_1_42' title='bbox 966 715 1095 789; x_wconf 87' lang='lat' dir='ltr'><strong>quia</strong></span> <span class='ocrx_word' id='word_1_43' title='bbox 1142 715 1310 773; x_wconf 77' lang='lat' dir='ltr'><strong>fortes</strong></span> <span class='ocrx_word' id='word_1_44' title='bbox 1357 717 1580 774; x_wconf 81' lang='lat' dir='ltr'><strong>student</strong></span> <span class='ocrx_word' id='word_1_45' title='bbox 1626 733 1741 774; x_wconf 92' lang='lat' dir='ltr'><strong>esse</strong></span> <span class='ocrx_word' id='word_1_46' title='bbox 1788 717 1844 773; x_wconf 91' lang='lat' dir='ltr'><strong>in</strong></span> <span class='ocrx_word' id='word_1_47' title='bbox 1875 718 2110 790; x_wconf 80' lang='lat' dir='ltr'><strong>spiritali</strong></span> 
     </span>
    </p>
   </div>
   <div class='ocr_carea' id='block_1_7' title="bbox 511 805 2114 880">
    <p class='ocr_par' dir='ltr' id='par_1_7' title="bbox 511 805 2114 880">
     <span class='ocr_line' id='line_1_7' title="bbox 511 805 2114 880; baseline -0.001 -16"><span class='ocrx_word' id='word_1_48' title='bbox 511 823 694 880; x_wconf 91' lang='lat' dir='ltr'><strong>opere,</strong></span> <span class='ocrx_word' id='word_1_49' title='bbox 712 807 806 879; x_wconf 88' lang='lat' dir='ltr'><strong>qui</strong></span> <span class='ocrx_word' id='word_1_50' title='bbox 827 805 1037 862; x_wconf 91' lang='lat' dir='ltr'><strong>dudum</strong></span> <span class='ocrx_word' id='word_1_51' title='bbox 1068 806 1288 862; x_wconf 85' lang='lat' dir='ltr'><strong>fuerant</strong></span> <span class='ocrx_word' id='word_1_52' title='bbox 1317 807 1486 864; x_wconf 81' lang='lat' dir='ltr'><strong>fortes</strong></span> <span class='ocrx_word' id='word_1_53' title='bbox 1514 807 1572 863; x_wconf 92' lang='lat' dir='ltr'><strong>in</strong></span> <span class='ocrx_word' id='word_1_54' title='bbox 1599 823 1783 864; x_wconf 89' lang='lat' dir='ltr'><strong>carne.</strong></span> <span class='ocrx_word' id='word_1_55' title='bbox 1808 808 2114 863; x_wconf 82' lang='lat' dir='ltr'><strong>Assumunt</strong></span> 
     </span>
    </p>
   </div>
   <div class='ocr_carea' id='block_1_8' title="bbox 511 895 2110 968">
    <p class='ocr_par' dir='ltr' id='par_1_8' title="bbox 511 895 2110 968">
     <span class='ocr_line' id='line_1_8' title="bbox 511 895 2110 968; baseline -0.001 -16"><span class='ocrx_word' id='word_1_56' title='bbox 511 904 692 952; x_wconf 89' lang='lat' dir='ltr'><strong>autem</strong></span> <span class='ocrx_word' id='word_1_57' title='bbox 724 910 930 968; x_wconf 83' lang='lat' dir='ltr'><strong>pennas</strong></span> <span class='ocrx_word' id='word_1_58' title='bbox 956 903 1019 951; x_wconf 88' lang='lat' dir='ltr'><strong>ut</strong></span> <span class='ocrx_word' id='word_1_59' title='bbox 1046 895 1268 968; x_wconf 70' lang='lat' dir='ltr'><strong>aquilae,</strong></span> <span class='ocrx_word' id='word_1_60' title='bbox 1299 896 1429 968; x_wconf 86' lang='lat' dir='ltr'><strong>quia</strong></span> <span class='ocrx_word' id='word_1_61' title='bbox 1453 895 1877 968; x_wconf 88' lang='lat' dir='ltr'><strong>contemplando</strong></span> <span class='ocrx_word' id='word_1_62' title='bbox 1901 896 2110 951; x_wconf 91' lang='lat' dir='ltr'><strong>volant.</strong></span> 
     </span>
    </p>
   </div>
   <div class='ocr_carea' id='block_1_9' title="bbox 511 985 2113 1058">
    <p class='ocr_par' dir='ltr' id='par_1_9' title="bbox 511 985 2113 1058">
     <span class='ocr_line' id='line_1_9' title="bbox 511 985 2113 1058; baseline -0.002 -14"><span class='ocrx_word' id='word_1_63' title='bbox 511 985 755 1044; x_wconf 89' lang='lat' dir='ltr'><strong>Currunt</strong></span> <span class='ocrx_word' id='word_1_64' title='bbox 773 993 826 1041; x_wconf 88' lang='lat' dir='ltr'><strong>et</strong></span> <span class='ocrx_word' id='word_1_65' title='bbox 850 1002 961 1042; x_wconf 93' lang='lat' dir='ltr'><strong>non</strong></span> <span class='ocrx_word' id='word_1_66' title='bbox 981 985 1254 1053; x_wconf 83' lang='lat' dir='ltr'><strong>laborant,</strong></span> <span class='ocrx_word' id='word_1_67' title='bbox 1286 986 1416 1058; x_wconf 85' lang='lat' dir='ltr'><strong>quia</strong></span> <span class='ocrx_word' id='word_1_68' title='bbox 1446 985 1728 1042; x_wconf 87' lang='lat' dir='ltr'><strong>velocibus</strong></span> <span class='ocrx_word' id='word_1_69' title='bbox 1756 1001 1951 1057; x_wconf 88' lang='lat' dir='ltr'><strong>magna</strong></span> <span class='ocrx_word' id='word_1_70' title='bbox 1977 985 2113 1042; x_wconf 87' lang='lat' dir='ltr'><strong>cele-</strong></span> 
     </span>
    </p>
   </div>
   <div class='ocr_carea' id='block_1_10' title="bbox 511 1075 2114 1148">
    <p class='ocr_par' dir='ltr' id='par_1_10' title="bbox 511 1075 2114 1148">
     <span class='ocr_line' id='line_1_10' title="bbox 511 1075 2114 1148; baseline 0 -17"><span class='ocrx_word' id='word_1_71' title='bbox 511 1075 671 1132; x_wconf 80' lang='lat' dir='ltr'><strong>ritate</strong></span> <span class='ocrx_word' id='word_1_72' title='bbox 700 1075 1020 1148; x_wconf 74' lang='lat' dir='ltr'><strong>praedicant.</strong></span> <span class='ocrx_word' id='word_1_73' title='bbox 1040 1075 1349 1130; x_wconf 82' lang='lat' dir='ltr'><strong>Ambulant</strong></span> <span class='ocrx_word' id='word_1_74' title='bbox 1376 1083 1430 1131; x_wconf 91' lang='lat' dir='ltr'><strong>et</strong></span> <span class='ocrx_word' id='word_1_75' title='bbox 1451 1092 1562 1132; x_wconf 94' lang='lat' dir='ltr'><strong>non</strong></span> <span class='ocrx_word' id='word_1_76' title='bbox 1579 1075 1868 1144; x_wconf 84' lang='lat' dir='ltr'><strong>deﬁciunt,</strong></span> <span class='ocrx_word' id='word_1_77' title='bbox 1889 1075 2018 1148; x_wconf 89' lang='lat' dir='ltr'><strong>quia</strong></span> <span class='ocrx_word' id='word_1_78' title='bbox 2031 1075 2114 1131; x_wconf 89' lang='lat' dir='ltr'><strong>in-</strong></span> 
     </span>
    </p>
   </div>
   <div class='ocr_carea' id='block_1_11' title="bbox 510 1165 2113 1235">
    <p class='ocr_par' dir='ltr' id='par_1_11' title="bbox 510 1165 2113 1235">
     <span class='ocr_line' id='line_1_11' title="bbox 510 1165 2113 1235; baseline 0 -14"><span class='ocrx_word' id='word_1_79' title='bbox 510 1166 760 1222; x_wconf 89' lang='lat' dir='ltr'><strong>tellectus</strong></span> <span class='ocrx_word' id='word_1_80' title='bbox 788 1165 874 1222; x_wconf 92' lang='lat' dir='ltr'><strong>sui</strong></span> <span class='ocrx_word' id='word_1_81' title='bbox 905 1165 1253 1221; x_wconf 81' lang='lat' dir='ltr'><strong>velocitatem</strong></span> <span class='ocrx_word' id='word_1_82' title='bbox 1285 1165 1546 1235; x_wconf 85' lang='lat' dir='ltr'><strong>retinent,</strong></span> <span class='ocrx_word' id='word_1_83' title='bbox 1564 1173 1625 1222; x_wconf 88' lang='lat' dir='ltr'><strong>ut</strong></span> <span class='ocrx_word' id='word_1_84' title='bbox 1641 1165 1974 1222; x_wconf 82' lang='lat' dir='ltr'><strong>tardioribus</strong></span> <span class='ocrx_word' id='word_1_85' title='bbox 1986 1183 2113 1222; x_wconf 84' lang='lat' dir='ltr'><strong>con-</strong></span> 
     </span>
    </p>
   </div>
   <div class='ocr_carea' id='block_1_12' title="bbox 509 1254 2112 1328">
    <p class='ocr_par' dir='ltr' id='par_1_12' title="bbox 509 1254 2112 1328">
     <span class='ocr_line' id='line_1_12' title="bbox 509 1254 2112 1328; baseline -0.001 -18"><span class='ocrx_word' id='word_1_86' title='bbox 509 1255 859 1310; x_wconf 89' lang='lat' dir='ltr'><strong>descendant.</strong></span> <span class='ocrx_word' id='word_1_87' title='bbox 915 1255 977 1309; x_wconf 93' lang='lat' dir='ltr'><strong>ln</strong></span> <span class='ocrx_word' id='word_1_88' title='bbox 1019 1254 1236 1310; x_wconf 89' lang='lat' dir='ltr'><strong>cunctis</strong></span> <span class='ocrx_word' id='word_1_89' title='bbox 1291 1271 1422 1311; x_wconf 86' lang='lat' dir='ltr'><strong>vero</strong></span> <span class='ocrx_word' id='word_1_90' title='bbox 1477 1255 1622 1310; x_wconf 90' lang='lat' dir='ltr'><strong>bona</strong></span> <span class='ocrx_word' id='word_1_91' title='bbox 1664 1271 1784 1328; x_wconf 64' lang='lat' dir='ltr'><strong>quae</strong></span> <span class='ocrx_word' id='word_1_92' title='bbox 1831 1255 2112 1327; x_wconf 88' lang='lat' dir='ltr'><strong>accipiunt</strong></span> 
     </span>
    </p>
   </div>
   <div class='ocr_carea' id='block_1_13' title="bbox 510 1343 2114 1418">
    <p class='ocr_par' dir='ltr' id='par_1_13' title="bbox 510 1343 2114 1418">
     <span class='ocr_line' id='line_1_13' title="bbox 510 1343 2114 1418; baseline 0.001 -19"><span class='ocrx_word' id='word_1_93' title='bbox 510 1351 716 1416; x_wconf 90' lang='lat' dir='ltr'><strong>quanto</strong></span> <span class='ocrx_word' id='word_1_94' title='bbox 735 1344 860 1400; x_wconf 91' lang='lat' dir='ltr'><strong>aliis</strong></span> <span class='ocrx_word' id='word_1_95' title='bbox 880 1343 1028 1400; x_wconf 88' lang='lat' dir='ltr'><strong>liben</strong></span> <span class='ocrx_word' id='word_1_96' title='bbox 1041 1353 1120 1400; x_wconf 86' lang='lat' dir='ltr'><strong>ter</strong></span> <span class='ocrx_word' id='word_1_97' title='bbox 1139 1344 1580 1414; x_wconf 88' lang='lat' dir='ltr'><strong>accommodant,</strong></span> <span class='ocrx_word' id='word_1_98' title='bbox 1596 1352 1754 1400; x_wconf 90' lang='lat' dir='ltr'><strong>tanto</strong></span> <span class='ocrx_word' id='word_1_99' title='bbox 1771 1345 1874 1418; x_wconf 90' lang='lat' dir='ltr'><strong>ipsi</strong></span> <span class='ocrx_word' id='word_1_100' title='bbox 1892 1345 2114 1400; x_wconf 87' lang='lat' dir='ltr'><strong>incom-</strong></span> 
     </span>
    </p>
   </div>
   <div class='ocr_carea' id='block_1_14' title="bbox 510 1424 2110 1507">
    <p class='ocr_par' dir='ltr' id='par_1_14' title="bbox 510 1424 2110 1507">
     <span class='ocr_line' id='line_1_14' title="bbox 510 1424 2110 1507; baseline 0.001 -19"><span class='ocrx_word' id='word_1_101' title='bbox 510 1432 803 1489; x_wconf 90' lang='lat' dir='ltr'><strong>mutabiles</strong></span> <span class='ocrx_word' id='word_1_102' title='bbox 832 1433 889 1488; x_wconf 92' lang='lat' dir='ltr'><strong>in</strong></span> <span class='ocrx_word' id='word_1_103' title='bbox 922 1433 1167 1489; x_wconf 85' lang='lat' dir='ltr'><strong>novitate</strong></span> <span class='ocrx_word' id='word_1_104' title='bbox 1199 1433 1499 1506; x_wconf 85' lang='lat' dir='ltr'><strong>perdurant</strong></span> <span class='ocrx_word' id='word_1_105' title='bbox 1519 1424 1538 1500; x_wconf 79' lang='grc'><strong>;’</strong></span> <span class='ocrx_word' id='word_1_106' title='bbox 1565 1441 1620 1490; x_wconf 88' lang='lat' dir='ltr'><strong>et</strong></span> <span class='ocrx_word' id='word_1_107' title='bbox 1649 1435 1744 1507; x_wconf 90' lang='lat' dir='ltr'><strong>qui</strong></span> <span class='ocrx_word' id='word_1_108' title='bbox 1776 1441 2012 1490; x_wconf 90' lang='lat' dir='ltr'><strong>tenuesa</strong></span> <span class='ocrx_word' id='word_1_109' title='bbox 2030 1451 2110 1490; x_wconf 86' lang='lat' dir='ltr'><strong>ra-</strong></span> 
     </span>
    </p>
   </div>
   <div class='ocr_carea' id='block_1_15' title="bbox 509 1520 2113 1596">
    <p class='ocr_par' dir='ltr' id='par_1_15' title="bbox 509 1520 2113 1596">
     <span class='ocr_line' id='line_1_15' title="bbox 509 1520 2113 1596; baseline 0.002 -19"><span class='ocrx_word' id='word_1_110' title='bbox 509 1520 630 1578; x_wconf 87' lang='lat' dir='ltr'><strong>dice</strong></span> <span class='ocrx_word' id='word_1_111' title='bbox 672 1521 1051 1578; x_wconf 87' lang='lat' dir='ltr'><strong>inchoationis</strong></span> <span class='ocrx_word' id='word_1_112' title='bbox 1091 1531 1320 1591; x_wconf 80' lang='lat' dir='ltr'><strong>exeunt,</strong></span> <span class='ocrx_word' id='word_1_113' title='bbox 1349 1523 1518 1580; x_wconf 85' lang='lat' dir='ltr'><strong>fortes</strong></span> <span class='ocrx_word' id='word_1_114' title='bbox 1547 1523 1605 1578; x_wconf 90' lang='lat' dir='ltr'><strong>in</strong></span> <span class='ocrx_word' id='word_1_115' title='bbox 1634 1524 1897 1580; x_wconf 90' lang='lat' dir='ltr'><strong>culminis</strong></span> <span class='ocrx_word' id='word_1_116' title='bbox 1924 1524 2113 1596; x_wconf 82' lang='lat' dir='ltr'><strong>perfe-</strong></span> 
     </span>
    </p>
   </div>
   <div class='ocr_carea' id='block_1_16' title="bbox 509 1609 2112 1685">
    <p class='ocr_par' dir='ltr' id='par_1_16' title="bbox 509 1609 2112 1685">
     <span class='ocr_line' id='line_1_16' title="bbox 509 1609 2112 1685; baseline 0.001 -19"><span class='ocrx_word' id='word_1_117' title='bbox 509 1609 690 1667; x_wconf 91' lang='lat' dir='ltr'><strong>ctione</strong></span> <span class='ocrx_word' id='word_1_118' title='bbox 723 1611 1139 1668; x_wconf 89' lang='lat' dir='ltr'><strong>convalescunt.</strong></span> <span class='ocrx_word' id='word_1_119' title='bbox 1172 1612 1330 1668; x_wconf 89' lang='lat' dir='ltr'><strong>Dicat</strong></span> <span class='ocrx_word' id='word_1_120' title='bbox 1351 1611 1535 1684; x_wconf 90' lang='lat' dir='ltr'><strong>itaque</strong></span> <span class='ocrx_word' id='word_1_121' title='bbox 1555 1612 1747 1668; x_wconf 89' lang='lat' dir='ltr'><strong>beatus</strong></span> <span class='ocrx_word' id='word_1_122' title='bbox 1775 1612 1877 1668; x_wconf 88' lang='lat' dir='ltr'><strong>Job</strong></span> <span class='ocrx_word' id='word_1_123' title='bbox 1905 1630 1974 1668; x_wconf 87' lang='lat' dir='ltr'><strong>ex</strong></span> <span class='ocrx_word' id='word_1_124' title='bbox 1993 1630 2112 1685; x_wconf 89' lang='lat' dir='ltr'><strong>per-</strong></span> 
     </span>
    </p>
   </div>
   <div class='ocr_carea' id='block_1_17' title="bbox 510 1699 2112 1774">
    <p class='ocr_par' dir='ltr' id='par_1_17' title="bbox 510 1699 2112 1774">
     <span class='ocr_line' id='line_1_17' title="bbox 510 1699 2112 1774; baseline 0.002 -20"><span class='ocrx_word' id='word_1_125' title='bbox 510 1714 644 1755; x_wconf 91' lang='lat' dir='ltr'><strong>sona</strong></span> <span class='ocrx_word' id='word_1_126' title='bbox 689 1715 809 1768; x_wconf 90' lang='lat' dir='ltr'><strong>sua,</strong></span> <span class='ocrx_word' id='word_1_127' title='bbox 847 1699 996 1755; x_wconf 90' lang='lat' dir='ltr'><strong>dicat</strong></span> <span class='ocrx_word' id='word_1_128' title='bbox 1043 1717 1113 1755; x_wconf 87' lang='lat' dir='ltr'><strong>ex</strong></span> <span class='ocrx_word' id='word_1_129' title='bbox 1151 1717 1286 1758; x_wconf 88' lang='lat' dir='ltr'><strong>voce</strong></span> <span class='ocrx_word' id='word_1_130' title='bbox 1333 1708 1534 1757; x_wconf 65' lang='lat' dir='ltr'><strong>sanctae</strong></span> <span class='ocrx_word' id='word_1_131' title='bbox 1563 1701 1864 1757; x_wconf 67' lang='lat' dir='ltr'><strong>Ecclesiae‘</strong></span> <span class='ocrx_word' id='word_1_132' title='bbox 1895 1719 1996 1774; x_wconf 88' lang='lat' dir='ltr'><strong>pro</strong></span> <span class='ocrx_word' id='word_1_133' title='bbox 2025 1702 2112 1759; x_wconf 91' lang='lat' dir='ltr'><strong>his</strong></span> 
     </span>
    </p>
   </div>
   <div class='ocr_carea' id='block_1_18' title="bbox 507 1789 2186 1876">
    <p class='ocr_par' dir='ltr' id='par_1_18' title="bbox 507 1789 2186 1876">
     <span class='ocr_line' id='line_1_18' title="bbox 507 1789 2186 1876; baseline 0.003 -32"><span class='ocrx_word' id='word_1_134' title='bbox 507 1803 646 1861; x_wconf 91' lang='lat' dir='ltr'><strong>quos</strong></span> <span class='ocrx_word' id='word_1_135' title='bbox 674 1789 823 1861; x_wconf 88' lang='lat' dir='ltr'><strong>pacis</strong></span> <span class='ocrx_word' id='word_1_136' title='bbox 851 1797 1096 1863; x_wconf 91' lang='lat' dir='ltr'><strong>tempore</strong></span> <span class='ocrx_word' id='word_1_137' title='bbox 1125 1790 1193 1846; x_wconf 91' lang='lat' dir='ltr'><strong>ad</strong></span> <span class='ocrx_word' id='word_1_138' title='bbox 1223 1807 1278 1846; x_wconf 90' lang='lat' dir='ltr'><strong>se</strong></span> <span class='ocrx_word' id='word_1_139' title='bbox 1309 1807 1604 1848; x_wconf 91' lang='lat' dir='ltr'><strong>conversos</strong></span> <span class='ocrx_word' id='word_1_140' title='bbox 1633 1790 1918 1859; x_wconf 89' lang='lat' dir='ltr'><strong>habuerat,</strong></span> <span class='ocrx_word' id='word_1_141' title='bbox 1948 1799 2111 1865; x_wconf 88' lang='lat' dir='ltr'><strong>atque</strong></span> <span class='ocrx_word' id='word_1_142' title='bbox 2139 1817 2186 1876; x_wconf 80' lang='grc' dir='ltr'>Β</span> 
     </span>
    </p>
   </div>
   <div class='ocr_carea' id='block_1_19' title="bbox 507 1877 2110 1951">
    <p class='ocr_par' dir='ltr' id='par_1_19' title="bbox 507 1877 2110 1951">
     <span class='ocr_line' id='line_1_19' title="bbox 507 1877 2110 1951; baseline 0.002 -18"><span class='ocrx_word' id='word_1_143' title='bbox 507 1878 566 1934; x_wconf 91' lang='lat' dir='ltr'><strong>in</strong></span> <span class='ocrx_word' id='word_1_144' title='bbox 595 1877 756 1934; x_wconf 90' lang='lat' dir='ltr'><strong>bonis</strong></span> <span class='ocrx_word' id='word_1_145' title='bbox 780 1879 1028 1935; x_wconf 89' lang='lat' dir='ltr'><strong>moribus</strong></span> <span class='ocrx_word' id='word_1_146' title='bbox 1057 1887 1498 1951; x_wconf 87' lang='lat' dir='ltr'><strong>perseveraturos</strong></span> <span class='ocrx_word' id='word_1_147' title='bbox 1518 1880 1773 1936; x_wconf 88' lang='lat' dir='ltr'><strong>credebat</strong></span> <span class='ocrx_word' id='word_1_148' title='bbox 1797 1899 1808 1936; x_wconf 92' lang='lat'><strong>:</strong></span> <span class='ocrx_word' id='word_1_149' title='bbox 1843 1881 2110 1937; x_wconf 86' lang='lat' dir='ltr'><strong>Dicebam-</strong></span> 
     </span>
    </p>
   </div>
   <div class='ocr_carea' id='block_1_20' title="bbox 505 1969 2111 2044">
    <p class='ocr_par' dir='ltr' id='par_1_20' title="bbox 505 1969 2111 2044">
     <span class='ocr_line' id='line_1_20' title="bbox 505 1969 2111 2044; baseline 0.004 -23"><span class='ocrx_word' id='word_1_150' title='bbox 505 1984 639 2038; x_wconf 88' lang='lat' dir='ltr'><strong>que:</strong></span> <span class='ocrx_word' id='word_1_151' title='bbox 673 1970 739 2024; x_wconf 91' lang='lat' dir='ltr'><strong>In</strong></span> <span class='ocrx_word' id='word_1_152' title='bbox 766 1969 952 2024; x_wconf 89' lang='lat' dir='ltr'><strong>nidulo</strong></span> <span class='ocrx_word' id='word_1_153' title='bbox 981 1986 1092 2023; x_wconf 90' lang='lat' dir='ltr'><strong>meo</strong></span> <span class='ocrx_word' id='word_1_154' title='bbox 1129 1969 1358 2036; x_wconf 85' lang='lat' dir='ltr'><strong>moriar,</strong></span> <span class='ocrx_word' id='word_1_155' title='bbox 1387 1976 1436 2025; x_wconf 90' lang='lat' dir='ltr'><strong>et</strong></span> <span class='ocrx_word' id='word_1_156' title='bbox 1462 1970 1596 2025; x_wconf 82' lang='lat' dir='ltr'><strong>sicut</strong></span> <span class='ocrx_word' id='word_1_157' title='bbox 1624 1972 1809 2042; x_wconf 88' lang='lat' dir='ltr'><strong>palma</strong></span> <span class='ocrx_word' id='word_1_158' title='bbox 1836 1972 2111 2044; x_wconf 89' lang='lat' dir='ltr'><strong>multipli-</strong></span> 
     </span>
    </p>
   </div>
   <div class='ocr_carea' id='block_1_21' title="bbox 506 2057 2112 2131">
    <p class='ocr_par' dir='ltr' id='par_1_21' title="bbox 506 2057 2112 2131">
     <span class='ocr_line' id='line_1_21' title="bbox 506 2057 2112 2131; baseline 0.002 -19"><span class='ocrx_word' id='word_1_159' title='bbox 506 2057 630 2112; x_wconf 89' lang='lat' dir='ltr'><strong>cabo</strong></span> <span class='ocrx_word' id='word_1_160' title='bbox 659 2057 787 2112; x_wconf 84' lang='lat' dir='ltr'><strong>dies.</strong></span> <span class='ocrx_word' id='word_1_161' title='bbox 814 2058 835 2092; x_wconf 78' lang='grc'>³</span> <span class='ocrx_word' id='word_1_162' title='bbox 866 2058 1033 2124; x_wconf 88' lang='lat' dir='ltr'><strong>Quasi</strong></span> <span class='ocrx_word' id='word_1_163' title='bbox 1076 2058 1223 2114; x_wconf 91' lang='lat' dir='ltr'><strong>enim</strong></span> <span class='ocrx_word' id='word_1_164' title='bbox 1266 2060 1446 2130; x_wconf 89' lang='lat' dir='ltr'><strong>palma</strong></span> <span class='ocrx_word' id='word_1_165' title='bbox 1485 2059 1853 2131; x_wconf 89' lang='lat' dir='ltr'><strong>multiplicare</strong></span> <span class='ocrx_word' id='word_1_166' title='bbox 1895 2076 1950 2116; x_wconf 91' lang='lat' dir='ltr'><strong>se</strong></span> <span class='ocrx_word' id='word_1_167' title='bbox 1993 2060 2112 2116; x_wconf 91' lang='lat' dir='ltr'><strong>dies</strong></span> 
     </span>
    </p>
   </div>
   <div class='ocr_carea' id='block_1_22' title="bbox 506 2143 2109 2220">
    <p class='ocr_par' dir='ltr' id='par_1_22' title="bbox 506 2143 2109 2220">
     <span class='ocr_line' id='line_1_22' title="bbox 506 2143 2109 2220; baseline 0.003 -22"><span class='ocrx_word' id='word_1_168' title='bbox 506 2143 762 2212; x_wconf 88' lang='lat' dir='ltr'><strong>credidit,</strong></span> <span class='ocrx_word' id='word_1_169' title='bbox 803 2161 924 2217; x_wconf 63' lang='lat' dir='ltr'><strong>quae</strong></span> <span class='ocrx_word' id='word_1_170' title='bbox 969 2152 1180 2201; x_wconf 87' lang='lat' dir='ltr'><strong>mentes</strong></span> <span class='ocrx_word' id='word_1_171' title='bbox 1212 2145 1460 2201; x_wconf 83' lang='lat' dir='ltr'><strong>ﬁdelium</strong></span> <span class='ocrx_word' id='word_1_172' title='bbox 1501 2146 1570 2202; x_wconf 89' lang='lat' dir='ltr'><strong>ad</strong></span> <span class='ocrx_word' id='word_1_173' title='bbox 1599 2154 1909 2203; x_wconf 83' lang='lat' dir='ltr'><strong>extremum</strong></span> <span class='ocrx_word' id='word_1_174' title='bbox 1938 2163 2109 2220; x_wconf 89' lang='lat' dir='ltr'><strong>usque</strong></span> 
     </span>
    </p>
   </div>
   <div class='ocr_carea' id='block_1_23' title="bbox 508 2233 2110 2308">
    <p class='ocr_par' dir='ltr' id='par_1_23' title="bbox 508 2233 2110 2308">
     <span class='ocr_line' id='line_1_23' title="bbox 508 2233 2110 2308; baseline 0.001 -18"><span class='ocrx_word' id='word_1_175' title='bbox 508 2233 841 2291; x_wconf 86' lang='lat' dir='ltr'><strong>robustiores</strong></span> <span class='ocrx_word' id='word_1_176' title='bbox 861 2251 1152 2308; x_wconf 81' lang='lat' dir='ltr'><strong>exsurgere</strong></span> <span class='ocrx_word' id='word_1_177' title='bbox 1182 2235 1427 2308; x_wconf 89' lang='lat' dir='ltr'><strong>putabat.</strong></span> <span class='ocrx_word' id='word_1_178' title='bbox 1461 2236 1599 2292; x_wconf 88' lang='lat' dir='ltr'><strong>Cum</strong></span> <span class='ocrx_word' id='word_1_179' title='bbox 1628 2236 1777 2292; x_wconf 90' lang='lat' dir='ltr'><strong>enim</strong></span> <span class='ocrx_word' id='word_1_180' title='bbox 1809 2239 2110 2293; x_wconf 90' lang='lat' dir='ltr'><strong>multorum</strong></span> 
     </span>
    </p>
   </div>
   <div class='ocr_carea' id='block_1_24' title="bbox 505 2323 2109 2396">
    <p class='ocr_par' dir='ltr' id='par_1_24' title="bbox 505 2323 2109 2396">
     <span class='ocr_line' id='line_1_24' title="bbox 505 2323 2109 2396; baseline 0.001 -18"><span class='ocrx_word' id='word_1_181' title='bbox 505 2323 671 2378; x_wconf 88' lang='lat' dir='ltr'><strong>corda</strong></span> <span class='ocrx_word' id='word_1_182' title='bbox 692 2325 712 2358; x_wconf 83' lang='grc'><strong>³</strong></span> <span class='ocrx_word' id='word_1_183' title='bbox 745 2324 1224 2394; x_wconf 90' lang='lat' dir='ltr'><strong>persecutionibus</strong></span> <span class='ocrx_word' id='word_1_184' title='bbox 1254 2324 1520 2396; x_wconf 70' lang='lat' dir='ltr'><strong>coeperint</strong></span> <span class='ocrx_word' id='word_1_185' title='bbox 1540 2324 1740 2380; x_wconf 91' lang='lat' dir='ltr'><strong>lassata</strong></span> <span class='ocrx_word' id='word_1_186' title='bbox 1769 2324 2109 2393; x_wconf 89' lang='lat' dir='ltr'><strong>mollescere,</strong></span> 
     </span>
    </p>
   </div>
   <div class='ocr_carea' id='block_1_25' title="bbox 506 2409 2112 2484">
    <p class='ocr_par' dir='ltr' id='par_1_25' title="bbox 506 2409 2112 2484">
     <span class='ocr_line' id='line_1_25' title="bbox 506 2409 2112 2484; baseline 0.001 -18"><span class='ocrx_word' id='word_1_187' title='bbox 506 2409 655 2466; x_wconf 90' lang='lat' dir='ltr'><strong>dolet</strong></span> <span class='ocrx_word' id='word_1_188' title='bbox 677 2410 791 2482; x_wconf 91' lang='lat' dir='ltr'><strong>jam</strong></span> <span class='ocrx_word' id='word_1_189' title='bbox 823 2412 881 2466; x_wconf 93' lang='lat' dir='ltr'><strong>in</strong></span> <span class='ocrx_word' id='word_1_190' title='bbox 915 2428 970 2466; x_wconf 92' lang='lat' dir='ltr'><strong>se</strong></span> <span class='ocrx_word' id='word_1_191' title='bbox 999 2413 1154 2484; x_wconf 90' lang='lat' dir='ltr'><strong>quasi</strong></span> <span class='ocrx_word' id='word_1_192' title='bbox 1203 2412 1272 2467; x_wconf 89' lang='lat' dir='ltr'><strong>ad</strong></span> <span class='ocrx_word' id='word_1_193' title='bbox 1315 2412 1656 2468; x_wconf 88' lang='lat' dir='ltr'><strong>debilitatem</strong></span> <span class='ocrx_word' id='word_1_194' title='bbox 1697 2413 1944 2480; x_wconf 88' lang='lat' dir='ltr'><strong>tendere,</strong></span> <span class='ocrx_word' id='word_1_195' title='bbox 1975 2429 2112 2484; x_wconf 92' lang='lat' dir='ltr'><strong>quos</strong></span> 
     </span>
    </p>
   </div>
   <div class='ocr_carea' id='block_1_26' title="bbox 508 2499 2114 2573">
    <p class='ocr_par' dir='ltr' id='par_1_26' title="bbox 508 2499 2114 2573">
     <span class='ocr_line' id='line_1_26' title="bbox 508 2499 2114 2573; baseline 0.002 -19"><span class='ocrx_word' id='word_1_196' title='bbox 508 2499 810 2555; x_wconf 90' lang='lat' dir='ltr'><strong>mirabatur</strong></span> <span class='ocrx_word' id='word_1_197' title='bbox 836 2500 1000 2555; x_wconf 81' lang='lat' dir='ltr'><strong>fortia</strong></span> <span class='ocrx_word' id='word_1_198' title='bbox 1032 2500 1400 2573; x_wconf 88' lang='lat' dir='ltr'><strong>proposuisse.</strong></span> <span class='ocrx_word' id='word_1_199' title='bbox 1433 2502 1506 2556; x_wconf 89' lang='lat' dir='ltr'><strong>Et</strong></span> <span class='ocrx_word' id='word_1_200' title='bbox 1536 2503 1556 2536; x_wconf 75' lang='lat'><strong>‘</strong></span> <span class='ocrx_word' id='word_1_201' title='bbox 1588 2501 1718 2573; x_wconf 90' lang='lat' dir='ltr'><strong>quia</strong></span> <span class='ocrx_word' id='word_1_202' title='bbox 1747 2509 1930 2558; x_wconf 88' lang='lat' dir='ltr'><strong>mente</strong></span> <span class='ocrx_word' id='word_1_203' title='bbox 1956 2518 2114 2558; x_wconf 88' lang='lat' dir='ltr'><strong>sem-</strong></span> 
     </span>
    </p>
   </div>
   <div class='ocr_carea' id='block_1_27' title="bbox 505 2589 2020 2664">
    <p class='ocr_par' dir='ltr' id='par_1_27' title="bbox 505 2589 2020 2664">
     <span class='ocr_line' id='line_1_27' title="bbox 505 2589 2020 2664; baseline 0 -18"><span class='ocrx_word' id='word_1_204' title='bbox 505 2605 603 2662; x_wconf 88' lang='lat' dir='ltr'><strong>per</strong></span> <span class='ocrx_word' id='word_1_205' title='bbox 627 2589 863 2664; x_wconf 87' lang='lat' dir='ltr'><strong>spiritali</strong></span> <span class='ocrx_word' id='word_1_206' title='bbox 893 2589 1139 2646; x_wconf 86' lang='lat' dir='ltr'><strong>scientiae</strong></span> <span class='ocrx_word' id='word_1_207' title='bbox 1170 2589 1432 2655; x_wconf 89' lang='lat' dir='ltr'><strong>intendit,</strong></span> <span class='ocrx_word' id='word_1_208' title='bbox 1464 2597 1611 2647; x_wconf 91' lang='lat' dir='ltr'><strong>recte</strong></span> <span class='ocrx_word' id='word_1_209' title='bbox 1644 2589 2020 2663; x_wconf 86' lang='lat' dir='ltr'><strong>subjungitur.</strong></span> 
     </span>
    </p>
   </div>
   <div class='ocr_carea' id='block_1_28' title="bbox 1023 2753 1548 2810">
    <p class='ocr_par' dir='ltr' id='par_1_28' title="bbox 1023 2753 1548 2810">
     <span class='ocr_line' id='line_1_28' title="bbox 1023 2753 1548 2810; baseline -0.002 0"><span class='ocrx_word' id='word_1_210' title='bbox 1023 2753 1252 2810; x_wconf 87' lang='lat' dir='ltr'><strong>CAPUT</strong></span> <span class='ocrx_word' id='word_1_211' title='bbox 1291 2753 1548 2810; x_wconf 81' lang='lat' dir='ltr'><strong>XXVIII.</strong></span> 
     </span>
    </p>
   </div>
   <div class='ocr_carea' id='block_1_29' title="bbox 576 2857 2037 2932">
    <p class='ocr_par' dir='ltr' id='par_1_29' title="bbox 576 2857 2037 2932">
     <span class='ocr_line' id='line_1_29' title="bbox 576 2857 2037 2932; baseline -0.001 -14"><span class='ocrx_word' id='word_1_212' title='bbox 576 2857 748 2918; x_wconf 74' lang='lat' dir='ltr'><strong>Vsus.</strong></span> <span class='ocrx_word' id='word_1_213' title='bbox 781 2859 870 2916; x_wconf 81' lang='grc'><strong>19.</strong></span> <span class='ocrx_word' id='word_1_214' title='bbox 899 2889 970 2902; x_wconf 88' lang='grc'><strong>-</strong></span> <span class='ocrx_word' id='word_1_215' title='bbox 997 2859 1178 2917; x_wconf 72' lang='lat' dir='ltr'><strong>Radix</strong></span> <span class='ocrx_word' id='word_1_216' title='bbox 1204 2877 1316 2916; x_wconf 86' lang='lat' dir='ltr'><strong>mea</strong></span> <span class='ocrx_word' id='word_1_217' title='bbox 1347 2867 1534 2932; x_wconf 85' lang='lat' dir='ltr'><strong>aperta</strong></span> <span class='ocrx_word' id='word_1_218' title='bbox 1570 2865 1646 2915; x_wconf 89' lang='lat' dir='ltr'><strong>est</strong></span> <span class='ocrx_word' id='word_1_219' title='bbox 1672 2876 1819 2916; x_wconf 89' lang='lat' dir='ltr'><strong>secus</strong></span> <span class='ocrx_word' id='word_1_220' title='bbox 1843 2877 2037 2932; x_wconf 82' lang='lat' dir='ltr'><strong>aquas.</strong></span> 
     </span>
    </p>
   </div>
   <div class='ocr_carea' id='block_1_30' title="bbox 577 2965 2114 3038">
    <p class='ocr_par' dir='ltr' id='par_1_30' title="bbox 577 2965 2114 3038">
     <span class='ocr_line' id='line_1_30' title="bbox 577 2965 2114 3038; baseline 0 -16"><span class='ocrx_word' id='word_1_221' title='bbox 577 2966 666 3022; x_wconf 73' lang='lat'><strong>51.</strong></span> <span class='ocrx_word' id='word_1_222' title='bbox 713 2965 961 3038; x_wconf 85' lang='lat' dir='ltr'><strong>Spiritali</strong></span> <span class='ocrx_word' id='word_1_223' title='bbox 996 2967 1226 3022; x_wconf 69' lang='lat' dir='ltr'><strong>scientia:</strong></span> <span class='ocrx_word' id='word_1_224' title='bbox 1267 2984 1468 3038; x_wconf 83' lang='lat' dir='ltr'><strong>semper</strong></span> <span class='ocrx_word' id='word_1_225' title='bbox 1493 2967 1717 3022; x_wconf 78' lang='lat' dir='ltr'><strong>intendit</strong></span> <span class='ocrx_word' id='word_1_226' title='bbox 1743 2967 2000 3024; x_wconf 82' lang='lat' dir='ltr'><strong>Ecclesia.</strong></span> <span class='ocrx_word' id='word_1_227' title='bbox 2042 2997 2114 3009; x_wconf 93' lang='lat'>—</span> 
     </span>
    </p>
   </div>
   <div class='ocr_carea' id='block_1_31' title="bbox 505 3055 2113 3130">
    <p class='ocr_par' dir='ltr' id='par_1_31' title="bbox 505 3055 2113 3130">
     <span class='ocr_line' id='line_1_31' title="bbox 505 3055 2113 3130; baseline 0.001 -19"><span class='ocrx_word' id='word_1_228' title='bbox 505 3055 671 3112; x_wconf 84' lang='lat' dir='ltr'><strong>Juxta</strong></span> <span class='ocrx_word' id='word_1_229' title='bbox 699 3072 866 3129; x_wconf 88' lang='lat' dir='ltr'><strong>aquas</strong></span> <span class='ocrx_word' id='word_1_230' title='bbox 893 3055 1042 3112; x_wconf 90' lang='lat' dir='ltr'><strong>enim</strong></span> <span class='ocrx_word' id='word_1_231' title='bbox 1075 3055 1234 3112; x_wconf 85' lang='lat' dir='ltr'><strong>radix</strong></span> <span class='ocrx_word' id='word_1_232' title='bbox 1265 3057 1531 3129; x_wconf 90' lang='lat' dir='ltr'><strong>aperitur,</strong></span> <span class='ocrx_word' id='word_1_233' title='bbox 1568 3057 1791 3130; x_wconf 89' lang='lat' dir='ltr'><strong>quando</strong></span> <span class='ocrx_word' id='word_1_234' title='bbox 1825 3057 1893 3113; x_wconf 92' lang='lat' dir='ltr'><strong>ad</strong></span> <span class='ocrx_word' id='word_1_235' title='bbox 1923 3057 2113 3130; x_wconf 89' lang='lat' dir='ltr'><strong>perci-</strong></span> 
     </span>
    </p>
   </div>
   <div class='ocr_carea' id='block_1_32' title="bbox 2220 538 3819 611">
    <p class='ocr_par' dir='ltr' id='par_1_32' title="bbox 2220 538 3819 611">
     <span class='ocr_line' id='line_1_32' title="bbox 2220 538 3819 611; baseline 0.002 -16"><span class='ocrx_word' id='word_1_236' title='bbox 2220 555 2342 595; x_wconf 88' lang='lat' dir='ltr'><strong>rum</strong></span> <span class='ocrx_word' id='word_1_237' title='bbox 2372 545 2474 606; x_wconf 89' lang='lat' dir='ltr'><strong>est,</strong></span> <span class='ocrx_word' id='word_1_238' title='bbox 2496 538 2627 611; x_wconf 92' lang='lat' dir='ltr'><strong>quia</strong></span> <span class='ocrx_word' id='word_1_239' title='bbox 2655 538 2894 594; x_wconf 91' lang='lat' dir='ltr'><strong>fructum</strong></span> <span class='ocrx_word' id='word_1_240' title='bbox 2920 546 2974 594; x_wconf 91' lang='lat' dir='ltr'><strong>et</strong></span> <span class='ocrx_word' id='word_1_241' title='bbox 2989 538 3386 610; x_wconf 89' lang='lat' dir='ltr'><strong>protectionem</strong></span> <span class='ocrx_word' id='word_1_242' title='bbox 3416 541 3502 596; x_wconf 93' lang='lat' dir='ltr'><strong>sui</strong></span> <span class='ocrx_word' id='word_1_243' title='bbox 3524 540 3684 597; x_wconf 90' lang='lat' dir='ltr'><strong>nobis</strong></span> <span class='ocrx_word' id='word_1_244' title='bbox 3704 557 3819 598; x_wconf 85' lang='lat' dir='ltr'><strong>um-</strong></span> 
     </span>
    </p>
   </div>
   <div class='ocr_carea' id='block_1_33' title="bbox 2219 627 3822 701">
    <p class='ocr_par' dir='ltr' id='par_1_33' title="bbox 2219 627 3822 701">
     <span class='ocr_line' id='line_1_33' title="bbox 2219 627 3822 701; baseline 0.002 -17"><span class='ocrx_word' id='word_1_245' title='bbox 2219 627 2428 684; x_wconf 89' lang='lat' dir='ltr'><strong>braculi</strong></span> <span class='ocrx_word' id='word_1_246' title='bbox 2459 627 2761 700; x_wconf 88' lang='lat' dir='ltr'><strong>proferens,</strong></span> <span class='ocrx_word' id='word_1_247' title='bbox 2789 627 3043 701; x_wconf 89' lang='lat' dir='ltr'><strong>apparuit</strong></span> <span class='ocrx_word' id='word_1_248' title='bbox 3069 634 3282 684; x_wconf 71' lang='lat' dir='ltr'><strong>creatur</strong></span> <span class='ocrx_word' id='word_1_249' title='bbox 3309 628 3369 684; x_wconf 91' lang='lat' dir='ltr'><strong>in</strong></span> <span class='ocrx_word' id='word_1_250' title='bbox 3397 645 3581 698; x_wconf 89' lang='lat' dir='ltr'><strong>carne,</strong></span> <span class='ocrx_word' id='word_1_251' title='bbox 3613 638 3676 687; x_wconf 90' lang='lat' dir='ltr'><strong>ut</strong></span> <span class='ocrx_word' id='word_1_252' title='bbox 3704 630 3822 686; x_wconf 88' lang='lat' dir='ltr'><strong>hu-</strong></span> 
     </span>
    </p>
   </div>
   <div class='ocr_carea' id='block_1_34' title="bbox 2222 718 3824 794">
    <p class='ocr_par' dir='ltr' id='par_1_34' title="bbox 2222 718 3824 794">
     <span class='ocr_line' id='line_1_34' title="bbox 2222 718 3824 794; baseline 0.002 -20"><span class='ocrx_word' id='word_1_253' title='bbox 2222 734 2446 774; x_wconf 89' lang='lat' dir='ltr'><strong>manum</strong></span> <span class='ocrx_word' id='word_1_254' title='bbox 2492 734 2663 791; x_wconf 90' lang='lat' dir='ltr'><strong>genus</strong></span> <span class='ocrx_word' id='word_1_255' title='bbox 2705 721 2727 754; x_wconf 84' lang='grc'><strong><em>⁶</em></strong></span> <span class='ocrx_word' id='word_1_256' title='bbox 2775 735 2872 792; x_wconf 89' lang='lat' dir='ltr'><strong>per</strong></span> <span class='ocrx_word' id='word_1_257' title='bbox 2915 721 3371 777; x_wconf 88' lang='lat' dir='ltr'><strong>resurrectionem</strong></span> <span class='ocrx_word' id='word_1_258' title='bbox 3413 718 3625 793; x_wconf 88' lang='lat' dir='ltr'><strong>ﬁgeret,</strong></span> <span class='ocrx_word' id='word_1_259' title='bbox 3669 721 3824 794; x_wconf 90' lang='lat' dir='ltr'><strong>quod</strong></span> 
     </span>
    </p>
   </div>
   <div class='ocr_carea' id='block_1_35' title="bbox 2221 808 3743 885">
    <p class='ocr_par' dir='ltr' id='par_1_35' title="bbox 2221 808 3743 885">
     <span class='ocr_line' id='line_1_35' title="bbox 2221 808 3743 885; baseline 0.003 -21"><span class='ocrx_word' id='word_1_260' title='bbox 2221 824 2318 881; x_wconf 89' lang='lat' dir='ltr'><strong>per</strong></span> <span class='ocrx_word' id='word_1_261' title='bbox 2345 808 2620 867; x_wconf 88' lang='lat' dir='ltr'><strong>defectum</strong></span> <span class='ocrx_word' id='word_1_262' title='bbox 2651 809 2896 883; x_wconf 89' lang='lat' dir='ltr'><strong>quotidie</strong></span> <span class='ocrx_word' id='word_1_263' title='bbox 2933 810 3048 866; x_wconf 91' lang='lat' dir='ltr'><strong>ibat</strong></span> <span class='ocrx_word' id='word_1_264' title='bbox 3074 811 3134 867; x_wconf 92' lang='lat' dir='ltr'><strong>in</strong></span> <span class='ocrx_word' id='word_1_265' title='bbox 3163 818 3418 868; x_wconf 90' lang='lat' dir='ltr'><strong>mortem.</strong></span> <span class='ocrx_word' id='word_1_266' title='bbox 3448 812 3743 885; x_wconf 86' lang='lat' dir='ltr'><strong>Sequitur:</strong></span> 
     </span>
    </p>
   </div>
   <div class='ocr_carea' id='block_1_36' title="bbox 2790 935 3254 994">
    <p class='ocr_par' dir='ltr' id='par_1_36' title="bbox 2790 935 3254 994">
     <span class='ocr_line' id='line_1_36' title="bbox 2790 935 3254 994; baseline -0.006 0"><span class='ocrx_word' id='word_1_267' title='bbox 2790 935 3019 994; x_wconf 84' lang='lat' dir='ltr'><strong>CAPUT</strong></span> <span class='ocrx_word' id='word_1_268' title='bbox 3044 936 3254 992; x_wconf 83' lang='lat' dir='ltr'>XXIX.</span> 
     </span>
    </p>
   </div>
   <div class='ocr_carea' id='block_1_37' title="bbox 2293 1043 3593 1102">
    <p class='ocr_par' dir='ltr' id='par_1_37' title="bbox 2293 1043 3593 1102">
     <span class='ocr_line' id='line_1_37' title="bbox 2293 1043 3593 1102; baseline 0.002 -3"><span class='ocrx_word' id='word_1_269' title='bbox 2293 1043 2432 1100; x_wconf 78' lang='lat' dir='ltr'><strong>Iam.</strong></span> <span class='ocrx_word' id='word_1_270' title='bbox 2452 1073 2525 1086; x_wconf 88' lang='lat'><em>—</em></span> <span class='ocrx_word' id='word_1_271' title='bbox 2552 1046 2625 1102; x_wconf 88' lang='lat' dir='ltr'><strong>Et</strong></span> <span class='ocrx_word' id='word_1_272' title='bbox 2652 1061 2743 1100; x_wconf 89' lang='lat' dir='ltr'><strong>ros</strong></span> <span class='ocrx_word' id='word_1_273' title='bbox 2769 1045 3068 1100; x_wconf 78' lang='lat' dir='ltr'><strong>morabitur</strong></span> <span class='ocrx_word' id='word_1_274' title='bbox 3093 1045 3153 1099; x_wconf 87' lang='lat' dir='ltr'><strong>in</strong></span> <span class='ocrx_word' id='word_1_275' title='bbox 3178 1043 3433 1100; x_wconf 87' lang='lat' dir='ltr'><strong>messione</strong></span> <span class='ocrx_word' id='word_1_276' title='bbox 3459 1060 3593 1101; x_wconf 87' lang='lat' dir='ltr'><strong>mea.</strong></span> 
     </span>
    </p>
   </div>
   <div class='ocr_carea' id='block_1_38' title="bbox 2291 1132 3823 1206">
    <p class='ocr_par' dir='ltr' id='par_1_38' title="bbox 2291 1132 3823 1206">
     <span class='ocr_line' id='line_1_38' title="bbox 2291 1132 3823 1206; baseline 0 -16"><span class='ocrx_word' id='word_1_277' title='bbox 2291 1133 2381 1190; x_wconf 79' lang='lat'><strong>52.</strong></span> <span class='ocrx_word' id='word_1_278' title='bbox 2413 1133 2552 1204; x_wconf 82' lang='lat' dir='ltr'><strong>Ejus</strong></span> <span class='ocrx_word' id='word_1_279' title='bbox 2583 1135 2766 1189; x_wconf 85' lang='lat' dir='ltr'><strong>messio</strong></span> <span class='ocrx_word' id='word_1_280' title='bbox 2794 1135 2912 1190; x_wconf 85' lang='lat' dir='ltr'><strong>rari</strong></span> <span class='ocrx_word' id='word_1_281' title='bbox 2938 1135 3126 1206; x_wconf 76' lang='lat' dir='ltr'><strong>gratia:</strong></span> <span class='ocrx_word' id='word_1_282' title='bbox 3168 1134 3465 1190; x_wconf 85' lang='lat' dir='ltr'><strong>tribuenda.</strong></span> <span class='ocrx_word' id='word_1_283' title='bbox 3500 1165 3573 1176; x_wconf 98' lang='lat'><strong>—</strong></span> <span class='ocrx_word' id='word_1_284' title='bbox 3601 1132 3823 1190; x_wconf 88' lang='lat' dir='ltr'><strong>Subau-</strong></span> 
     </span>
    </p>
   </div>
   <div class='ocr_carea' id='block_1_39' title="bbox 2221 1220 3823 1290">
    <p class='ocr_par' dir='ltr' id='par_1_39' title="bbox 2221 1220 3823 1290">
     <span class='ocr_line' id='line_1_39' title="bbox 2221 1220 3823 1290; baseline 0.001 -14"><span class='ocrx_word' id='word_1_285' title='bbox 2221 1220 2327 1290; x_wconf 90' lang='lat' dir='ltr'><strong>dis,</strong></span> <span class='ocrx_word' id='word_1_286' title='bbox 2357 1224 2605 1281; x_wconf 85' lang='lat' dir='ltr'><strong>dicebam.</strong></span> <span class='ocrx_word' id='word_1_287' title='bbox 2637 1223 2833 1282; x_wconf 86' lang='lat' dir='ltr'><strong>Messio</strong></span> <span class='ocrx_word' id='word_1_288' title='bbox 2874 1223 3022 1279; x_wconf 92' lang='lat' dir='ltr'><strong>enim</strong></span> <span class='ocrx_word' id='word_1_289' title='bbox 3053 1230 3253 1280; x_wconf 68' lang='lat' dir='ltr'><strong>sanctas</strong></span> <span class='ocrx_word' id='word_1_290' title='bbox 3287 1222 3550 1279; x_wconf 69' lang='lat' dir='ltr'><strong>Ecclesia:</strong></span> <span class='ocrx_word' id='word_1_291' title='bbox 3581 1239 3693 1278; x_wconf 93' lang='lat' dir='ltr'><strong>non</strong></span> <span class='ocrx_word' id='word_1_292' title='bbox 3723 1223 3823 1278; x_wconf 91' lang='lat' dir='ltr'><strong>in-</strong></span> 
     </span>
    </p>
   </div>
   <div class='ocr_carea' id='block_1_40' title="bbox 2222 1311 3822 1387">
    <p class='ocr_par' dir='ltr' id='par_1_40' title="bbox 2222 1311 3822 1387">
     <span class='ocr_line' id='line_1_40' title="bbox 2222 1311 3822 1387; baseline 0 -19"><span class='ocrx_word' id='word_1_293' title='bbox 2222 1313 2613 1370; x_wconf 85' lang='lat' dir='ltr'><strong>convenienter</strong></span> <span class='ocrx_word' id='word_1_294' title='bbox 2640 1313 2930 1387; x_wconf 90' lang='lat' dir='ltr'><strong>accipitur,</strong></span> <span class='ocrx_word' id='word_1_295' title='bbox 2977 1328 3104 1370; x_wconf 92' lang='lat' dir='ltr'><strong>cum</strong></span> <span class='ocrx_word' id='word_1_296' title='bbox 3134 1311 3385 1385; x_wconf 59' lang='lat' dir='ltr'><strong>perfectae</strong></span> <span class='ocrx_word' id='word_1_297' title='bbox 3418 1313 3619 1369; x_wconf 69' lang='lat' dir='ltr'><strong>animae</strong></span> <span class='ocrx_word' id='word_1_298' title='bbox 3649 1329 3680 1368; x_wconf 90' lang='lat' dir='ltr'><strong>a</strong></span> <span class='ocrx_word' id='word_1_299' title='bbox 3706 1329 3822 1369; x_wconf 89' lang='lat' dir='ltr'><strong>cor-</strong></span> 
     </span>
    </p>
   </div>
   <div class='ocr_carea' id='block_1_41' title="bbox 2221 1401 3824 1474">
    <p class='ocr_par' dir='ltr' id='par_1_41' title="bbox 2221 1401 3824 1474">
     <span class='ocr_line' id='line_1_41' title="bbox 2221 1401 3824 1474; baseline 0.001 -18"><span class='ocrx_word' id='word_1_300' title='bbox 2221 1401 2446 1472; x_wconf 89' lang='lat' dir='ltr'><strong>poribus</strong></span> <span class='ocrx_word' id='word_1_301' title='bbox 2465 1402 2773 1472; x_wconf 64' lang='lat' dir='ltr'><strong>abstractaa,</strong></span> <span class='ocrx_word' id='word_1_302' title='bbox 2803 1403 2957 1458; x_wconf 87' lang='lat' dir='ltr'><strong>velut</strong></span> <span class='ocrx_word' id='word_1_303' title='bbox 2987 1410 3214 1458; x_wconf 77' lang='lat' dir='ltr'><strong>maturae</strong></span> <span class='ocrx_word' id='word_1_304' title='bbox 3245 1409 3454 1474; x_wconf 77' lang='lat' dir='ltr'><strong>segetes</strong></span> <span class='ocrx_word' id='word_1_305' title='bbox 3482 1419 3514 1458; x_wconf 94' lang='lat' dir='ltr'><strong>a</strong></span> <span class='ocrx_word' id='word_1_306' title='bbox 3542 1410 3685 1458; x_wconf 89' lang='lat' dir='ltr'><strong>terra</strong></span> <span class='ocrx_word' id='word_1_307' title='bbox 3717 1401 3824 1458; x_wconf 89' lang='lat' dir='ltr'><strong>de-</strong></span> 
     </span>
    </p>
   </div>
   <div class='ocr_carea' id='block_1_42' title="bbox 2220 1489 3823 1564">
    <p class='ocr_par' dir='ltr' id='par_1_42' title="bbox 2220 1489 3823 1564">
     <span class='ocr_line' id='line_1_42' title="bbox 2220 1489 3823 1564; baseline 0 -18"><span class='ocrx_word' id='word_1_308' title='bbox 2220 1489 2368 1558; x_wconf 73' lang='lat' dir='ltr'><strong>cisae,</strong></span> <span class='ocrx_word' id='word_1_309' title='bbox 2419 1491 2488 1546; x_wconf 91' lang='lat' dir='ltr'><strong>ad</strong></span> <span class='ocrx_word' id='word_1_310' title='bbox 2527 1493 2770 1548; x_wconf 69' lang='lat' dir='ltr'><strong>caelestia</strong></span> <span class='ocrx_word' id='word_1_311' title='bbox 2827 1491 3023 1548; x_wconf 86' lang='lat' dir='ltr'><strong>horrea</strong></span> <span class='ocrx_word' id='word_1_312' title='bbox 3052 1495 3072 1527; x_wconf 81' lang='grc'>⁷</span> <span class='ocrx_word' id='word_1_313' title='bbox 3104 1491 3455 1564; x_wconf 87' lang='lat' dir='ltr'><strong>demigrant;</strong></span> <span class='ocrx_word' id='word_1_314' title='bbox 3490 1491 3638 1564; x_wconf 91' lang='lat' dir='ltr'><strong>quod</strong></span> <span class='ocrx_word' id='word_1_315' title='bbox 3692 1491 3823 1564; x_wconf 89' lang='lat' dir='ltr'><strong>quia</strong></span> 
     </span>
    </p>
   </div>
   <div class='ocr_carea' id='block_1_43' title="bbox 2221 1581 3826 1655">
    <p class='ocr_par' dir='ltr' id='par_1_43' title="bbox 2221 1581 3826 1655">
     <span class='ocr_line' id='line_1_43' title="bbox 2221 1581 3826 1655; baseline 0.001 -21"><span class='ocrx_word' id='word_1_316' title='bbox 2221 1595 2333 1634; x_wconf 91' lang='lat' dir='ltr'><strong>non</strong></span> <span class='ocrx_word' id='word_1_317' title='bbox 2356 1588 2544 1637; x_wconf 89' lang='lat' dir='ltr'><strong>nostra</strong></span> <span class='ocrx_word' id='word_1_318' title='bbox 2572 1581 2798 1651; x_wconf 87' lang='lat' dir='ltr'><strong>virtute,</strong></span> <span class='ocrx_word' id='word_1_319' title='bbox 2830 1581 2924 1638; x_wconf 91' lang='lat' dir='ltr'><strong>sed</strong></span> <span class='ocrx_word' id='word_1_320' title='bbox 2953 1583 3159 1639; x_wconf 62' lang='lat' dir='ltr'><strong>caelesti</strong></span> <span class='ocrx_word' id='word_1_321' title='bbox 3189 1581 3361 1655; x_wconf 89' lang='lat' dir='ltr'><strong>gratia</strong></span> <span class='ocrx_word' id='word_1_322' title='bbox 3391 1581 3653 1652; x_wconf 77' lang='lat' dir='ltr'><strong>largiente</strong></span> <span class='ocrx_word' id='word_1_323' title='bbox 3699 1581 3826 1652; x_wconf 87' lang='lat' dir='ltr'><strong>agi-</strong></span> 
     </span>
    </p>
   </div>
   <div class='ocr_carea' id='block_1_44' title="bbox 2221 1670 3824 1738">
    <p class='ocr_par' dir='ltr' id='par_1_44' title="bbox 2221 1670 3824 1738">
     <span class='ocr_line' id='line_1_44' title="bbox 2221 1670 3824 1738; baseline 0.001 -13"><span class='ocrx_word' id='word_1_324' title='bbox 2221 1676 2333 1738; x_wconf 86' lang='lat' dir='ltr'><strong>tur,</strong></span> <span class='ocrx_word' id='word_1_325' title='bbox 2361 1670 2499 1726; x_wconf 89' lang='lat' dir='ltr'><strong>bene</strong></span> <span class='ocrx_word' id='word_1_326' title='bbox 2528 1671 2637 1727; x_wconf 88' lang='lat' dir='ltr'><strong>ait:</strong></span> <span class='ocrx_word' id='word_1_327' title='bbox 2671 1675 2746 1728; x_wconf 89' lang='lat' dir='ltr'><strong>Et</strong></span> <span class='ocrx_word' id='word_1_328' title='bbox 2774 1689 2864 1727; x_wconf 86' lang='lat' dir='ltr'><strong>ros</strong></span> <span class='ocrx_word' id='word_1_329' title='bbox 2890 1672 3190 1727; x_wconf 82' lang='lat' dir='ltr'><strong>morabitur</strong></span> <span class='ocrx_word' id='word_1_330' title='bbox 3209 1671 3265 1726; x_wconf 87' lang='lat' dir='ltr'><strong>in</strong></span> <span class='ocrx_word' id='word_1_331' title='bbox 3283 1671 3536 1726; x_wconf 87' lang='lat' dir='ltr'><strong>messione</strong></span> <span class='ocrx_word' id='word_1_332' title='bbox 3555 1687 3688 1726; x_wconf 88' lang='lat' dir='ltr'><strong>mea.</strong></span> <span class='ocrx_word' id='word_1_333' title='bbox 3714 1671 3824 1727; x_wconf 84' lang='lat' dir='ltr'><strong>Ros</strong></span> 
     </span>
    </p>
   </div>
   <div class='ocr_carea' id='block_1_45' title="bbox 2221 1759 3820 1834">
    <p class='ocr_par' dir='ltr' id='par_1_45' title="bbox 2221 1759 3820 1834">
     <span class='ocr_line' id='line_1_45' title="bbox 2221 1759 3820 1834; baseline -0.001 -19"><span class='ocrx_word' id='word_1_334' title='bbox 2221 1776 2458 1833; x_wconf 90' lang='lat' dir='ltr'><strong>namque</strong></span> <span class='ocrx_word' id='word_1_335' title='bbox 2504 1761 2738 1834; x_wconf 87' lang='lat' dir='ltr'><strong>desuper</strong></span> <span class='ocrx_word' id='word_1_336' title='bbox 2782 1761 2953 1829; x_wconf 92' lang='lat' dir='ltr'><strong>cadit,</strong></span> <span class='ocrx_word' id='word_1_337' title='bbox 3002 1761 3196 1818; x_wconf 89' lang='lat' dir='ltr'><strong>messis</strong></span> <span class='ocrx_word' id='word_1_338' title='bbox 3235 1759 3489 1816; x_wconf 89' lang='lat' dir='ltr'><strong>deorsum</strong></span> <span class='ocrx_word' id='word_1_339' title='bbox 3519 1759 3820 1832; x_wconf 80' lang='lat' dir='ltr'><strong>colligitur.</strong></span> 
     </span>
    </p>
   </div>
   <div class='ocr_carea' id='block_1_46' title="bbox 2220 1848 3826 1924">
    <p class='ocr_par' dir='ltr' id='par_1_46' title="bbox 2220 1848 3826 1924">
     <span class='ocr_line' id='line_1_46' title="bbox 2220 1848 3826 1924; baseline 0.001 -21"><span class='ocrx_word' id='word_1_340' title='bbox 2220 1851 2364 1921; x_wconf 90' lang='lat' dir='ltr'><strong>Ergo</strong></span> <span class='ocrx_word' id='word_1_341' title='bbox 2393 1866 2482 1905; x_wconf 91' lang='lat' dir='ltr'><strong>ros</strong></span> <span class='ocrx_word' id='word_1_342' title='bbox 2510 1858 2759 1906; x_wconf 89' lang='lat' dir='ltr'><strong>moratur</strong></span> <span class='ocrx_word' id='word_1_343' title='bbox 2788 1850 2846 1906; x_wconf 93' lang='lat' dir='ltr'><strong>in</strong></span> <span class='ocrx_word' id='word_1_344' title='bbox 2895 1851 3188 1920; x_wconf 89' lang='lat' dir='ltr'><strong>messione,</strong></span> <span class='ocrx_word' id='word_1_345' title='bbox 3233 1849 3362 1924; x_wconf 92' lang='lat' dir='ltr'><strong>quia</strong></span> <span class='ocrx_word' id='word_1_346' title='bbox 3391 1849 3565 1921; x_wconf 88' lang='lat' dir='ltr'><strong>gratia</strong></span> <span class='ocrx_word' id='word_1_347' title='bbox 3593 1848 3826 1920; x_wconf 89' lang='lat' dir='ltr'><strong>desuper</strong></span> 
     </span>
    </p>
   </div>
   <div class='ocr_carea' id='block_1_47' title="bbox 2219 1937 3824 2011">
    <p class='ocr_par' dir='ltr' id='par_1_47' title="bbox 2219 1937 3824 2011">
     <span class='ocr_line' id='line_1_47' title="bbox 2219 1937 3824 2011; baseline 0.001 -19"><span class='ocrx_word' id='word_1_348' title='bbox 2219 1939 2445 1994; x_wconf 92' lang='lat' dir='ltr'><strong>veniens</strong></span> <span class='ocrx_word' id='word_1_349' title='bbox 2473 1938 2586 2010; x_wconf 89' lang='lat' dir='ltr'><strong>agit</strong></span> <span class='ocrx_word' id='word_1_350' title='bbox 2613 1945 2676 1994; x_wconf 89' lang='lat' dir='ltr'><strong>ut</strong></span> <span class='ocrx_word' id='word_1_351' title='bbox 2703 1938 2857 2010; x_wconf 85' lang='lat' dir='ltr'><strong>digni</strong></span> <span class='ocrx_word' id='word_1_352' title='bbox 2885 1938 3059 1994; x_wconf 87' lang='lat' dir='ltr'><strong>simus</strong></span> <span class='ocrx_word' id='word_1_353' title='bbox 3087 1940 3180 2011; x_wconf 90' lang='lat' dir='ltr'><strong>qui</strong></span> <span class='ocrx_word' id='word_1_354' title='bbox 3211 1939 3278 1994; x_wconf 93' lang='lat' dir='ltr'><strong>de</strong></span> <span class='ocrx_word' id='word_1_355' title='bbox 3317 1937 3672 1995; x_wconf 86' lang='lat' dir='ltr'><strong>inferioribus</strong></span> <span class='ocrx_word' id='word_1_356' title='bbox 3699 1937 3824 1994; x_wconf 90' lang='lat' dir='ltr'><strong>col-</strong></span> 
     </span>
    </p>
   </div>
   <div class='ocr_carea' id='block_1_48' title="bbox 2217 2032 3825 2109">
    <p class='ocr_par' dir='ltr' id='par_1_48' title="bbox 2217 2032 3825 2109">
     <span class='ocr_line' id='line_1_48' title="bbox 2217 2032 3825 2109; baseline 0.001 -21"><span class='ocrx_word' id='word_1_357' title='bbox 2217 2032 2473 2106; x_wconf 86' lang='lat' dir='ltr'><strong>ligamur.</strong></span> <span class='ocrx_word' id='word_1_358' title='bbox 2520 2034 2641 2106; x_wconf 88' lang='lat' dir='ltr'><strong>Ipsa</strong></span> <span class='ocrx_word' id='word_1_359' title='bbox 2669 2035 2871 2109; x_wconf 91' lang='lat' dir='ltr'><strong>quippe</strong></span> <span class='ocrx_word' id='word_1_360' title='bbox 2913 2051 3012 2090; x_wconf 91' lang='lat' dir='ltr'><strong>nos</strong></span> <span class='ocrx_word' id='word_1_361' title='bbox 3041 2034 3274 2106; x_wconf 88' lang='lat' dir='ltr'><strong>desuper</strong></span> <span class='ocrx_word' id='word_1_362' title='bbox 3315 2034 3666 2103; x_wconf 87' lang='lat' dir='ltr'><strong>infundente,</strong></span> <span class='ocrx_word' id='word_1_363' title='bbox 3698 2033 3825 2088; x_wconf 86' lang='lat' dir='ltr'><strong>fru-</strong></span> 
     </span>
    </p>
   </div>
   <div class='ocr_carea' id='block_1_49' title="bbox 2217 2124 3822 2198">
    <p class='ocr_par' dir='ltr' id='par_1_49' title="bbox 2217 2124 3822 2198">
     <span class='ocr_line' id='line_1_49' title="bbox 2217 2124 3822 2198; baseline -0.001 -17"><span class='ocrx_word' id='word_1_364' title='bbox 2217 2132 2365 2181; x_wconf 90' lang='lat' dir='ltr'><strong>ctum</strong></span> <span class='ocrx_word' id='word_1_365' title='bbox 2399 2125 2672 2182; x_wconf 90' lang='lat' dir='ltr'><strong>bonorum</strong></span> <span class='ocrx_word' id='word_1_366' title='bbox 2702 2142 2926 2198; x_wconf 90' lang='lat' dir='ltr'><strong>operum</strong></span> <span class='ocrx_word' id='word_1_367' title='bbox 2963 2124 3211 2180; x_wconf 87' lang='lat' dir='ltr'><strong>ferimus.</strong></span> <span class='ocrx_word' id='word_1_368' title='bbox 3246 2124 3399 2180; x_wconf 89' lang='lat' dir='ltr'><strong>Unde</strong></span> <span class='ocrx_word' id='word_1_369' title='bbox 3429 2133 3574 2180; x_wconf 88' lang='lat' dir='ltr'><strong>recte</strong></span> <span class='ocrx_word' id='word_1_370' title='bbox 3603 2140 3822 2197; x_wconf 91' lang='lat' dir='ltr'><strong>quoque</strong></span> 
     </span>
    </p>
   </div>
   <div class='ocr_carea' id='block_1_50' title="bbox 2219 2212 3822 2287">
    <p class='ocr_par' dir='ltr' id='par_1_50' title="bbox 2219 2212 3822 2287">
     <span class='ocr_line' id='line_1_50' title="bbox 2219 2212 3822 2287; baseline -0.003 -16"><span class='ocrx_word' id='word_1_371' title='bbox 2219 2231 2316 2287; x_wconf 90' lang='lat' dir='ltr'><strong>per</strong></span> <span class='ocrx_word' id='word_1_372' title='bbox 2359 2215 2589 2271; x_wconf 89' lang='lat' dir='ltr'><strong>Paulum</strong></span> <span class='ocrx_word' id='word_1_373' title='bbox 2625 2215 2862 2271; x_wconf 89' lang='lat' dir='ltr'><strong>dicitur:</strong></span> <span class='ocrx_word' id='word_1_374' title='bbox 2901 2215 3091 2270; x_wconf 88' lang='lat' dir='ltr'><strong>Gratia</strong></span> <span class='ocrx_word' id='word_1_375' title='bbox 3119 2213 3221 2269; x_wconf 88' lang='lat' dir='ltr'><strong>Dei</strong></span> <span class='ocrx_word' id='word_1_376' title='bbox 3249 2231 3365 2268; x_wconf 87' lang='lat' dir='ltr'><strong>sum</strong></span> <span class='ocrx_word' id='word_1_377' title='bbox 3407 2213 3463 2268; x_wconf 89' lang='lat' dir='ltr'><strong>id</strong></span> <span class='ocrx_word' id='word_1_378' title='bbox 3498 2212 3639 2284; x_wconf 90' lang='lat' dir='ltr'><strong>quod</strong></span> <span class='ocrx_word' id='word_1_379' title='bbox 3685 2229 3822 2278; x_wconf 86' lang='lat' dir='ltr'><strong>sum,</strong></span> 
     </span>
    </p>
   </div>
   <div class='ocr_carea' id='block_1_51' title="bbox 2218 2299 3823 2374">
    <p class='ocr_par' dir='ltr' id='par_1_51' title="bbox 2218 2299 3823 2374">
     <span class='ocr_line' id='line_1_51' title="bbox 2218 2299 3823 2374; baseline -0.002 -16"><span class='ocrx_word' id='word_1_380' title='bbox 2218 2309 2266 2358; x_wconf 89' lang='lat' dir='ltr'><strong>et</strong></span> <span class='ocrx_word' id='word_1_381' title='bbox 2291 2305 2471 2374; x_wconf 87' lang='lat' dir='ltr'><strong>gratia</strong></span> <span class='ocrx_word' id='word_1_382' title='bbox 2499 2304 2612 2374; x_wconf 84' lang='lat' dir='ltr'><strong>ejus</strong></span> <span class='ocrx_word' id='word_1_383' title='bbox 2640 2305 2698 2359; x_wconf 87' lang='lat' dir='ltr'><strong>in</strong></span> <span class='ocrx_word' id='word_1_384' title='bbox 2725 2321 2804 2358; x_wconf 91' lang='lat' dir='ltr'><strong>me</strong></span> <span class='ocrx_word' id='word_1_385' title='bbox 2831 2321 2995 2359; x_wconf 85' lang='lat' dir='ltr'><strong>vacua</strong></span> <span class='ocrx_word' id='word_1_386' title='bbox 3011 2319 3116 2357; x_wconf 89' lang='lat' dir='ltr'><strong>non</strong></span> <span class='ocrx_word' id='word_1_387' title='bbox 3135 2301 3242 2372; x_wconf 83' lang='lat' dir='ltr'><strong>fuit</strong></span> <span class='ocrx_word' id='word_1_388' title='bbox 3265 2303 3320 2373; x_wconf 87' lang='grc' dir='ltr'><strong>(Ι</strong></span> <span class='ocrx_word' id='word_1_389' title='bbox 3346 2302 3474 2358; x_wconf 86' lang='lat' dir='ltr'><strong>Cor.</strong></span> <span class='ocrx_word' id='word_1_390' title='bbox 3500 2318 3599 2366; x_wconf 88' lang='lat' dir='ltr'><strong>xv,</strong></span> <span class='ocrx_word' id='word_1_391' title='bbox 3634 2299 3748 2372; x_wconf 86' lang='grc'><strong>10).</strong></span> <span class='ocrx_word' id='word_1_392' title='bbox 3767 2299 3823 2356; x_wconf 92' lang='lat' dir='ltr'><strong>Si</strong></span> 
     </span>
    </p>
   </div>
   <div class='ocr_carea' id='block_1_52' title="bbox 2218 2389 3818 2467">
    <p class='ocr_par' dir='ltr' id='par_1_52' title="bbox 2218 2389 3818 2467">
     <span class='ocr_line' id='line_1_52' title="bbox 2218 2389 3818 2467; baseline -0.003 -19"><span class='ocrx_word' id='word_1_393' title='bbox 2218 2393 2367 2448; x_wconf 89' lang='lat' dir='ltr'><strong>enim</strong></span> <span class='ocrx_word' id='word_1_394' title='bbox 2393 2395 2414 2429; x_wconf 80' lang='grc'><strong>⁸</strong></span> <span class='ocrx_word' id='word_1_395' title='bbox 2439 2402 2716 2467; x_wconf 84' lang='lat' dir='ltr'><strong>quaeratur</strong></span> <span class='ocrx_word' id='word_1_396' title='bbox 2745 2393 2878 2466; x_wconf 91' lang='lat' dir='ltr'><strong>quid</strong></span> <span class='ocrx_word' id='word_1_397' title='bbox 2921 2392 2993 2449; x_wconf 89' lang='lat' dir='ltr'><strong>sit</strong></span> <span class='ocrx_word' id='word_1_398' title='bbox 3027 2409 3117 2448; x_wconf 86' lang='lat' dir='ltr'><strong>res</strong></span> <span class='ocrx_word' id='word_1_399' title='bbox 3144 2391 3376 2463; x_wconf 90' lang='lat' dir='ltr'><strong>desuper</strong></span> <span class='ocrx_word' id='word_1_400' title='bbox 3406 2390 3658 2457; x_wconf 89' lang='lat' dir='ltr'><strong>veniens,</strong></span> <span class='ocrx_word' id='word_1_401' title='bbox 3699 2389 3777 2444; x_wconf 90' lang='lat' dir='ltr'><strong>ait</strong></span> <span class='ocrx_word' id='word_1_402' title='bbox 3807 2405 3818 2444; x_wconf 92' lang='lat'><strong>:</strong></span> 
     </span>
    </p>
   </div>
   <div class='ocr_carea' id='block_1_53' title="bbox 2224 2481 3823 2553">
    <p class='ocr_par' dir='ltr' id='par_1_53' title="bbox 2224 2481 3823 2553">
     <span class='ocr_line' id='line_1_53' title="bbox 2224 2481 3823 2553; baseline -0.004 -13"><span class='ocrx_word' id='word_1_403' title='bbox 2224 2485 2414 2540; x_wconf 86' lang='lat' dir='ltr'><strong>Gratia</strong></span> <span class='ocrx_word' id='word_1_404' title='bbox 2451 2485 2552 2540; x_wconf 88' lang='lat' dir='ltr'><strong>Dei</strong></span> <span class='ocrx_word' id='word_1_405' title='bbox 2577 2501 2695 2539; x_wconf 88' lang='lat' dir='ltr'><strong>sum</strong></span> <span class='ocrx_word' id='word_1_406' title='bbox 2725 2483 2783 2537; x_wconf 88' lang='lat' dir='ltr'><strong>id</strong></span> <span class='ocrx_word' id='word_1_407' title='bbox 2811 2483 2952 2553; x_wconf 88' lang='lat' dir='ltr'><strong>quod</strong></span> <span class='ocrx_word' id='word_1_408' title='bbox 2980 2499 3114 2536; x_wconf 87' lang='lat' dir='ltr'><strong>sum.</strong></span> <span class='ocrx_word' id='word_1_409' title='bbox 3137 2481 3195 2537; x_wconf 92' lang='lat' dir='ltr'><strong>Si</strong></span> <span class='ocrx_word' id='word_1_410' title='bbox 3232 2481 3548 2535; x_wconf 89' lang='lat' dir='ltr'><strong>intueamur</strong></span> <span class='ocrx_word' id='word_1_411' title='bbox 3592 2494 3823 2534; x_wconf 90' lang='lat' dir='ltr'><strong>messem</strong></span> 
     </span>
    </p>
   </div>
   <div class='ocr_carea' id='block_1_54' title="bbox 2219 2568 3826 2641">
    <p class='ocr_par' dir='ltr' id='par_1_54' title="bbox 2219 2568 3826 2641">
     <span class='ocr_line' id='line_1_54' title="bbox 2219 2568 3826 2641; baseline -0.006 -12"><span class='ocrx_word' id='word_1_412' title='bbox 2219 2573 2322 2629; x_wconf 90' lang='lat' dir='ltr'><strong>sub</strong></span> <span class='ocrx_word' id='word_1_413' title='bbox 2350 2588 2473 2629; x_wconf 91' lang='lat' dir='ltr'><strong>rore</strong></span> <span class='ocrx_word' id='word_1_414' title='bbox 2520 2579 2878 2639; x_wconf 79' lang='lat' dir='ltr'><strong>crescentem,</strong></span> <span class='ocrx_word' id='word_1_415' title='bbox 2907 2571 3020 2627; x_wconf 91' lang='lat' dir='ltr'><strong>ait:</strong></span> <span class='ocrx_word' id='word_1_416' title='bbox 3059 2572 3136 2626; x_wconf 91' lang='lat' dir='ltr'><strong>Et</strong></span> <span class='ocrx_word' id='word_1_417' title='bbox 3161 2569 3340 2641; x_wconf 88' lang='lat' dir='ltr'><strong>gratia</strong></span> <span class='ocrx_word' id='word_1_418' title='bbox 3373 2568 3487 2638; x_wconf 86' lang='lat' dir='ltr'><strong>ejus</strong></span> <span class='ocrx_word' id='word_1_419' title='bbox 3514 2568 3572 2622; x_wconf 89' lang='lat' dir='ltr'><strong>in</strong></span> <span class='ocrx_word' id='word_1_420' title='bbox 3615 2583 3694 2622; x_wconf 87' lang='lat' dir='ltr'><strong>me</strong></span> <span class='ocrx_word' id='word_1_421' title='bbox 3723 2583 3826 2621; x_wconf 79' lang='lat' dir='ltr'><strong>va-</strong></span> 
     </span>
    </p>
   </div>
   <div class='ocr_carea' id='block_1_55' title="bbox 2219 2655 3821 2730">
    <p class='ocr_par' dir='ltr' id='par_1_55' title="bbox 2219 2655 3821 2730">
     <span class='ocr_line' id='line_1_55' title="bbox 2219 2655 3821 2730; baseline -0.003 -14"><span class='ocrx_word' id='word_1_422' title='bbox 2219 2678 2318 2716; x_wconf 89' lang='lat' dir='ltr'><strong>cua</strong></span> <span class='ocrx_word' id='word_1_423' title='bbox 2345 2678 2452 2716; x_wconf 87' lang='lat' dir='ltr'><strong>non</strong></span> <span class='ocrx_word' id='word_1_424' title='bbox 2478 2661 2606 2730; x_wconf 80' lang='lat' dir='ltr'><strong>fuit,</strong></span> <span class='ocrx_word' id='word_1_425' title='bbox 2625 2662 2716 2716; x_wconf 87' lang='lat' dir='ltr'><strong>sed</strong></span> <span class='ocrx_word' id='word_1_426' title='bbox 2758 2659 3116 2718; x_wconf 82' lang='lat' dir='ltr'><strong>abundantius</strong></span> <span class='ocrx_word' id='word_1_427' title='bbox 3142 2660 3254 2715; x_wconf 77' lang='lat' dir='ltr'><strong>illis</strong></span> <span class='ocrx_word' id='word_1_428' title='bbox 3296 2658 3534 2716; x_wconf 85' lang='lat' dir='ltr'><strong>omnibus</strong></span> <span class='ocrx_word' id='word_1_429' title='bbox 3565 2655 3821 2714; x_wconf 81' lang='lat' dir='ltr'><strong>laboravi.</strong></span> 
     </span>
    </p>
   </div>
   <div class='ocr_carea' id='block_1_56' title="bbox 2219 2749 2517 2822">
    <p class='ocr_par' dir='ltr' id='par_1_56' title="bbox 2219 2749 2517 2822">
     <span class='ocr_line' id='line_1_56' title="bbox 2219 2749 2517 2822; baseline -0.01 -17"><span class='ocrx_word' id='word_1_430' title='bbox 2219 2749 2480 2822; x_wconf 87' lang='lat' dir='ltr'><strong>Sequitur</strong></span> <span class='ocrx_word' id='word_1_431' title='bbox 2506 2765 2517 2802; x_wconf 92' lang='lat'><strong>:</strong></span> 
     </span>
    </p>
   </div>
   <div class='ocr_carea' id='block_1_57' title="bbox 2787 2869 3240 2927">
    <p class='ocr_par' dir='ltr' id='par_1_57' title="bbox 2787 2869 3240 2927">
     <span class='ocr_line' id='line_1_57' title="bbox 2787 2869 3240 2927; baseline -0.002 0"><span class='ocrx_word' id='word_1_432' title='bbox 2787 2869 3016 2927; x_wconf 84' lang='lat' dir='ltr'><strong>CAPUT</strong></span> <span class='ocrx_word' id='word_1_433' title='bbox 3052 2869 3240 2926; x_wconf 90' lang='lat' dir='ltr'>XXX.</span> 
     </span>
    </p>
   </div>
   <div class='ocr_carea' id='block_1_58' title="bbox 2291 2977 3824 3050">
    <p class='ocr_par' dir='ltr' id='par_1_58' title="bbox 2291 2977 3824 3050">
     <span class='ocr_line' id='line_1_58' title="bbox 2291 2977 3824 3050; baseline -0.004 -10"><span class='ocrx_word' id='word_1_434' title='bbox 2291 2981 2461 3040; x_wconf 75' lang='lat' dir='ltr'><strong>Vsus.</strong></span> <span class='ocrx_word' id='word_1_435' title='bbox 2499 2979 2588 3038; x_wconf 77' lang='lat'><strong>20.</strong></span> <span class='ocrx_word' id='word_1_436' title='bbox 2618 3009 2691 3022; x_wconf 89' lang='lat'><strong><em>—</em></strong></span> <span class='ocrx_word' id='word_1_437' title='bbox 2723 2979 2912 3036; x_wconf 90' lang='lat' dir='ltr'><strong>Gloria</strong></span> <span class='ocrx_word' id='word_1_438' title='bbox 2954 2996 3068 3035; x_wconf 89' lang='lat' dir='ltr'><strong>mea</strong></span> <span class='ocrx_word' id='word_1_439' title='bbox 3109 2995 3310 3050; x_wconf 84' lang='lat' dir='ltr'><strong>semper</strong></span> <span class='ocrx_word' id='word_1_440' title='bbox 3349 2977 3713 3048; x_wconf 79' lang='lat' dir='ltr'><strong>innovabitur,</strong></span> <span class='ocrx_word' id='word_1_441' title='bbox 3775 2983 3824 3036; x_wconf 87' lang='lat' dir='ltr'><strong>et</strong></span> 
     </span>
    </p>
   </div>
   <div class='ocr_carea' id='block_1_59' title="bbox 2219 3067 3402 3128">
    <p class='ocr_par' dir='ltr' id='par_1_59' title="bbox 2219 3067 3402 3128">
     <span class='ocr_line' id='line_1_59' title="bbox 2219 3067 3402 3128; baseline -0.003 0"><span class='ocrx_word' id='word_1_442' title='bbox 2219 3089 2378 3128; x_wconf 88' lang='lat' dir='ltr'><strong>arcus</strong></span> <span class='ocrx_word' id='word_1_443' title='bbox 2401 3088 2545 3126; x_wconf 87' lang='lat' dir='ltr'><strong>meus</strong></span> <span class='ocrx_word' id='word_1_444' title='bbox 2572 3069 2631 3124; x_wconf 89' lang='lat' dir='ltr'><strong>in</strong></span> <span class='ocrx_word' id='word_1_445' title='bbox 2655 3086 2820 3124; x_wconf 89' lang='lat' dir='ltr'><strong>manu</strong></span> <span class='ocrx_word' id='word_1_446' title='bbox 2845 3085 2959 3124; x_wconf 88' lang='lat' dir='ltr'><strong>mea</strong></span> <span class='ocrx_word' id='word_1_447' title='bbox 2987 3067 3402 3124; x_wconf 84' lang='lat' dir='ltr'><strong>instaurabitur.</strong></span> 
     </span>
    </p>
   </div>
   <div class='ocr_carea' id='block_1_60' title="bbox 506 3146 3824 3232">
    <p class='ocr_par' dir='ltr' id='par_1_60' title="bbox 506 3146 3824 3232">
     <span class='ocr_line' id='line_1_60' title="bbox 506 3146 3824 3232; baseline -0.001 -31"><span class='ocrx_word' id='word_1_448' title='bbox 506 3146 705 3220; x_wconf 89' lang='lat' dir='ltr'><strong>pienda</strong></span> <span class='ocrx_word' id='word_1_449' title='bbox 733 3146 984 3202; x_wconf 90' lang='lat' dir='ltr'><strong>veritatis</strong></span> <span class='ocrx_word' id='word_1_450' title='bbox 1009 3147 1215 3202; x_wconf 88' lang='lat' dir='ltr'><strong>ﬂuenta</strong></span> <span class='ocrx_word' id='word_1_451' title='bbox 1245 3148 1480 3203; x_wconf 90' lang='lat' dir='ltr'><strong>latenter</strong></span> <span class='ocrx_word' id='word_1_452' title='bbox 1506 3148 1765 3219; x_wconf 89' lang='lat' dir='ltr'><strong>cogitatio</strong></span> <span class='ocrx_word' id='word_1_453' title='bbox 1787 3148 1988 3204; x_wconf 88' lang='lat' dir='ltr'><strong>mentis</strong></span> <span class='ocrx_word' id='word_1_454' title='bbox 2017 3165 2108 3204; x_wconf 85' lang='lat' dir='ltr'><strong>ex-</strong></span> <span class='ocrx_word' id='word_1_455' title='bbox 2139 3173 2182 3232; x_wconf 69' lang='grc' dir='ltr'><strong>ρ</strong></span> <span class='ocrx_word' id='word_1_456' title='bbox 2288 3162 2378 3219; x_wconf 76' lang='lat'><strong>53,</strong></span> <span class='ocrx_word' id='word_1_457' title='bbox 2411 3160 2648 3218; x_wconf 73' lang='lat' dir='ltr'><strong>Ecclesia</strong></span> <span class='ocrx_word' id='word_1_458' title='bbox 2676 3161 2823 3232; x_wconf 83' lang='lat' dir='ltr'><strong>deﬂet</strong></span> <span class='ocrx_word' id='word_1_459' title='bbox 2846 3159 2986 3232; x_wconf 74' lang='lat' dir='ltr'><strong>ﬁlios</strong></span> <span class='ocrx_word' id='word_1_460' title='bbox 3018 3175 3148 3230; x_wconf 88' lang='lat' dir='ltr'><strong>quos</strong></span> <span class='ocrx_word' id='word_1_461' title='bbox 3187 3159 3258 3214; x_wconf 87' lang='lat' dir='ltr'><strong>ad</strong></span> <span class='ocrx_word' id='word_1_462' title='bbox 3283 3164 3502 3213; x_wconf 71' lang='lat' dir='ltr'><strong>veterem</strong></span> <span class='ocrx_word' id='word_1_463' title='bbox 3546 3157 3709 3214; x_wconf 66' lang='lat' dir='ltr'><strong>vitam</strong></span> <span class='ocrx_word' id='word_1_464' title='bbox 3728 3174 3824 3214; x_wconf 68' lang='grc' dir='ltr'><strong>τε..</strong></span> 
     </span>
    </p>
   </div>
   <div class='ocr_carea' id='block_1_61' title="bbox 508 3237 2109 3312">
    <p class='ocr_par' dir='ltr' id='par_1_61' title="bbox 508 3237 2109 3312">
     <span class='ocr_line' id='line_1_61' title="bbox 508 3237 2109 3312; baseline 0.002 -19"><span class='ocrx_word' id='word_1_465' title='bbox 508 3237 791 3312; x_wconf 89' lang='lat' dir='ltr'><strong>panditur.</strong></span> <span class='ocrx_word' id='word_1_466' title='bbox 833 3238 904 3293; x_wconf 92' lang='lat' dir='ltr'><strong>Ut</strong></span> <span class='ocrx_word' id='word_1_467' title='bbox 947 3238 1095 3294; x_wconf 90' lang='lat' dir='ltr'><strong>enim</strong></span> <span class='ocrx_word' id='word_1_468' title='bbox 1145 3239 1203 3294; x_wconf 92' lang='lat' dir='ltr'><strong>in</strong></span> <span class='ocrx_word' id='word_1_469' title='bbox 1241 3240 1512 3311; x_wconf 89' lang='lat' dir='ltr'><strong>superiori</strong></span> <span class='ocrx_word' id='word_1_470' title='bbox 1549 3240 1690 3296; x_wconf 92' lang='lat' dir='ltr'><strong>libro</strong></span> <span class='ocrx_word' id='word_1_471' title='bbox 1713 3240 1827 3312; x_wconf 90' lang='lat' dir='ltr'><strong>jam</strong></span> <span class='ocrx_word' id='word_1_472' title='bbox 1861 3239 2109 3296; x_wconf 88' lang='lat' dir='ltr'><strong>diximus</strong></span> 
     </span>
    </p>
   </div>
   <div class='ocr_carea' id='block_1_62' title="bbox 512 3326 2110 3402">
    <p class='ocr_par' dir='ltr' id='par_1_62' title="bbox 512 3326 2110 3402">
     <span class='ocr_line' id='line_1_62' title="bbox 512 3326 2110 3402; baseline 0.002 -20"><span class='ocrx_word' id='word_1_473' title='bbox 512 3326 655 3399; x_wconf 90' lang='lat' dir='ltr'><strong>(Lib.</strong></span> <span class='ocrx_word' id='word_1_474' title='bbox 688 3343 812 3395; x_wconf 87' lang='lat' dir='ltr'><strong>vm,</strong></span> <span class='ocrx_word' id='word_1_475' title='bbox 841 3344 898 3382; x_wconf 89' lang='lat' dir='ltr'><strong>n.</strong></span> <span class='ocrx_word' id='word_1_476' title='bbox 928 3327 1047 3399; x_wconf 84' lang='grc'><strong>81),</strong></span> <span class='ocrx_word' id='word_1_477' title='bbox 1077 3328 1217 3382; x_wconf 91' lang='lat' dir='ltr'><strong>solet</strong></span> <span class='ocrx_word' id='word_1_478' title='bbox 1249 3327 1305 3383; x_wconf 93' lang='lat' dir='ltr'><strong>in</strong></span> <span class='ocrx_word' id='word_1_479' title='bbox 1333 3345 1486 3385; x_wconf 90' lang='lat' dir='ltr'><strong>sacro</strong></span> <span class='ocrx_word' id='word_1_480' title='bbox 1517 3329 1738 3402; x_wconf 90' lang='lat' dir='ltr'><strong>eloquio</strong></span> <span class='ocrx_word' id='word_1_481' title='bbox 1767 3328 1969 3386; x_wconf 91' lang='lat' dir='ltr'><strong>radicis</strong></span> <span class='ocrx_word' id='word_1_482' title='bbox 1997 3345 2110 3385; x_wconf 92' lang='lat' dir='ltr'><strong>no-</strong></span> 
     </span>
    </p>
   </div>
   <div class='ocr_carea' id='block_1_63' title="bbox 506 3415 2107 3492">
    <p class='ocr_par' dir='ltr' id='par_1_63' title="bbox 506 3415 2107 3492">
     <span class='ocr_line' id='line_1_63' title="bbox 506 3415 2107 3492; baseline 0.002 -21"><span class='ocrx_word' id='word_1_483' title='bbox 506 3415 656 3471; x_wconf 88' lang='lat' dir='ltr'><strong>mine</strong></span> <span class='ocrx_word' id='word_1_484' title='bbox 686 3415 902 3472; x_wconf 90' lang='lat' dir='ltr'><strong>occulta</strong></span> <span class='ocrx_word' id='word_1_485' title='bbox 931 3416 1193 3488; x_wconf 87' lang='lat' dir='ltr'><strong>cogitatio</strong></span> <span class='ocrx_word' id='word_1_486' title='bbox 1216 3415 1510 3489; x_wconf 86' lang='lat' dir='ltr'><strong>designari.</strong></span> <span class='ocrx_word' id='word_1_487' title='bbox 1536 3417 1793 3475; x_wconf 81' lang='lat' dir='ltr'><strong>Radicem</strong></span> <span class='ocrx_word' id='word_1_488' title='bbox 1824 3417 1994 3492; x_wconf 89' lang='lat' dir='ltr'><strong>igitur</strong></span> <span class='ocrx_word' id='word_1_489' title='bbox 2012 3435 2107 3475; x_wconf 88' lang='lat' dir='ltr'><strong>no-</strong></span> 
     </span>
    </p>
   </div>
   <div class='ocr_carea' id='block_1_64' title="bbox 504 3505 2107 3578">
    <p class='ocr_par' dir='ltr' id='par_1_64' title="bbox 504 3505 2107 3578">
     <span class='ocr_line' id='line_1_64' title="bbox 504 3505 2107 3578; baseline 0.002 -18"><span class='ocrx_word' id='word_1_490' title='bbox 504 3511 673 3560; x_wconf 89' lang='lat' dir='ltr'><strong>stram</strong></span> <span class='ocrx_word' id='word_1_491' title='bbox 705 3521 860 3561; x_wconf 90' lang='lat' dir='ltr'><strong>secus</strong></span> <span class='ocrx_word' id='word_1_492' title='bbox 889 3521 1056 3577; x_wconf 87' lang='lat' dir='ltr'><strong>aquas</strong></span> <span class='ocrx_word' id='word_1_493' title='bbox 1085 3505 1382 3578; x_wconf 89' lang='lat' dir='ltr'><strong>aperimus,</strong></span> <span class='ocrx_word' id='word_1_494' title='bbox 1428 3523 1554 3562; x_wconf 89' lang='lat' dir='ltr'><strong>cum</strong></span> <span class='ocrx_word' id='word_1_495' title='bbox 1597 3507 1866 3563; x_wconf 90' lang='lat' dir='ltr'><strong>infusioni</strong></span> <span class='ocrx_word' id='word_1_496' title='bbox 1896 3507 2107 3563; x_wconf 64' lang='lat' dir='ltr'><strong>intima:</strong></span> 
     </span>
    </p>
   </div>
   <div class='ocr_carea' id='block_1_65' title="bbox 503 3593 2104 3670">
    <p class='ocr_par' dir='ltr' id='par_1_65' title="bbox 503 3593 2104 3670">
     <span class='ocr_line' id='line_1_65' title="bbox 503 3593 2104 3670; baseline 0 -18"><span class='ocrx_word' id='word_1_497' title='bbox 503 3593 893 3666; x_wconf 90' lang='lat' dir='ltr'><strong>cogitationem</strong></span> <span class='ocrx_word' id='word_1_498' title='bbox 915 3593 1069 3650; x_wconf 88' lang='lat' dir='ltr'><strong>taciti</strong></span> <span class='ocrx_word' id='word_1_499' title='bbox 1090 3594 1273 3650; x_wconf 92' lang='lat' dir='ltr'><strong>cordis</strong></span> <span class='ocrx_word' id='word_1_500' title='bbox 1292 3595 1651 3651; x_wconf 90' lang='lat' dir='ltr'><strong>intendimus.</strong></span> <span class='ocrx_word' id='word_1_501' title='bbox 1675 3594 1814 3669; x_wconf 84' lang='lat' dir='ltr'><strong>[Vet.</strong></span> <span class='ocrx_word' id='word_1_502' title='bbox 1846 3598 1951 3653; x_wconf 85' lang='lat' dir='ltr'><strong>XX</strong></span> <span class='ocrx_word' id='word_1_503' title='bbox 1959 3599 2060 3654; x_wconf 87' lang='lat' dir='ltr'>VII</span> <span class='ocrx_word' id='word_1_504' title='bbox 2065 3595 2104 3670; x_wconf 93' lang='lat'><strong>.]</strong></span> 
     </span>
    </p>
   </div>
   <div class='ocr_carea' id='block_1_66' title="bbox 504 3682 2106 3752">
    <p class='ocr_par' dir='ltr' id='par_1_66' title="bbox 504 3682 2106 3752">
     <span class='ocr_line' id='line_1_66' title="bbox 504 3682 2106 3752; baseline 0.002 -12"><span class='ocrx_word' id='word_1_505' title='bbox 504 3682 634 3752; x_wconf 67' lang='lat' dir='ltr'><strong>Quae</strong></span> <span class='ocrx_word' id='word_1_506' title='bbox 673 3684 884 3741; x_wconf 89' lang='lat' dir='ltr'><strong>scilicet</strong></span> <span class='ocrx_word' id='word_1_507' title='bbox 928 3685 1096 3741; x_wconf 90' lang='lat' dir='ltr'><strong>verba</strong></span> <span class='ocrx_word' id='word_1_508' title='bbox 1128 3688 1148 3721; x_wconf 78' lang='grc'>⁵</span> <span class='ocrx_word' id='word_1_509' title='bbox 1194 3686 1239 3742; x_wconf 93' lang='lat' dir='ltr'><strong>si</strong></span> <span class='ocrx_word' id='word_1_510' title='bbox 1279 3685 1347 3741; x_wconf 90' lang='lat' dir='ltr'><strong>ad</strong></span> <span class='ocrx_word' id='word_1_511' title='bbox 1378 3702 1568 3742; x_wconf 88' lang='lat' dir='ltr'><strong>vocem</strong></span> <span class='ocrx_word' id='word_1_512' title='bbox 1599 3695 1802 3745; x_wconf 76' lang='lat' dir='ltr'><strong>sanctae</strong></span> <span class='ocrx_word' id='word_1_513' title='bbox 1848 3689 2106 3745; x_wconf 67' lang='lat' dir='ltr'><strong>Ecclesiae</strong></span> 
     </span>
    </p>
   </div>
   <div class='ocr_carea' id='block_1_67' title="bbox 504 3765 2106 3845">
    <p class='ocr_par' dir='ltr' id='par_1_67' title="bbox 504 3765 2106 3845">
     <span class='ocr_line' id='line_1_67' title="bbox 504 3765 2106 3845; baseline 0.002 -18"><span class='ocrx_word' id='word_1_514' title='bbox 504 3769 780 3840; x_wconf 91' lang='lat' dir='ltr'><strong>ducimus,</strong></span> <span class='ocrx_word' id='word_1_515' title='bbox 816 3772 978 3828; x_wconf 84' lang='lat' dir='ltr'><strong>radix</strong></span> <span class='ocrx_word' id='word_1_516' title='bbox 1015 3773 1168 3829; x_wconf 93' lang='lat' dir='ltr'><strong>illius</strong></span> <span class='ocrx_word' id='word_1_517' title='bbox 1197 3773 1314 3845; x_wconf 88' lang='lat' dir='ltr'><strong>ipsa</strong></span> <span class='ocrx_word' id='word_1_518' title='bbox 1341 3773 1503 3829; x_wconf 88' lang='lat' dir='ltr'><strong>debet</strong></span> <span class='ocrx_word' id='word_1_519' title='bbox 1540 3765 1852 3831; x_wconf 90' lang='lat' dir='ltr'><strong>incarnatio</strong></span> <span class='ocrx_word' id='word_1_520' title='bbox 1883 3775 2106 3832; x_wconf 86' lang='lat' dir='ltr'><strong>Redem-</strong></span> 
     </span>
    </p>
   </div>
   <div class='ocr_carea' id='block_1_68' title="bbox 504 3859 2106 3935">
    <p class='ocr_par' dir='ltr' id='par_1_68' title="bbox 504 3859 2106 3935">
     <span class='ocr_line' id='line_1_68' title="bbox 504 3859 2106 3935; baseline 0.003 -19"><span class='ocrx_word' id='word_1_521' title='bbox 504 3861 677 3933; x_wconf 88' lang='lat' dir='ltr'><strong>ptoris</strong></span> <span class='ocrx_word' id='word_1_522' title='bbox 714 3859 972 3932; x_wconf 90' lang='lat' dir='ltr'><strong>intelligi.</strong></span> <span class='ocrx_word' id='word_1_523' title='bbox 1012 3861 1144 3929; x_wconf 63' lang='lat' dir='ltr'><strong>Quae</strong></span> <span class='ocrx_word' id='word_1_524' title='bbox 1185 3860 1348 3933; x_wconf 85' lang='lat' dir='ltr'><strong>juxta</strong></span> <span class='ocrx_word' id='word_1_525' title='bbox 1395 3878 1563 3934; x_wconf 87' lang='lat' dir='ltr'><strong>aquas</strong></span> <span class='ocrx_word' id='word_1_526' title='bbox 1599 3873 1786 3935; x_wconf 87' lang='lat' dir='ltr'><strong>aperta</strong></span> <span class='ocrx_word' id='word_1_527' title='bbox 1827 3871 1929 3932; x_wconf 91' lang='lat' dir='ltr'><strong>est,</strong></span> <span class='ocrx_word' id='word_1_528' title='bbox 1972 3864 2106 3921; x_wconf 92' lang='lat' dir='ltr'><strong>dum</strong></span> 
     </span>
    </p>
   </div>
   <div class='ocr_carea' id='block_1_69' title="bbox 503 3947 2106 4022">
    <p class='ocr_par' dir='ltr' id='par_1_69' title="bbox 503 3947 2106 4022">
     <span class='ocr_line' id='line_1_69' title="bbox 503 3947 2106 4022; baseline 0.003 -17"><span class='ocrx_word' id='word_1_529' title='bbox 503 3948 648 4005; x_wconf 89' lang='lat' dir='ltr'><strong>Deus</strong></span> <span class='ocrx_word' id='word_1_530' title='bbox 678 3947 981 4005; x_wconf 91' lang='lat' dir='ltr'><strong>invisibilis</strong></span> <span class='ocrx_word' id='word_1_531' title='bbox 1010 3965 1110 4022; x_wconf 91' lang='lat' dir='ltr'><strong>per</strong></span> <span class='ocrx_word' id='word_1_532' title='bbox 1135 3950 1566 4022; x_wconf 88' lang='lat' dir='ltr'><strong>assumptionem</strong></span> <span class='ocrx_word' id='word_1_533' title='bbox 1606 3950 1968 4008; x_wconf 88' lang='lat' dir='ltr'><strong>humanitatis</strong></span> <span class='ocrx_word' id='word_1_534' title='bbox 1996 3972 2106 4010; x_wconf 85' lang='lat' dir='ltr'><strong>suae</strong></span> 
     </span>
    </p>
   </div>
   <div class='ocr_carea' id='block_1_70' title="bbox 503 4029 2106 4116">
    <p class='ocr_par' dir='ltr' id='par_1_70' title="bbox 503 4029 2106 4116">
     <span class='ocr_line' id='line_1_70' title="bbox 503 4029 2106 4116; baseline 0.003 -22"><span class='ocrx_word' id='word_1_535' title='bbox 503 4029 1012 4111; x_wconf 28' lang='lat' dir='ltr'><strong>patuit-aspectibus</strong></span> <span class='ocrx_word' id='word_1_536' title='bbox 1041 4039 1274 4095; x_wconf 91' lang='lat' dir='ltr'><strong>visionis</strong></span> <span class='ocrx_word' id='word_1_537' title='bbox 1302 4039 1758 4098; x_wconf 66' lang='lat' dir='ltr'><strong>nostrae.Creator</strong></span> <span class='ocrx_word' id='word_1_538' title='bbox 1782 4042 1984 4114; x_wconf 91' lang='lat' dir='ltr'><strong>quippe</strong></span> <span class='ocrx_word' id='word_1_539' title='bbox 2012 4044 2106 4116; x_wconf 91' lang='lat' dir='ltr'><strong>qui</strong></span> 
     </span>
    </p>
   </div>
   <div class='ocr_carea' id='block_1_71' title="bbox 504 4135 2107 4212">
    <p class='ocr_par' dir='ltr' id='par_1_71' title="bbox 504 4135 2107 4212">
     <span class='ocr_line' id='line_1_71' title="bbox 504 4135 2107 4212; baseline 0.005 -22"><span class='ocrx_word' id='word_1_540' title='bbox 504 4135 562 4190; x_wconf 92' lang='lat' dir='ltr'><strong>in</strong></span> <span class='ocrx_word' id='word_1_541' title='bbox 595 4135 889 4192; x_wconf 91' lang='lat' dir='ltr'><strong>divinitate</strong></span> <span class='ocrx_word' id='word_1_542' title='bbox 921 4136 1098 4192; x_wconf 91' lang='lat' dir='ltr'><strong>videri</strong></span> <span class='ocrx_word' id='word_1_543' title='bbox 1129 4135 1273 4192; x_wconf 85' lang='lat'><strong>632</strong></span> <span class='ocrx_word' id='word_1_544' title='bbox 1312 4155 1425 4195; x_wconf 92' lang='lat' dir='ltr'><strong>non</strong></span> <span class='ocrx_word' id='word_1_545' title='bbox 1467 4145 1699 4210; x_wconf 87' lang='lat' dir='ltr'><strong>poterat,</strong></span> <span class='ocrx_word' id='word_1_546' title='bbox 1743 4140 2040 4212; x_wconf 88' lang='lat' dir='ltr'><strong>assumpsit</strong></span> <span class='ocrx_word' id='word_1_547' title='bbox 2075 4159 2107 4198; x_wconf 93' lang='lat' dir='ltr'><strong>a</strong></span> 
     </span>
    </p>
   </div>
   <div class='ocr_carea' id='block_1_72' title="bbox 503 4224 2107 4302">
    <p class='ocr_par' dir='ltr' id='par_1_72' title="bbox 503 4224 2107 4302">
     <span class='ocr_line' id='line_1_72' title="bbox 503 4224 2107 4302; baseline 0.003 -22"><span class='ocrx_word' id='word_1_548' title='bbox 503 4224 664 4281; x_wconf 90' lang='lat' dir='ltr'><strong>nobis</strong></span> <span class='ocrx_word' id='word_1_549' title='bbox 679 4225 827 4282; x_wconf 89' lang='lat' dir='ltr'><strong>unde</strong></span> <span class='ocrx_word' id='word_1_550' title='bbox 844 4226 1125 4282; x_wconf 89' lang='lat' dir='ltr'><strong>videretur</strong></span> <span class='ocrx_word' id='word_1_551' title='bbox 1151 4243 1183 4282; x_wconf 92' lang='lat' dir='ltr'><strong>a</strong></span> <span class='ocrx_word' id='word_1_552' title='bbox 1212 4227 1392 4283; x_wconf 90' lang='lat' dir='ltr'><strong>nobis.</strong></span> <span class='ocrx_word' id='word_1_553' title='bbox 1413 4225 1590 4283; x_wconf 80' lang='lat' dir='ltr'><strong>Radix</strong></span> <span class='ocrx_word' id='word_1_554' title='bbox 1619 4243 1747 4299; x_wconf 88' lang='lat' dir='ltr'><strong>ergo</strong></span> <span class='ocrx_word' id='word_1_555' title='bbox 1766 4244 1920 4283; x_wconf 91' lang='lat' dir='ltr'><strong>secus</strong></span> <span class='ocrx_word' id='word_1_556' title='bbox 1939 4245 2107 4302; x_wconf 89' lang='lat' dir='ltr'><strong>aquas</strong></span> 
     </span>
    </p>
   </div>
   <div class='ocr_carea' id='block_1_73' title="bbox 501 4314 2106 4390">
    <p class='ocr_par' dir='ltr' id='par_1_73' title="bbox 501 4314 2106 4390">
     <span class='ocr_line' id='line_1_73' title="bbox 501 4314 2106 4390; baseline 0.002 -21"><span class='ocrx_word' id='word_1_557' title='bbox 501 4314 770 4386; x_wconf 90' lang='lat' dir='ltr'><strong>aperitur,</strong></span> <span class='ocrx_word' id='word_1_558' title='bbox 801 4316 928 4390; x_wconf 90' lang='lat' dir='ltr'><strong>quia</strong></span> <span class='ocrx_word' id='word_1_559' title='bbox 957 4325 1150 4374; x_wconf 89' lang='lat' dir='ltr'><strong>auctor</strong></span> <span class='ocrx_word' id='word_1_560' title='bbox 1178 4316 1407 4373; x_wconf 90' lang='lat' dir='ltr'><strong>humani</strong></span> <span class='ocrx_word' id='word_1_561' title='bbox 1441 4316 1653 4388; x_wconf 88' lang='lat' dir='ltr'><strong>generis</strong></span> <span class='ocrx_word' id='word_1_562' title='bbox 1673 4333 1769 4388; x_wconf 89' lang='lat' dir='ltr'><strong>per</strong></span> <span class='ocrx_word' id='word_1_563' title='bbox 1798 4316 2106 4373; x_wconf 86' lang='lat' dir='ltr'><strong>humanita-</strong></span> 
     </span>
    </p>
   </div>
   <div class='ocr_carea' id='block_1_74' title="bbox 501 4405 2107 4480">
    <p class='ocr_par' dir='ltr' id='par_1_74' title="bbox 501 4405 2107 4480">
     <span class='ocr_line' id='line_1_74' title="bbox 501 4405 2107 4480; baseline 0.004 -22"><span class='ocrx_word' id='word_1_564' title='bbox 501 4409 612 4460; x_wconf 89' lang='lat' dir='ltr'><strong>tem</strong></span> <span class='ocrx_word' id='word_1_565' title='bbox 641 4420 796 4461; x_wconf 88' lang='lat' dir='ltr'><strong>suam</strong></span> <span class='ocrx_word' id='word_1_566' title='bbox 827 4405 1148 4463; x_wconf 87' lang='lat' dir='ltr'><strong>hominibus</strong></span> <span class='ocrx_word' id='word_1_567' title='bbox 1177 4405 1605 4463; x_wconf 89' lang='lat' dir='ltr'><strong>demonstratur.</strong></span> <span class='ocrx_word' id='word_1_568' title='bbox 1626 4405 1781 4463; x_wconf 92' lang='lat' dir='ltr'><strong>Unde</strong></span> <span class='ocrx_word' id='word_1_569' title='bbox 1803 4414 1949 4463; x_wconf 91' lang='lat' dir='ltr'><strong>recte</strong></span> <span class='ocrx_word' id='word_1_570' title='bbox 1974 4423 2107 4480; x_wconf 86' lang='lat' dir='ltr'><strong>quo-</strong></span> 
     </span>
    </p>
   </div>
   <div class='ocr_carea' id='block_1_75' title="bbox 502 4494 2108 4569">
    <p class='ocr_par' dir='ltr' id='par_1_75' title="bbox 502 4494 2108 4569">
     <span class='ocr_line' id='line_1_75' title="bbox 502 4494 2108 4569; baseline 0.002 -21"><span class='ocrx_word' id='word_1_571' title='bbox 502 4508 607 4566; x_wconf 90' lang='lat' dir='ltr'><strong>que</strong></span> <span class='ocrx_word' id='word_1_572' title='bbox 636 4510 732 4566; x_wconf 90' lang='lat' dir='ltr'><strong>per</strong></span> <span class='ocrx_word' id='word_1_573' title='bbox 757 4494 1104 4552; x_wconf 86' lang='lat' dir='ltr'><strong>Psalmistam</strong></span> <span class='ocrx_word' id='word_1_574' title='bbox 1136 4495 1376 4552; x_wconf 89' lang='lat' dir='ltr'><strong>dicitur:</strong></span> <span class='ocrx_word' id='word_1_575' title='bbox 1409 4498 1484 4554; x_wconf 88' lang='lat' dir='ltr'><strong>Et</strong></span> <span class='ocrx_word' id='word_1_576' title='bbox 1507 4496 1608 4552; x_wconf 88' lang='lat' dir='ltr'><strong>erit</strong></span> <span class='ocrx_word' id='word_1_577' title='bbox 1638 4502 1890 4568; x_wconf 85' lang='lat' dir='ltr'><strong>tanquam</strong></span> <span class='ocrx_word' id='word_1_578' title='bbox 1909 4496 2108 4569; x_wconf 88' lang='lat' dir='ltr'><strong>lignum</strong></span> 
     </span>
    </p>
   </div>
   <div class='ocr_carea' id='block_1_76' title="bbox 501 4581 2106 4658">
    <p class='ocr_par' dir='ltr' id='par_1_76' title="bbox 501 4581 2106 4658">
     <span class='ocr_line' id='line_1_76' title="bbox 501 4581 2106 4658; baseline 0.005 -24"><span class='ocrx_word' id='word_1_579' title='bbox 501 4581 642 4652; x_wconf 87' lang='lat' dir='ltr'><strong>quod</strong></span> <span class='ocrx_word' id='word_1_580' title='bbox 665 4582 970 4652; x_wconf 86' lang='lat' dir='ltr'><strong>plantatum</strong></span> <span class='ocrx_word' id='word_1_581' title='bbox 999 4590 1074 4640; x_wconf 88' lang='lat' dir='ltr'><strong>est</strong></span> <span class='ocrx_word' id='word_1_582' title='bbox 1099 4601 1242 4640; x_wconf 88' lang='lat' dir='ltr'><strong>secus</strong></span> <span class='ocrx_word' id='word_1_583' title='bbox 1271 4585 1520 4641; x_wconf 85' lang='lat' dir='ltr'><strong>decursus</strong></span> <span class='ocrx_word' id='word_1_584' title='bbox 1557 4603 1825 4658; x_wconf 90' lang='lat' dir='ltr'><strong>aqua-rum</strong></span> <span class='ocrx_word' id='word_1_585' title='bbox 1857 4586 2030 4657; x_wconf 90' lang='lat' dir='ltr'><strong>(Psal.</strong></span> <span class='ocrx_word' id='word_1_586' title='bbox 2065 4603 2106 4656; x_wconf 86' lang='lat'><strong>1,</strong></span> 
     </span>
    </p>
   </div>
   <div class='ocr_carea' id='block_1_77' title="bbox 501 4663 2104 4744">
    <p class='ocr_par' dir='ltr' id='par_1_77' title="bbox 501 4663 2104 4744">
     <span class='ocr_line' id='line_1_77' title="bbox 501 4663 2104 4744; baseline 0.003 -23"><span class='ocrx_word' id='word_1_587' title='bbox 501 4663 582 4738; x_wconf 86' lang='lat'><strong>3).</strong></span> <span class='ocrx_word' id='word_1_588' title='bbox 599 4665 875 4723; x_wconf 89' lang='lat' dir='ltr'><strong>Decursus</strong></span> <span class='ocrx_word' id='word_1_589' title='bbox 895 4666 1098 4741; x_wconf 90' lang='lat' dir='ltr'><strong>quippe</strong></span> <span class='ocrx_word' id='word_1_590' title='bbox 1114 4684 1382 4743; x_wconf 80' lang='lat' dir='ltr'><strong>aquarum</strong></span> <span class='ocrx_word' id='word_1_591' title='bbox 1419 4677 1550 4726; x_wconf 91' lang='lat' dir='ltr'><strong>sunt</strong></span> <span class='ocrx_word' id='word_1_592' title='bbox 1579 4669 1890 4744; x_wconf 89' lang='lat' dir='ltr'><strong>quotidiani</strong></span> <span class='ocrx_word' id='word_1_593' title='bbox 1911 4671 2104 4727; x_wconf 91' lang='lat' dir='ltr'><strong>transi-</strong></span> 
     </span>
    </p>
   </div>
   <div class='ocr_carea' id='block_1_78' title="bbox 501 4751 2106 4830">
    <p class='ocr_par' dir='ltr' id='par_1_78' title="bbox 501 4751 2106 4830">
     <span class='ocr_line' id='line_1_78' title="bbox 501 4751 2106 4830; baseline 0.002 -19"><span class='ocrx_word' id='word_1_594' title='bbox 501 4761 591 4811; x_wconf 90' lang='lat' dir='ltr'><strong>tus</strong></span> <span class='ocrx_word' id='word_1_595' title='bbox 609 4751 989 4812; x_wconf 84' lang='lat' dir='ltr'><strong>deficientium</strong></span> <span class='ocrx_word' id='word_1_596' title='bbox 1011 4758 1364 4830; x_wconf 88' lang='lat' dir='ltr'><strong>populorum.</strong></span> <span class='ocrx_word' id='word_1_597' title='bbox 1389 4759 1461 4814; x_wconf 92' lang='lat' dir='ltr'><strong>Et</strong></span> <span class='ocrx_word' id='word_1_598' title='bbox 1481 4757 1548 4815; x_wconf 91' lang='lat' dir='ltr'><strong>de</strong></span> <span class='ocrx_word' id='word_1_599' title='bbox 1568 4757 1861 4830; x_wconf 86' lang='lat' dir='ltr'><strong>semetipsa</strong></span> <span class='ocrx_word' id='word_1_600' title='bbox 1889 4757 2106 4816; x_wconf 86' lang='lat' dir='ltr'><strong>Veritas</strong></span> 
     </span>
    </p>
   </div>
   <div class='ocr_carea' id='block_1_79' title="bbox 498 4843 2107 4920">
    <p class='ocr_par' dir='ltr' id='par_1_79' title="bbox 498 4843 2107 4920">
     <span class='ocr_line' id='line_1_79' title="bbox 498 4843 2107 4920; baseline 0 -17"><span class='ocrx_word' id='word_1_601' title='bbox 498 4843 670 4904; x_wconf 88' lang='lat' dir='ltr'><strong>dicit:</strong></span> <span class='ocrx_word' id='word_1_602' title='bbox 701 4845 762 4902; x_wconf 89' lang='lat' dir='ltr'><strong>Si</strong></span> <span class='ocrx_word' id='word_1_603' title='bbox 788 4845 845 4901; x_wconf 88' lang='lat' dir='ltr'><strong>in</strong></span> <span class='ocrx_word' id='word_1_604' title='bbox 876 4845 1018 4919; x_wconf 87' lang='lat' dir='ltr'><strong>ligno</strong></span> <span class='ocrx_word' id='word_1_605' title='bbox 1047 4847 1212 4904; x_wconf 85' lang='lat' dir='ltr'><strong>viridi</strong></span> <span class='ocrx_word' id='word_1_606' title='bbox 1239 4848 1345 4904; x_wconf 64' lang='lat' dir='ltr'><strong>huic</strong></span> <span class='ocrx_word' id='word_1_607' title='bbox 1369 4845 1599 4918; x_wconf 85' lang='lat' dir='ltr'><strong>faciunt,</strong></span> <span class='ocrx_word' id='word_1_608' title='bbox 1619 4846 1679 4902; x_wconf 91' lang='lat' dir='ltr'><strong>in</strong></span> <span class='ocrx_word' id='word_1_609' title='bbox 1695 4846 1856 4903; x_wconf 88' lang='lat' dir='ltr'><strong>arido</strong></span> <span class='ocrx_word' id='word_1_610' title='bbox 1871 4846 2000 4920; x_wconf 88' lang='lat' dir='ltr'><strong>quid</strong></span> <span class='ocrx_word' id='word_1_611' title='bbox 2017 4847 2107 4920; x_wconf 79' lang='lat' dir='ltr'><strong>ﬁet</strong></span> 
     </span>
    </p>
   </div>
   <div class='ocr_carea' id='block_1_80' title="bbox 544 5127 2103 5207">
    <p class='ocr_par' dir='ltr' id='par_1_80' title="bbox 544 5127 2103 5207">
     <span class='ocr_line' id='line_1_80' title="bbox 544 5127 2103 5207; baseline 0.004 -24"><span class='ocrx_word' id='word_1_612' title='bbox 544 5127 592 5207; x_wconf 41' lang='lat'><strong>.1</strong></span> <span class='ocrx_word' id='word_1_613' title='bbox 625 5129 689 5184; x_wconf 89' lang='lat' dir='ltr'><strong>In</strong></span> <span class='ocrx_word' id='word_1_614' title='bbox 715 5140 922 5207; x_wconf 76' lang='lat' dir='ltr'><strong>recent.</strong></span> <span class='ocrx_word' id='word_1_615' title='bbox 953 5130 1060 5188; x_wconf 90' lang='lat' dir='ltr'><strong>Ed.</strong></span> <span class='ocrx_word' id='word_1_616' title='bbox 1092 5128 1354 5207; x_wconf 87' lang='lat' dir='ltr'><strong>omi_s_sa_m</strong></span> <span class='ocrx_word' id='word_1_617' title='bbox 1383 5129 1710 5201; x_wconf 86' lang='lat' dir='ltr'><strong>particulam</strong></span> <span class='ocrx_word' id='word_1_618' title='bbox 1733 5147 1840 5204; x_wconf 84' lang='lat' dir='ltr'><strong>pro</strong></span> <span class='ocrx_word' id='word_1_619' title='bbox 1869 5132 2103 5206; x_wconf 89' lang='lat' dir='ltr'><strong>supple-</strong></span> 
     </span>
    </p>
   </div>
   <div class='ocr_carea' id='block_1_81' title="bbox 499 5202 1368 5284">
    <p class='ocr_par' dir='ltr' id='par_1_81' title="bbox 499 5202 1368 5284">
     <span class='ocr_line' id='line_1_81' title="bbox 499 5202 1368 5284; baseline 0.001 -1"><span class='ocrx_word' id='word_1_620' title='bbox 499 5202 689 5284; x_wconf 56' lang='lat'><strong>“1119.8.</strong></span> <span class='ocrx_word' id='word_1_621' title='bbox 701 5217 784 5284; x_wconf 63' lang='grc' dir='ltr'><strong>εκ</strong></span> <span class='ocrx_word' id='word_1_622' title='bbox 813 5204 943 5284; x_wconf 70' lang='lat' dir='ltr'><strong>M§3-</strong></span> <span class='ocrx_word' id='word_1_623' title='bbox 971 5211 1165 5284; x_wconf 42' lang='lat' dir='ltr'><strong>sivet-</strong></span> <span class='ocrx_word' id='word_1_624' title='bbox 1200 5202 1368 5284; x_wconf 61' lang='lat' dir='ltr'><strong>X1113-</strong></span> 
     </span>
    </p>
   </div>
   <div class='ocr_carea' id='block_1_82' title="bbox 572 5268 2099 5347">
    <p class='ocr_par' dir='ltr' id='par_1_82' title="bbox 572 5268 2099 5347">
     <span class='ocr_line' id='line_1_82' title="bbox 572 5268 2099 5347; baseline 0.003 -19"><span class='ocrx_word' id='word_1_625' title='bbox 572 5268 594 5347; x_wconf 68' lang='grc' dir='ltr'><strong>ξ</strong></span> <span class='ocrx_word' id='word_1_626' title='bbox 624 5271 836 5347; x_wconf 79' lang='lat' dir='ltr'><strong>Vitiose</strong></span> <span class='ocrx_word' id='word_1_627' title='bbox 872 5272 931 5328; x_wconf 90' lang='lat' dir='ltr'><strong>in</strong></span> <span class='ocrx_word' id='word_1_628' title='bbox 965 5274 1162 5347; x_wconf 74' lang='lat' dir='ltr'><strong>Gilot.,</strong></span> <span class='ocrx_word' id='word_1_629' title='bbox 1204 5268 1409 5347; x_wconf 37' lang='lat' dir='ltr'><strong>vatio.)</strong></span> <span class='ocrx_word' id='word_1_630' title='bbox 1445 5273 1742 5347; x_wconf 77' lang='lat' dir='ltr'><strong>Gus_sanv.,</strong></span> <span class='ocrx_word' id='word_1_631' title='bbox 1780 5275 1937 5347; x_wconf 85' lang='lat' dir='ltr'><strong>quasi</strong></span> <span class='ocrx_word' id='word_1_632' title='bbox 1963 5276 2099 5332; x_wconf 87' lang='lat' dir='ltr'><strong>enim</strong></span> 
     </span>
    </p>
   </div>
   <div class='ocr_carea' id='block_1_83' title="bbox 2217 3247 3823 3324">
    <p class='ocr_par' dir='ltr' id='par_1_83' title="bbox 2217 3247 3823 3324">
     <span class='ocr_line' id='line_1_83' title="bbox 2217 3247 3823 3324; baseline -0.003 -16"><span class='ocrx_word' id='word_1_633' title='bbox 2217 3253 2333 3309; x_wconf 88' lang='lat' dir='ltr'><strong>dire</strong></span> <span class='ocrx_word' id='word_1_634' title='bbox 2359 3251 2634 3324; x_wconf 85' lang='lat' dir='ltr'><strong>cognoscit.</strong></span> <span class='ocrx_word' id='word_1_635' title='bbox 2656 3281 2728 3292; x_wconf 92' lang='lat'><em>—</em></span> <span class='ocrx_word' id='word_1_636' title='bbox 2746 3248 3020 3306; x_wconf 89' lang='lat' dir='ltr'><strong>Subaudis</strong></span> <span class='ocrx_word' id='word_1_637' title='bbox 3045 3249 3295 3304; x_wconf 86' lang='lat' dir='ltr'><strong>dicebam.</strong></span> <span class='ocrx_word' id='word_1_638' title='bbox 3319 3247 3599 3320; x_wconf 91' lang='lat' dir='ltr'><strong>Superiori</strong></span> <span class='ocrx_word' id='word_1_639' title='bbox 3620 3247 3823 3320; x_wconf 88' lang='lat' dir='ltr'><strong>quippe</strong></span> 
     </span>
    </p>
   </div>
   <div class='ocr_carea' id='block_1_84' title="bbox 2216 3335 3821 3413">
    <p class='ocr_par' dir='ltr' id='par_1_84' title="bbox 2216 3335 3821 3413">
     <span class='ocr_line' id='line_1_84' title="bbox 2216 3335 3821 3413; baseline -0.004 -15"><span class='ocrx_word' id='word_1_640' title='bbox 2216 3343 2499 3398; x_wconf 68' lang='lat' dir='ltr'><strong>sententiae</strong></span> <span class='ocrx_word' id='word_1_641' title='bbox 2515 3339 2875 3413; x_wconf 88' lang='lat' dir='ltr'><strong>conjungitur</strong></span> <span class='ocrx_word' id='word_1_642' title='bbox 2886 3338 3034 3412; x_wconf 88' lang='lat' dir='ltr'><strong>quod</strong></span> <span class='ocrx_word' id='word_1_643' title='bbox 3055 3338 3334 3395; x_wconf 92' lang='lat' dir='ltr'><strong>locutione</strong></span> <span class='ocrx_word' id='word_1_644' title='bbox 3353 3337 3617 3394; x_wconf 89' lang='lat' dir='ltr'><strong>continua</strong></span> <span class='ocrx_word' id='word_1_645' title='bbox 3632 3335 3821 3392; x_wconf 88' lang='lat' dir='ltr'><strong>subin-</strong></span> 
     </span>
    </p>
   </div>
   <div class='ocr_carea' id='block_1_85' title="bbox 2217 3427 3821 3500">
    <p class='ocr_par' dir='ltr' id='par_1_85' title="bbox 2217 3427 3821 3500">
     <span class='ocr_line' id='line_1_85' title="bbox 2217 3427 3821 3500; baseline -0.005 -12"><span class='ocrx_word' id='word_1_646' title='bbox 2217 3432 2412 3500; x_wconf 88' lang='lat' dir='ltr'><strong>fertur,</strong></span> <span class='ocrx_word' id='word_1_647' title='bbox 2459 3448 2583 3488; x_wconf 92' lang='lat' dir='ltr'><strong>cum</strong></span> <span class='ocrx_word' id='word_1_648' title='bbox 2614 3430 2728 3486; x_wconf 91' lang='lat' dir='ltr'><strong>ait:</strong></span> <span class='ocrx_word' id='word_1_649' title='bbox 2787 3429 3164 3500; x_wconf 88' lang='lat' dir='ltr'><strong>Dicebamque:</strong></span> <span class='ocrx_word' id='word_1_650' title='bbox 3225 3429 3292 3484; x_wconf 86' lang='lat' dir='ltr'><strong>In</strong></span> <span class='ocrx_word' id='word_1_651' title='bbox 3318 3427 3507 3482; x_wconf 89' lang='lat' dir='ltr'><strong>nidulo</strong></span> <span class='ocrx_word' id='word_1_652' title='bbox 3559 3444 3669 3482; x_wconf 90' lang='lat' dir='ltr'><strong>meo</strong></span> <span class='ocrx_word' id='word_1_653' title='bbox 3697 3443 3821 3481; x_wconf 90' lang='lat' dir='ltr'><strong>mo-</strong></span> 
     </span>
    </p>
   </div>
   <div class='ocr_carea' id='block_1_86' title="bbox 2216 3513 3821 3591">
    <p class='ocr_par' dir='ltr' id='par_1_86' title="bbox 2216 3513 3821 3591">
     <span class='ocr_line' id='line_1_86' title="bbox 2216 3513 3821 3591; baseline -0.002 -19"><span class='ocrx_word' id='word_1_654' title='bbox 2216 3518 2357 3587; x_wconf 87' lang='lat' dir='ltr'><strong>riar,</strong></span> <span class='ocrx_word' id='word_1_655' title='bbox 2390 3525 2437 3573; x_wconf 88' lang='lat' dir='ltr'><strong>et</strong></span> <span class='ocrx_word' id='word_1_656' title='bbox 2469 3518 2801 3591; x_wconf 89' lang='lat' dir='ltr'><strong>sicutpalma</strong></span> <span class='ocrx_word' id='word_1_657' title='bbox 2820 3517 3182 3588; x_wconf 83' lang='lat' dir='ltr'><strong>multiplicabo</strong></span> <span class='ocrx_word' id='word_1_658' title='bbox 3198 3516 3329 3571; x_wconf 90' lang='lat' dir='ltr'><strong>dies.</strong></span> <span class='ocrx_word' id='word_1_659' title='bbox 3361 3515 3441 3571; x_wconf 88' lang='lat' dir='ltr'><strong>Ac</strong></span> <span class='ocrx_word' id='word_1_660' title='bbox 3469 3513 3668 3572; x_wconf 90' lang='lat' dir='ltr'><strong>deinde</strong></span> <span class='ocrx_word' id='word_1_661' title='bbox 3695 3513 3821 3570; x_wconf 83' lang='lat' dir='ltr'><strong>sub-</strong></span> 
     </span>
    </p>
   </div>
   <div class='ocr_carea' id='block_1_87' title="bbox 2211 3607 3819 3680">
    <p class='ocr_par' dir='ltr' id='par_1_87' title="bbox 2211 3607 3819 3680">
     <span class='ocr_line' id='line_1_87' title="bbox 2211 3607 3819 3680; baseline -0.004 -16"><span class='ocrx_word' id='word_1_662' title='bbox 2211 3607 2502 3680; x_wconf 87' lang='lat' dir='ltr'><strong>jungilur:</strong></span> <span class='ocrx_word' id='word_1_663' title='bbox 2558 3608 2738 3665; x_wconf 69' lang='lat' dir='ltr'><strong>Radix</strong></span> <span class='ocrx_word' id='word_1_664' title='bbox 2767 3625 2879 3663; x_wconf 88' lang='lat' dir='ltr'><strong>mea</strong></span> <span class='ocrx_word' id='word_1_665' title='bbox 2916 3613 3103 3678; x_wconf 88' lang='lat' dir='ltr'><strong>aperta</strong></span> <span class='ocrx_word' id='word_1_666' title='bbox 3153 3611 3228 3661; x_wconf 88' lang='lat' dir='ltr'><strong>est</strong></span> <span class='ocrx_word' id='word_1_667' title='bbox 3255 3622 3398 3661; x_wconf 87' lang='lat' dir='ltr'><strong>secus</strong></span> <span class='ocrx_word' id='word_1_668' title='bbox 3439 3621 3630 3676; x_wconf 79' lang='lat' dir='ltr'><strong>aquas,</strong></span> <span class='ocrx_word' id='word_1_669' title='bbox 3661 3609 3707 3658; x_wconf 89' lang='lat' dir='ltr'><strong>et</strong></span> <span class='ocrx_word' id='word_1_670' title='bbox 3731 3619 3819 3658; x_wconf 88' lang='lat' dir='ltr'><strong>ros</strong></span> 
     </span>
    </p>
   </div>
   <div class='ocr_carea' id='block_1_88' title="bbox 2217 3694 3820 3765">
    <p class='ocr_par' dir='ltr' id='par_1_88' title="bbox 2217 3694 3820 3765">
     <span class='ocr_line' id='line_1_88' title="bbox 2217 3694 3820 3765; baseline -0.003 -13"><span class='ocrx_word' id='word_1_671' title='bbox 2217 3697 2516 3753; x_wconf 87' lang='lat' dir='ltr'><strong>morabitur</strong></span> <span class='ocrx_word' id='word_1_672' title='bbox 2534 3697 2588 3751; x_wconf 90' lang='lat' dir='ltr'><strong>in</strong></span> <span class='ocrx_word' id='word_1_673' title='bbox 2607 3697 2856 3752; x_wconf 88' lang='lat' dir='ltr'><strong>messione</strong></span> <span class='ocrx_word' id='word_1_674' title='bbox 2874 3713 3007 3752; x_wconf 89' lang='lat' dir='ltr'><strong>mea.</strong></span> <span class='ocrx_word' id='word_1_675' title='bbox 3035 3696 3223 3752; x_wconf 84' lang='lat' dir='ltr'><strong>Gloria</strong></span> <span class='ocrx_word' id='word_1_676' title='bbox 3239 3712 3350 3751; x_wconf 88' lang='lat' dir='ltr'><strong>mea</strong></span> <span class='ocrx_word' id='word_1_677' title='bbox 3364 3711 3565 3765; x_wconf 86' lang='lat' dir='ltr'><strong>semper</strong></span> <span class='ocrx_word' id='word_1_678' title='bbox 3590 3694 3820 3748; x_wconf 81' lang='lat' dir='ltr'><strong>innova-</strong></span> 
     </span>
    </p>
   </div>
   <div class='ocr_carea' id='block_1_89' title="bbox 2217 3780 3818 3854">
    <p class='ocr_par' dir='ltr' id='par_1_89' title="bbox 2217 3780 3818 3854">
     <span class='ocr_line' id='line_1_89' title="bbox 2217 3780 3818 3854; baseline -0.002 -14"><span class='ocrx_word' id='word_1_679' title='bbox 2217 3786 2382 3854; x_wconf 87' lang='lat' dir='ltr'><strong>bit-ur,</strong></span> <span class='ocrx_word' id='word_1_680' title='bbox 2412 3792 2460 3840; x_wconf 88' lang='lat' dir='ltr'><strong>et</strong></span> <span class='ocrx_word' id='word_1_681' title='bbox 2477 3803 2635 3840; x_wconf 89' lang='lat' dir='ltr'><strong>arcus</strong></span> <span class='ocrx_word' id='word_1_682' title='bbox 2653 3802 2798 3840; x_wconf 86' lang='lat' dir='ltr'><strong>meus</strong></span> <span class='ocrx_word' id='word_1_683' title='bbox 2826 3784 2881 3839; x_wconf 87' lang='lat' dir='ltr'><strong>in</strong></span> <span class='ocrx_word' id='word_1_684' title='bbox 2910 3801 3073 3839; x_wconf 86' lang='lat' dir='ltr'><strong>manu</strong></span> <span class='ocrx_word' id='word_1_685' title='bbox 3100 3801 3213 3839; x_wconf 90' lang='lat' dir='ltr'><strong>mea</strong></span> <span class='ocrx_word' id='word_1_686' title='bbox 3232 3782 3643 3838; x_wconf 82' lang='lat' dir='ltr'><strong>instaurabitur.</strong></span> <span class='ocrx_word' id='word_1_687' title='bbox 3677 3780 3818 3838; x_wconf 87' lang='lat' dir='ltr'><strong>Cun-</strong></span> 
     </span>
    </p>
   </div>
   <div class='ocr_carea' id='block_1_90' title="bbox 2215 3868 3817 3944">
    <p class='ocr_par' dir='ltr' id='par_1_90' title="bbox 2215 3868 3817 3944">
     <span class='ocr_line' id='line_1_90' title="bbox 2215 3868 3817 3944; baseline -0.005 -12"><span class='ocrx_word' id='word_1_688' title='bbox 2215 3875 2321 3932; x_wconf 91' lang='lat' dir='ltr'><strong>ctis</strong></span> <span class='ocrx_word' id='word_1_689' title='bbox 2349 3891 2478 3930; x_wconf 89' lang='lat' dir='ltr'><strong>vera</strong></span> <span class='ocrx_word' id='word_1_690' title='bbox 2508 3873 2808 3930; x_wconf 90' lang='lat' dir='ltr'><strong>scientibus</strong></span> <span class='ocrx_word' id='word_1_691' title='bbox 2852 3872 3026 3944; x_wconf 92' lang='lat' dir='ltr'><strong>liquet</strong></span> <span class='ocrx_word' id='word_1_692' title='bbox 3065 3871 3213 3943; x_wconf 88' lang='lat' dir='ltr'><strong>quod</strong></span> <span class='ocrx_word' id='word_1_693' title='bbox 3242 3870 3309 3926; x_wconf 89' lang='lat' dir='ltr'><strong>ad</strong></span> <span class='ocrx_word' id='word_1_694' title='bbox 3340 3876 3609 3924; x_wconf 87' lang='lat' dir='ltr'><strong>vetustam</strong></span> <span class='ocrx_word' id='word_1_695' title='bbox 3644 3868 3817 3924; x_wconf 90' lang='lat' dir='ltr'><strong>vitam</strong></span> 
     </span>
    </p>
   </div>
   <div class='ocr_carea' id='block_1_91' title="bbox 2215 3955 3818 4035">
    <p class='ocr_par' dir='ltr' id='par_1_91' title="bbox 2215 3955 3818 4035">
     <span class='ocr_line' id='line_1_91' title="bbox 2215 3955 3818 4035; baseline -0.004 -17"><span class='ocrx_word' id='word_1_696' title='bbox 2215 3964 2353 4019; x_wconf 89' lang='lat' dir='ltr'><strong>vitia</strong></span> <span class='ocrx_word' id='word_1_697' title='bbox 2372 3962 2668 4035; x_wconf 89' lang='lat' dir='ltr'><strong>pertinent,</strong></span> <span class='ocrx_word' id='word_1_698' title='bbox 2700 3962 2934 4016; x_wconf 83' lang='lat' dir='ltr'><strong>virtutes</strong></span> <span class='ocrx_word' id='word_1_699' title='bbox 2952 3959 3020 4014; x_wconf 92' lang='lat' dir='ltr'><strong>ad</strong></span> <span class='ocrx_word' id='word_1_700' title='bbox 3041 3975 3261 4013; x_wconf 90' lang='lat' dir='ltr'><strong>novam.</strong></span> <span class='ocrx_word' id='word_1_701' title='bbox 3286 3957 3428 4013; x_wconf 84' lang='lat' dir='ltr'><strong>Hinc</strong></span> <span class='ocrx_word' id='word_1_702' title='bbox 3447 3957 3595 4012; x_wconf 93' lang='lat' dir='ltr'><strong>enim</strong></span> <span class='ocrx_word' id='word_1_703' title='bbox 3616 3955 3818 4012; x_wconf 88' lang='lat' dir='ltr'><strong>Paulus</strong></span> 
     </span>
    </p>
   </div>
   <div class='ocr_carea' id='block_1_92' title="bbox 2216 4046 3816 4116">
    <p class='ocr_par' dir='ltr' id='par_1_92' title="bbox 2216 4046 3816 4116">
     <span class='ocr_line' id='line_1_92' title="bbox 2216 4046 3816 4116; baseline -0.004 -8"><span class='ocrx_word' id='word_1_704' title='bbox 2216 4052 2351 4109; x_wconf 91' lang='lat' dir='ltr'><strong>dicit</strong></span> <span class='ocrx_word' id='word_1_705' title='bbox 2374 4069 2386 4107; x_wconf 93' lang='lat'><strong>:</strong></span> <span class='ocrx_word' id='word_1_706' title='bbox 2429 4054 2695 4108; x_wconf 72' lang='lat' dir='ltr'><strong>Exuentes</strong></span> <span class='ocrx_word' id='word_1_707' title='bbox 2715 4067 2803 4105; x_wconf 85' lang='lat' dir='ltr'><strong>vos</strong></span> <span class='ocrx_word' id='word_1_708' title='bbox 2822 4056 3038 4104; x_wconf 72' lang='lat' dir='ltr'><strong>vetarent</strong></span> <span class='ocrx_word' id='word_1_709' title='bbox 3064 4048 3321 4103; x_wconf 79' lang='lat' dir='ltr'><strong>hominem</strong></span> <span class='ocrx_word' id='word_1_710' title='bbox 3335 4063 3451 4102; x_wconf 87' lang='lat' dir='ltr'><strong>cum</strong></span> <span class='ocrx_word' id='word_1_711' title='bbox 3469 4047 3668 4102; x_wconf 87' lang='lat' dir='ltr'><strong>actibus</strong></span> <span class='ocrx_word' id='word_1_712' title='bbox 3683 4046 3816 4116; x_wconf 86' lang='lat' dir='ltr'><strong>suis,</strong></span> 
     </span>
    </p>
   </div>
   <div class='ocr_carea' id='block_1_93' title="bbox 2214 4137 3812 4214">
    <p class='ocr_par' dir='ltr' id='par_1_93' title="bbox 2214 4137 3812 4214">
     <span class='ocr_line' id='line_1_93' title="bbox 2214 4137 3812 4214; baseline -0.003 -15"><span class='ocrx_word' id='word_1_713' title='bbox 2214 4149 2261 4199; x_wconf 88' lang='lat' dir='ltr'><strong>et</strong></span> <span class='ocrx_word' id='word_1_714' title='bbox 2289 4143 2778 4198; x_wconf 79' lang='lat' dir='ltr'><strong>induentesnovum</strong></span> <span class='ocrx_word' id='word_1_715' title='bbox 2805 4142 3040 4214; x_wconf 88' lang='lat' dir='ltr'><strong>(Coloss.</strong></span> <span class='ocrx_word' id='word_1_716' title='bbox 3064 4156 3149 4205; x_wconf 81' lang='grc' dir='ltr'><strong>ιιι,</strong></span> <span class='ocrx_word' id='word_1_717' title='bbox 3180 4139 3262 4209; x_wconf 88' lang='lat'><strong>9).</strong></span> <span class='ocrx_word' id='word_1_718' title='bbox 3295 4137 3439 4196; x_wconf 84' lang='lat' dir='ltr'><strong>Hinc</strong></span> <span class='ocrx_word' id='word_1_719' title='bbox 3470 4155 3664 4194; x_wconf 90' lang='lat' dir='ltr'><strong>rursus</strong></span> <span class='ocrx_word' id='word_1_720' title='bbox 3689 4138 3768 4195; x_wconf 91' lang='lat' dir='ltr'><strong>ait</strong></span> <span class='ocrx_word' id='word_1_721' title='bbox 3799 4154 3812 4194; x_wconf 92' lang='lat'><strong>:</strong></span> 
     </span>
    </p>
   </div>
   <div class='ocr_carea' id='block_1_94' title="bbox 2224 4229 3813 4302">
    <p class='ocr_par' dir='ltr' id='par_1_94' title="bbox 2224 4229 3813 4302">
     <span class='ocr_line' id='line_1_94' title="bbox 2224 4229 3813 4302; baseline -0.003 -13"><span class='ocrx_word' id='word_1_722' title='bbox 2224 4235 2375 4292; x_wconf 83' lang='lat' dir='ltr'><strong>Vetus</strong></span> <span class='ocrx_word' id='word_1_723' title='bbox 2403 4234 2553 4288; x_wconf 85' lang='lat' dir='ltr'><strong>homo</strong></span> <span class='ocrx_word' id='word_1_724' title='bbox 2582 4239 2759 4288; x_wconf 87' lang='lat' dir='ltr'><strong>noster</strong></span> <span class='ocrx_word' id='word_1_725' title='bbox 2785 4232 2948 4287; x_wconf 87' lang='lat' dir='ltr'><strong>simul</strong></span> <span class='ocrx_word' id='word_1_726' title='bbox 2975 4230 3262 4302; x_wconf 66' lang='lat' dir='ltr'><strong>cruciﬁxus</strong></span> <span class='ocrx_word' id='word_1_727' title='bbox 3291 4234 3367 4282; x_wconf 91' lang='lat' dir='ltr'><strong>est</strong></span> <span class='ocrx_word' id='word_1_728' title='bbox 3413 4229 3590 4300; x_wconf 85' lang='lat' dir='ltr'><strong>(Rom.</strong></span> <span class='ocrx_word' id='word_1_729' title='bbox 3621 4246 3701 4298; x_wconf 74' lang='grc' dir='ltr'><strong>γι,</strong></span> <span class='ocrx_word' id='word_1_730' title='bbox 3732 4229 3813 4302; x_wconf 88' lang='lat'><strong>6).</strong></span> 
     </span>
    </p>
   </div>
   <div class='ocr_carea' id='block_1_95' title="bbox 2217 4318 3817 4394">
    <p class='ocr_par' dir='ltr' id='par_1_95' title="bbox 2217 4318 3817 4394">
     <span class='ocr_line' id='line_1_95' title="bbox 2217 4318 3817 4394; baseline -0.003 -15"><span class='ocrx_word' id='word_1_731' title='bbox 2217 4322 2358 4380; x_wconf 85' lang='lat' dir='ltr'><strong>Hinc</strong></span> <span class='ocrx_word' id='word_1_732' title='bbox 2385 4321 2674 4378; x_wconf 90' lang='lat' dir='ltr'><strong>Psalmista</strong></span> <span class='ocrx_word' id='word_1_733' title='bbox 2701 4339 2770 4378; x_wconf 85' lang='lat' dir='ltr'><strong>ex</strong></span> <span class='ocrx_word' id='word_1_734' title='bbox 2798 4330 2932 4394; x_wconf 87' lang='lat' dir='ltr'><strong>typo</strong></span> <span class='ocrx_word' id='word_1_735' title='bbox 2953 4320 3184 4377; x_wconf 90' lang='lat' dir='ltr'><strong>humani</strong></span> <span class='ocrx_word' id='word_1_736' title='bbox 3215 4318 3429 4392; x_wconf 91' lang='lat' dir='ltr'><strong>generis</strong></span> <span class='ocrx_word' id='word_1_737' title='bbox 3459 4319 3710 4391; x_wconf 90' lang='lat' dir='ltr'><strong>loquens,</strong></span> <span class='ocrx_word' id='word_1_738' title='bbox 3735 4318 3817 4374; x_wconf 87' lang='lat' dir='ltr'><strong>in-</strong></span> 
     </span>
    </p>
   </div>
   <div class='ocr_carea' id='block_1_96' title="bbox 2215 4411 3819 4488">
    <p class='ocr_par' dir='ltr' id='par_1_96' title="bbox 2215 4411 3819 4488">
     <span class='ocr_line' id='line_1_96' title="bbox 2215 4411 3819 4488; baseline -0.004 -16"><span class='ocrx_word' id='word_1_739' title='bbox 2215 4423 2300 4472; x_wconf 89' lang='lat' dir='ltr'><strong>ter</strong></span> <span class='ocrx_word' id='word_1_740' title='bbox 2329 4415 2598 4488; x_wconf 89' lang='lat' dir='ltr'><strong>malignos</strong></span> <span class='ocrx_word' id='word_1_741' title='bbox 2625 4414 2853 4488; x_wconf 89' lang='lat' dir='ltr'><strong>spiritus</strong></span> <span class='ocrx_word' id='word_1_742' title='bbox 2881 4412 3253 4486; x_wconf 87' lang='lat' dir='ltr'><strong>deprehensus</strong></span> <span class='ocrx_word' id='word_1_743' title='bbox 3298 4411 3470 4470; x_wconf 90' lang='lat' dir='ltr'><strong>dicit:</strong></span> <span class='ocrx_word' id='word_1_744' title='bbox 3520 4411 3819 4468; x_wconf 83' lang='lat' dir='ltr'><strong>Inceteravi</strong></span> 
     </span>
    </p>
   </div>
   <div class='ocr_carea' id='block_1_97' title="bbox 2218 4500 3817 4575">
    <p class='ocr_par' dir='ltr' id='par_1_97' title="bbox 2218 4500 3817 4575">
     <span class='ocr_line' id='line_1_97' title="bbox 2218 4500 3817 4575; baseline -0.004 -16"><span class='ocrx_word' id='word_1_745' title='bbox 2218 4505 2357 4560; x_wconf 86' lang='lat' dir='ltr'><strong>inter</strong></span> <span class='ocrx_word' id='word_1_746' title='bbox 2401 4522 2575 4560; x_wconf 89' lang='lat' dir='ltr'><strong>omnes</strong></span> <span class='ocrx_word' id='word_1_747' title='bbox 2616 4503 2855 4559; x_wconf 86' lang='lat' dir='ltr'><strong>inimicos</strong></span> <span class='ocrx_word' id='word_1_748' title='bbox 2890 4521 3028 4559; x_wconf 90' lang='lat' dir='ltr'><strong>meos</strong></span> <span class='ocrx_word' id='word_1_749' title='bbox 3060 4503 3237 4575; x_wconf 89' lang='lat' dir='ltr'><strong>(Psal.</strong></span> <span class='ocrx_word' id='word_1_750' title='bbox 3271 4519 3352 4572; x_wconf 68' lang='grc' dir='ltr'><strong>γι,</strong></span> <span class='ocrx_word' id='word_1_751' title='bbox 3384 4502 3465 4574; x_wconf 91' lang='grc'><strong>8).</strong></span> <span class='ocrx_word' id='word_1_752' title='bbox 3513 4501 3563 4558; x_wconf 85' lang='grc' dir='ltr'><strong>Α</strong></span> <span class='ocrx_word' id='word_1_753' title='bbox 3603 4500 3817 4556; x_wconf 82' lang='lat' dir='ltr'><strong>fervore</strong></span> 
     </span>
    </p>
   </div>
   <div class='ocr_carea' id='block_1_98' title="bbox 2217 4588 3818 4666">
    <p class='ocr_par' dir='ltr' id='par_1_98' title="bbox 2217 4588 3818 4666">
     <span class='ocr_line' id='line_1_98' title="bbox 2217 4588 3818 4666; baseline -0.004 -18"><span class='ocrx_word' id='word_1_754' title='bbox 2217 4593 2422 4650; x_wconf 90' lang='lat' dir='ltr'><strong>etenim</strong></span> <span class='ocrx_word' id='word_1_755' title='bbox 2453 4592 2654 4650; x_wconf 90' lang='lat' dir='ltr'><strong>mentis</strong></span> <span class='ocrx_word' id='word_1_756' title='bbox 2685 4592 2772 4648; x_wconf 93' lang='lat' dir='ltr'><strong>vel</strong></span> <span class='ocrx_word' id='word_1_757' title='bbox 2803 4591 2948 4649; x_wconf 89' lang='lat' dir='ltr'><strong>inter</strong></span> <span class='ocrx_word' id='word_1_758' title='bbox 2975 4590 3248 4666; x_wconf 87' lang='lat' dir='ltr'><strong>spiritales</strong></span> <span class='ocrx_word' id='word_1_759' title='bbox 3267 4590 3544 4658; x_wconf 88' lang='lat' dir='ltr'><strong>inimicos,</strong></span> <span class='ocrx_word' id='word_1_760' title='bbox 3564 4589 3649 4643; x_wconf 92' lang='lat' dir='ltr'><strong>vel</strong></span> <span class='ocrx_word' id='word_1_761' title='bbox 3671 4588 3818 4642; x_wconf 90' lang='lat' dir='ltr'><strong>inter</strong></span> 
     </span>
    </p>
   </div>
   <div class='ocr_carea' id='block_1_99' title="bbox 2213 4675 3817 4756">
    <p class='ocr_par' dir='ltr' id='par_1_99' title="bbox 2213 4675 3817 4756">
     <span class='ocr_line' id='line_1_99' title="bbox 2213 4675 3817 4756; baseline -0.004 -18"><span class='ocrx_word' id='word_1_762' title='bbox 2213 4682 2460 4739; x_wconf 90' lang='lat' dir='ltr'><strong>carnales</strong></span> <span class='ocrx_word' id='word_1_763' title='bbox 2482 4683 2504 4718; x_wconf 71' lang='grc' dir='ltr'><strong>θ</strong></span> <span class='ocrx_word' id='word_1_764' title='bbox 2537 4697 2784 4756; x_wconf 89' lang='lat' dir='ltr'><strong>quosque</strong></span> <span class='ocrx_word' id='word_1_765' title='bbox 2818 4681 3122 4754; x_wconf 85' lang='lat' dir='ltr'><strong>proximos,</strong></span> <span class='ocrx_word' id='word_1_766' title='bbox 3153 4680 3272 4752; x_wconf 89' lang='lat' dir='ltr'><strong>ipso</strong></span> <span class='ocrx_word' id='word_1_767' title='bbox 3300 4679 3485 4750; x_wconf 89' lang='lat' dir='ltr'><strong>aliquo</strong></span> <span class='ocrx_word' id='word_1_768' title='bbox 3525 4675 3690 4732; x_wconf 91' lang='lat' dir='ltr'><strong>modo</strong></span> <span class='ocrx_word' id='word_1_769' title='bbox 3719 4676 3817 4732; x_wconf 88' lang='lat' dir='ltr'><strong>vi-</strong></span> 
     </span>
    </p>
   </div>
   <div class='ocr_carea' id='block_1_100' title="bbox 2215 4765 3815 4839">
    <p class='ocr_par' dir='ltr' id='par_1_100' title="bbox 2215 4765 3815 4839">
     <span class='ocr_line' id='line_1_100' title="bbox 2215 4765 3815 4839; baseline -0.002 -14"><span class='ocrx_word' id='word_1_770' title='bbox 2215 4771 2381 4828; x_wconf 91' lang='lat' dir='ltr'><strong>vendi</strong></span> <span class='ocrx_word' id='word_1_771' title='bbox 2397 4788 2502 4828; x_wconf 92' lang='lat' dir='ltr'><strong>usu</strong></span> <span class='ocrx_word' id='word_1_772' title='bbox 2525 4774 2570 4808; x_wconf 85' lang='grc'><strong>¹⁰</strong></span> <span class='ocrx_word' id='word_1_773' title='bbox 2592 4770 3005 4838; x_wconf 89' lang='lat' dir='ltr'><strong>veterascimus,</strong></span> <span class='ocrx_word' id='word_1_774' title='bbox 3027 4776 3081 4824; x_wconf 90' lang='lat' dir='ltr'><strong>et</strong></span> <span class='ocrx_word' id='word_1_775' title='bbox 3105 4773 3395 4838; x_wconf 64' lang='lat' dir='ltr'><strong>assumpta</strong></span> <span class='ocrx_word' id='word_1_776' title='bbox 3411 4765 3678 4821; x_wconf 90' lang='lat' dir='ltr'><strong>novitatis</strong></span> <span class='ocrx_word' id='word_1_777' title='bbox 3696 4781 3815 4839; x_wconf 85' lang='lat' dir='ltr'><strong>spe-</strong></span> 
     </span>
    </p>
   </div>
   <div class='ocr_carea' id='block_1_101' title="bbox 2211 4851 3815 4930">
    <p class='ocr_par' dir='ltr' id='par_1_101' title="bbox 2211 4851 3815 4930">
     <span class='ocr_line' id='line_1_101' title="bbox 2211 4851 3815 4930; baseline -0.004 -13"><span class='ocrx_word' id='word_1_778' title='bbox 2211 4858 2355 4918; x_wconf 90' lang='lat' dir='ltr'><strong>ciem</strong></span> <span class='ocrx_word' id='word_1_779' title='bbox 2384 4859 2679 4916; x_wconf 83' lang='lat' dir='ltr'><strong>fuscamus.</strong></span> <span class='ocrx_word' id='word_1_780' title='bbox 2711 4859 2761 4915; x_wconf 84' lang='grc' dir='ltr'>Α</span> <span class='ocrx_word' id='word_1_781' title='bbox 2789 4873 2898 4930; x_wconf 90' lang='lat' dir='ltr'><strong>qua</strong></span> <span class='ocrx_word' id='word_1_782' title='bbox 2912 4863 3097 4914; x_wconf 88' lang='lat' dir='ltr'><strong>tamen</strong></span> <span class='ocrx_word' id='word_1_783' title='bbox 3125 4860 3397 4912; x_wconf 85' lang='lat' dir='ltr'><strong>vetustate</strong></span> <span class='ocrx_word' id='word_1_784' title='bbox 3417 4851 3668 4927; x_wconf 86' lang='lat' dir='ltr'><strong>quotidie</strong></span> <span class='ocrx_word' id='word_1_785' title='bbox 3690 4856 3734 4892; x_wconf 80' lang='lat'>“</span> <span class='ocrx_word' id='word_1_786' title='bbox 3767 4853 3815 4911; x_wconf 92' lang='lat' dir='ltr'><strong>si</strong></span> 
     </span>
    </p>
   </div>
   <div class='ocr_carea' id='block_1_102' title="bbox 2283 5127 3751 5209">
    <p class='ocr_par' dir='ltr' id='par_1_102' title="bbox 2283 5127 3751 5209">
     <span class='ocr_line' id='line_1_102' title="bbox 2283 5127 3751 5209; baseline 0.018 -25"><span class='ocrx_word' id='word_1_787' title='bbox 2283 5133 2303 5209; x_wconf 60' lang='grc' dir='ltr'><strong>ἶ</strong></span> <span class='ocrx_word' id='word_1_788' title='bbox 2333 5129 2498 5209; x_wconf 89' lang='lat' dir='ltr'><strong>_C_orb.</strong></span> <span class='ocrx_word' id='word_1_789' title='bbox 2521 5129 2733 5199; x_wconf 88' lang='lat' dir='ltr'><strong>Germ.,</strong></span> <span class='ocrx_word' id='word_1_790' title='bbox 2763 5135 2818 5209; x_wconf 89' lang='lat' dir='ltr'><strong>et</strong></span> <span class='ocrx_word' id='word_1_791' title='bbox 2845 5127 2956 5186; x_wconf 91' lang='lat' dir='ltr'><strong>duo</strong></span> <span class='ocrx_word' id='word_1_792' title='bbox 2979 5127 3178 5209; x_wconf 78' lang='lat' dir='ltr'><strong>Laud.,</strong></span> <span class='ocrx_word' id='word_1_793' title='bbox 3212 5127 3598 5209; x_wconf 72' lang='grc' dir='ltr'><strong>ἀοωίρνᾳηιιιν·</strong></span> <span class='ocrx_word' id='word_1_794' title='bbox 3717 5197 3751 5209; x_wconf 85' lang='grc'><strong>,.</strong></span> 
     </span>
    </p>
   </div>
   <div class='ocr_carea' id='block_1_103' title="bbox 2283 5201 3806 5274">
    <p class='ocr_par' dir='ltr' id='par_1_103' title="bbox 2283 5201 3806 5274">
     <span class='ocr_line' id='line_1_103' title="bbox 2283 5201 3806 5274; baseline -0.005 -14"><span class='ocrx_word' id='word_1_795' title='bbox 2283 5204 2304 5239; x_wconf 80' lang='grc'>⁸</span> <span class='ocrx_word' id='word_1_796' title='bbox 2332 5204 2548 5271; x_wconf 87' lang='lat' dir='ltr'><strong>Norm.,</strong></span> <span class='ocrx_word' id='word_1_797' title='bbox 2588 5208 2866 5274; x_wconf 62' lang='lat' dir='ltr'><strong>queratur</strong></span> <span class='ocrx_word' id='word_1_798' title='bbox 2908 5218 2999 5274; x_wconf 79' lang='lat' dir='ltr'><strong>vos</strong></span> <span class='ocrx_word' id='word_1_799' title='bbox 3053 5201 3276 5274; x_wconf 83' lang='lat' dir='ltr'><strong>desuper</strong></span> <span class='ocrx_word' id='word_1_800' title='bbox 3315 5201 3545 5266; x_wconf 79' lang='lat' dir='ltr'><strong>veniens,</strong></span> <span class='ocrx_word' id='word_1_801' title='bbox 3606 5201 3806 5274; x_wconf 63' lang='lat' dir='ltr'><strong>gratia.</strong></span> 
     </span>
    </p>
   </div>
   <div class='ocr_carea' id='block_1_104' title="bbox 2211 5270 3812 5345">
    <p class='ocr_par' dir='ltr' id='par_1_104' title="bbox 2211 5270 3812 5345">
     <span class='ocr_line' id='line_1_104' title="bbox 2211 5270 3812 5345; baseline -0.004 -13"><span class='ocrx_word' id='word_1_802' title='bbox 2211 5274 2375 5332; x_wconf 89' lang='lat' dir='ltr'><strong>Corb.</strong></span> <span class='ocrx_word' id='word_1_803' title='bbox 2407 5270 2675 5333; x_wconf 52' lang='lat' dir='ltr'><strong>Germfet</strong></span> <span class='ocrx_word' id='word_1_804' title='bbox 2700 5274 2912 5344; x_wconf 89' lang='lat' dir='ltr'><strong>Germ.,</strong></span> <span class='ocrx_word' id='word_1_805' title='bbox 2951 5272 2998 5330; x_wconf 90' lang='lat' dir='ltr'><strong>si</strong></span> <span class='ocrx_word' id='word_1_806' title='bbox 3027 5273 3164 5331; x_wconf 83' lang='lat' dir='ltr'><strong>enim</strong></span> <span class='ocrx_word' id='word_1_807' title='bbox 3177 5270 3495 5345; x_wconf 66' lang='lat' dir='ltr'><strong>quaeramus</strong></span> <span class='ocrx_word' id='word_1_808' title='bbox 3523 5270 3618 5328; x_wconf 78' lang='lat' dir='ltr'><strong>vos</strong></span> <span class='ocrx_word' id='word_1_809' title='bbox 3640 5270 3812 5327; x_wconf 82' lang='lat' dir='ltr'><strong>desu-</strong></span> 
     </span>
    </p>
   </div>
   <div class='ocr_carea' id='block_1_105' title="bbox 493 5340 2560 5420">
    <p class='ocr_par' dir='ltr' id='par_1_105' title="bbox 493 5340 2560 5420">
     <span class='ocr_line' id='line_1_105' title="bbox 493 5340 2560 5420; baseline 0.006 -26"><span class='ocrx_word' id='word_1_810' title='bbox 493 5340 755 5420; x_wconf 78' lang='lat' dir='ltr'><strong>palmam.</strong></span> <span class='ocrx_word' id='word_1_811' title='bbox 786 5343 1024 5401; x_wconf 87' lang='lat' dir='ltr'><strong>Emend.</strong></span> <span class='ocrx_word' id='word_1_812' title='bbox 1055 5360 1126 5400; x_wconf 84' lang='lat' dir='ltr'><strong>ex</strong></span> <span class='ocrx_word' id='word_1_813' title='bbox 1146 5340 1326 5420; x_wconf 23' lang='lat' dir='ltr'><strong>Vantiq.</strong></span> <span class='ocrx_word' id='word_1_814' title='bbox 1359 5340 1494 5404; x_wconf 90' lang='lat' dir='ltr'><strong>Cod.</strong></span> <span class='ocrx_word' id='word_1_815' title='bbox 1526 5344 1645 5405; x_wconf 88' lang='lat' dir='ltr'><strong>sive</strong></span> <span class='ocrx_word' id='word_1_816' title='bbox 1683 5340 1812 5407; x_wconf 47' lang='lat' dir='ltr'><strong>M&#39;ss&#39;.</strong></span> <span class='ocrx_word' id='word_1_817' title='bbox 1846 5348 1965 5408; x_wconf 89' lang='lat' dir='ltr'><strong>sive</strong></span> <span class='ocrx_word' id='word_1_818' title='bbox 1991 5364 2102 5404; x_wconf 88' lang='lat' dir='ltr'><strong>ex-</strong></span> <span class='ocrx_word' id='word_1_819' title='bbox 2204 5363 2306 5420; x_wconf 87' lang='lat' dir='ltr'><strong>per</strong></span> <span class='ocrx_word' id='word_1_820' title='bbox 2332 5348 2560 5420; x_wconf 70' lang='lat' dir='ltr'><strong>ueniens.</strong></span> 
     </span>
    </p>
   </div>
   <div class='ocr_carea' id='block_1_106' title="bbox 499 5427 666 5468">
    <p class='ocr_par' dir='ltr' id='par_1_106' title="bbox 499 5427 666 5468">
     <span class='ocr_line' id='line_1_106' title="bbox 499 5427 666 5468; baseline 0 0"><span class='ocrx_word' id='word_1_821' title='bbox 499 5427 666 5468; x_wconf 75' lang='grc'><strong>011818.</strong></span> 
     </span>
    </p>
   </div>
   <div class='ocr_carea' id='block_1_107' title="bbox 572 5483 1415 5561">
    <p class='ocr_par' dir='ltr' id='par_1_107' title="bbox 572 5483 1415 5561">
     <span class='ocr_line' id='line_1_107' title="bbox 572 5483 1415 5561; baseline 0.008 -22"><span class='ocrx_word' id='word_1_822' title='bbox 572 5484 594 5561; x_wconf 59' lang='grc' dir='ltr'><em>ξ</em></span> <span class='ocrx_word' id='word_1_823' title='bbox 623 5483 740 5561; x_wconf 65' lang='grc' dir='ltr'><strong>ᾼιη</strong></span> <span class='ocrx_word' id='word_1_824' title='bbox 766 5486 1141 5561; x_wconf 81' lang='lat' dir='ltr'><strong>persecutionis</strong></span> <span class='ocrx_word' id='word_1_825' title='bbox 1171 5494 1415 5561; x_wconf 84' lang='lat' dir='ltr'><strong>tempore.</strong></span> 
     </span>
    </p>
   </div>
   <div class='ocr_carea' id='block_1_108' title="bbox 572 5555 2099 5635">
    <p class='ocr_par' dir='ltr' id='par_1_108' title="bbox 572 5555 2099 5635">
     <span class='ocr_line' id='line_1_108' title="bbox 572 5555 2099 5635; baseline 0.005 -23"><span class='ocrx_word' id='word_1_826' title='bbox 572 5555 594 5592; x_wconf 77' lang='grc'><strong>⁴</strong></span> <span class='ocrx_word' id='word_1_827' title='bbox 623 5555 860 5627; x_wconf 88' lang='lat' dir='ltr'><strong>Gemet.,</strong></span> <span class='ocrx_word' id='word_1_828' title='bbox 887 5558 1018 5628; x_wconf 91' lang='lat' dir='ltr'><strong>quia</strong></span> <span class='ocrx_word' id='word_1_829' title='bbox 1045 5574 1246 5630; x_wconf 89' lang='lat' dir='ltr'><strong>semper</strong></span> <span class='ocrx_word' id='word_1_830' title='bbox 1266 5555 1489 5619; x_wconf 76' lang='lat' dir='ltr'><strong>mentem</strong></span> <span class='ocrx_word' id='word_1_831' title='bbox 1515 5563 1812 5635; x_wconf 86' lang='lat' dir='ltr'><strong>spirituali,</strong></span> <span class='ocrx_word' id='word_1_832' title='bbox 1841 5572 1945 5621; x_wconf 89' lang='lat' dir='ltr'><strong>etc.</strong></span> <span class='ocrx_word' id='word_1_833' title='bbox 1980 5564 2099 5620; x_wconf 90' lang='lat' dir='ltr'><strong>Tu-</strong></span> 
     </span>
    </p>
   </div>
   <div class='ocr_carea' id='block_1_109' title="bbox 498 5635 1020 5699">
    <p class='ocr_par' dir='ltr' id='par_1_109' title="bbox 498 5635 1020 5699">
     <span class='ocr_line' id='line_1_109' title="bbox 498 5635 1020 5699; baseline 0.002 -15"><span class='ocrx_word' id='word_1_834' title='bbox 498 5644 621 5684; x_wconf 86' lang='lat' dir='ltr'><strong>ron.</strong></span> <span class='ocrx_word' id='word_1_835' title='bbox 631 5671 647 5697; x_wconf 94' lang='lat'><strong>,</strong></span> <span class='ocrx_word' id='word_1_836' title='bbox 675 5635 886 5699; x_wconf 83' lang='lat' dir='ltr'><strong>mentes,</strong></span> <span class='ocrx_word' id='word_1_837' title='bbox 914 5636 1020 5685; x_wconf 86' lang='lat' dir='ltr'><strong>etc.</strong></span> 
     </span>
    </p>
   </div>
   <div class='ocr_carea' id='block_1_110' title="bbox 569 5699 1687 5771">
    <p class='ocr_par' dir='ltr' id='par_1_110' title="bbox 569 5699 1687 5771">
     <span class='ocr_line' id='line_1_110' title="bbox 569 5699 1687 5771; baseline 0.001 -12"><span class='ocrx_word' id='word_1_838' title='bbox 569 5701 592 5736; x_wconf 84' lang='grc'><strong>⁸</strong></span> <span class='ocrx_word' id='word_1_839' title='bbox 623 5699 886 5771; x_wconf 85' lang='lat' dir='ltr'><strong>Vindoc.,</strong></span> <span class='ocrx_word' id='word_1_840' title='bbox 915 5701 964 5756; x_wconf 88' lang='lat' dir='ltr'><strong>si</strong></span> <span class='ocrx_word' id='word_1_841' title='bbox 989 5719 1024 5756; x_wconf 92' lang='lat' dir='ltr'><strong>a</strong></span> <span class='ocrx_word' id='word_1_842' title='bbox 1052 5718 1170 5757; x_wconf 80' lang='lat' dir='ltr'><strong>voce</strong></span> <span class='ocrx_word' id='word_1_843' title='bbox 1193 5707 1388 5757; x_wconf 69' lang='lat' dir='ltr'><strong>sancta</strong></span> <span class='ocrx_word' id='word_1_844' title='bbox 1422 5705 1687 5761; x_wconf 68' lang='lat' dir='ltr'><strong>Ecclesia.</strong></span> 
     </span>
    </p>
   </div>
   <div class='ocr_carea' id='block_1_111' title="bbox 571 5773 1654 5846">
    <p class='ocr_par' dir='ltr' id='par_1_111' title="bbox 571 5773 1654 5846">
     <span class='ocr_line' id='line_1_111' title="bbox 571 5773 1654 5846; baseline 0.004 -18"><span class='ocrx_word' id='word_1_845' title='bbox 571 5773 594 5806; x_wconf 75' lang='grc'>⁸</span> <span class='ocrx_word' id='word_1_846' title='bbox 625 5773 649 5828; x_wconf 83' lang='lat' dir='ltr'><strong>l</strong></span> <span class='ocrx_word' id='word_1_847' title='bbox 684 5773 881 5844; x_wconf 90' lang='lat' dir='ltr'><strong>Laud.,</strong></span> <span class='ocrx_word' id='word_1_848' title='bbox 903 5790 1006 5846; x_wconf 88' lang='lat' dir='ltr'><strong>per</strong></span> <span class='ocrx_word' id='word_1_849' title='bbox 1031 5773 1462 5831; x_wconf 84' lang='lat' dir='ltr'><strong>resurrectionem</strong></span> <span class='ocrx_word' id='word_1_850' title='bbox 1489 5776 1654 5846; x_wconf 81' lang='lat' dir='ltr'><strong>ﬁeret.</strong></span> 
     </span>
    </p>
   </div>
   <div class='ocr_carea' id='block_1_112' title="bbox 2281 5418 2846 5489">
    <p class='ocr_par' dir='ltr' id='par_1_112' title="bbox 2281 5418 2846 5489">
     <span class='ocr_line' id='line_1_112' title="bbox 2281 5418 2846 5489; baseline 0.005 -16"><span class='ocrx_word' id='word_1_851' title='bbox 2281 5421 2304 5456; x_wconf 72' lang='grc' dir='ltr'>θ</span> <span class='ocrx_word' id='word_1_852' title='bbox 2336 5419 2362 5473; x_wconf 85' lang='grc'><strong>1</strong></span> <span class='ocrx_word' id='word_1_853' title='bbox 2395 5418 2594 5487; x_wconf 91' lang='lat' dir='ltr'><strong>Laud.,</strong></span> <span class='ocrx_word' id='word_1_854' title='bbox 2621 5435 2846 5489; x_wconf 89' lang='lat' dir='ltr'><strong>quoque.</strong></span> 
     </span>
    </p>
   </div>
   <div class='ocr_carea' id='block_1_113' title="bbox 2285 5435 3711 5557">
    <p class='ocr_par' dir='ltr' id='par_1_113' title="bbox 2285 5435 3711 5557">
     <span class='ocr_line' id='line_1_113' title="bbox 2285 5435 2846 5489; baseline 0.005 -16"><span class='ocrx_word' id='word_1_855' title='bbox 2285 5435 2304 5456; x_wconf 83' lang='lat'><strong>-</strong></span> <span class='ocrx_word' id='word_1_856' title='bbox 2336 5435 2362 5473; x_wconf 80' lang='grc' dir='ltr'><strong>ι</strong></span> <span class='ocrx_word' id='word_1_857' title='bbox 2395 5435 2594 5487; x_wconf 70' lang='lat' dir='ltr'><strong>Laud.,</strong></span> <span class='ocrx_word' id='word_1_858' title='bbox 2659 5435 2846 5489; x_wconf 90' lang='lat' dir='ltr'><strong>uoque.</strong></span> 
     </span>
     <span class='ocr_line' id='line_1_114' title="bbox 2285 5435 3711 5557; baseline -0.002 -12"><span class='ocrx_word' id='word_1_859' title='bbox 2285 5491 2332 5524; x_wconf 84' lang='grc'><strong>¹⁰</strong></span> <span class='ocrx_word' id='word_1_860' title='bbox 2362 5490 2571 5557; x_wconf 89' lang='lat' dir='ltr'><strong>Germ.,</strong></span> <span class='ocrx_word' id='word_1_861' title='bbox 2605 5435 2769 5546; x_wconf 56' lang='lat' dir='ltr'><strong>(garb.</strong></span> <span class='ocrx_word' id='word_1_862' title='bbox 2801 5491 2990 5546; x_wconf 89' lang='lat' dir='ltr'><strong>Germ.</strong></span> <span class='ocrx_word' id='word_1_863' title='bbox 3019 5497 3075 5546; x_wconf 91' lang='lat' dir='ltr'><strong>et</strong></span> <span class='ocrx_word' id='word_1_864' title='bbox 3102 5487 3302 5556; x_wconf 92' lang='lat' dir='ltr'><strong>Laud.,</strong></span> <span class='ocrx_word' id='word_1_865' title='bbox 3330 5487 3711 5543; x_wconf 82' lang='lat' dir='ltr'><strong>veterescimus.</strong></span> 
     </span>
    </p>
   </div>
   <div class='ocr_carea' id='block_1_114' title="bbox 2284 5558 3811 5630">
    <p class='ocr_par' dir='ltr' id='par_1_114' title="bbox 2284 5558 3811 5630">
     <span class='ocr_line' id='line_1_115' title="bbox 2284 5558 3811 5630; baseline -0.003 -14"><span class='ocrx_word' id='word_1_866' title='bbox 2284 5562 2324 5595; x_wconf 83' lang='lat'>“</span> <span class='ocrx_word' id='word_1_867' title='bbox 2357 5561 2439 5616; x_wconf 89' lang='lat' dir='ltr'><strong>Ita</strong></span> <span class='ocrx_word' id='word_1_868' title='bbox 2466 5559 2576 5614; x_wconf 92' lang='lat' dir='ltr'><strong>duo</strong></span> <span class='ocrx_word' id='word_1_869' title='bbox 2605 5560 2804 5630; x_wconf 91' lang='lat' dir='ltr'><strong>Laud.,</strong></span> <span class='ocrx_word' id='word_1_870' title='bbox 2824 5561 2988 5618; x_wconf 91' lang='lat' dir='ltr'><strong>Corb.</strong></span> <span class='ocrx_word' id='word_1_871' title='bbox 3020 5561 3232 5628; x_wconf 89' lang='lat' dir='ltr'><strong>Germ.,</strong></span> <span class='ocrx_word' id='word_1_872' title='bbox 3263 5558 3565 5628; x_wconf 88' lang='lat' dir='ltr'><strong>Bellovac.,</strong></span> <span class='ocrx_word' id='word_1_873' title='bbox 3595 5559 3811 5630; x_wconf 68' lang='grc' dir='ltr'><strong>Νοιίιι.⁹</strong></span> 
     </span>
    </p>
   </div>
   <div class='ocr_carea' id='block_1_115' title="bbox 2207 5627 3813 5702">
    <p class='ocr_par' dir='ltr' id='par_1_115' title="bbox 2207 5627 3813 5702">
     <span class='ocr_line' id='line_1_116' title="bbox 2207 5627 3813 5702; baseline -0.002 -16"><span class='ocrx_word' id='word_1_874' title='bbox 2207 5639 2344 5702; x_wconf 88' lang='lat' dir='ltr'><strong>etc.,</strong></span> <span class='ocrx_word' id='word_1_875' title='bbox 2370 5627 2950 5702; x_wconf 87' lang='lat' dir='ltr'><strong>quibusconsentiunt</strong></span> <span class='ocrx_word' id='word_1_876' title='bbox 2978 5639 3090 5687; x_wconf 92' lang='lat' dir='ltr'><strong>vet.</strong></span> <span class='ocrx_word' id='word_1_877' title='bbox 3119 5627 3236 5702; x_wconf 83' lang='lat' dir='ltr'><strong>Ed.</strong></span> <span class='ocrx_word' id='word_1_878' title='bbox 3290 5630 3362 5702; x_wconf 54' lang='lat' dir='ltr'><strong>At</strong></span> <span class='ocrx_word' id='word_1_879' title='bbox 3403 5627 3813 5702; x_wconf 79' lang='lat' dir='ltr'><strong>recentioribus</strong></span> 
     </span>
    </p>
   </div>
   <div class='ocr_carea' id='block_1_116' title="bbox 2207 5699 3813 5786">
    <p class='ocr_par' dir='ltr' id='par_1_116' title="bbox 2207 5699 3813 5786">
     <span class='ocr_line' id='line_1_117' title="bbox 2207 5699 3813 5786; baseline -0.001 -30"><span class='ocrx_word' id='word_1_880' title='bbox 2207 5699 2616 5786; x_wconf 51' lang='lat' dir='ltr'><strong>magis—placuit</strong></span> <span class='ocrx_word' id='word_1_881' title='bbox 2641 5703 2826 5786; x_wconf 42' lang='lat' dir='ltr'><strong>.lectio</strong></span> <span class='ocrx_word' id='word_1_882' title='bbox 2845 5719 3010 5786; x_wconf 78' lang='lat' dir='ltr'><strong>quam</strong></span> <span class='ocrx_word' id='word_1_883' title='bbox 3040 5701 3270 5759; x_wconf 83' lang='lat' dir='ltr'><strong>exhibet</strong></span> <span class='ocrx_word' id='word_1_884' title='bbox 3299 5699 3511 5770; x_wconf 86' lang='lat' dir='ltr'><strong>Germ.,</strong></span> <span class='ocrx_word' id='word_1_885' title='bbox 3555 5701 3604 5756; x_wconf 87' lang='lat' dir='ltr'><strong>si</strong></span> <span class='ocrx_word' id='word_1_886' title='bbox 3630 5699 3813 5756; x_wconf 82' lang='lat' dir='ltr'><strong>studio</strong></span> 
     </span>
    </p>
   </div>
   <div class='ocr_carea' id='block_1_117' title="bbox 2206 5774 3072 5850">
    <p class='ocr_par' dir='ltr' id='par_1_117' title="bbox 2206 5774 3072 5850">
     <span class='ocr_line' id='line_1_118' title="bbox 2206 5774 3072 5850; baseline -0.001 -20"><span class='ocrx_word' id='word_1_887' title='bbox 2206 5774 2678 5850; x_wconf 73' lang='lat' dir='ltr'><strong>circumspectionis</strong></span> <span class='ocrx_word' id='word_1_888' title='bbox 2707 5774 3072 5849; x_wconf 80' lang='lat' dir='ltr'><strong>inoigilamus.</strong></span> 
     </span>
    </p>
   </div>
  </div>
