4172 6184
339 289 437 342 illi:
895 349 900 354 ,
1086 288 1455 350 MORALIUM
1496 295 1626 351 LIB.
1674 295 1822 353 .-\'l.\'.
1868 330 1936 343 -
1976 299 2043 358 ΙΝ
2084 302 2312 359 CAPUT
2352 303 2585 364 XXVIII
2625 309 2689 365 Β.
2727 310 2868 367 JOB.
3531 320 3629 379 134

333 416 517 471 studia
543 414 1042 493 circumspectionis
1070 415 1384 490 invigilent,
1407 419 1636 491 orando,
1669 424 1923 496 legendo,
1959 435 2009 494 Α
2037 445 2146 502 quo
2173 445 2303 486 arcu
2331 431 2544 488 scilicet
2569 449 2698 489 vasa
2726 436 2920 492 mortis
2949 451 3235 511 praparat,
3268 444 3400 517 quia
3425 461 3632 505 secun—

335 503 472 560 bene
500 502 728 559 vivendo
751 518 1105 575 renovamur,
1137 506 1264 581 quia
1294 508 1410 564 vita
1439 517 1625 566 nostra
1653 511 1786 569 dum
1830 515 1921 570 la-
2028 517 2159 574 dum
2189 520 2393 594 eloquii
2422 521 2507 578 sui
2539 524 2866 580 sententiam
2887 541 2982 582 eos
3001 528 3096 600 qui
3126 502 3494 608 nunccorrigi
3523 553 3631 593 ne-

332 593 532 666 crymis
562 593 794 664 lavatur,
840 593 1004 652 bonis
1045 597 1303 670 operibus
1362 608 1670 670 exercetur,
1714 605 1919 661 sanctis

331 683 771 742 meditationibus
792 685 1057 756 tenditur,
1088 687 1153 744 ad
1176 688 1478 746 novitatem
1501 708 1656 749 suam
1673 693 1789 751 sine
1807 712 1916 753 ces-

325 774 525 830 satione
548 785 855 849 reparatur.
899 778 1098 836 Beatus
1128 778 1300 850 igitur
1327 779 1429 836 Job
1473 781 1553 838 sic
1580 800 1679 842 sua
1707 795 1913 855 narrat,

322 871 378 922 ut
391 873 573 922 nostra
603 866 901 940 signiﬁcet,
935 868 1064 942 quia
1091 876 1278 925 sancta
1306 870 1553 928 Ecclesia
1571 889 1697 931 cum
1729 875 1916 933 ﬁdeles

321 965 436 1012 suos
461 955 742 1031 conspicit
781 956 850 1014 ad
880 959 1007 1016 vita
1036 964 1236 1019 veteris
1285 963 1429 1022 633
1479 968 1669 1037 culpas
1712 965 1911 1034 redire,

317 1060 400 1102 eos
426 1062 563 1119 quos
591 1049 899 1105 novitatem
924 1056 1126 1110 mentis
1154 1055 1402 1116 intuetur
1421 1058 1666 1131 perdere,
1699 1057 1915 1130 cogitur

314 1134 534 1206 plorare.
569 1137 910 1195 Pradicator
943 1142 1145 1216 quippe
1175 1149 1424 1220 egregius
1463 1147 1756 1220 discipulis
1796 1146 1913 1202 suis

314 1222 475 1280 dicit:
520 1228 657 1294 Quae
682 1233 758 1283 est
794 1232 931 1285 enim
957 1239 1142 1289 nostra
1183 1254 1318 1307 spes,
1371 1243 1466 1293 aut
1504 1237 1787 1308 gaudium,
1818 1243 1913 1291 aut

310 1330 493 1370 corona
537 1318 778 1387 gloriae?
805 1337 980 1377 nonne
1010 1340 1103 1378 vos
1117 1327 1534 1382 anteDominum
1564 1327 1621 1399 (Ι
1645 1327 1820 1383 Thess.
1848 1343 1908 1395 ιι,

313 1403 394 1474 19)
410 1403 438 1460 ?
464 1405 672 1464 Sancta
699 1423 828 1481 ergo
845 1411 1092 1472 Ecclesia
1113 1416 1268 1487 quasi
1282 1417 1539 1473 amissam
1571 1417 1800 1490 gloriam
1821 1416 1909 1472 de-

309 1491 503 1564 plorat,
525 1513 660 1553 cum
681 1497 871 1556 ﬁdeles
893 1517 1023 1558 suos
1041 1501 1109 1558 ad
1126 1505 1298 1561 vitam
1322 1514 1563 1563 veterem
1575 1505 1754 1562 redire
1768 1522 1911 1562 con—

305 1580 524 1640 siderat.
557 1586 659 1642 Ait
689 1586 836 1643 enim
871 1590 1186 1648 :Direbam:
1215 1595 1406 1651 Gloria
1432 1613 1548 1651 mea
1585 1611 1788 1666 semper
1814 1593 1910 1648 in-

305 1678 607 1746 novabitur,
645 1681 775 1754 quia
804 1697 896 1738 eos
923 1699 1060 1756 quos
1093 1687 1107 1720 ¹
1142 1686 1200 1742 in
1231 1704 1287 1743 se
1316 1704 1476 1744 nova
1505 1689 1636 1744 vita
1668 1689 1909 1744 militare

305 1769 558 1840 credidit,
590 1774 825 1832 vetustis
859 1773 1147 1833 desideriis
1175 1780 1381 1836 servire
1409 1780 1710 1854 cognoscit.

373 1917 524 1993 [νει.
543 1923 649 1979 XX
655 1925 787 1982 VIII
788 1924 829 2000 .]
853 1925 940 1983 54.
962 1929 1102 1996 Quot
1120 1929 1480 2003 signiﬁcentur
1507 1931 1564 1985 in
1585 1929 1754 1986 sacris
1767 1929 1907 1986 Seri-

297 2009 502 2080 pluris,
529 2030 689 2069 arcus
714 2017 938 2074 nomine.
970 2049 1042 2061 —
1073 2023 1248 2076 Arcus
1267 2029 1450 2078 autem
1481 2021 1708 2078 nomine
1735 2020 1794 2076 in
1825 2037 1904 2076 sa-

301 2113 392 2154 cro
433 2100 664 2174 eloquio
693 2105 990 2178 aliquando
1021 2110 1293 2166 malorum
1339 2110 1579 2178 insidia,
1605 2109 1905 2183 aliquando

301 2186 415 2244 dies
437 2189 667 2262 judicii,
689 2195 989 2269 aliquando
1009 2215 1140 2255 vero
1166 2200 1283 2272 ipsa
1303 2201 1490 2256 eadem
1517 2217 1669 2257 sacra
1687 2199 1907 2272 eloquia

299 2275 677 2352 designantur.
712 2285 814 2341 Per
841 2303 1030 2344 arcum
1060 2289 1263 2362 quippe
1319 2289 1535 2346 insidia
1575 2289 1903 2362 ﬁgurantur,

297 2369 436 2425 sicut
493 2388 597 2444 per
640 2375 990 2434 Psalmistam
1047 2378 1289 2436 dicitur:
1323 2381 1668 2438 Intenderu-nt
1720 2398 1907 2436 arcum

295 2475 468 2528 suum,
499 2479 615 2517 rem
643 2481 888 2520 amaram
921 2467 1094 2536 (Psal.
1129 2486 1292 2536 Lxm,
1323 2469 1404 2540 lt).
1438 2470 1542 2523 Per
1561 2486 1749 2526 arcum
1772 2487 1905 2542 quo-

294 2564 394 2620 que
424 2549 559 2605 dies
585 2553 820 2606 extremi
845 2552 1043 2624 judicii
1069 2555 1412 2626 designatur,
1441 2558 1584 2612 sicut
1621 2573 1718 2629 per
1744 2574 1909 2613 eum-

290 2635 419 2693 dem
453 2653 684 2693 rursum
723 2639 1067 2697 Psalmistam
1098 2642 1337 2700 dicitur:
1375 2645 1657 2700 Ostendisti
1704 2648 1904 2716 populo

293 2733 377 2782 tuo
407 2726 585 2794 dura,
609 2729 815 2798 potasti
839 2746 936 2786 nos
962 2732 1086 2787 vino
1115 2734 1529 2804 compunctionis
1545 2752 1560 2801 ;
1593 2734 1782 2790 dedisti
1805 2754 1903 2792 me-

296 2816 563 2871 tuentibus
594 2822 640 2872 te
679 2819 1134 2890 signiﬁcationem,
1171 2828 1230 2877 ut
1266 2822 1481 2895 fugiant
1505 2843 1540 2880 a
1581 2824 1720 2895 facie
1744 2844 1903 2882 arcus

299 2905 469 2976 (Psat.
501 2923 622 2976 Lix,
659 2907 740 2980 5).
774 2909 837 2964 In
867 2925 999 2966 arcu
1037 2911 1188 2967 enim
1227 2921 1433 2986 quanto
1473 2915 1632 2988 longe
1663 2915 1904 2974 trahitur

298 2995 521 3066 chorda,
553 3005 712 3053 tanto
741 2998 809 3055 de
837 3016 902 3055 eo
925 3001 1229 3059 districtior
1244 3004 1359 3060 exit
1383 3005 1599 3077 sagitta.
1625 3007 1718 3064 Sic
1739 3009 1900 3064 nimi-

301 3102 416 3142 rum
441 3088 524 3145 sic
550 3089 786 3145 extremi
802 3089 1002 3162 judicii
1023 3092 1140 3148 dies
1159 3101 1365 3166 quanto
1387 3095 1544 3166 longe
1575 3094 1826 3151 differtur
1841 3105 1903 3152 ut

301 3176 680 3245 veniat,-tanto
713 3195 839 3235 cum
869 3181 1083 3236 venerit
1113 3181 1179 3236 de
1212 3181 1309 3238 illo
1337 3182 1642 3240 districtior
1669 3193 1900 3240 senten-

301 3263 372 3318 tia
397 3266 669 3336 procedit.
702 3267 918 3325 ldcirco
960 3277 1142 3325 autem
1180 3270 1414 3327 diversis
1461 3289 1612 3328 nunc
1649 3273 1899 3330 cladibus

301 3356 658 3425 percutimur,
680 3365 743 3412 ut
771 3356 860 3413 his
887 3359 1119 3415 correcti
1149 3360 1447 3431 paratiores
1476 3369 1609 3418 tunc
1656 3361 1897 3417 inveniri

300 3443 597 3501 valeamus.
630 3446 784 3502 Unde
812 3447 931 3505 illic
957 3449 1301 3520 pramissum
1337 3459 1450 3507 est:
1488 3453 1774 3508 Ostendisti
1789 3470 1899 3524 po-

295 3535 424 3603 pulo
455 3541 543 3588 tuo
573 3536 733 3602 dura,
769 3536 981 3608 ﬂagella
1006 3537 1265 3595 videlicet
1291 3540 1500 3608 saeculi,
1533 3557 1652 3613 qua
1682 3550 1897 3597 secutu-

299 3636 429 3677 rum
469 3624 690 3694 gravius
713 3625 905 3697 judicii
933 3627 1079 3683 diem
1097 3639 1450 3700 pracurrent.
1476 3633 1681 3686 Potasti
1707 3649 1804 3686 nos
1817 3633 1893 3686 vi-

299 3727 372 3765 no
399 3713 828 3783 compunctionis,
857 3724 915 3772 ut
934 3724 1151 3772 terrena
1180 3717 1376 3789 gaudia
1401 3717 1458 3773 in
1483 3719 1752 3790 lacrymas
1777 3735 1895 3776 ver-

298 3804 778 3872 terentur.Dedisti
796 3808 1133 3862 metuentibus
1164 3813 1209 3862 te
1247 3808 1702 3880 signiﬁcationem,
1735 3809 1894 3881 utfu-

303 3890 448 3960 giant
490 3911 524 3948 a
550 3891 690 3963 facie
716 3912 894 3951 arcus.
940 3899 1022 3952 Ac
1047 3895 1095 3952 si
1141 3903 1324 3967 aperte
1355 3896 1596 3954 diceret:
1631 3899 1746 3955 Hoc
1765 3908 1896 3956 tem-

306 3995 400 4053 pus
428 3982 823 4041 misericordia
853 3993 958 4055 est,
990 3986 1128 4042 illud
1158 3994 1374 4058 tempus
1396 3985 1596 4058 judicii
1637 3989 1760 4045 erit.
1793 3990 1896 4045 Per

306 4067 403 4125 ista
424 4089 552 4145 ergo
591 4073 758 4147 hujus
795 4075 1060 4148 temporis
1083 4077 1294 4149 ﬂagella
1309 4076 1588 4149 signiﬁcas
1617 4079 1894 4152 quomodo

305 4166 430 4219 tunc
445 4179 801 4235 percussurus
819 4182 878 4222 es
891 4167 1110 4240 quando
1145 4183 1256 4222 non
1284 4183 1510 4239 parcens
1525 4166 1763 4240 judicas,
1799 4166 1894 4242 qui

307 4248 380 4306 sic
405 4251 649 4311 districta
677 4255 844 4312 modo
873 4255 1113 4328 percutis
1140 4255 1361 4328 quando
1391 4257 1594 4328 parcis.

375 4396 462 4452 55.
493 4399 617 4470 Ipsa
646 4399 839 4473 Script.
873 4418 1029 4456 saera
1056 4417 1216 4457 arcus
1257 4407 1332 4455 est
1360 4399 1630 4456 Ecclesia.
1664 4431 1735 4442 —
1764 4400 1895 4457 Ali-

310 4487 526 4558 quando
554 4497 729 4546 autem
755 4508 850 4564 per
878 4508 1066 4548 arcum
1093 4489 1260 4547 etiam
1303 4507 1456 4548 sacra
1485 4491 1767 4563 Scriptura
1805 4492 1892 4548 si-

311 4584 515 4646 gnatur.
549 4578 672 4651 Ipsa
707 4580 909 4654 quippe
963 4597 1123 4636 arcus
1151 4587 1233 4636 est
1261 4580 1542 4648 Ecclesia,
1588 4580 1891 4653 ipsa-arcus

310 4671 384 4719 est
399 4665 641 4737 Domini,
668 4668 734 4725 de
754 4685 861 4743 qua
880 4669 949 4726 ad
969 4667 1135 4746 corda
1164 4668 1456 4724 hominum
1476 4667 1620 4724 sicut
1639 4668 1896 4726 ferientes

309 4755 522 4827 sagitta,
553 4759 636 4816 sic
659 4767 925 4817 terrentes
953 4760 1236 4817 sententia
1267 4759 1519 4816 veniunt.
1561 4759 1715 4816 Unde
1751 4769 1895 4818 recte

310 4858 510 4919 quoque
536 4865 634 4921 per
652 4850 1002 4908 Psalmistam
1031 4851 1271 4908 dicitur:
1305 4851 1509 4907 Arcum
1537 4867 1694 4906 suum
1725 4856 1894 4907 teten-

309 4932 379 4988 dit
396 4943 441 4991 et
459 4941 682 5010 paravit
700 4942 878 5008 illum,
897 4949 945 4998 et
961 4943 1018 4996 in
1036 4943 1150 5014 ipso
1167 4942 1386 5014 paravit
1422 4960 1551 4998 vasa
1572 4942 1782 5009 mortis,
1811 4960 1894 4999 sa-

305 5024 449 5095 gittas
481 5047 608 5086 suas
643 5033 956 5088 ardentibus
984 5033 1146 5103 effecit
1187 5033 1370 5104 (Psal.
1401 5048 1502 5100 vn,
1537 5032 1650 5105 13).
1684 5033 1890 5089 Arcum

307 5127 528 5190 namque
556 5137 720 5178 suum
751 5122 1020 5178 Dominus
1040 5122 1270 5179 tetendit
1294 5141 1308 5190 ;
1342 5121 1472 5195 quia
1513 5121 1728 5179 cunctis
1755 5138 1891 5196 pec-

307 5208 570 5268 catoribus
584 5228 683 5285 per
698 5212 1034 5286 Scripturam
1049 5229 1257 5270 sacram
1296 5211 1475 5271 minas
1495 5211 1770 5273 exhibuit.
1810 5214 1895 5270 In-

373 5501 386 5573 ?
427 5500 694 5573 Vindoc.,
722 5502 781 5559 in
809 5503 1039 5561 novitate
1066 5503 1320 5562 militare.

369 5572 389 5607 ³
425 5573 638 5643 Germ.,
679 5572 908 5633 ’Gemet.
966 5593 1030 5633 ac
1101 5575 1219 5644 alii,
1275 5575 1656 5647 ingrediantur.
1729 5573 1890 5632 Corb.

305 5640 477 5718 Germ.
485 5689 504 5718 ,
530 5640 924 5718 ingrediuntur.

368 5689 934 5778 ῖῖἰίιῖἒὶῗὲῒὸξῖιῖἱῐ.
966 5719 1176 5787 Germ.,
1204 5717 1339 5774 sicut
1365 5717 1423 5774 in
1451 5717 1748 5776 hoceodem.

370 5789 390 5822 ⁸
427 5790 652 5848 Recent.
685 5791 947 5863 Ed.,jam
965 5808 1071 5849 non
1096 5791 1267 5849 vellet.
1297 5791 1583 5865 Repugnat
1610 5806 1821 5859 sensus,

2029 607 2242 680 gligunt
2271 611 2531 684 reprobos
2558 611 2800 670 damnat.
2837 615 2897 670 In
2928 631 3037 687 quo
3066 617 3230 673 etiam
3259 607 3484 691 sagittas
3505 643 3631 684 suas

2025 697 2346 757 ardentibus
2393 701 2595 770 eﬁ'ecit,
2645 703 2775 776 quia
2820 703 2878 760 in
2921 721 3014 761 eos
3060 723 3198 778 quos
3239 723 3337 780 per
3364 717 3626 771 terrorem

2025 788 2276 860 corrigit,
2321 805 2577 847 accensas
2615 791 2907 849 verborum
2957 795 3257 852 sententias
3294 796 3519 855 emittit.
3551 803 3630 858 De

2025 875 2131 934 hoc
2158 879 2582 950 pradicatorum
2605 899 2734 939 arcu
2757 899 2853 956 per
2875 883 3069 940 Isaiam
3101 883 3335 942 dicitur:
3371 887 3505 944 Cum
3531 905 3630 945 sa-

2021 967 2168 1038 gittis
2197 976 2245 1024 et
2271 987 2405 1025 arcu
2427 971 2447 1005 ³
2476 971 2850 1042 ingrediuntur
2876 974 3006 1030 illuc
3035 975 3198 1046 (Isai.
3224 993 3326 1046 vn,
3351 976 3469 1048 24),
3500 977 3630 1052 quia

2022 1056 2289 1113 nimirum
2331 1059 2508 1114 sancti
2538 1061 2772 1132 apostoli
2814 1062 2882 1117 ad
2912 1062 3216 1120 feriendam
3249 1065 3472 1138 gentilis
3499 1067 3628 1124 vita

2021 1144 2283 1202 duritiam
2316 1165 2442 1204 cum
2467 1149 2734 1206 districtis
2757 1151 3049 1207 verborum
3080 1153 3310 1224 spiculis
3333 1163 3624 1214 venerunt.

2021 1234 2165 1302 Quid
2188 1235 2364 1306 igitur
2384 1235 2489 1293 hoc
2512 1238 2566 1293 in
2590 1239 2711 1294 loco
2727 1255 2886 1295 arcus
2905 1241 3129 1297 nomine
3152 1241 3259 1297 nisi
3281 1260 3497 1300 sacrum
3517 1246 3628 1302 elo-

2021 1323 2214 1396 quium
2246 1323 2407 1380 debet
2442 1325 2721 1398 intelligi?
2753 1329 2814 1382 In
2844 1328 3052 1384 chorda
3079 1330 3283 1386 etenim
3315 1332 3626 1391 Testamen-

2019 1422 2138 1470 tum
2166 1416 2406 1484 Novum,
2437 1416 2496 1471 in
2525 1433 2699 1473 cornu
2728 1433 2859 1473 vero
2888 1418 3298 1478 Testamentum
3332 1423 3507 1480 Vetus
3539 1440 3626 1482 ac-

2018 1505 2243 1578 cipitur.
2278 1508 2339 1562 In
2369 1523 2501 1564 arcu
2529 1517 2711 1564 autem
2760 1508 2892 1565 dum
2923 1509 3133 1568 chorda
3161 1512 3421 1582 trahitur,
3453 1530 3627 1572 cornu

2016 1603 2312 1662 curvatur;
2345 1598 2366 1630 ³
2410 1596 2492 1652 sic
2545 1597 2604 1653 in
2653 1597 2761 1656 hoc
2801 1599 2993 1656 eodem
3043 1618 3198 1659 sacro
3243 1603 3462 1676 eloquio
3491 1603 3625 1661 dum

2019 1683 2430 1740 Testamentum
2478 1687 2695 1742 Novum
2754 1688 2976 1760 legitur,
3031 1689 3238 1747 duritia
3293 1693 3625 1750 Testamenti

1936 1802 1983 1861 Β
2019 1773 2236 1829 Veteris
2291 1775 2593 1831 emollitur.
2648 1777 2737 1833 Ad
2789 1777 2908 1850 ejus
2962 1795 3198 1853 namque
3250 1783 3522 1853 spiritalia
3571 1791 3626 1840 et

2017 1862 2220 1919 blanda
2251 1871 2524 1936 pracepta
2551 1864 2704 1922 illius
2734 1871 2880 1929 634
2899 1867 3096 1924 littera
3124 1886 3181 1924 se
3200 1869 3350 1942 rigor
3369 1871 3622 1941 inclinat,

2021 1959 2151 2030 quia
2173 1959 2583 2016 Testamentum
2603 1962 2844 2032 Novum,
2868 1964 2998 2022 dum
3022 1969 3178 2040 quasi
3196 1969 3434 2042 quodam
3465 1970 3623 2027 bona

2016 2047 2355 2118 operationis
2382 2047 2609 2105 brachio
2652 2051 2912 2122 trahitur,
2960 2054 3018 2110 in
3049 2056 3398 2114 Testamento
3433 2059 3623 2116 Veteri

2016 2136 2325 2192 severitatis
2360 2135 2488 2208 jura
2533 2138 2851 2198 ﬂectuntur.
2898 2145 3010 2200 Nec
3038 2145 3358 2204 indecenter
3385 2148 3624 2205 dicimus

2016 2223 2279 2281 chordam
2321 2226 2668 2285 Testamento
2695 2231 2851 2286 Novo
2893 2249 3213 2305 congruere,
3245 2237 3393 2309 quod
3422 2237 3490 2294 de
3524 2237 3622 2292 in-

2015 2315 2332 2372 carnatione
2385 2317 2665 2376 dominica
2720 2330 2930 2378 certum
2985 2333 3068 2380 est
3113 2327 3410 2383 exstitisse.
3452 2328 3620 2395 Quasi

2017 2421 2145 2478 ergo
2179 2404 2384 2461 chorda
2415 2407 2675 2478 trahitur,
2693 2418 2750 2465 et
2769 2428 2976 2467 cornua
2995 2422 3318 2484 curvantur,
3338 2415 3467 2488 quia
3487 2415 3618 2472 dum

2017 2493 2074 2550 in
2107 2495 2459 2551 Testamento
2489 2498 2644 2553 Novo
2674 2498 2980 2557 incarnatio
3011 2501 3332 2560 mediatoris
3359 2507 3622 2578 agnosci-

2014 2592 2130 2652 tur,
2173 2585 2243 2640 ad
2284 2585 2589 2656 spiritalem
2636 2587 3064 2660 intelligentiam
3110 2592 3259 2664 rigor
3288 2594 3620 2650 Testamenti

2015 2674 2232 2730 Veteris
2260 2673 2584 2733 inclinatur.
2605 2677 2699 2733 Ait
2728 2677 2899 2750 igitur
2927 2688 3151 2739 sanctus
3179 2683 3300 2740 vir:
3337 2683 3615 2742 Dicebam:

2017 2765 2207 2820 Gloria
2236 2783 2352 2820 mea
2383 2783 2583 2837 semper
2609 2767 2972 2840 innovabitur,
2997 2778 3047 2828 et
3068 2790 3228 2830 arcus
3254 2792 3398 2832 meus
3424 2776 3483 2832 in
3508 2794 3618 2834 ma-

2012 2870 2086 2909 nu
2113 2871 2230 2910 mea
2257 2854 2676 2914 instaurabitur.

2081 3030 2170 3086 56.
2179 3033 2287 3087 Hoc
2298 3049 2430 3088 arcu
2440 3040 2573 3089 recte
2583 3035 2872 3107 utitur,qui
2881 3038 3064 3095 divina
3075 3041 3284 3112 eloquia
3297 3043 3618 3116 intelligens,

2014 3137 2169 3191 opere
2191 3122 2418 3193 perﬁcit.
2449 3153 2520 3164 —
2546 3125 2724 3181 Arcus
2753 3126 2810 3181 in
2841 3143 3007 3184 manu
3030 3137 3114 3185 est
3151 3131 3433 3204 Scriptura
3465 3150 3620 3192 sacra

2010 3209 2069 3265 in
2082 3212 2418 3282 operatione.
2440 3214 2503 3269 In
2521 3231 2690 3271 manu
2709 3217 2912 3273 etenim
2933 3235 3122 3276 arcum
3146 3229 3296 3278 tenet
3315 3224 3409 3296 qui
3427 3225 3619 3282 divina

2008 3299 2228 3372 eloquia
2257 3317 2377 3374 qua
2407 3302 2693 3360 intellectu
2719 3307 3011 3378 cognoscit
3039 3312 3357 3381 operatione
3379 3314 3612 3385 perﬁcit.

2007 3387 2350 3445 Instauratur
2375 3407 2510 3463 ergo
2531 3409 2690 3449 arcus
2710 3393 2768 3449 in
2790 3413 2976 3465 manu,
3000 3397 3132 3454 dum
3154 3399 3430 3473 quidquid
3449 3402 3516 3458 de
3535 3419 3616 3459 sa-

2007 3492 2101 3532 cro
2122 3478 2341 3550 eloquio
2356 3481 2629 3538 studendo
2645 3486 3015 3555 cognoscitur,
3032 3487 3270 3546 vivendo
3287 3493 3612 3563 completur.

2010 3565 2150 3622 Hinc
2179 3568 2343 3624 etiam
2373 3569 2634 3627 Salomon
2651 3572 2785 3628 dum
2815 3575 2984 3632 fortes
3011 3577 3279 3649 spiritalis
3309 3596 3502 3654 pugna
3525 3583 3616 3641 de-

2005 3657 2266 3715 scriberet
2309 3659 2622 3731 bellatores,
2662 3663 2771 3720 ait:
2823 3668 3011 3723 Omnes
3050 3673 3272 3724 tenentes
3303 3673 3537 3741 gladios,
3567 3680 3617 3729 et

2006 3753 2078 3807 ad
2094 3753 2231 3808 bella
2252 3755 2543 3809 doctissimi
2569 3756 2750 3824 (Cant.
2770 3775 2854 3826 III,
2877 3760 2957 3830 8).
2978 3760 3122 3826 Quid
3143 3778 3378 3834 namque
3395 3764 3452 3818 in
3475 3765 3614 3819 divi-

2005 3856 2076 3894 na
2104 3841 2388 3911 Scriptura
2419 3859 2515 3913 per
2543 3843 2786 3914 gladium
2816 3845 3104 3916 ﬁguretur,
3135 3849 3336 3906 Paulus
3375 3852 3612 3922 aperuit,

2005 3927 2194 3984 dicens
2227 3945 2238 3983 :
2273 3929 2348 3984 Et
2395 3930 2633 4000 gladium
2673 3932 2916 4002 spiritus,
2963 3935 3104 4003 quod
3145 3942 3220 3990 est
3265 3937 3477 3992 verbum
3516 3939 3618 3995 Dei

2008 4017 2228 4089 (Ephes.
2262 4035 2343 4086 v1,
2389 4020 2502 4092 17).
2543 4017 2685 4093 [νει.
2719 4021 2949 4097 ΧΧΙΧ.]
2995 4023 3256 4082 Salomon
3283 4035 3467 4084 autem
3501 4045 3613 4086 non

2005 4103 2083 4159 ait
2107 4123 2118 4160 :
2153 4105 2356 4162 Omnes
2384 4107 2649 4166 habentes
2677 4109 2909 4182 gladios,
2939 4111 3034 4168 sed
3061 4119 3328 4184 tenentes,
3359 4117 3490 4190 quia
3517 4118 3614 4174 vi-

2003 4192 2203 4251 delicet
2247 4196 2477 4254 verbum
2526 4199 2625 4254 Dei
2678 4216 2790 4256 non
2836 4208 2919 4258 est
2961 4202 3214 4260 mirabile
3264 4205 3614 4265 solummodo

2003 4283 2166 4354 scire,
2215 4286 2310 4342 sed
2354 4288 2553 4346 facere.
2592 4290 2768 4350 Habet
2808 4291 3033 4365 quippe,
3061 4293 3156 4349 sed
3185 4309 3301 4351 non
3327 4303 3476 4353 tenet
3504 4299 3612 4372 gla-

2004 4372 2182 4444 dium,
2213 4377 2306 4448 qui
2337 4377 2592 4434 divinum
2622 4379 2846 4452 quidem
2877 4382 3161 4456 eloquium
3198 4385 3378 4453 novit,
3410 4387 3504 4443 sed
3533 4405 3613 4444 se-

2003 4461 2250 4518 cundum
2301 4464 2442 4520 illud
2490 4466 2678 4523 vivere
2732 4469 2979 4541 negligit.
3021 4472 3094 4527 Et
3139 4473 3335 4532 doctus
3378 4491 3494 4534 esse
3542 4476 3614 4534 ad

1925 4531 1974 4590 D
2002 4550 2189 4607 bella‘
2231 4551 2347 4623 jam
2403 4570 2514 4610 non
2569 4556 2738 4626 valet,
2787 4531 3226 4632 qui-spiritalem
3257 4531 3616 4637 quem

2005 4641 2250 4713 gladium
2292 4644 2522 4701 minime
2550 4656 2789 4706 exercet.
2837 4651 2976 4708 Nam
3009 4652 3260 4712 resistere
3290 4656 3621 4714 tentationi--

2007 4730 2114 4788 bus
2143 4734 2374 4791 omnino
2403 4752 2516 4792 non
2544 4738 2768 4810 sufﬁcit,
2813 4742 2907 4815 qui
2937 4741 3088 4801 hunc
3115 4744 3269 4801 verbi
3298 4747 3400 4802 Dei
3427 4754 3612 4802 tenere

2004 4824 2246 4894 gladium
2272 4828 2413 4884 male
2429 4827 2670 4888 vivendo
2684 4834 2980 4906 postponit.
3002 4836 3200 4894 Sancta
3221 4837 3404 4910 itaque
3425 4836 3610 4891 Eccle-

2003 4913 2105 4981 sia,
2125 4931 2246 4988 qua
2278 4916 2635 4992 subsequenti
2655 4923 2676 4958 ⁵
2708 4923 3086 4995 persecutione
3115 4924 3466 4995 deprimitur,
3499 4939 3610 4980 ma-

2001 5003 2188 5062 lorum
2243 5007 2642 5068 abundantiam
2689 5022 2743 5070 et
2771 5015 3041 5071 bonorum
3072 5013 3317 5085 inopiam
3348 5029 3607 5086 pensans,

2006 5093 2153 5150 beati
2206 5096 2310 5153 Job
2349 5099 2578 5157 vocibus
2620 5100 2820 5158 damna
2860 5121 2959 5159 sua
2989 5101 3344 5174 pranuntiet,
3373 5101 3602 5161 dicens:

2002 5183 2348 5258 Dicebamque
2367 5206 2386 5246 .°
2433 5191 2501 5246 In
2525 5190 2712 5247 nidulo
2739 5209 2850 5247 meo
2881 5190 3111 5260 moriar,
3153 5198 3201 5247 et
3245 5193 3381 5251 sicut
3418 5197 3605 5268 palma

2003 5471 2254 5548 nullique
2304 5487 2539 5546 quorum
2582 5474 2797 5548 copiam
2846 5475 3204 5540 habuerimus
3238 5483 3427 5543 favent
3465 5485 3602 5544 Mss.

2002 5543 2594 5628 [tectioneminostrar’n
2643 5543 2910 5628 exhibent
2943 5551 3079 5611 Cod.
3124 5555 3323 5628 Laud.,
3368 5543 3600 5626 Turon.,

2003 5615 2280 5695 Vindgc.,_
2299 5617 2522 5695 Norm._,_
2543 5617 2705 5695 Corb.
2739 5621 2950 5695 Germ.,
2977 5641 3198 5685 necnon
3224 5615 3336 5687 vet.
3365 5615 3597 5688 Excusi:

2073 5689 2096 5724 ⁵
2135 5687 2397 5756 Vindoc.,
2430 5690 2789 5750 tribulatione.
