4172 6184
481 262 584 319 135

1681 249 1931 307 SANCTI
1969 246 2309 305 GREGORII
2347 243 2574 301 MAGNI

3676 244 3775 304 136

478 358 837 454 multiplicabo
865 381 992 437 dies.
1025 379 1202 438 Radix
1246 396 1361 434 mea
1387 382 1573 449 aperta
1607 381 1683 432 est
1709 392 1850 432 secus
1877 391 2067 445 aquas,
2098 375 2148 433 A
2181 368 2475 427 dicationis
2513 367 2740 440 gratiam
2788 374 3113 425 restaurare.
3143 367 3276 437 Quae
3318 374 3506 425 tamen
3532 375 3780 442 tempora

478 481 527 534 et
551 492 641 531 ros
666 473 964 530 morabitur
993 471 1047 526 in
1073 471 1321 526 messione
1347 486 1481 526 mea.
1517 469 1707 526 Gloria
1733 485 1846 524 mea
1873 483 2075 539 semper
2176 458 2290 532 jam
2320 474 2469 515 nunc
2496 457 2782 515 inchoasse
2801 456 3233 530 ingemiscimus,
3254 473 3383 515 cum
3403 457 3609 515 multos
3636 457 3780 516 intra

478 564 836 628 innovabitur,
883 569 931 617 et
964 577 1122 616 arcus
1160 577 1306 616 meus
1355 559 1409 613 in
1459 576 1621 615 manu
1649 576 1763 614 mea
1788 558 2074 613 instaura—

480 654 642 710 bitur.
689 653 822 720 Quae
867 650 1124 707 videlicet
1153 657 1354 707 cuncta
1381 649 1755 718 considerans,
1791 651 1806 684 ¹
1858 666 2074 722 nequa-

480 759 643 816 quam
673 757 767 813 spe
786 755 938 796 cassa
959 738 1273 796 fallebatur.
1296 740 1434 796 Nam
1457 739 1686 811 perfecti
1707 739 1912 812 quique
1936 738 2074 794 mul-

480 842 565 890 tos
597 849 746 889 nunc
787 829 906 904 ejus
935 831 1286 903 conspiciunt
1311 831 1331 865 ²
1361 829 1660 903 adjutores,
1711 829 1807 886 sed
1846 835 2077 901 pensant

480 922 671 997 procul
692 919 866 978 dubio
884 919 1030 994 quod
1058 928 1368 994 emergente
1389 917 1786 992 persecutionis
1816 919 2076 987 articulo,

481 1026 551 1066 ex
579 1009 668 1068 his
688 1011 935 1084 plerique
965 1009 1150 1066 hostes
1176 1009 1328 1065 illius
1347 1009 1512 1078 ﬁunt,
1529 1007 1624 1081 qui
1639 1023 1753 1064 esse
1774 1007 1924 1080 pacis
1943 1013 2080 1062 tem-

482 1115 612 1172 pore
640 1099 758 1173 ejus
788 1101 936 1157 cives
964 1100 1244 1156 videntur.
1270 1100 1389 1156 Non
1416 1106 1600 1154 autem
1626 1097 1693 1154 de
1722 1097 1984 1154 omnibus
2003 1097 2081 1154 ita

482 1191 794 1264 desperant,
829 1190 923 1246 sed
958 1197 1141 1246 tamen
1181 1190 1502 1264 plerumque
1527 1189 1801 1261 contingit
1831 1196 1892 1245 ut
1921 1188 1977 1244 hi
2013 1188 2080 1244 de

483 1279 684 1352 quibus
707 1281 728 1314 ³
755 1279 1019 1352 majorem
1041 1279 1170 1336 ﬁdei
1187 1279 1445 1336 ﬁduciam
1464 1278 1790 1349 habuerant,
1812 1278 1918 1351 ipsi
1940 1277 2082 1350 ejus-

482 1366 608 1424 dem
637 1368 766 1425 ﬁdei
795 1368 978 1426 hostes
1006 1369 1026 1404 ⁴
1066 1369 1359 1426 atrociores
1386 1368 1540 1438 ﬁant,
1579 1376 1640 1424 ut
1690 1384 1783 1425 eos
1825 1376 1960 1425 tunc
1988 1367 2084 1422 vi-

483 1457 650 1513 deant
682 1465 873 1514 contra
893 1473 1045 1513 sacra
1068 1458 1286 1532 eloquia
1310 1474 1488 1530 agere,
1509 1473 1580 1513 ex
1615 1473 1850 1531 quorum
1867 1473 1924 1513 se
1944 1473 2085 1530 ope-

484 1543 697 1601 ratione
720 1543 1068 1602 crediderant
1088 1525 1205 1602 haec
1225 1525 1412 1601 eadem
1433 1525 1586 1602 sacra
1603 1525 1824 1618 eloquia
1841 1543 1911 1601 ad
1933 1525 2083 1619 prae-
2114 1525 2161 1585 B

563 1763 579 1798 ¹
614 1763 640 1818 1
673 1761 876 1830 Laud.,
904 1779 1068 1834 neque
1087 1780 1139 1818 se
1153 1780 1388 1834 peccasse
1415 1760 1725 1834 fallebatur.

558 1835 580 1907 ξ
618 1836 740 1907 Duo
771 1831 1323 1907 Laud.,jaudit—ores;
1371 1831 1517 1907 quod
1564 1833 1698 1890 olim
1727 1832 1996 1907 scriptum
2024 1831 2085 1889 in

487 1904 629 1962 Utic.
670 1905 760 1961 Sic
790 1904 954 1960 etiam
986 1905 1191 1960 habent
1225 1913 1335 1960 vet.
1370 1904 1475 1960 Ed.

560 1978 581 2011 ³
611 1975 837 2045 Pratel.,
865 1975 1076 2032 Gemet.
1105 1983 1159 2032 et
1191 1975 1474 2044 nonnulli,
1504 1974 1760 2046 majorem
1788 1977 1899 2048 spei
1916 1976 2010 2050 ﬁd.

2182 548 2485 606 Ecclesiam
2515 547 2722 621 positos
2747 546 3047 617 cernimus,
3078 546 3173 620 qui
3204 554 3299 603 aut
3327 547 3526 604 nolunt
3563 548 3782 621 operari

2183 639 2330 713 quod
2359 639 2702 712 intelligunt,
2721 645 2817 695 aut
2846 637 2952 695 hoc
2969 639 3149 712 ipsum
3179 655 3397 713 quoque
3424 656 3641 697 sacrum
3671 638 3783 696 elo-

2184 730 2376 802 quium
2407 728 2715 802 intelligere
2743 746 2806 785 ac
2846 744 3004 786 nosse
3033 735 3418 787 contemnunt.
3480 732 3530 786 A
3552 730 3785 786 veritate

2184 819 2388 876 etenim
2404 827 2712 878 avertentes
2739 819 3012 890 auditum,
3033 819 3101 877 ad
3117 819 3332 877 fabulas
3358 827 3784 889 convertuntur,

2185 917 2317 974 dum
2346 935 2520 974 omnes
2538 936 2655 990 qua:
2680 935 2780 974 sua
2806 924 2930 975 sunt
2954 923 3222 990 quaerunt,
3248 935 3355 974 non
3377 935 3497 989 quas
3521 924 3645 974 sunt
3662 919 3789 974 Iesu

2191 1009 2392 1065 Christi
2424 1009 2649 1081 (Philip.
2683 1026 2747 1075 Il,
2789 1009 2906 1080 21).
2947 1008 3164 1080 Scripta
3205 1007 3304 1064 Dei
3343 1007 3550 1081 ubique
3573 1016 3789 1081 reperta

2187 1105 2542 1171 opponuntur
2595 1099 2792 1168 oculis,
2850 1097 2945 1154 sed
3003 1097 3121 1155 haec
3162 1114 3488 1170 cognoscere
3533 1097 3786 1155 homines

2151 1193 2156 1197 ”
2188 1187 2574 1260 dedignantur.
2595 1189 2736 1245 Pene
2753 1189 2942 1244 nullus
2961 1187 3156 1261 quaerit
3186 1186 3325 1244 scire
3341 1187 3490 1261 quod
3526 1187 3782 1244 credidit.

2189 1278 2488 1334 Multitudo
2515 1287 2643 1351 ergo
2659 1278 2930 1335 bonorum
2952 1277 3381 1350 praecedentium
3408 1293 3596 1334 arcum
3623 1293 3787 1334 suum

2190 1365 2399 1423 destrui
2427 1369 2448 1402 ⁵
2506 1366 2676 1438 dolet,
2731 1384 2853 1441 quas
2898 1383 3116 1424 sacrum
3172 1366 3455 1442 eloquium
3494 1366 3787 1425 restaurari

2189 1471 2404 1530 semper
2429 1473 2526 1532 per
2553 1457 2802 1515 studium
2830 1456 3288 1531 subsequentium
3317 1455 3593 1516 credebat.

2193 1766 2267 1847 ᾼι
2287 1765 2833 1850 legendumvidetur
2858 1768 3005 1842 ﬁdei,
3033 1767 3162 1843 quia
3190 1767 3355 1842 paulo
3381 1773 3505 1841 post
3558 1764 3781 1839 legitur,

2265 1981 2286 2016 ⁵
2327 1953 2917 2039 ἐἶνίιᾶίνέὼ
2951 1983 3012 2038 In
3038 1990 3268 2052 recent.,
3315 1982 3540 2039 dolebat.

1471 2323 1877 2410 LIBER
2008 2321 2812 2412 VIGESIMUS.

492 2500 938 2583 [implicantur
955 2497 1172 2578 fusius
1206 2499 1492 2583 quinque
1519 2497 1746 2583 ulitmi
1779 2513 2003 2558 versus
2023 2513 2170 2583 cap.
2198 2515 2365 2583 x_xrx_
2385 2498 2488 2583 lib.
2521 2498 2658 2574 Job,
2686 2516 2838 2562 cum
2865 2500 3118 2583 integro
3141 2513 3290 2578 cap.
3319 2516 3470 2573 xxx,
3495 2498 3795 2562 maxime

1258 2581 1338 2643 de
1366 2577 1680 2642 haereticis
1708 2584 1768 2640 et
1795 2577 2182 2641 carnalibus
2213 2577 2574 2642 Ecclesiam
2599 2581 3008 2646 vexantibus.

1013 2741 1242 2800 CAPUT
1279 2740 1573 2799 PRIMUM.

2193 2738 2318 2794 illos
2345 2699 2584 2795 stillabat
2608 2739 2875 2810 eloquium
2910 2755 3103 2796 meum.
3134 2738 3527 2812 Exspectabam
3551 2755 3631 2794 me
3658 2739 3796 2795 sicut

565 2842 776 2902 6351.
795 2843 1072 2917 Scriptura
1087 2860 1243 2898 sacra
1253 2841 1452 2898 caeteris
1470 2839 1622 2896 libris
1635 2837 2092 2911 anteponenda.—-
2190 2827 2453 2917 pluviam,
2473 2834 2524 2883 et
2548 2845 2606 2884 os
2633 2844 2786 2883 suum
2805 2827 3130 2900 aperiebant,
3157 2828 3314 2900 quasi
3329 2829 3402 2886 ad
3415 2827 3634 2885 imbrem
3658 2845 3798 2886 sero-

493 2935 758 3004 Quamvis
779 2951 998 2992 omnem
1021 2933 1305 2989 scientiam
1327 2939 1490 3004 atque
1513 2928 1825 2986 doctrinam
1847 2927 2091 3000 Scriptu-

493 3040 554 3081 ra
596 3041 749 3082 sacra
792 3025 911 3081 sine
959 3022 1144 3095 aliqua
1185 3018 1594 3094 comparatione
1621 3015 1996 3085 transcendat,
2030 3023 2093 3072 ut

492 3121 701 3170 taceam
729 3112 878 3184 quod
921 3128 1051 3167 vera
1079 3109 1358 3182 praedicat,
1395 3106 1543 3182 quod
1587 3106 1656 3162 ad
1685 3107 1961 3163 cmlestem
1988 3120 2094 3178 pa-

494 3203 659 3260 triam
688 3171 885 3268 vdcat;
917 3199 1064 3273 quod
1080 3171 1126 3255 ιθ,
1152 3171 1385 3256 terrenis
1410 3171 1717 3254 desideriis
1759 3196 1828 3252 ad
1859 3171 2096 3268 superna
2133 3171 2177 3232 (ἶ

494 3288 872 3364 amplectenda
888 3305 983 3346 cor
1003 3288 1232 3362 legentis
1251 3287 1508 3344 immutat
1525 3306 1537 3355 ;
1559 3285 1708 3360 quod
1728 3285 1894 3343 dictis
1907 3285 2102 3343 obscu'

496 3379 738 3438 rioribus
766 3385 985 3436 exercet
1032 3378 1222 3447 fortes,
1258 3385 1312 3434 et
1339 3377 1586 3450 parvulis
1613 3375 1815 3433 humili
1845 3391 2098 3433 sermone

495 3468 802 3539 blanditur,
834 3467 981 3542 quod
1011 3483 1112 3524 nec
1133 3468 1213 3525 sic
1237 3468 1422 3526 clausa
1447 3475 1528 3524 est
1550 3474 1610 3523 ut
1638 3465 1854 3539 pavesci
1881 3465 2096 3537 debeat,

497 3576 599 3617 nec
627 3559 706 3616 sic
734 3565 882 3632 patet
912 3563 974 3614 ut
1014 3557 1264 3626 vilescat,
1291 3555 1439 3630 quod
1484 3572 1589 3612 usu
1611 3554 1895 3613 fastidium
1929 3555 2095 3622 tollit,

498 3656 553 3706 et
572 3656 726 3706 tanto
745 3647 986 3720 amplius
1007 3645 1260 3720 diligitur
1273 3653 1480 3720 quanto
1500 3645 1736 3718 amplius
1765 3644 2091 3711 meditatur;

499 3738 647 3814 quod
668 3739 898 3812 legentis
920 3737 1168 3795 animum
1197 3734 1505 3792 humilibus
1531 3735 1713 3792 verbis
1733 3733 1980 3807 adjuvat,
2011 3750 2099 3791 su-

497 3829 764 3886 blimibus
791 3828 1044 3886 sensibus
1070 3827 1238 3897 levat,
1265 3826 1413 3900 quod
1439 3825 1627 3900 aliquo
1658 3823 1822 3881 modo
1849 3841 1978 3882 cum
2011 3823 2100 3878 le-

501 3919 757 3992 gentibus
783 3919 1002 3988 crescit,
1026 3917 1173 3991 quod
1201 3935 1232 3974 a
1260 3917 1492 3973 rudibus
1516 3915 1816 3972 lectoribus
1834 3914 1989 3987 quasi
2018 3928 2098 3969 re-

499 4007 873 4079 cognoscitur,
895 4014 948 4062 et
977 4013 1162 4060 tamen
1187 4006 1366 4061 doctis
1391 4021 1605 4077 semper
1629 4020 1775 4060 nova
1793 4004 2096 4075 reperitur;

501 4105 564 4155 ut
608 4113 736 4168 ergo
779 4095 846 4152 de
889 4112 1073 4152 rerum
1104 4095 1344 4167 pondere
1374 4104 1604 4166 taceam,
1634 4095 1891 4154 scientias
1917 4105 2100 4152 tamen

501 4200 694 4242 omnes
719 4191 882 4258 atque
907 4183 1189 4240 doctrinas
1217 4183 1336 4256 ipso
1354 4184 1519 4241 etiam
1542 4184 1839 4243 locutionis
1856 4201 1967 4242 suae
1989 4201 2102 4240 mo-

501 4291 561 4334 re
600 4274 962 4345 transcendit,
1007 4274 1137 4349 quia
1179 4290 1293 4332 uno
1347 4274 1648 4350 eodemque
1676 4290 1926 4333 sermone
1967 4274 2102 4332 dum

502 4373 688 4424 narrat
707 4375 944 4438 textum,
967 4365 1151 4441 prodit
1172 4365 1519 4441 mysterium,
1536 4375 1590 4424 et
1609 4367 1688 4427 sic
1707 4367 1811 4425 scit
1830 4366 2104 4440 praeterita

502 4454 706 4527 dicere,
735 4465 798 4514 ut
824 4473 890 4515 eo
927 4457 1048 4530 ipso
1078 4456 1310 4514 noverit
1331 4457 1519 4514 futura
1557 4457 1876 4531 praedicare,
1906 4465 1960 4514 et
1988 4472 2102 4512 non

503 4545 795 4604 immutata
836 4545 1056 4605 dicendi
1088 4545 1304 4616 ordine,
1347 4545 1552 4604 eisdem
1583 4547 1718 4621 ipsis
1759 4545 2105 4606 sermonibus
2137 4543 2186 4602 D

503 4634 665 4694 novit
692 4638 709 4672 ί
757 4642 812 4692 et
853 4642 1102 4693 anteacta
1127 4635 1457 4705 describere,
1489 4643 1546 4693 et
1571 4636 1780 4710 agenda
1821 4636 2102 4704 nuntiare,

503 4727 649 4787 sicut
669 4725 788 4785 haec
815 4725 1005 4784 eadem
1033 4725 1181 4782 beati
1206 4725 1309 4782 Job
1340 4725 1507 4784 verba
1533 4735 1686 4796 sunt,
1719 4725 1823 4804 qui
1845 4725 1978 4782 dum
2007 4740 2107 4782 sua

505 4818 663 4888 dicit,
692 4826 878 4876 nostra
911 4814 1194 4891 praedicit;
1225 4814 1470 4890 dumque
1498 4816 1739 4872 lamenta
1763 4814 1985 4888 propria
2010 4829 2108 4887 per

505 4929 812 4972 sermonem
858 4910 1088 4981 indicat,
1118 4917 1320 4970 sanctae
1359 4911 1621 4971 Ecclesiae
1665 4927 1856 4970 causas
1883 4927 1981 4986 per
2009 4910 2108 4969 in-

505 5003 791 5064 tellectum
819 5011 997 5064 sonat.
1029 5003 1128 5061 Ait
1158 5003 1308 5060 enim
1333 5021 1346 5062 :

1131 5129 1360 5188 CAPUT
1401 5130 1474 5190 II.

581 5234 714 5293 Car.
745 5251 906 5305 xxxx,
935 5237 1108 5294 Vsus.
1145 5238 1328 5296 21-23.
1360 5269 1431 5279 —
1461 5237 1565 5306 Qui
1590 5253 1670 5292 me
1696 5235 2000 5304 audiebant,
2021 5253 2109 5292 ea:-

511 5323 808 5395 spectabant
833 5327 1160 5393 sententiam,
1191 5334 1239 5383 et
1264 5327 1448 5384 intenti
1477 5327 1712 5384 tacebant
1735 5327 1807 5382 ad
1833 5325 2110 5383 consilium.

512 5429 703 5470 meum.
743 5413 919 5473 Verbis
966 5415 1092 5472 meis
1141 5417 1335 5475 addere
1371 5419 1506 5476 nihil
1533 5417 1818 5486 audebant,
1865 5424 1913 5475 et
1955 5433 2112 5490 super

592 5627 607 5662 ί
652 5625 865 5694 Germ.,
915 5623 1078 5682 Corb.
1111 5625 1294 5682 Germ.
1328 5635 1380 5683 et
1421 5629 1555 5686 Cod.
1587 5648 1692 5688 ms.
1733 5630 1910 5690 Vallis
1938 5629 2110 5688 Clara)

517 5696 587 5754 ad
616 5714 779 5773 quem
818 5703 1108 5771 sequentes
1139 5697 1308 5754 libros
1335 5698 1526 5757 Mora].
1579 5704 2021 5775 recognovimus,
2058 5709 2112 5760 et

2200 2916 2387 2973 tinum.

2268 3046 2322 3102 2.
2355 3045 2560 3102 Fideles
2585 3045 2874 3104 Ecclesiam
2924 3047 3184 3104 docentem
3209 3047 3457 3114 audiunt,
3503 3047 3617 3120 ejus
3642 3047 3802 3104 verba

2204 3137 2455 3203 secuturi,
2473 3154 2578 3192 non
2596 3137 2916 3209 judicaturi.
2934 3169 3005 3181 —
3025 3139 3178 3196 Hanc
3195 3139 3400 3195 etenim
3416 3137 3562 3211 apud
3579 3137 3799 3194 beatum

2207 3228 2236 3284 Ι
2239 3228 2309 3285 ob
2328 3228 2496 3287 fuisse
2511 3230 2630 3302 subj
2637 3239 2884 3288 ectorum
2898 3231 3262 3289 reverentiam
3284 3228 3668 3288 indubitanter
3686 3242 3799 3285 cre-

2207 3317 2410 3376 dimus.
2442 3319 2569 3389 Sed,
2598 3320 2743 3378 sicut
2750 3320 2866 3394 jam
2884 3337 3025 3395 sape
3040 3321 3309 3391 diximus,
3327 3326 3516 3376 sancta
3533 3315 3800 3386 Ecclesia,

2207 3405 2589 3466 haereticorum
2600 3410 2687 3466 vel
2703 3410 3006 3468 carnalium
3020 3410 3474 3468 tribulationibus
3488 3422 3806 3482 pressapra-

2209 3499 2496 3556 teritorum
2537 3499 2914 3557 reminiscitur
2939 3508 3276 3574 temporum,
3322 3499 3382 3555 in
3410 3498 3614 3573 quibus
3641 3510 3803 3554 omne

2207 3587 2355 3660 quod
2369 3587 2439 3644 ab
2453 3605 2516 3644 ea
2531 3588 2874 3646 diciturcum
2897 3597 3048 3647 metu
3062 3607 3094 3648 a
3109 3589 3366 3646 ﬁdelibus
3383 3587 3630 3657 auditur,
3651 3593 3706 3642 et
3714 3583 3805 3641 ad.

2206 3677 2547 3734 vesariorum
2561 3695 2787 3735 suorum
2803 3680 3135 3752 proterviam
3151 3679 3461 3753 deplorans,
3477 3678 3644 3734 dicit:
3658 3675 3801 3750 [Rec.

2207 3769 2240 3825 Ι
2239 3769 2271 3825 Ι
2275 3767 2315 3843 .]
2336 3767 2438 3836 Qui
2456 3785 2536 3824 me
2547 3769 2850 3836 audiebant,
2867 3771 3565 3842 exspectabantsenteMiam,
3581 3773 3629 3823 et
3642 3768 3806 3822 inten-

2210 3859 2249 3912 ti
2265 3859 2500 3914 tacebant
2515 3859 2586 3914 ad
2605 3858 2881 3914 consilium
2898 3876 3085 3915 meum.
3110 3860 3191 3915 Ac
3208 3859 3255 3914 si
3275 3865 3458 3930 aperte
3478 3856 3627 3914 dicat
3649 3873 3660 3911 :
3682 3855 3805 3912 Non

2208 3955 2270 4004 ut
2285 3947 2343 4002 hi
2366 3948 2608 4020 protervi
2619 3964 2684 4005 ac
2702 3946 2922 4016 tumidi,
2942 3948 3036 4021 qui
3052 3947 3184 4004 dum
3197 3946 3446 4004 veritatis
3456 3944 3623 4002 verba
3635 3942 3806 4001 susci-

2209 4053 2334 4111 pere
2350 4045 2610 4107 reuuunt,
2630 4037 3034 4112 praedicationis
3053 4053 3182 4097 mea
3193 4036 3462 4095 sententia
3476 4035 3591 4110 qasi
3609 4034 3807 4092 docen-

2212 4125 2284 4182 do
2316 4134 2679 4198 praecurrunt.
2714 4126 2885 4200 Cujus
2913 4143 3062 4183 nunc
3082 4126 3340 4200 discipuli
3363 4126 3563 4182 intenti
3592 4124 3661 4181 ad
3689 4123 3810 4196 ejus

2210 4216 2503 4273 consilium
2530 4224 2736 4286 tacent,
2769 4218 2901 4291 quia
2929 4217 3096 4274 verba
3120 4215 3240 4290 ejus
3267 4233 3380 4274 non
3407 4216 3612 4274 audent
3631 4215 3808 4286 impu-

2211 4324 2395 4381 gnare,
2425 4307 2520 4364 sed
2553 4307 2793 4365 credere.
2836 4309 2907 4366 Ut
2933 4308 3081 4365 enim
3113 4307 3376 4381 proﬁcere
3403 4323 3475 4364 ex
3511 4305 3646 4380 ipsis
3675 4319 3812 4378 pos-

2209 4397 2342 4467 sint,
2389 4412 2452 4453 ea
2497 4397 2686 4470 procul
2717 4397 2888 4456 dubio
2934 4413 3047 4456 non
3070 4396 3398 4470 judicaturi,
3428 4395 3525 4455 sed
3569 4392 3811 4454 secuturi

2217 4487 2472 4544 audiunt.

2287 4594 2340 4653 3.
2371 4595 2510 4667 Ejus
2564 4595 2817 4655 doctrinm
2834 4597 2969 4654 nihil
3009 4596 3234 4654 addunt.
3269 4598 3422 4654 Secus
3454 4589 3707 4649 haeretici.
3739 4622 3812 4634 —

2217 4686 2295 4742 De
2324 4685 2526 4759 quibus
2552 4693 2696 4744 recte
2716 4685 3109 4758 subjungitur:
3149 4684 3326 4743 Verbis
3353 4679 3688 4738 meisaddere
3719 4681 3814 4736 ni-

2218 4773 2295 4830 hil
2322 4775 2604 4844 audebant,
2633 4775 2762 4848 quia
2780 4775 3049 4830 nimirum
3081 4779 3214 4827 tunc
3241 4768 3487 4827 haeretici
3514 4785 3642 4827 cum
3671 4785 3816 4826 con-

2219 4877 2304 4928 tra
2332 4869 2474 4927 hanc
2505 4869 2757 4926 libertate
2804 4867 3041 4940 pessima
3084 4865 3294 4922 fuerint
3337 4863 3610 4934 effrenati,
3653 4863 3817 4922 dictis

2219 4960 2339 5034 ejus
2364 4959 2562 5017 addere
2581 4957 2793 5032 aliquid
2831 4963 3194 5030 praesumunt,
3222 4972 3350 5014 cum
3372 4953 3816 5030 praedicamento-

2219 5068 2342 5110 rum
2371 5049 2489 5124 ejus
2531 5046 2920 5107 rectitudinem
2966 5045 3122 5120 quasi
3169 5045 3460 5103 emendare
3489 5044 3815 5101 moliuntur.

2221 5141 2353 5210 Quae
2372 5141 2555 5198 adhuc
2589 5137 2656 5197 de
2694 5133 2856 5195 bonis
2886 5135 3240 5194 auditoribus
3271 5134 3460 5194 subdit
3489 5152 3508 5192 .'
3557 5135 3630 5191 Et
3659 5149 3819 5206 super

2221 5232 2344 5288 illos
2371 5231 2612 5288 stillabat
2628 5229 2893 5300 eloquium
2907 5245 3096 5284 meum.

2292 5321 2347 5378 4.
2385 5322 2769 5379 Ρνωάἱοαωνεε
2809 5319 2882 5375 ad
2938 5317 3250 5374 auditorum
3301 5322 3510 5388 captum
3560 5311 3744 5369 debent
3769 5328 3822 5368 se

2223 5413 2548 5470 contrahere.
2579 5443 2650 5455 —
2678 5412 2741 5468 In
2770 5409 2874 5469 hac
2901 5408 3204 5467 stillatione
3249 5405 3458 5479 eloquii
3506 5403 3642 5478 quid
3668 5400 3821 5460 aliud

2223 5629 2318 5686 alii
2339 5628 2562 5698 habent,
2582 5634 2629 5685 et
2643 5635 2780 5686 acta.
2807 5625 3114 5698 Laudatum
3131 5619 3386 5682 Codicem
3409 5617 3512 5678 hac
3523 5628 3654 5678 nota
3672 5616 3822 5677 dein-

2223 5717 2348 5776 ceps
2376 5697 2824 5776 designabimus:
2858 5699 2982 5757 Val.
3015 5697 3162 5757 Clar.
