  <div class='ocr_page' id='page_1' title='image "/cluster/home/n/w/nwhite01/storage/ocr_20150623/76/hvd.32044052772456/076.png"; bbox 0 0 4172 6184; ppageno 0'>
   <div class='ocr_carea' id='block_1_1' title="bbox 326 319 2801 400">
    <p class='ocr_par' dir='ltr' id='par_1_1' title="bbox 326 319 2801 400">
     <span class='ocr_line' id='line_1_1' title="bbox 326 319 2801 400; baseline 0.003 -8"><span class='ocrx_word' id='word_1_1' title='bbox 326 337 418 393; x_wconf 74' lang='lat'><strong>137</strong></span> <span class='ocrx_word' id='word_1_2' title='bbox 980 319 983 322; x_wconf 76' lang='grc'><em>’</em></span> <span class='ocrx_word' id='word_1_3' title='bbox 1083 333 1455 392; x_wconf 78' lang='lat' dir='ltr'><strong>MORALIUM</strong></span> <span class='ocrx_word' id='word_1_4' title='bbox 1494 336 1627 393; x_wconf 88' lang='lat' dir='ltr'><strong>LIB.</strong></span> <span class='ocrx_word' id='word_1_5' title='bbox 1670 336 1798 393; x_wconf 84' lang='lat' dir='ltr'><strong>xx.</strong></span> <span class='ocrx_word' id='word_1_6' title='bbox 1840 366 1911 380; x_wconf 90' lang='grc'><strong><em>-</em></strong></span> <span class='ocrx_word' id='word_1_7' title='bbox 1948 338 2021 393; x_wconf 89' lang='lat' dir='ltr'><strong>IN</strong></span> <span class='ocrx_word' id='word_1_8' title='bbox 2059 338 2288 396; x_wconf 86' lang='lat' dir='ltr'><strong>CAPUT</strong></span> <span class='ocrx_word' id='word_1_9' title='bbox 2328 340 2515 398; x_wconf 71' lang='lat' dir='ltr'><strong>xxxx</strong></span> <span class='ocrx_word' id='word_1_10' title='bbox 2554 343 2617 397; x_wconf 92' lang='lat' dir='ltr'><strong>B.</strong></span> <span class='ocrx_word' id='word_1_11' title='bbox 2659 344 2801 400; x_wconf 66' lang='grc' dir='ltr'><strong>ποθ.</strong></span> 
     </span>
    </p>
   </div>
   <div class='ocr_carea' id='block_1_2' title="bbox 3483 350 3586 411">
    <p class='ocr_par' dir='ltr' id='par_1_2' title="bbox 3483 350 3586 411">
     <span class='ocr_line' id='line_1_2' title="bbox 3483 350 3586 411; baseline 0.039 -3"><span class='ocrx_word' id='word_1_12' title='bbox 3483 350 3586 411; x_wconf 76' lang='grc'><strong>138</strong></span> 
     </span>
    </p>
   </div>
   <div class='ocr_carea' id='block_1_3' title="bbox 321 454 3588 535">
    <p class='ocr_par' dir='ltr' id='par_1_3' title="bbox 321 454 3588 535">
     <span class='ocr_line' id='line_1_3' title="bbox 321 454 3588 535; baseline 0.006 -19"><span class='ocrx_word' id='word_1_13' title='bbox 321 477 476 535; x_wconf 86' lang='lat' dir='ltr'><strong>quam</strong></span> <span class='ocrx_word' id='word_1_14' title='bbox 501 471 732 528; x_wconf 81' lang='lat' dir='ltr'><strong>mensura</strong></span> <span class='ocrx_word' id='word_1_15' title='bbox 758 462 961 512; x_wconf 84' lang='lat' dir='ltr'><strong>sancta</strong></span> <span class='ocrx_word' id='word_1_16' title='bbox 981 454 1387 528; x_wconf 84' lang='lat' dir='ltr'><strong>pradicationis</strong></span> <span class='ocrx_word' id='word_1_17' title='bbox 1413 460 1727 532; x_wconf 79' lang='lat' dir='ltr'><strong>accipitur?</strong></span> <span class='ocrx_word' id='word_1_18' title='bbox 1752 460 1883 533; x_wconf 84' lang='lat' dir='ltr'><strong>quia</strong></span> <span class='ocrx_word' id='word_1_19' title='bbox 1910 463 1963 521; x_wconf 83' lang='lat' dir='ltr'><strong>A</strong></span> <span class='ocrx_word' id='word_1_20' title='bbox 1992 460 2134 530; x_wconf 89' lang='lat' dir='ltr'><strong>buit,</strong></span> <span class='ocrx_word' id='word_1_21' title='bbox 2151 463 2280 535; x_wconf 84' lang='lat' dir='ltr'><strong>quia</strong></span> <span class='ocrx_word' id='word_1_22' title='bbox 2299 463 2585 535; x_wconf 85' lang='lat' dir='ltr'><strong>pradicari</strong></span> <span class='ocrx_word' id='word_1_23' title='bbox 2610 464 2807 522; x_wconf 90' lang='lat' dir='ltr'><strong>diebus</strong></span> <span class='ocrx_word' id='word_1_24' title='bbox 2824 466 3037 525; x_wconf 82' lang='lat' dir='ltr'><strong>ultimis</strong></span> <span class='ocrx_word' id='word_1_25' title='bbox 3056 470 3457 535; x_wconf 78' lang='lat' dir='ltr'><strong>incarnationis</strong></span> <span class='ocrx_word' id='word_1_26' title='bbox 3475 494 3588 535; x_wconf 84' lang='lat' dir='ltr'><strong>sua</strong></span> 
     </span>
    </p>
   </div>
   <div class='ocr_carea' id='block_1_4' title="bbox 321 547 1880 628">
    <p class='ocr_par' dir='ltr' id='par_1_4' title="bbox 321 547 1880 628">
     <span class='ocr_line' id='line_1_4' title="bbox 321 547 1880 628; baseline 0.001 -21"><span class='ocrx_word' id='word_1_27' title='bbox 321 558 513 628; x_wconf 88' lang='lat' dir='ltr'><strong>oportet</strong></span> <span class='ocrx_word' id='word_1_28' title='bbox 537 555 668 613; x_wconf 83' lang='lat'><strong>636</strong></span> <span class='ocrx_word' id='word_1_29' title='bbox 712 555 777 605; x_wconf 92' lang='lat' dir='ltr'><strong>ut</strong></span> <span class='ocrx_word' id='word_1_30' title='bbox 816 547 1220 608; x_wconf 74' lang='lat' dir='ltr'><strong>exhortationis</strong></span> <span class='ocrx_word' id='word_1_31' title='bbox 1260 552 1433 624; x_wconf 89' lang='lat' dir='ltr'><strong>gratia</strong></span> <span class='ocrx_word' id='word_1_32' title='bbox 1474 552 1520 608; x_wconf 91' lang='lat' dir='ltr'><strong>si</strong></span> <span class='ocrx_word' id='word_1_33' title='bbox 1550 552 1693 625; x_wconf 80' lang='lat' dir='ltr'><strong>gulis</strong></span> <span class='ocrx_word' id='word_1_34' title='bbox 1715 552 1880 624; x_wconf 85' lang='lat' dir='ltr'><strong>juxta</strong></span> 
     </span>
    </p>
   </div>
   <div class='ocr_carea' id='block_1_5' title="bbox 320 645 1880 725">
    <p class='ocr_par' dir='ltr' id='par_1_5' title="bbox 320 645 1880 725">
     <span class='ocr_line' id='line_1_5' title="bbox 320 645 1880 725; baseline -0.001 -17"><span class='ocrx_word' id='word_1_35' title='bbox 320 650 634 725; x_wconf 73' lang='lat' dir='ltr'><strong>capacitatem</strong></span> <span class='ocrx_word' id='word_1_36' title='bbox 668 645 880 720; x_wconf 83' lang='lat' dir='ltr'><strong>ingenii</strong></span> <span class='ocrx_word' id='word_1_37' title='bbox 910 647 1247 705; x_wconf 86' lang='lat' dir='ltr'><strong>conferatur.</strong></span> <span class='ocrx_word' id='word_1_38' title='bbox 1297 650 1400 706; x_wconf 92' lang='lat' dir='ltr'><strong>Per</strong></span> <span class='ocrx_word' id='word_1_39' title='bbox 1437 648 1544 708; x_wconf 93' lang='lat' dir='ltr'><strong>hoc</strong></span> <span class='ocrx_word' id='word_1_40' title='bbox 1571 666 1701 722; x_wconf 88' lang='lat' dir='ltr'><strong>ergo</strong></span> <span class='ocrx_word' id='word_1_41' title='bbox 1731 650 1880 723; x_wconf 91' lang='lat' dir='ltr'><strong>quod</strong></span> 
     </span>
    </p>
   </div>
   <div class='ocr_carea' id='block_1_6' title="bbox 317 735 1881 806">
    <p class='ocr_par' dir='ltr' id='par_1_6' title="bbox 317 735 1881 806">
     <span class='ocr_line' id='line_1_6' title="bbox 317 735 1881 806; baseline 0.001 -11"><span class='ocrx_word' id='word_1_42' title='bbox 317 738 515 796; x_wconf 83' lang='lat' dir='ltr'><strong>dicitur:</strong></span> <span class='ocrx_word' id='word_1_43' title='bbox 546 735 721 794; x_wconf 78' lang='lat' dir='ltr'><strong>Verbis</strong></span> <span class='ocrx_word' id='word_1_44' title='bbox 738 735 869 790; x_wconf 87' lang='lat' dir='ltr'><strong>meis</strong></span> <span class='ocrx_word' id='word_1_45' title='bbox 888 736 1084 793; x_wconf 81' lang='lat' dir='ltr'><strong>addere</strong></span> <span class='ocrx_word' id='word_1_46' title='bbox 1100 737 1240 795; x_wconf 81' lang='lat' dir='ltr'><strong>nihil</strong></span> <span class='ocrx_word' id='word_1_47' title='bbox 1265 740 1550 806; x_wconf 79' lang='lat' dir='ltr'><strong>audebant,</strong></span> <span class='ocrx_word' id='word_1_48' title='bbox 1571 738 1881 796; x_wconf 89' lang='lat' dir='ltr'><strong>reverentia</strong></span> 
     </span>
    </p>
   </div>
   <div class='ocr_carea' id='block_1_7' title="bbox 314 822 1874 900">
    <p class='ocr_par' dir='ltr' id='par_1_7' title="bbox 314 822 1874 900">
     <span class='ocr_line' id='line_1_7' title="bbox 314 822 1874 900; baseline 0.003 -19"><span class='ocrx_word' id='word_1_49' title='bbox 314 824 536 881; x_wconf 82' lang='lat' dir='ltr'><strong>laudatur</strong></span> <span class='ocrx_word' id='word_1_50' title='bbox 558 822 931 881; x_wconf 87' lang='lat' dir='ltr'><strong>audientium.</strong></span> <span class='ocrx_word' id='word_1_51' title='bbox 964 825 1067 883; x_wconf 90' lang='lat' dir='ltr'><strong>Per</strong></span> <span class='ocrx_word' id='word_1_52' title='bbox 1094 825 1201 883; x_wconf 89' lang='lat' dir='ltr'><strong>hoc</strong></span> <span class='ocrx_word' id='word_1_53' title='bbox 1228 842 1362 884; x_wconf 89' lang='lat' dir='ltr'><strong>vero</strong></span> <span class='ocrx_word' id='word_1_54' title='bbox 1405 827 1552 900; x_wconf 92' lang='lat' dir='ltr'><strong>quod</strong></span> <span class='ocrx_word' id='word_1_55' title='bbox 1585 827 1874 885; x_wconf 86' lang='lat' dir='ltr'><strong>subditur:</strong></span> 
     </span>
    </p>
   </div>
   <div class='ocr_carea' id='block_1_8' title="bbox 309 912 1879 986">
    <p class='ocr_par' dir='ltr' id='par_1_8' title="bbox 309 912 1879 986">
     <span class='ocr_line' id='line_1_8' title="bbox 309 912 1879 986; baseline 0.001 -15"><span class='ocrx_word' id='word_1_56' title='bbox 309 914 371 971; x_wconf 83' lang='lat' dir='ltr'><strong>Et</strong></span> <span class='ocrx_word' id='word_1_57' title='bbox 396 929 540 986; x_wconf 87' lang='lat' dir='ltr'><strong>super</strong></span> <span class='ocrx_word' id='word_1_58' title='bbox 563 912 691 970; x_wconf 84' lang='lat' dir='ltr'><strong>illos</strong></span> <span class='ocrx_word' id='word_1_59' title='bbox 710 913 952 970; x_wconf 77' lang='lat' dir='ltr'><strong>stillabat</strong></span> <span class='ocrx_word' id='word_1_60' title='bbox 970 913 1232 986; x_wconf 73' lang='lat' dir='ltr'><strong>eloquium</strong></span> <span class='ocrx_word' id='word_1_61' title='bbox 1259 932 1451 986; x_wconf 87' lang='lat' dir='ltr'><strong>meum,</strong></span> <span class='ocrx_word' id='word_1_62' title='bbox 1472 915 1751 973; x_wconf 88' lang='lat' dir='ltr'><strong>indicatur</strong></span> <span class='ocrx_word' id='word_1_63' title='bbox 1769 916 1879 973; x_wconf 86' lang='lat' dir='ltr'><strong>dis-</strong></span> 
     </span>
    </p>
   </div>
   <div class='ocr_carea' id='block_1_9' title="bbox 307 1002 1878 1082">
    <p class='ocr_par' dir='ltr' id='par_1_9' title="bbox 307 1002 1878 1082">
     <span class='ocr_line' id='line_1_9' title="bbox 307 1002 1878 1082; baseline 0.003 -23"><span class='ocrx_word' id='word_1_64' title='bbox 307 1003 524 1078; x_wconf 70' lang='lat' dir='ltr'><strong>penSatio</strong></span> <span class='ocrx_word' id='word_1_65' title='bbox 556 1002 973 1077; x_wconf 83' lang='lat' dir='ltr'><strong>magistrorum.</strong></span> <span class='ocrx_word' id='word_1_66' title='bbox 1018 1003 1191 1062; x_wconf 85' lang='lat' dir='ltr'><strong>Debet</strong></span> <span class='ocrx_word' id='word_1_67' title='bbox 1223 1005 1372 1062; x_wconf 90' lang='lat' dir='ltr'><strong>enim</strong></span> <span class='ocrx_word' id='word_1_68' title='bbox 1401 1006 1682 1064; x_wconf 84' lang='lat' dir='ltr'><strong>subtiliter</strong></span> <span class='ocrx_word' id='word_1_69' title='bbox 1707 1007 1755 1064; x_wconf 90' lang='lat' dir='ltr'><strong>is</strong></span> <span class='ocrx_word' id='word_1_70' title='bbox 1783 1009 1878 1082; x_wconf 87' lang='lat' dir='ltr'><strong>qui</strong></span> 
     </span>
    </p>
   </div>
   <div class='ocr_carea' id='block_1_10' title="bbox 304 1092 1879 1170">
    <p class='ocr_par' dir='ltr' id='par_1_10' title="bbox 304 1092 1879 1170">
     <span class='ocr_line' id='line_1_10' title="bbox 304 1092 1879 1170; baseline 0.004 -21"><span class='ocrx_word' id='word_1_71' title='bbox 304 1092 440 1150; x_wconf 84' lang='lat' dir='ltr'><strong>docet</strong></span> <span class='ocrx_word' id='word_1_72' title='bbox 465 1093 794 1167; x_wconf 86' lang='lat' dir='ltr'><strong>perspicere,</strong></span> <span class='ocrx_word' id='word_1_73' title='bbox 833 1110 904 1150; x_wconf 91' lang='lat' dir='ltr'><strong>ne</strong></span> <span class='ocrx_word' id='word_1_74' title='bbox 932 1094 1057 1167; x_wconf 90' lang='lat' dir='ltr'><strong>plus</strong></span> <span class='ocrx_word' id='word_1_75' title='bbox 1084 1095 1301 1153; x_wconf 87' lang='lat' dir='ltr'><strong>studeat</strong></span> <span class='ocrx_word' id='word_1_76' title='bbox 1329 1113 1494 1170; x_wconf 89' lang='lat' dir='ltr'><strong>quam</strong></span> <span class='ocrx_word' id='word_1_77' title='bbox 1523 1097 1592 1154; x_wconf 87' lang='lat' dir='ltr'><strong>ab</strong></span> <span class='ocrx_word' id='word_1_78' title='bbox 1620 1097 1879 1155; x_wconf 83' lang='lat' dir='ltr'><strong>audiente</strong></span> 
     </span>
    </p>
   </div>
   <div class='ocr_carea' id='block_1_11' title="bbox 301 1182 1875 1256">
    <p class='ocr_par' dir='ltr' id='par_1_11' title="bbox 301 1182 1875 1256">
     <span class='ocr_line' id='line_1_11' title="bbox 301 1182 1875 1256; baseline 0.003 -17"><span class='ocrx_word' id='word_1_79' title='bbox 301 1183 490 1256; x_wconf 85' lang='lat' dir='ltr'><strong>capitur</strong></span> <span class='ocrx_word' id='word_1_80' title='bbox 513 1182 837 1256; x_wconf 71' lang='lat' dir='ltr'><strong>pradicare.</strong></span> <span class='ocrx_word' id='word_1_81' title='bbox 866 1183 1041 1240; x_wconf 88' lang='lat' dir='ltr'><strong>Debet</strong></span> <span class='ocrx_word' id='word_1_82' title='bbox 1067 1185 1216 1242; x_wconf 91' lang='lat' dir='ltr'><strong>enim</strong></span> <span class='ocrx_word' id='word_1_83' title='bbox 1248 1187 1318 1243; x_wconf 85' lang='lat' dir='ltr'><strong>ad</strong></span> <span class='ocrx_word' id='word_1_84' title='bbox 1346 1187 1726 1244; x_wconf 85' lang='lat' dir='ltr'><strong>inﬁrmitatem</strong></span> <span class='ocrx_word' id='word_1_85' title='bbox 1774 1205 1875 1244; x_wconf 81' lang='lat' dir='ltr'><strong>au-</strong></span> 
     </span>
    </p>
   </div>
   <div class='ocr_carea' id='block_1_12' title="bbox 300 1271 1879 1346">
    <p class='ocr_par' dir='ltr' id='par_1_12' title="bbox 300 1271 1879 1346">
     <span class='ocr_line' id='line_1_12' title="bbox 300 1271 1879 1346; baseline 0.003 -18"><span class='ocrx_word' id='word_1_86' title='bbox 300 1271 541 1330; x_wconf 88' lang='lat' dir='ltr'><strong>dientium</strong></span> <span class='ocrx_word' id='word_1_87' title='bbox 588 1273 949 1346; x_wconf 86' lang='lat' dir='ltr'><strong>semetipsum</strong></span> <span class='ocrx_word' id='word_1_88' title='bbox 993 1275 1376 1333; x_wconf 89' lang='lat' dir='ltr'><strong>contrahendo</strong></span> <span class='ocrx_word' id='word_1_89' title='bbox 1412 1277 1762 1346; x_wconf 87' lang='lat' dir='ltr'><strong>descendere,</strong></span> <span class='ocrx_word' id='word_1_90' title='bbox 1810 1293 1879 1333; x_wconf 92' lang='lat' dir='ltr'><strong>ne</strong></span> 
     </span>
    </p>
   </div>
   <div class='ocr_carea' id='block_1_13' title="bbox 297 1359 1881 1440">
    <p class='ocr_par' dir='ltr' id='par_1_13' title="bbox 297 1359 1881 1440">
     <span class='ocr_line' id='line_1_13' title="bbox 297 1359 1881 1440; baseline 0.001 -19"><span class='ocrx_word' id='word_1_91' title='bbox 297 1359 410 1421; x_wconf 84' lang='lat' dir='ltr'><strong>dum</strong></span> <span class='ocrx_word' id='word_1_92' title='bbox 435 1362 622 1434; x_wconf 83' lang='lat' dir='ltr'><strong>parvis</strong></span> <span class='ocrx_word' id='word_1_93' title='bbox 660 1362 943 1431; x_wconf 89' lang='lat' dir='ltr'><strong>sublimia,</strong></span> <span class='ocrx_word' id='word_1_94' title='bbox 991 1369 1046 1418; x_wconf 91' lang='lat' dir='ltr'><strong>et</strong></span> <span class='ocrx_word' id='word_1_95' title='bbox 1086 1363 1295 1422; x_wconf 90' lang='lat' dir='ltr'><strong>idcirco</strong></span> <span class='ocrx_word' id='word_1_96' title='bbox 1323 1383 1436 1422; x_wconf 91' lang='lat' dir='ltr'><strong>non</strong></span> <span class='ocrx_word' id='word_1_97' title='bbox 1466 1367 1759 1440; x_wconf 88' lang='lat' dir='ltr'><strong>profutura</strong></span> <span class='ocrx_word' id='word_1_98' title='bbox 1788 1366 1881 1423; x_wconf 94' lang='lat' dir='ltr'><strong>lo-</strong></span> 
     </span>
    </p>
   </div>
   <div class='ocr_carea' id='block_1_14' title="bbox 297 1452 1880 1531">
    <p class='ocr_par' dir='ltr' id='par_1_14' title="bbox 297 1452 1880 1531">
     <span class='ocr_line' id='line_1_14' title="bbox 297 1452 1880 1531; baseline 0.005 -25"><span class='ocrx_word' id='word_1_99' title='bbox 297 1452 482 1525; x_wconf 84' lang='lat' dir='ltr'><strong>quitur,</strong></span> <span class='ocrx_word' id='word_1_100' title='bbox 528 1470 585 1511; x_wconf 89' lang='lat' dir='ltr'><strong>se</strong></span> <span class='ocrx_word' id='word_1_101' title='bbox 630 1453 802 1526; x_wconf 87' lang='lat' dir='ltr'><strong>magis</strong></span> <span class='ocrx_word' id='word_1_102' title='bbox 841 1462 997 1510; x_wconf 92' lang='lat' dir='ltr'><strong>curet</strong></span> <span class='ocrx_word' id='word_1_103' title='bbox 1024 1456 1310 1512; x_wconf 87' lang='lat' dir='ltr'><strong>ostendere</strong></span> <span class='ocrx_word' id='word_1_104' title='bbox 1339 1474 1504 1531; x_wconf 90' lang='lat' dir='ltr'><strong>quam</strong></span> <span class='ocrx_word' id='word_1_105' title='bbox 1535 1458 1880 1514; x_wconf 88' lang='lat' dir='ltr'><strong>auditoribus</strong></span> 
     </span>
    </p>
   </div>
   <div class='ocr_carea' id='block_1_15' title="bbox 293 1542 1878 1617">
    <p class='ocr_par' dir='ltr' id='par_1_15' title="bbox 293 1542 1878 1617">
     <span class='ocr_line' id='line_1_15' title="bbox 293 1542 1878 1617; baseline 0.004 -19"><span class='ocrx_word' id='word_1_106' title='bbox 293 1542 546 1615; x_wconf 82' lang='lat' dir='ltr'><strong>prodesse.</strong></span> <span class='ocrx_word' id='word_1_107' title='bbox 579 1542 725 1617; x_wconf 83' lang='lat' dir='ltr'><strong>[Vet.</strong></span> <span class='ocrx_word' id='word_1_108' title='bbox 760 1542 867 1617; x_wconf 77' lang='lat'><strong>11.]</strong></span> <span class='ocrx_word' id='word_1_109' title='bbox 896 1543 1130 1601; x_wconf 74' lang='lat' dir='ltr'><strong>lubente</strong></span> <span class='ocrx_word' id='word_1_110' title='bbox 1159 1554 1343 1603; x_wconf 89' lang='lat' dir='ltr'><strong>autem</strong></span> <span class='ocrx_word' id='word_1_111' title='bbox 1369 1548 1632 1617; x_wconf 90' lang='lat' dir='ltr'><strong>Domino,</strong></span> <span class='ocrx_word' id='word_1_112' title='bbox 1650 1564 1762 1604; x_wconf 91' lang='lat' dir='ltr'><strong>non</strong></span> <span class='ocrx_word' id='word_1_113' title='bbox 1793 1565 1878 1605; x_wconf 81' lang='lat' dir='ltr'><strong>so-</strong></span> 
     </span>
    </p>
   </div>
   <div class='ocr_carea' id='block_1_16' title="bbox 292 1632 1878 1711">
    <p class='ocr_par' dir='ltr' id='par_1_16' title="bbox 292 1632 1878 1711">
     <span class='ocr_line' id='line_1_16' title="bbox 292 1632 1878 1711; baseline 0.004 -23"><span class='ocrx_word' id='word_1_114' title='bbox 292 1632 394 1689; x_wconf 89' lang='lat' dir='ltr'><strong>lum</strong></span> <span class='ocrx_word' id='word_1_115' title='bbox 425 1633 622 1707; x_wconf 86' lang='lat' dir='ltr'><strong>phiala</strong></span> <span class='ocrx_word' id='word_1_116' title='bbox 660 1634 730 1692; x_wconf 91' lang='lat' dir='ltr'><strong>ad</strong></span> <span class='ocrx_word' id='word_1_117' title='bbox 758 1650 1002 1691; x_wconf 87' lang='lat' dir='ltr'><strong>mensam</strong></span> <span class='ocrx_word' id='word_1_118' title='bbox 1033 1636 1397 1707; x_wconf 88' lang='lat' dir='ltr'><strong>tabernaculi,</strong></span> <span class='ocrx_word' id='word_1_119' title='bbox 1428 1638 1523 1694; x_wconf 89' lang='lat' dir='ltr'><strong>sed</strong></span> <span class='ocrx_word' id='word_1_120' title='bbox 1551 1639 1717 1695; x_wconf 89' lang='lat' dir='ltr'><strong>etiam</strong></span> <span class='ocrx_word' id='word_1_121' title='bbox 1746 1655 1878 1711; x_wconf 90' lang='lat' dir='ltr'><strong>cya-</strong></span> 
     </span>
    </p>
   </div>
   <div class='ocr_carea' id='block_1_17' title="bbox 294 1720 1880 1800">
    <p class='ocr_par' dir='ltr' id='par_1_17' title="bbox 294 1720 1880 1800">
     <span class='ocr_line' id='line_1_17' title="bbox 294 1720 1880 1800; baseline 0.004 -23"><span class='ocrx_word' id='word_1_122' title='bbox 294 1720 361 1778; x_wconf 89' lang='lat' dir='ltr'><strong>thi</strong></span> <span class='ocrx_word' id='word_1_123' title='bbox 386 1731 763 1797; x_wconf 69' lang='lat' dir='ltr'><strong>praeparantur</strong></span> <span class='ocrx_word' id='word_1_124' title='bbox 791 1725 996 1797; x_wconf 70' lang='lat' dir='ltr'><strong>(Exod.</strong></span> <span class='ocrx_word' id='word_1_125' title='bbox 1031 1741 1253 1796; x_wconf 83' lang='lat' dir='ltr'><strong>xxxvn,</strong></span> <span class='ocrx_word' id='word_1_126' title='bbox 1289 1728 1401 1799; x_wconf 87' lang='grc'><strong>16).</strong></span> <span class='ocrx_word' id='word_1_127' title='bbox 1435 1727 1579 1796; x_wconf 90' lang='lat' dir='ltr'><strong>Quid</strong></span> <span class='ocrx_word' id='word_1_128' title='bbox 1604 1728 1750 1783; x_wconf 91' lang='lat' dir='ltr'><strong>enim</strong></span> <span class='ocrx_word' id='word_1_129' title='bbox 1781 1744 1880 1800; x_wconf 90' lang='lat' dir='ltr'><strong>per</strong></span> 
     </span>
    </p>
   </div>
   <div class='ocr_carea' id='block_1_18' title="bbox 1988 552 3589 637">
    <p class='ocr_par' dir='ltr' id='par_1_18' title="bbox 1988 552 3589 637">
     <span class='ocr_line' id='line_1_18' title="bbox 1988 552 3589 637; baseline 0.012 -31"><span class='ocrx_word' id='word_1_130' title='bbox 1988 552 2314 623; x_wconf 85' lang='lat' dir='ltr'><strong>mysterium</strong></span> <span class='ocrx_word' id='word_1_131' title='bbox 2345 553 2496 610; x_wconf 87' lang='lat' dir='ltr'><strong>fecit.</strong></span> <span class='ocrx_word' id='word_1_132' title='bbox 2516 553 2675 622; x_wconf 87' lang='lat' dir='ltr'><strong>Quod</strong></span> <span class='ocrx_word' id='word_1_133' title='bbox 2703 555 2833 629; x_wconf 88' lang='lat' dir='ltr'><strong>quia</strong></span> <span class='ocrx_word' id='word_1_134' title='bbox 2859 565 3048 613; x_wconf 89' lang='lat' dir='ltr'><strong>sancta</strong></span> <span class='ocrx_word' id='word_1_135' title='bbox 3070 560 3317 618; x_wconf 88' lang='lat' dir='ltr'><strong>Ecclesia</strong></span> <span class='ocrx_word' id='word_1_136' title='bbox 3340 567 3589 637; x_wconf 86' lang='lat' dir='ltr'><strong>quotidie</strong></span> 
     </span>
    </p>
   </div>
   <div class='ocr_carea' id='block_1_19' title="bbox 1988 642 3589 715">
    <p class='ocr_par' dir='ltr' id='par_1_19' title="bbox 1988 642 3589 715">
     <span class='ocr_line' id='line_1_19' title="bbox 1988 642 3589 715; baseline 0.01 -19"><span class='ocrx_word' id='word_1_137' title='bbox 1988 642 2314 699; x_wconf 88' lang='lat' dir='ltr'><strong>annuntiare</strong></span> <span class='ocrx_word' id='word_1_138' title='bbox 2341 659 2454 700; x_wconf 91' lang='lat' dir='ltr'><strong>non</strong></span> <span class='ocrx_word' id='word_1_139' title='bbox 2483 643 2707 715; x_wconf 86' lang='lat' dir='ltr'><strong>desinit,</strong></span> <span class='ocrx_word' id='word_1_140' title='bbox 2730 660 2827 701; x_wconf 88' lang='lat' dir='ltr'><strong>ora</strong></span> <span class='ocrx_word' id='word_1_141' title='bbox 2853 645 3038 704; x_wconf 87' lang='lat' dir='ltr'><strong>cordis</strong></span> <span class='ocrx_word' id='word_1_142' title='bbox 3063 647 3406 708; x_wconf 88' lang='lat' dir='ltr'><strong>audientium</strong></span> <span class='ocrx_word' id='word_1_143' title='bbox 3435 656 3589 713; x_wconf 88' lang='lat' dir='ltr'><strong>velut</strong></span> 
     </span>
    </p>
   </div>
   <div class='ocr_carea' id='block_1_20' title="bbox 1987 730 3150 810">
    <p class='ocr_par' dir='ltr' id='par_1_20' title="bbox 1987 730 3150 810">
     <span class='ocr_line' id='line_1_20' title="bbox 1987 730 3150 810; baseline 0.009 -25"><span class='ocrx_word' id='word_1_144' title='bbox 1987 744 2057 786; x_wconf 83' lang='lat' dir='ltr'><strong>ex</strong></span> <span class='ocrx_word' id='word_1_145' title='bbox 2081 730 2259 788; x_wconf 88' lang='lat' dir='ltr'><strong>imbre</strong></span> <span class='ocrx_word' id='word_1_146' title='bbox 2287 734 2532 791; x_wconf 89' lang='lat' dir='ltr'><strong>serotino</strong></span> <span class='ocrx_word' id='word_1_147' title='bbox 2558 733 2827 792; x_wconf 87' lang='lat' dir='ltr'><strong>infundit.</strong></span> <span class='ocrx_word' id='word_1_148' title='bbox 2859 735 3150 810; x_wconf 87' lang='lat' dir='ltr'><strong>Sequitur:</strong></span> 
     </span>
    </p>
   </div>
   <div class='ocr_carea' id='block_1_21' title="bbox 2448 821 3129 901">
    <p class='ocr_par' dir='ltr' id='par_1_21' title="bbox 2448 821 3129 901">
     <span class='ocr_line' id='line_1_21' title="bbox 2448 821 3129 901; baseline 0.006 -20"><span class='ocrx_word' id='word_1_149' title='bbox 2448 821 2677 881; x_wconf 86' lang='lat' dir='ltr'><strong>CAPUT</strong></span> <span class='ocrx_word' id='word_1_150' title='bbox 2707 825 2782 881; x_wconf 88' lang='lat' dir='ltr'><strong>Ill</strong></span> <span class='ocrx_word' id='word_1_151' title='bbox 2814 822 2959 899; x_wconf 83' lang='lat' dir='ltr'><strong>[Rec.</strong></span> <span class='ocrx_word' id='word_1_152' title='bbox 2990 825 3129 901; x_wconf 87' lang='lat' dir='ltr'><strong>III].</strong></span> 
     </span>
    </p>
   </div>
   <div class='ocr_carea' id='block_1_22' title="bbox 2010 908 3589 987">
    <p class='ocr_par' dir='ltr' id='par_1_22' title="bbox 2010 908 3589 987">
     <span class='ocr_line' id='line_1_22' title="bbox 2010 908 3589 987; baseline 0.009 -23"><span class='ocrx_word' id='word_1_153' title='bbox 2010 974 2023 985; x_wconf 80' lang='lat'><em>_</em></span> <span class='ocrx_word' id='word_1_154' title='bbox 2060 908 2231 966; x_wconf 77' lang='lat' dir='ltr'><strong>Vnus.</strong></span> <span class='ocrx_word' id='word_1_155' title='bbox 2263 909 2351 967; x_wconf 62' lang='lat'><strong>24.</strong></span> <span class='ocrx_word' id='word_1_156' title='bbox 2370 942 2441 954; x_wconf 96' lang='lat'><strong>—</strong></span> <span class='ocrx_word' id='word_1_157' title='bbox 2471 913 2531 969; x_wconf 87' lang='lat' dir='ltr'><strong>Si</strong></span> <span class='ocrx_word' id='word_1_158' title='bbox 2556 914 2769 985; x_wconf 83' lang='lat' dir='ltr'><strong>quando</strong></span> <span class='ocrx_word' id='word_1_159' title='bbox 2796 916 3036 974; x_wconf 76' lang='lat' dir='ltr'><strong>ridebam</strong></span> <span class='ocrx_word' id='word_1_160' title='bbox 3064 918 3136 975; x_wconf 86' lang='lat' dir='ltr'><strong>ad</strong></span> <span class='ocrx_word' id='word_1_161' title='bbox 3154 936 3260 987; x_wconf 87' lang='lat' dir='ltr'><strong>eos,</strong></span> <span class='ocrx_word' id='word_1_162' title='bbox 3285 937 3394 977; x_wconf 85' lang='lat' dir='ltr'><strong>non</strong></span> <span class='ocrx_word' id='word_1_163' title='bbox 3419 921 3589 979; x_wconf 86' lang='lat' dir='ltr'><strong>crede-</strong></span> 
     </span>
    </p>
   </div>
   <div class='ocr_carea' id='block_1_23' title="bbox 1989 998 3371 1069">
    <p class='ocr_par' dir='ltr' id='par_1_23' title="bbox 1989 998 3371 1069">
     <span class='ocr_line' id='line_1_23' title="bbox 1989 998 3371 1069; baseline 0.009 -14"><span class='ocrx_word' id='word_1_164' title='bbox 1989 998 2133 1069; x_wconf 82' lang='lat' dir='ltr'><strong>bant,</strong></span> <span class='ocrx_word' id='word_1_165' title='bbox 2162 1006 2211 1055; x_wconf 87' lang='lat' dir='ltr'><strong>et</strong></span> <span class='ocrx_word' id='word_1_166' title='bbox 2232 1001 2328 1057; x_wconf 81' lang='lat' dir='ltr'><strong>lua:</strong></span> <span class='ocrx_word' id='word_1_167' title='bbox 2354 1004 2534 1059; x_wconf 83' lang='lat' dir='ltr'><strong>vultus</strong></span> <span class='ocrx_word' id='word_1_168' title='bbox 2561 1004 2663 1060; x_wconf 86' lang='lat' dir='ltr'><strong>mei</strong></span> <span class='ocrx_word' id='word_1_169' title='bbox 2687 1021 2795 1061; x_wconf 85' lang='lat' dir='ltr'><strong>non</strong></span> <span class='ocrx_word' id='word_1_170' title='bbox 2821 1007 3038 1064; x_wconf 84' lang='lat' dir='ltr'><strong>cadebat</strong></span> <span class='ocrx_word' id='word_1_171' title='bbox 3063 1010 3121 1065; x_wconf 88' lang='lat' dir='ltr'><strong>in</strong></span> <span class='ocrx_word' id='word_1_172' title='bbox 3152 1017 3371 1069; x_wconf 87' lang='lat' dir='ltr'><strong>terram.</strong></span> 
     </span>
    </p>
   </div>
   <div class='ocr_carea' id='block_1_24' title="bbox 2061 1092 3592 1170">
    <p class='ocr_par' dir='ltr' id='par_1_24' title="bbox 2061 1092 3592 1170">
     <span class='ocr_line' id='line_1_24' title="bbox 2061 1092 3592 1170; baseline 0.005 -19"><span class='ocrx_word' id='word_1_173' title='bbox 2061 1095 2205 1152; x_wconf 87' lang='lat'><strong>637</strong></span> <span class='ocrx_word' id='word_1_174' title='bbox 2234 1094 2287 1153; x_wconf 86' lang='lat'><strong>6.</strong></span> <span class='ocrx_word' id='word_1_175' title='bbox 2321 1092 2587 1150; x_wconf 74' lang='lat' dir='ltr'><strong>Prcelatus</strong></span> <span class='ocrx_word' id='word_1_176' title='bbox 2614 1095 2688 1150; x_wconf 86' lang='lat' dir='ltr'><strong>sic</strong></span> <span class='ocrx_word' id='word_1_177' title='bbox 2714 1112 2767 1151; x_wconf 89' lang='lat' dir='ltr'><strong>se</strong></span> <span class='ocrx_word' id='word_1_178' title='bbox 2791 1113 3005 1167; x_wconf 82' lang='lat' dir='ltr'><strong>gravem</strong></span> <span class='ocrx_word' id='word_1_179' title='bbox 3032 1099 3293 1170; x_wconf 70' lang='lat' dir='ltr'><strong>exhibeat,</strong></span> <span class='ocrx_word' id='word_1_180' title='bbox 3312 1107 3369 1156; x_wconf 88' lang='lat' dir='ltr'><strong>ut</strong></span> <span class='ocrx_word' id='word_1_181' title='bbox 3387 1118 3494 1157; x_wconf 85' lang='lat' dir='ltr'><strong>non</strong></span> <span class='ocrx_word' id='word_1_182' title='bbox 3521 1103 3592 1158; x_wconf 85' lang='lat' dir='ltr'><strong>sit</strong></span> 
     </span>
    </p>
   </div>
   <div class='ocr_carea' id='block_1_25' title="bbox 1987 1186 3591 1264">
    <p class='ocr_par' dir='ltr' id='par_1_25' title="bbox 1987 1186 3591 1264">
     <span class='ocr_line' id='line_1_25' title="bbox 1987 1186 3591 1264; baseline 0.004 -19"><span class='ocrx_word' id='word_1_183' title='bbox 1987 1189 2241 1252; x_wconf 83' lang='lat' dir='ltr'><strong>odiosus;</strong></span> <span class='ocrx_word' id='word_1_184' title='bbox 2269 1186 2342 1241; x_wconf 84' lang='lat' dir='ltr'><strong>sic</strong></span> <span class='ocrx_word' id='word_1_185' title='bbox 2368 1186 2614 1254; x_wconf 78' lang='lat' dir='ltr'><strong>hilarem,</strong></span> <span class='ocrx_word' id='word_1_186' title='bbox 2645 1192 2705 1240; x_wconf 89' lang='lat' dir='ltr'><strong>ut</strong></span> <span class='ocrx_word' id='word_1_187' title='bbox 2731 1186 2855 1242; x_wconf 79' lang='lat' dir='ltr'><strong>vilis</strong></span> <span class='ocrx_word' id='word_1_188' title='bbox 2881 1205 2989 1243; x_wconf 88' lang='lat' dir='ltr'><strong>non</strong></span> <span class='ocrx_word' id='word_1_189' title='bbox 3015 1190 3101 1245; x_wconf 87' lang='lat' dir='ltr'><strong>sit.</strong></span> <span class='ocrx_word' id='word_1_190' title='bbox 3120 1222 3191 1232; x_wconf 97' lang='lat'><strong>—</strong></span> <span class='ocrx_word' id='word_1_191' title='bbox 3219 1191 3335 1249; x_wconf 88' lang='lat' dir='ltr'><strong>Hoc</strong></span> <span class='ocrx_word' id='word_1_192' title='bbox 3362 1194 3409 1250; x_wconf 91' lang='lat' dir='ltr'><strong>si</strong></span> <span class='ocrx_word' id='word_1_193' title='bbox 3428 1192 3591 1264; x_wconf 84' lang='lat' dir='ltr'><strong>juxta</strong></span> 
     </span>
    </p>
   </div>
   <div class='ocr_carea' id='block_1_26' title="bbox 1990 1273 3592 1355">
    <p class='ocr_par' dir='ltr' id='par_1_26' title="bbox 1990 1273 3592 1355">
     <span class='ocr_line' id='line_1_26' title="bbox 1990 1273 3592 1355; baseline 0.004 -22"><span class='ocrx_word' id='word_1_194' title='bbox 1990 1276 2234 1333; x_wconf 86' lang='lat' dir='ltr'><strong>historia</strong></span> <span class='ocrx_word' id='word_1_195' title='bbox 2262 1273 2430 1330; x_wconf 89' lang='lat' dir='ltr'><strong>verba</strong></span> <span class='ocrx_word' id='word_1_196' title='bbox 2450 1274 2805 1346; x_wconf 86' lang='lat' dir='ltr'><strong>percipimus,</strong></span> <span class='ocrx_word' id='word_1_197' title='bbox 2823 1276 2971 1333; x_wconf 88' lang='lat' dir='ltr'><strong>credi</strong></span> <span class='ocrx_word' id='word_1_198' title='bbox 2993 1293 3209 1337; x_wconf 90' lang='lat' dir='ltr'><strong>necesse</strong></span> <span class='ocrx_word' id='word_1_199' title='bbox 3228 1289 3310 1337; x_wconf 89' lang='lat' dir='ltr'><strong>est</strong></span> <span class='ocrx_word' id='word_1_200' title='bbox 3334 1283 3483 1355; x_wconf 89' lang='lat' dir='ltr'><strong>quod</strong></span> <span class='ocrx_word' id='word_1_201' title='bbox 3503 1284 3592 1340; x_wconf 91' lang='lat' dir='ltr'><strong>vir</strong></span> 
     </span>
    </p>
   </div>
   <div class='ocr_carea' id='block_1_27' title="bbox 1988 1361 3591 1437">
    <p class='ocr_par' dir='ltr' id='par_1_27' title="bbox 1988 1361 3591 1437">
     <span class='ocr_line' id='line_1_27' title="bbox 1988 1361 3591 1437; baseline 0.004 -14"><span class='ocrx_word' id='word_1_202' title='bbox 1988 1374 2210 1423; x_wconf 89' lang='lat' dir='ltr'><strong>sanctus</strong></span> <span class='ocrx_word' id='word_1_203' title='bbox 2245 1363 2410 1420; x_wconf 89' lang='lat' dir='ltr'><strong>talem</strong></span> <span class='ocrx_word' id='word_1_204' title='bbox 2441 1379 2497 1418; x_wconf 86' lang='lat' dir='ltr'><strong>se</strong></span> <span class='ocrx_word' id='word_1_205' title='bbox 2518 1361 2836 1419; x_wconf 84' lang='lat' dir='ltr'><strong>exhibuerit</strong></span> <span class='ocrx_word' id='word_1_206' title='bbox 2854 1365 3114 1437; x_wconf 87' lang='lat' dir='ltr'><strong>subditis,</strong></span> <span class='ocrx_word' id='word_1_207' title='bbox 3136 1376 3198 1423; x_wconf 90' lang='lat' dir='ltr'><strong>ut</strong></span> <span class='ocrx_word' id='word_1_208' title='bbox 3217 1370 3382 1426; x_wconf 88' lang='lat' dir='ltr'><strong>etiam</strong></span> <span class='ocrx_word' id='word_1_209' title='bbox 3403 1371 3591 1429; x_wconf 86' lang='lat' dir='ltr'><strong>ridens</strong></span> 
     </span>
    </p>
   </div>
   <div class='ocr_carea' id='block_1_28' title="bbox 1988 1451 3591 1532">
    <p class='ocr_par' dir='ltr' id='par_1_28' title="bbox 1988 1451 3591 1532">
     <span class='ocr_line' id='line_1_28' title="bbox 1988 1451 3591 1532; baseline 0.002 -20"><span class='ocrx_word' id='word_1_210' title='bbox 1988 1455 2172 1512; x_wconf 89' lang='lat' dir='ltr'><strong>timeri</strong></span> <span class='ocrx_word' id='word_1_211' title='bbox 2201 1454 2489 1526; x_wconf 89' lang='lat' dir='ltr'><strong>potuisset.</strong></span> <span class='ocrx_word' id='word_1_212' title='bbox 2521 1451 2625 1507; x_wconf 85' lang='lat' dir='ltr'><strong>Sed</strong></span> <span class='ocrx_word' id='word_1_213' title='bbox 2654 1468 2781 1508; x_wconf 90' lang='lat' dir='ltr'><strong>cum</strong></span> <span class='ocrx_word' id='word_1_214' title='bbox 2821 1454 3076 1527; x_wconf 85' lang='lat' dir='ltr'><strong>superius</strong></span> <span class='ocrx_word' id='word_1_215' title='bbox 3120 1464 3330 1528; x_wconf 89' lang='lat' dir='ltr'><strong>patrem</strong></span> <span class='ocrx_word' id='word_1_216' title='bbox 3362 1474 3418 1514; x_wconf 90' lang='lat' dir='ltr'><strong>se</strong></span> <span class='ocrx_word' id='word_1_217' title='bbox 3453 1476 3591 1532; x_wconf 86' lang='lat' dir='ltr'><strong>pau-</strong></span> 
     </span>
    </p>
   </div>
   <div class='ocr_carea' id='block_1_29' title="bbox 1987 1544 3594 1620">
    <p class='ocr_par' dir='ltr' id='par_1_29' title="bbox 1987 1544 3594 1620">
     <span class='ocr_line' id='line_1_29' title="bbox 1987 1544 3594 1620; baseline 0.003 -19"><span class='ocrx_word' id='word_1_218' title='bbox 1987 1562 2203 1619; x_wconf 88' lang='lat' dir='ltr'><strong>perum,</strong></span> <span class='ocrx_word' id='word_1_219' title='bbox 2248 1544 2543 1601; x_wconf 87' lang='lat' dir='ltr'><strong>viduarum</strong></span> <span class='ocrx_word' id='word_1_220' title='bbox 2585 1560 2718 1600; x_wconf 86' lang='lat' dir='ltr'><strong>vero</strong></span> <span class='ocrx_word' id='word_1_221' title='bbox 2767 1545 3165 1602; x_wconf 87' lang='lat' dir='ltr'><strong>consolatorem</strong></span> <span class='ocrx_word' id='word_1_222' title='bbox 3198 1546 3369 1604; x_wconf 88' lang='lat' dir='ltr'><strong>fuisse</strong></span> <span class='ocrx_word' id='word_1_223' title='bbox 3395 1549 3594 1620; x_wconf 89' lang='lat' dir='ltr'><strong>perhi-</strong></span> 
     </span>
    </p>
   </div>
   <div class='ocr_carea' id='block_1_30' title="bbox 1987 1633 3592 1709">
    <p class='ocr_par' dir='ltr' id='par_1_30' title="bbox 1987 1633 3592 1709">
     <span class='ocr_line' id='line_1_30' title="bbox 1987 1633 3592 1709; baseline 0.002 -18"><span class='ocrx_word' id='word_1_224' title='bbox 1987 1636 2134 1702; x_wconf 88' lang='lat' dir='ltr'><strong>beat,</strong></span> <span class='ocrx_word' id='word_1_225' title='bbox 2147 1650 2343 1706; x_wconf 85' lang='lat' dir='ltr'><strong>magna</strong></span> <span class='ocrx_word' id='word_1_226' title='bbox 2362 1633 2522 1689; x_wconf 80' lang='lat' dir='ltr'><strong>valde</strong></span> <span class='ocrx_word' id='word_1_227' title='bbox 2542 1633 2873 1690; x_wconf 85' lang='lat' dir='ltr'><strong>discretione</strong></span> <span class='ocrx_word' id='word_1_228' title='bbox 2896 1635 3224 1709; x_wconf 84' lang='lat' dir='ltr'><strong>resindiget,</strong></span> <span class='ocrx_word' id='word_1_229' title='bbox 3238 1638 3517 1709; x_wconf 91' lang='lat' dir='ltr'><strong>quomodo</strong></span> <span class='ocrx_word' id='word_1_230' title='bbox 3532 1639 3592 1695; x_wconf 90' lang='lat' dir='ltr'><strong>in</strong></span> 
     </span>
    </p>
   </div>
   <div class='ocr_carea' id='block_1_31' title="bbox 1988 1722 3589 1798">
    <p class='ocr_par' dir='ltr' id='par_1_31' title="bbox 1988 1722 3589 1798">
     <span class='ocr_line' id='line_1_31' title="bbox 1988 1722 3589 1798; baseline 0.002 -18"><span class='ocrx_word' id='word_1_231' title='bbox 1988 1732 2143 1780; x_wconf 85' lang='lat' dir='ltr'><strong>tanto</strong></span> <span class='ocrx_word' id='word_1_232' title='bbox 2161 1731 2371 1780; x_wconf 90' lang='lat' dir='ltr'><strong>terrore</strong></span> <span class='ocrx_word' id='word_1_233' title='bbox 2392 1722 2695 1795; x_wconf 88' lang='lat' dir='ltr'><strong>regiminis,</strong></span> <span class='ocrx_word' id='word_1_234' title='bbox 2716 1731 2871 1779; x_wconf 88' lang='lat' dir='ltr'><strong>tanta</strong></span> <span class='ocrx_word' id='word_1_235' title='bbox 2890 1740 3108 1798; x_wconf 90' lang='lat' dir='ltr'><strong>quoque</strong></span> <span class='ocrx_word' id='word_1_236' title='bbox 3127 1726 3348 1783; x_wconf 78' lang='lat' dir='ltr'><strong>affuerit</strong></span> <span class='ocrx_word' id='word_1_237' title='bbox 3369 1727 3589 1795; x_wconf 89' lang='lat' dir='ltr'><strong>lenitas,</strong></span> 
     </span>
    </p>
   </div>
   <div class='ocr_carea' id='block_1_32' title="bbox 291 1809 3589 1901">
    <p class='ocr_par' dir='ltr' id='par_1_32' title="bbox 291 1809 3589 1901">
     <span class='ocr_line' id='line_1_32' title="bbox 291 1809 3589 1901; baseline 0.002 -34"><span class='ocrx_word' id='word_1_238' title='bbox 291 1809 487 1883; x_wconf 87' lang='lat' dir='ltr'><strong>phialas</strong></span> <span class='ocrx_word' id='word_1_239' title='bbox 514 1814 628 1871; x_wconf 89' lang='lat' dir='ltr'><strong>nisi</strong></span> <span class='ocrx_word' id='word_1_240' title='bbox 658 1816 803 1888; x_wconf 87' lang='lat' dir='ltr'><strong>larga</strong></span> <span class='ocrx_word' id='word_1_241' title='bbox 830 1815 1171 1901; x_wconf 84' lang='lat' dir='ltr'><strong>pradicatio,</strong></span> <span class='ocrx_word' id='word_1_242' title='bbox 1192 1815 1327 1889; x_wconf 90' lang='lat' dir='ltr'><strong>quid</strong></span> <span class='ocrx_word' id='word_1_243' title='bbox 1356 1833 1489 1873; x_wconf 88' lang='lat' dir='ltr'><strong>vero</strong></span> <span class='ocrx_word' id='word_1_244' title='bbox 1512 1832 1611 1889; x_wconf 91' lang='lat' dir='ltr'><strong>per</strong></span> <span class='ocrx_word' id='word_1_245' title='bbox 1644 1817 1877 1889; x_wconf 90' lang='lat' dir='ltr'><strong>cyathos</strong></span> <span class='ocrx_word' id='word_1_246' title='bbox 1911 1821 1958 1881; x_wconf 92' lang='lat' dir='ltr'><strong>B</strong></span> <span class='ocrx_word' id='word_1_247' title='bbox 1988 1822 2043 1872; x_wconf 90' lang='lat' dir='ltr'><strong>et</strong></span> <span class='ocrx_word' id='word_1_248' title='bbox 2065 1812 2428 1870; x_wconf 89' lang='lat' dir='ltr'><strong>mansuetudo</strong></span> <span class='ocrx_word' id='word_1_249' title='bbox 2458 1811 2699 1883; x_wconf 89' lang='lat' dir='ltr'><strong>pietatis.</strong></span> <span class='ocrx_word' id='word_1_250' title='bbox 2722 1812 2852 1868; x_wconf 90' lang='lat' dir='ltr'><strong>Sine</strong></span> <span class='ocrx_word' id='word_1_251' title='bbox 2881 1828 3080 1901; x_wconf 85' lang='lat' dir='ltr'><strong>magna</strong></span> <span class='ocrx_word' id='word_1_252' title='bbox 3105 1814 3252 1870; x_wconf 90' lang='lat' dir='ltr'><strong>enim</strong></span> <span class='ocrx_word' id='word_1_253' title='bbox 3284 1814 3589 1887; x_wconf 85' lang='lat' dir='ltr'><strong>benignita-</strong></span> 
     </span>
    </p>
   </div>
   <div class='ocr_carea' id='block_1_33' title="bbox 288 1901 1878 1980">
    <p class='ocr_par' dir='ltr' id='par_1_33' title="bbox 288 1901 1878 1980">
     <span class='ocr_line' id='line_1_33' title="bbox 288 1901 1878 1980; baseline 0.004 -24"><span class='ocrx_word' id='word_1_254' title='bbox 288 1901 387 1957; x_wconf 91' lang='lat' dir='ltr'><strong>nisi</strong></span> <span class='ocrx_word' id='word_1_255' title='bbox 415 1903 651 1960; x_wconf 90' lang='lat' dir='ltr'><strong>minima</strong></span> <span class='ocrx_word' id='word_1_256' title='bbox 677 1913 730 1961; x_wconf 87' lang='lat' dir='ltr'><strong>et</strong></span> <span class='ocrx_word' id='word_1_257' title='bbox 755 1907 938 1961; x_wconf 88' lang='lat' dir='ltr'><strong>tenuis</strong></span> <span class='ocrx_word' id='word_1_258' title='bbox 966 1904 1034 1961; x_wconf 92' lang='lat' dir='ltr'><strong>de</strong></span> <span class='ocrx_word' id='word_1_259' title='bbox 1060 1907 1175 1962; x_wconf 90' lang='lat' dir='ltr'><strong>Deo</strong></span> <span class='ocrx_word' id='word_1_260' title='bbox 1196 1906 1403 1963; x_wconf 91' lang='lat' dir='ltr'><strong>locutio</strong></span> <span class='ocrx_word' id='word_1_261' title='bbox 1422 1906 1788 1980; x_wconf 80' lang='lat' dir='ltr'><strong>designatur?</strong></span> <span class='ocrx_word' id='word_1_262' title='bbox 1816 1909 1878 1963; x_wconf 92' lang='lat' dir='ltr'><strong>In</strong></span> 
     </span>
    </p>
   </div>
   <div class='ocr_carea' id='block_1_34' title="bbox 284 1992 1880 2072">
    <p class='ocr_par' dir='ltr' id='par_1_34' title="bbox 284 1992 1880 2072">
     <span class='ocr_line' id='line_1_34' title="bbox 284 1992 1880 2072; baseline 0.006 -26"><span class='ocrx_word' id='word_1_263' title='bbox 284 2006 469 2048; x_wconf 88' lang='lat' dir='ltr'><strong>mensa</strong></span> <span class='ocrx_word' id='word_1_264' title='bbox 494 1992 666 2065; x_wconf 78' lang='lat' dir='ltr'><strong>igitur</strong></span> <span class='ocrx_word' id='word_1_265' title='bbox 692 1994 913 2051; x_wconf 91' lang='lat' dir='ltr'><strong>Domini</strong></span> <span class='ocrx_word' id='word_1_266' title='bbox 940 2002 994 2050; x_wconf 92' lang='lat' dir='ltr'><strong>et</strong></span> <span class='ocrx_word' id='word_1_267' title='bbox 1023 1994 1224 2067; x_wconf 84' lang='lat' dir='ltr'><strong>phiala</strong></span> <span class='ocrx_word' id='word_1_268' title='bbox 1252 2005 1635 2070; x_wconf 85' lang='lat' dir='ltr'><strong>praeparantur</strong></span> <span class='ocrx_word' id='word_1_269' title='bbox 1662 2006 1719 2054; x_wconf 87' lang='lat' dir='ltr'><strong>et</strong></span> <span class='ocrx_word' id='word_1_270' title='bbox 1746 2015 1880 2072; x_wconf 86' lang='lat' dir='ltr'><strong>cya-</strong></span> 
     </span>
    </p>
   </div>
   <div class='ocr_carea' id='block_1_35' title="bbox 284 2076 1879 2159">
    <p class='ocr_par' dir='ltr' id='par_1_35' title="bbox 284 2076 1879 2159">
     <span class='ocr_line' id='line_1_35' title="bbox 284 2076 1879 2159; baseline 0.007 -27"><span class='ocrx_word' id='word_1_271' title='bbox 284 2076 381 2146; x_wconf 87' lang='lat' dir='ltr'><strong>thi,</strong></span> <span class='ocrx_word' id='word_1_272' title='bbox 412 2078 542 2151; x_wconf 89' lang='lat' dir='ltr'><strong>quia</strong></span> <span class='ocrx_word' id='word_1_273' title='bbox 575 2080 831 2137; x_wconf 83' lang='lat' dir='ltr'><strong>videlicet</strong></span> <span class='ocrx_word' id='word_1_274' title='bbox 858 2080 917 2137; x_wconf 90' lang='lat' dir='ltr'><strong>in</strong></span> <span class='ocrx_word' id='word_1_275' title='bbox 948 2081 1204 2139; x_wconf 90' lang='lat' dir='ltr'><strong>doctrina</strong></span> <span class='ocrx_word' id='word_1_276' title='bbox 1232 2084 1373 2141; x_wconf 88' lang='lat' dir='ltr'><strong>sacri</strong></span> <span class='ocrx_word' id='word_1_277' title='bbox 1401 2085 1631 2159; x_wconf 87' lang='lat' dir='ltr'><strong>eloquii,</strong></span> <span class='ocrx_word' id='word_1_278' title='bbox 1655 2102 1766 2143; x_wconf 92' lang='lat' dir='ltr'><strong>non</strong></span> <span class='ocrx_word' id='word_1_279' title='bbox 1796 2104 1879 2143; x_wconf 87' lang='lat' dir='ltr'><strong>so-</strong></span> 
     </span>
    </p>
   </div>
   <div class='ocr_carea' id='block_1_36' title="bbox 284 2164 1878 2247">
    <p class='ocr_par' dir='ltr' id='par_1_36' title="bbox 284 2164 1878 2247">
     <span class='ocr_line' id='line_1_36' title="bbox 284 2164 1878 2247; baseline 0.006 -26"><span class='ocrx_word' id='word_1_280' title='bbox 284 2164 384 2223; x_wconf 89' lang='lat' dir='ltr'><strong>lum</strong></span> <span class='ocrx_word' id='word_1_281' title='bbox 413 2167 730 2225; x_wconf 89' lang='lat' dir='ltr'><strong>exhibenda</strong></span> <span class='ocrx_word' id='word_1_282' title='bbox 758 2177 890 2226; x_wconf 88' lang='lat' dir='ltr'><strong>sunt</strong></span> <span class='ocrx_word' id='word_1_283' title='bbox 920 2187 1114 2243; x_wconf 89' lang='lat' dir='ltr'><strong>magna</strong></span> <span class='ocrx_word' id='word_1_284' title='bbox 1140 2180 1197 2227; x_wconf 87' lang='lat' dir='ltr'><strong>et</strong></span> <span class='ocrx_word' id='word_1_285' title='bbox 1218 2189 1422 2230; x_wconf 89' lang='lat' dir='ltr'><strong>arcana</strong></span> <span class='ocrx_word' id='word_1_286' title='bbox 1446 2191 1569 2247; x_wconf 90' lang='lat' dir='ltr'><strong>qua</strong></span> <span class='ocrx_word' id='word_1_287' title='bbox 1600 2174 1878 2244; x_wconf 89' lang='lat' dir='ltr'><strong>debriant,</strong></span> 
     </span>
    </p>
   </div>
   <div class='ocr_carea' id='block_1_37' title="bbox 282 2254 1878 2338">
    <p class='ocr_par' dir='ltr' id='par_1_37' title="bbox 282 2254 1878 2338">
     <span class='ocr_line' id='line_1_37' title="bbox 282 2254 1878 2338; baseline 0.006 -27"><span class='ocrx_word' id='word_1_288' title='bbox 282 2254 364 2310; x_wconf 80' lang='lat' dir='ltr'><strong>sed</strong></span> <span class='ocrx_word' id='word_1_289' title='bbox 408 2257 575 2313; x_wconf 89' lang='lat' dir='ltr'><strong>etiam</strong></span> <span class='ocrx_word' id='word_1_290' title='bbox 625 2274 795 2331; x_wconf 88' lang='lat' dir='ltr'><strong>parva</strong></span> <span class='ocrx_word' id='word_1_291' title='bbox 834 2267 890 2314; x_wconf 90' lang='lat' dir='ltr'><strong>et</strong></span> <span class='ocrx_word' id='word_1_292' title='bbox 931 2259 1162 2317; x_wconf 86' lang='lat' dir='ltr'><strong>subtilia</strong></span> <span class='ocrx_word' id='word_1_293' title='bbox 1196 2277 1318 2335; x_wconf 87' lang='lat' dir='ltr'><strong>qua</strong></span> <span class='ocrx_word' id='word_1_294' title='bbox 1348 2264 1503 2336; x_wconf 90' lang='lat' dir='ltr'><strong>quasi</strong></span> <span class='ocrx_word' id='word_1_295' title='bbox 1535 2279 1631 2335; x_wconf 90' lang='lat' dir='ltr'><strong>per</strong></span> <span class='ocrx_word' id='word_1_296' title='bbox 1658 2272 1878 2338; x_wconf 79' lang='lat' dir='ltr'><strong>gustum</strong></span> 
     </span>
    </p>
   </div>
   <div class='ocr_carea' id='block_1_38' title="bbox 280 2348 1881 2423">
    <p class='ocr_par' dir='ltr' id='par_1_38' title="bbox 280 2348 1881 2423">
     <span class='ocr_line' id='line_1_38' title="bbox 280 2348 1881 2423; baseline 0.005 -21"><span class='ocrx_word' id='word_1_297' title='bbox 280 2348 522 2403; x_wconf 85' lang='lat' dir='ltr'><strong>notitiam</strong></span> <span class='ocrx_word' id='word_1_298' title='bbox 572 2356 856 2421; x_wconf 87' lang='lat' dir='ltr'><strong>prastant.</strong></span> <span class='ocrx_word' id='word_1_299' title='bbox 886 2388 891 2395; x_wconf 90' lang='grc'><strong>-</strong></span> <span class='ocrx_word' id='word_1_300' title='bbox 917 2350 1096 2423; x_wconf 87' lang='lat' dir='ltr'><strong>Hujus</strong></span> <span class='ocrx_word' id='word_1_301' title='bbox 1134 2366 1262 2423; x_wconf 88' lang='lat' dir='ltr'><strong>ergo</strong></span> <span class='ocrx_word' id='word_1_302' title='bbox 1303 2351 1707 2410; x_wconf 84' lang='lat' dir='ltr'><strong>discretissima</strong></span> <span class='ocrx_word' id='word_1_303' title='bbox 1756 2354 1881 2409; x_wconf 88' lang='lat' dir='ltr'><strong>dis—</strong></span> 
     </span>
    </p>
   </div>
   <div class='ocr_carea' id='block_1_39' title="bbox 278 2437 1883 2514">
    <p class='ocr_par' dir='ltr' id='par_1_39' title="bbox 278 2437 1883 2514">
     <span class='ocr_line' id='line_1_39' title="bbox 278 2437 1883 2514; baseline 0.004 -23"><span class='ocrx_word' id='word_1_304' title='bbox 278 2437 612 2507; x_wconf 88' lang='lat' dir='ltr'><strong>pensationis</strong></span> <span class='ocrx_word' id='word_1_305' title='bbox 668 2454 782 2495; x_wconf 85' lang='lat' dir='ltr'><strong>sua</strong></span> <span class='ocrx_word' id='word_1_306' title='bbox 837 2447 1021 2495; x_wconf 87' lang='lat' dir='ltr'><strong>sancta</strong></span> <span class='ocrx_word' id='word_1_307' title='bbox 1079 2439 1327 2495; x_wconf 88' lang='lat' dir='ltr'><strong>Ecclesia</strong></span> <span class='ocrx_word' id='word_1_308' title='bbox 1382 2444 1646 2498; x_wconf 81' lang='lat' dir='ltr'><strong>extremis</strong></span> <span class='ocrx_word' id='word_1_309' title='bbox 1697 2458 1883 2514; x_wconf 89' lang='lat' dir='ltr'><strong>pressa</strong></span> 
     </span>
    </p>
   </div>
   <div class='ocr_carea' id='block_1_40' title="bbox 276 2525 1884 2601">
    <p class='ocr_par' dir='ltr' id='par_1_40' title="bbox 276 2525 1884 2601">
     <span class='ocr_line' id='line_1_40' title="bbox 276 2525 1884 2601; baseline 0.006 -24"><span class='ocrx_word' id='word_1_310' title='bbox 276 2525 620 2597; x_wconf 78' lang='lat' dir='ltr'><strong>temporibus</strong></span> <span class='ocrx_word' id='word_1_311' title='bbox 644 2526 1056 2593; x_wconf 87' lang='lat' dir='ltr'><strong>reminiscatur,</strong></span> <span class='ocrx_word' id='word_1_312' title='bbox 1086 2533 1141 2580; x_wconf 88' lang='lat' dir='ltr'><strong>et</strong></span> <span class='ocrx_word' id='word_1_313' title='bbox 1167 2526 1349 2583; x_wconf 86' lang='lat' dir='ltr'><strong>dicat:</strong></span> <span class='ocrx_word' id='word_1_314' title='bbox 1388 2530 1559 2601; x_wconf 84' lang='lat' dir='ltr'><strong>Super</strong></span> <span class='ocrx_word' id='word_1_315' title='bbox 1604 2531 1727 2586; x_wconf 88' lang='lat' dir='ltr'><strong>illos</strong></span> <span class='ocrx_word' id='word_1_316' title='bbox 1756 2531 1884 2586; x_wconf 83' lang='lat' dir='ltr'><strong>stil-</strong></span> 
     </span>
    </p>
   </div>
   <div class='ocr_carea' id='block_1_41' title="bbox 275 2612 943 2681">
    <p class='ocr_par' dir='ltr' id='par_1_41' title="bbox 275 2612 943 2681">
     <span class='ocr_line' id='line_1_41' title="bbox 275 2612 943 2681; baseline 0.001 -13"><span class='ocrx_word' id='word_1_317' title='bbox 275 2612 412 2668; x_wconf 77' lang='lat' dir='ltr'><strong>labat</strong></span> <span class='ocrx_word' id='word_1_318' title='bbox 442 2613 719 2681; x_wconf 79' lang='lat' dir='ltr'><strong>eloquium</strong></span> <span class='ocrx_word' id='word_1_319' title='bbox 750 2630 943 2669; x_wconf 85' lang='lat' dir='ltr'><strong>meum.</strong></span> 
     </span>
    </p>
   </div>
   <div class='ocr_carea' id='block_1_42' title="bbox 325 2701 1877 2774">
    <p class='ocr_par' dir='ltr' id='par_1_42' title="bbox 325 2701 1877 2774">
     <span class='ocr_line' id='line_1_42' title="bbox 325 2701 1877 2774; baseline 0.003 -16"><span class='ocrx_word' id='word_1_320' title='bbox 325 2702 383 2758; x_wconf 76' lang='lat'><strong>5.</strong></span> <span class='ocrx_word' id='word_1_321' title='bbox 431 2702 653 2757; x_wconf 85' lang='lat' dir='ltr'><strong>Eorum</strong></span> <span class='ocrx_word' id='word_1_322' title='bbox 679 2701 935 2756; x_wconf 77' lang='lat' dir='ltr'><strong>doctrina</strong></span> <span class='ocrx_word' id='word_1_323' title='bbox 963 2709 1215 2773; x_wconf 83' lang='lat' dir='ltr'><strong>tanquam</strong></span> <span class='ocrx_word' id='word_1_324' title='bbox 1238 2704 1440 2774; x_wconf 71' lang='lat' dir='ltr'><strong>pluviae</strong></span> <span class='ocrx_word' id='word_1_325' title='bbox 1465 2705 1707 2761; x_wconf 77' lang='lat' dir='ltr'><strong>serotime</strong></span> <span class='ocrx_word' id='word_1_326' title='bbox 1742 2707 1877 2762; x_wconf 68' lang='lat' dir='ltr'><strong>exci-</strong></span> 
     </span>
    </p>
   </div>
   <div class='ocr_carea' id='block_1_43' title="bbox 267 2791 1875 2868">
    <p class='ocr_par' dir='ltr' id='par_1_43' title="bbox 267 2791 1875 2868">
     <span class='ocr_line' id='line_1_43' title="bbox 267 2791 1875 2868; baseline 0.002 -20"><span class='ocrx_word' id='word_1_327' title='bbox 267 2791 468 2865; x_wconf 75' lang='lat' dir='ltr'><strong>pienda:</strong></span> <span class='ocrx_word' id='word_1_328' title='bbox 495 2791 728 2846; x_wconf 78' lang='lat' dir='ltr'><strong>humiles</strong></span> <span class='ocrx_word' id='word_1_329' title='bbox 756 2808 815 2845; x_wconf 86' lang='lat' dir='ltr'><strong>os</strong></span> <span class='ocrx_word' id='word_1_330' title='bbox 842 2792 1108 2861; x_wconf 81' lang='lat' dir='ltr'><strong>aperiunt.</strong></span> <span class='ocrx_word' id='word_1_331' title='bbox 1135 2822 1205 2833; x_wconf 97' lang='lat'><strong>—</strong></span> <span class='ocrx_word' id='word_1_332' title='bbox 1222 2792 1324 2849; x_wconf 86' lang='lat' dir='ltr'><strong>Ubi</strong></span> <span class='ocrx_word' id='word_1_333' title='bbox 1355 2800 1478 2864; x_wconf 90' lang='lat' dir='ltr'><strong>apte</strong></span> <span class='ocrx_word' id='word_1_334' title='bbox 1507 2811 1723 2868; x_wconf 89' lang='lat' dir='ltr'><strong>quoque</strong></span> <span class='ocrx_word' id='word_1_335' title='bbox 1750 2796 1875 2852; x_wconf 89' lang='lat' dir='ltr'><strong>sub-</strong></span> 
     </span>
    </p>
   </div>
   <div class='ocr_carea' id='block_1_44' title="bbox 265 2878 1875 2952">
    <p class='ocr_par' dir='ltr' id='par_1_44' title="bbox 265 2878 1875 2952">
     <span class='ocr_line' id='line_1_44' title="bbox 265 2878 1875 2952; baseline 0.003 -17"><span class='ocrx_word' id='word_1_336' title='bbox 265 2878 547 2952; x_wconf 85' lang='lat' dir='ltr'><strong>jungitur:</strong></span> <span class='ocrx_word' id='word_1_337' title='bbox 580 2880 974 2950; x_wconf 69' lang='lat' dir='ltr'><strong>Exspectabam</strong></span> <span class='ocrx_word' id='word_1_338' title='bbox 999 2896 1081 2934; x_wconf 89' lang='lat' dir='ltr'><strong>me</strong></span> <span class='ocrx_word' id='word_1_339' title='bbox 1106 2880 1244 2935; x_wconf 82' lang='lat' dir='ltr'><strong>sicut</strong></span> <span class='ocrx_word' id='word_1_340' title='bbox 1264 2882 1527 2951; x_wconf 79' lang='lat' dir='ltr'><strong>pluviam,</strong></span> <span class='ocrx_word' id='word_1_341' title='bbox 1558 2890 1606 2938; x_wconf 92' lang='lat' dir='ltr'><strong>et</strong></span> <span class='ocrx_word' id='word_1_342' title='bbox 1634 2902 1693 2939; x_wconf 79' lang='lat' dir='ltr'><strong>os</strong></span> <span class='ocrx_word' id='word_1_343' title='bbox 1720 2902 1875 2940; x_wconf 89' lang='lat' dir='ltr'><strong>suum</strong></span> 
     </span>
    </p>
   </div>
   <div class='ocr_carea' id='block_1_45' title="bbox 272 2968 1873 3047">
    <p class='ocr_par' dir='ltr' id='par_1_45' title="bbox 272 2968 1873 3047">
     <span class='ocr_line' id='line_1_45' title="bbox 272 2968 1873 3047; baseline 0.003 -22"><span class='ocrx_word' id='word_1_344' title='bbox 272 2970 571 3042; x_wconf 76' lang='lat' dir='ltr'><strong>aperiebant</strong></span> <span class='ocrx_word' id='word_1_345' title='bbox 598 2968 757 3039; x_wconf 83' lang='lat' dir='ltr'><strong>quasi</strong></span> <span class='ocrx_word' id='word_1_346' title='bbox 775 2968 845 3024; x_wconf 86' lang='lat' dir='ltr'><strong>ad</strong></span> <span class='ocrx_word' id='word_1_347' title='bbox 867 2968 1089 3024; x_wconf 84' lang='lat' dir='ltr'><strong>imbrem</strong></span> <span class='ocrx_word' id='word_1_348' title='bbox 1116 2969 1429 3026; x_wconf 74' lang='lat' dir='ltr'><strong>serotinum.</strong></span> <span class='ocrx_word' id='word_1_349' title='bbox 1460 2972 1641 3029; x_wconf 87' lang='lat' dir='ltr'><strong>Verba</strong></span> <span class='ocrx_word' id='word_1_350' title='bbox 1670 2975 1873 3047; x_wconf 88' lang='lat' dir='ltr'><strong>quippe</strong></span> 
     </span>
    </p>
   </div>
   <div class='ocr_carea' id='block_1_46' title="bbox 274 3056 1871 3131">
    <p class='ocr_par' dir='ltr' id='par_1_46' title="bbox 274 3056 1871 3131">
     <span class='ocr_line' id='line_1_46' title="bbox 274 3056 1871 3131; baseline 0.003 -16"><span class='ocrx_word' id='word_1_351' title='bbox 274 3067 461 3116; x_wconf 87' lang='lat' dir='ltr'><strong>sancta</strong></span> <span class='ocrx_word' id='word_1_352' title='bbox 491 3056 912 3131; x_wconf 85' lang='lat' dir='ltr'><strong>pradicationis</strong></span> <span class='ocrx_word' id='word_1_353' title='bbox 935 3056 1081 3114; x_wconf 90' lang='lat' dir='ltr'><strong>sicut</strong></span> <span class='ocrx_word' id='word_1_354' title='bbox 1101 3058 1351 3129; x_wconf 79' lang='lat' dir='ltr'><strong>pluviam</strong></span> <span class='ocrx_word' id='word_1_355' title='bbox 1369 3059 1727 3131; x_wconf 89' lang='lat' dir='ltr'><strong>sustinemus,</strong></span> <span class='ocrx_word' id='word_1_356' title='bbox 1744 3080 1871 3120; x_wconf 88' lang='lat' dir='ltr'><strong>cum</strong></span> 
     </span>
    </p>
   </div>
   <div class='ocr_carea' id='block_1_47' title="bbox 277 3145 1871 3222">
    <p class='ocr_par' dir='ltr' id='par_1_47' title="bbox 277 3145 1871 3222">
     <span class='ocr_line' id='line_1_47' title="bbox 277 3145 1871 3222; baseline 0.002 -17"><span class='ocrx_word' id='word_1_357' title='bbox 277 3164 394 3205; x_wconf 87' lang='lat' dir='ltr'><strong>vera</strong></span> <span class='ocrx_word' id='word_1_358' title='bbox 415 3147 731 3205; x_wconf 87' lang='lat' dir='ltr'><strong>humilitate</strong></span> <span class='ocrx_word' id='word_1_359' title='bbox 758 3145 1075 3202; x_wconf 86' lang='lat' dir='ltr'><strong>ariditatem</strong></span> <span class='ocrx_word' id='word_1_360' title='bbox 1106 3148 1281 3204; x_wconf 90' lang='lat' dir='ltr'><strong>nostri</strong></span> <span class='ocrx_word' id='word_1_361' title='bbox 1302 3148 1484 3205; x_wconf 88' lang='lat' dir='ltr'><strong>cordis</strong></span> <span class='ocrx_word' id='word_1_362' title='bbox 1502 3151 1871 3222; x_wconf 80' lang='lat' dir='ltr'><strong>agnoscimus,</strong></span> 
     </span>
    </p>
   </div>
   <div class='ocr_carea' id='block_1_48' title="bbox 274 3234 1873 3311">
    <p class='ocr_par' dir='ltr' id='par_1_48' title="bbox 274 3234 1873 3311">
     <span class='ocr_line' id='line_1_48' title="bbox 274 3234 1873 3311; baseline 0.003 -17"><span class='ocrx_word' id='word_1_363' title='bbox 274 3244 330 3294; x_wconf 91' lang='lat' dir='ltr'><strong>ut</strong></span> <span class='ocrx_word' id='word_1_364' title='bbox 354 3246 486 3311; x_wconf 91' lang='lat' dir='ltr'><strong>potu</strong></span> <span class='ocrx_word' id='word_1_365' title='bbox 528 3245 731 3294; x_wconf 86' lang='lat' dir='ltr'><strong>sancta</strong></span> <span class='ocrx_word' id='word_1_366' title='bbox 777 3234 1190 3309; x_wconf 77' lang='lat' dir='ltr'><strong>praedicationis</strong></span> <span class='ocrx_word' id='word_1_367' title='bbox 1229 3236 1542 3310; x_wconf 89' lang='lat' dir='ltr'><strong>irrigemur.</strong></span> <span class='ocrx_word' id='word_1_368' title='bbox 1576 3240 1732 3298; x_wconf 88' lang='lat' dir='ltr'><strong>Unde</strong></span> <span class='ocrx_word' id='word_1_369' title='bbox 1759 3244 1873 3299; x_wconf 90' lang='lat' dir='ltr'><strong>Deo</strong></span> 
     </span>
    </p>
   </div>
   <div class='ocr_carea' id='block_1_49' title="bbox 274 3326 1875 3402">
    <p class='ocr_par' dir='ltr' id='par_1_49' title="bbox 274 3326 1875 3402">
     <span class='ocr_line' id='line_1_49' title="bbox 274 3326 1875 3402; baseline 0.002 -17"><span class='ocrx_word' id='word_1_370' title='bbox 274 3336 411 3386; x_wconf 87' lang='lat' dir='ltr'><strong>recte</strong></span> <span class='ocrx_word' id='word_1_371' title='bbox 430 3344 529 3402; x_wconf 85' lang='lat' dir='ltr'><strong>per</strong></span> <span class='ocrx_word' id='word_1_372' title='bbox 544 3327 896 3385; x_wconf 87' lang='lat' dir='ltr'><strong>Psalmistam</strong></span> <span class='ocrx_word' id='word_1_373' title='bbox 927 3326 1168 3384; x_wconf 89' lang='lat' dir='ltr'><strong>dicitur:</strong></span> <span class='ocrx_word' id='word_1_374' title='bbox 1200 3328 1398 3386; x_wconf 79' lang='lat' dir='ltr'><strong>Anima</strong></span> <span class='ocrx_word' id='word_1_375' title='bbox 1424 3348 1540 3387; x_wconf 86' lang='lat' dir='ltr'><strong>mea</strong></span> <span class='ocrx_word' id='word_1_376' title='bbox 1566 3331 1702 3388; x_wconf 88' lang='lat' dir='ltr'><strong>sicut</strong></span> <span class='ocrx_word' id='word_1_377' title='bbox 1730 3339 1875 3389; x_wconf 86' lang='lat' dir='ltr'><strong>terra</strong></span> 
     </span>
    </p>
   </div>
   <div class='ocr_carea' id='block_1_50' title="bbox 274 3417 1876 3492">
    <p class='ocr_par' dir='ltr' id='par_1_50' title="bbox 274 3417 1876 3492">
     <span class='ocr_line' id='line_1_50' title="bbox 274 3417 1876 3492; baseline 0.002 -19"><span class='ocrx_word' id='word_1_378' title='bbox 274 3417 377 3475; x_wconf 83' lang='lat' dir='ltr'><strong>sine</strong></span> <span class='ocrx_word' id='word_1_379' title='bbox 418 3436 566 3490; x_wconf 84' lang='lat' dir='ltr'><strong>aqua</strong></span> <span class='ocrx_word' id='word_1_380' title='bbox 616 3418 710 3473; x_wconf 84' lang='lat' dir='ltr'><strong>tibi</strong></span> <span class='ocrx_word' id='word_1_381' title='bbox 735 3418 919 3490; x_wconf 88' lang='lat' dir='ltr'><strong>(Psal.</strong></span> <span class='ocrx_word' id='word_1_382' title='bbox 952 3433 1124 3487; x_wconf 75' lang='lat' dir='ltr'><strong>cxnu,</strong></span> <span class='ocrx_word' id='word_1_383' title='bbox 1153 3418 1235 3492; x_wconf 89' lang='lat'><strong>6).</strong></span> <span class='ocrx_word' id='word_1_384' title='bbox 1268 3418 1366 3476; x_wconf 90' lang='lat' dir='ltr'><strong>His</strong></span> <span class='ocrx_word' id='word_1_385' title='bbox 1393 3419 1659 3478; x_wconf 88' lang='lat' dir='ltr'><strong>doctrina</strong></span> <span class='ocrx_word' id='word_1_386' title='bbox 1689 3421 1876 3477; x_wconf 86' lang='lat' dir='ltr'><strong>ﬂuen-</strong></span> 
     </span>
    </p>
   </div>
   <div class='ocr_carea' id='block_1_51' title="bbox 274 3506 1874 3580">
    <p class='ocr_par' dir='ltr' id='par_1_51' title="bbox 274 3506 1874 3580">
     <span class='ocr_line' id='line_1_51' title="bbox 274 3506 1874 3580; baseline 0.001 -17"><span class='ocrx_word' id='word_1_387' title='bbox 274 3507 343 3564; x_wconf 88' lang='lat' dir='ltr'><strong>tis</strong></span> <span class='ocrx_word' id='word_1_388' title='bbox 368 3506 596 3564; x_wconf 87' lang='lat' dir='ltr'><strong>infundi</strong></span> <span class='ocrx_word' id='word_1_389' title='bbox 622 3506 892 3580; x_wconf 88' lang='lat' dir='ltr'><strong>propheta</strong></span> <span class='ocrx_word' id='word_1_390' title='bbox 920 3522 1020 3563; x_wconf 91' lang='lat' dir='ltr'><strong>nos</strong></span> <span class='ocrx_word' id='word_1_391' title='bbox 1049 3507 1331 3577; x_wconf 87' lang='lat' dir='ltr'><strong>admonet,</strong></span> <span class='ocrx_word' id='word_1_392' title='bbox 1350 3508 1577 3567; x_wconf 89' lang='lat' dir='ltr'><strong>dicens:</strong></span> <span class='ocrx_word' id='word_1_393' title='bbox 1614 3509 1874 3579; x_wconf 82' lang='lat' dir='ltr'><strong>Sitientes,</strong></span> 
     </span>
    </p>
   </div>
   <div class='ocr_carea' id='block_1_52' title="bbox 273 3596 1877 3670">
    <p class='ocr_par' dir='ltr' id='par_1_52' title="bbox 273 3596 1877 3670">
     <span class='ocr_line' id='line_1_52' title="bbox 273 3596 1877 3670; baseline 0.003 -20"><span class='ocrx_word' id='word_1_394' title='bbox 273 3596 436 3651; x_wconf 82' lang='lat' dir='ltr'><strong>venite</strong></span> <span class='ocrx_word' id='word_1_395' title='bbox 481 3596 553 3651; x_wconf 87' lang='lat' dir='ltr'><strong>ad</strong></span> <span class='ocrx_word' id='word_1_396' title='bbox 595 3613 765 3666; x_wconf 82' lang='lat' dir='ltr'><strong>aquas</strong></span> <span class='ocrx_word' id='word_1_397' title='bbox 802 3596 956 3667; x_wconf 84' lang='lat' dir='ltr'><strong>(Isai.</strong></span> <span class='ocrx_word' id='word_1_398' title='bbox 1005 3614 1098 3662; x_wconf 82' lang='lat' dir='ltr'><strong>LV,</strong></span> <span class='ocrx_word' id='word_1_399' title='bbox 1133 3597 1210 3670; x_wconf 85' lang='grc'><strong>1).</strong></span> <span class='ocrx_word' id='word_1_400' title='bbox 1243 3597 1349 3665; x_wconf 86' lang='lat' dir='ltr'><strong>Qui</strong></span> <span class='ocrx_word' id='word_1_401' title='bbox 1379 3597 1513 3655; x_wconf 91' lang='lat' dir='ltr'><strong>dum</strong></span> <span class='ocrx_word' id='word_1_402' title='bbox 1543 3599 1603 3655; x_wconf 91' lang='lat' dir='ltr'><strong>in</strong></span> <span class='ocrx_word' id='word_1_403' title='bbox 1629 3608 1877 3657; x_wconf 85' lang='lat' dir='ltr'><strong>extrema</strong></span> 
     </span>
    </p>
   </div>
   <div class='ocr_carea' id='block_1_53' title="bbox 273 3684 1875 3764">
    <p class='ocr_par' dir='ltr' id='par_1_53' title="bbox 273 3684 1875 3764">
     <span class='ocr_line' id='line_1_53' title="bbox 273 3684 1875 3764; baseline 0.002 -23"><span class='ocrx_word' id='word_1_404' title='bbox 273 3693 429 3764; x_wconf 85' lang='lat' dir='ltr'><strong>parte</strong></span> <span class='ocrx_word' id='word_1_405' title='bbox 452 3684 570 3756; x_wconf 89' lang='lat' dir='ltr'><strong>jam</strong></span> <span class='ocrx_word' id='word_1_406' title='bbox 599 3684 786 3749; x_wconf 82' lang='lat' dir='ltr'><strong>saculi</strong></span> <span class='ocrx_word' id='word_1_407' title='bbox 812 3686 975 3742; x_wconf 86' lang='lat' dir='ltr'><strong>verba</strong></span> <span class='ocrx_word' id='word_1_408' title='bbox 1002 3694 1206 3743; x_wconf 89' lang='lat' dir='ltr'><strong>sancta</strong></span> <span class='ocrx_word' id='word_1_409' title='bbox 1237 3688 1650 3759; x_wconf 72' lang='lat' dir='ltr'><strong>praedicationis</strong></span> <span class='ocrx_word' id='word_1_410' title='bbox 1678 3689 1875 3761; x_wconf 90' lang='lat' dir='ltr'><strong>accipi-</strong></span> 
     </span>
    </p>
   </div>
   <div class='ocr_carea' id='block_1_54' title="bbox 275 3772 1872 3850">
    <p class='ocr_par' dir='ltr' id='par_1_54' title="bbox 275 3772 1872 3850">
     <span class='ocr_line' id='line_1_54' title="bbox 275 3772 1872 3850; baseline 0.002 -20"><span class='ocrx_word' id='word_1_411' title='bbox 275 3790 420 3842; x_wconf 89' lang='lat' dir='ltr'><strong>mus,</strong></span> <span class='ocrx_word' id='word_1_412' title='bbox 443 3773 598 3848; x_wconf 86' lang='lat' dir='ltr'><strong>quasi</strong></span> <span class='ocrx_word' id='word_1_413' title='bbox 618 3773 688 3830; x_wconf 91' lang='lat' dir='ltr'><strong>ad</strong></span> <span class='ocrx_word' id='word_1_414' title='bbox 710 3772 939 3830; x_wconf 88' lang='lat' dir='ltr'><strong>imbrem</strong></span> <span class='ocrx_word' id='word_1_415' title='bbox 959 3776 1270 3833; x_wconf 87' lang='lat' dir='ltr'><strong>serotinum</strong></span> <span class='ocrx_word' id='word_1_416' title='bbox 1292 3793 1353 3833; x_wconf 91' lang='lat' dir='ltr'><strong>os</strong></span> <span class='ocrx_word' id='word_1_417' title='bbox 1372 3777 1556 3834; x_wconf 88' lang='lat' dir='ltr'><strong>cordis</strong></span> <span class='ocrx_word' id='word_1_418' title='bbox 1575 3777 1872 3850; x_wconf 88' lang='lat' dir='ltr'><strong>aperimus.</strong></span> 
     </span>
    </p>
   </div>
   <div class='ocr_carea' id='block_1_55' title="bbox 276 3863 1872 3936">
    <p class='ocr_par' dir='ltr' id='par_1_55' title="bbox 276 3863 1872 3936">
     <span class='ocr_line' id='line_1_55' title="bbox 276 3863 1872 3936; baseline 0.004 -17"><span class='ocrx_word' id='word_1_419' title='bbox 276 3863 405 3920; x_wconf 84' lang='lat' dir='ltr'><strong>Nam</strong></span> <span class='ocrx_word' id='word_1_420' title='bbox 438 3863 486 3920; x_wconf 89' lang='lat' dir='ltr'><strong>si</strong></span> <span class='ocrx_word' id='word_1_421' title='bbox 510 3881 575 3926; x_wconf 29' lang='lat' dir='ltr'><strong>os.</strong></span> <span class='ocrx_word' id='word_1_422' title='bbox 595 3863 657 3920; x_wconf 88' lang='lat' dir='ltr'><strong>in</strong></span> <span class='ocrx_word' id='word_1_423' title='bbox 687 3864 852 3921; x_wconf 89' lang='lat' dir='ltr'><strong>corde</strong></span> <span class='ocrx_word' id='word_1_424' title='bbox 876 3882 987 3921; x_wconf 91' lang='lat' dir='ltr'><strong>non</strong></span> <span class='ocrx_word' id='word_1_425' title='bbox 1008 3875 1171 3936; x_wconf 87' lang='lat' dir='ltr'><strong>esset,</strong></span> <span class='ocrx_word' id='word_1_426' title='bbox 1194 3867 1486 3924; x_wconf 89' lang='lat' dir='ltr'><strong>Psalmista</strong></span> <span class='ocrx_word' id='word_1_427' title='bbox 1505 3884 1617 3924; x_wconf 91' lang='lat' dir='ltr'><strong>non</strong></span> <span class='ocrx_word' id='word_1_428' title='bbox 1641 3868 1872 3925; x_wconf 88' lang='lat' dir='ltr'><strong>diceret:</strong></span> 
     </span>
    </p>
   </div>
   <div class='ocr_carea' id='block_1_56' title="bbox 280 3953 1872 4034">
    <p class='ocr_par' dir='ltr' id='par_1_56' title="bbox 280 3953 1872 4034">
     <span class='ocr_line' id='line_1_56' title="bbox 280 3953 1872 4034; baseline 0.005 -24"><span class='ocrx_word' id='word_1_429' title='bbox 280 3953 442 4010; x_wconf 85' lang='lat' dir='ltr'><strong>Labia</strong></span> <span class='ocrx_word' id='word_1_430' title='bbox 460 3954 647 4011; x_wconf 86' lang='lat' dir='ltr'><strong>dolosa</strong></span> <span class='ocrx_word' id='word_1_431' title='bbox 667 3954 725 4009; x_wconf 85' lang='lat' dir='ltr'><strong>in</strong></span> <span class='ocrx_word' id='word_1_432' title='bbox 742 3956 919 4021; x_wconf 86' lang='lat' dir='ltr'><strong>corde,</strong></span> <span class='ocrx_word' id='word_1_433' title='bbox 940 3962 991 4010; x_wconf 90' lang='lat' dir='ltr'><strong>et</strong></span> <span class='ocrx_word' id='word_1_434' title='bbox 1006 3958 1161 4012; x_wconf 86' lang='lat' dir='ltr'><strong>corde</strong></span> <span class='ocrx_word' id='word_1_435' title='bbox 1183 3958 1342 4013; x_wconf 85' lang='lat' dir='ltr'><strong>locuti</strong></span> <span class='ocrx_word' id='word_1_436' title='bbox 1370 3965 1493 4013; x_wconf 88' lang='lat' dir='ltr'><strong>sunt</strong></span> <span class='ocrx_word' id='word_1_437' title='bbox 1519 3961 1665 4016; x_wconf 87' lang='lat' dir='ltr'><strong>mala</strong></span> <span class='ocrx_word' id='word_1_438' title='bbox 1697 3961 1872 4034; x_wconf 51' lang='lat' dir='ltr'><strong>(Psal.</strong></span> 
     </span>
    </p>
   </div>
   <div class='ocr_carea' id='block_1_57' title="bbox 278 4043 1876 4119">
    <p class='ocr_par' dir='ltr' id='par_1_57' title="bbox 278 4043 1876 4119">
     <span class='ocr_line' id='line_1_57' title="bbox 278 4043 1876 4119; baseline 0.005 -19"><span class='ocrx_word' id='word_1_439' title='bbox 278 4057 354 4110; x_wconf 78' lang='grc' dir='ltr'><strong>ιι,</strong></span> <span class='ocrx_word' id='word_1_440' title='bbox 370 4043 448 4114; x_wconf 87' lang='grc'><strong>3).</strong></span> <span class='ocrx_word' id='word_1_441' title='bbox 467 4043 542 4101; x_wconf 86' lang='lat' dir='ltr'><strong>Os</strong></span> <span class='ocrx_word' id='word_1_442' title='bbox 557 4044 730 4116; x_wconf 91' lang='lat' dir='ltr'><strong>igitur</strong></span> <span class='ocrx_word' id='word_1_443' title='bbox 747 4043 933 4101; x_wconf 89' lang='lat' dir='ltr'><strong>cordis</strong></span> <span class='ocrx_word' id='word_1_444' title='bbox 953 4045 1083 4119; x_wconf 91' lang='lat' dir='ltr'><strong>quia</strong></span> <span class='ocrx_word' id='word_1_445' title='bbox 1102 4046 1286 4103; x_wconf 86' lang='lat' dir='ltr'><strong>verbis</strong></span> <span class='ocrx_word' id='word_1_446' title='bbox 1305 4048 1647 4107; x_wconf 89' lang='lat' dir='ltr'><strong>intendimus</strong></span> <span class='ocrx_word' id='word_1_447' title='bbox 1666 4051 1876 4108; x_wconf 86' lang='lat' dir='ltr'><strong>ultimae</strong></span> 
     </span>
    </p>
   </div>
   <div class='ocr_carea' id='block_1_58' title="bbox 281 4132 1878 4210">
    <p class='ocr_par' dir='ltr' id='par_1_58' title="bbox 281 4132 1878 4210">
     <span class='ocr_line' id='line_1_58' title="bbox 281 4132 1878 4210; baseline 0.006 -22"><span class='ocrx_word' id='word_1_448' title='bbox 281 4132 699 4203; x_wconf 82' lang='lat' dir='ltr'><strong>pradicationis,</strong></span> <span class='ocrx_word' id='word_1_449' title='bbox 743 4133 855 4193; x_wconf 91' lang='lat' dir='ltr'><strong>hoc</strong></span> <span class='ocrx_word' id='word_1_450' title='bbox 900 4135 1055 4191; x_wconf 92' lang='lat' dir='ltr'><strong>velut</strong></span> <span class='ocrx_word' id='word_1_451' title='bbox 1095 4136 1358 4193; x_wconf 88' lang='lat' dir='ltr'><strong>serotinis</strong></span> <span class='ocrx_word' id='word_1_452' title='bbox 1385 4140 1664 4210; x_wconf 88' lang='lat' dir='ltr'><strong>aperimus</strong></span> <span class='ocrx_word' id='word_1_453' title='bbox 1692 4140 1878 4198; x_wconf 84' lang='lat' dir='ltr'><strong>ﬂuen-</strong></span> 
     </span>
    </p>
   </div>
   <div class='ocr_carea' id='block_1_59' title="bbox 281 4222 1875 4301">
    <p class='ocr_par' dir='ltr' id='par_1_59' title="bbox 281 4222 1875 4301">
     <span class='ocr_line' id='line_1_59' title="bbox 281 4222 1875 4301; baseline 0.006 -21"><span class='ocrx_word' id='word_1_454' title='bbox 281 4222 365 4280; x_wconf 82' lang='lat' dir='ltr'><strong>tis.</strong></span> <span class='ocrx_word' id='word_1_455' title='bbox 393 4224 523 4293; x_wconf 79' lang='lat' dir='ltr'><strong>Qua</strong></span> <span class='ocrx_word' id='word_1_456' title='bbox 554 4224 825 4282; x_wconf 88' lang='lat' dir='ltr'><strong>nimirum</strong></span> <span class='ocrx_word' id='word_1_457' title='bbox 854 4225 1174 4299; x_wconf 88' lang='lat' dir='ltr'><strong>pradicatio</strong></span> <span class='ocrx_word' id='word_1_458' title='bbox 1203 4245 1272 4284; x_wconf 90' lang='lat' dir='ltr'><strong>ex</strong></span> <span class='ocrx_word' id='word_1_459' title='bbox 1300 4227 1418 4301; x_wconf 86' lang='lat' dir='ltr'><strong>ejus</strong></span> <span class='ocrx_word' id='word_1_460' title='bbox 1445 4230 1515 4287; x_wconf 90' lang='lat' dir='ltr'><strong>ad</strong></span> <span class='ocrx_word' id='word_1_461' title='bbox 1542 4248 1645 4288; x_wconf 88' lang='lat' dir='ltr'><strong>nos</strong></span> <span class='ocrx_word' id='word_1_462' title='bbox 1671 4231 1875 4289; x_wconf 88' lang='lat' dir='ltr'><strong>sacriﬁ-</strong></span> 
     </span>
    </p>
   </div>
   <div class='ocr_carea' id='block_1_60' title="bbox 284 4312 1877 4388">
    <p class='ocr_par' dir='ltr' id='par_1_60' title="bbox 284 4312 1877 4388">
     <span class='ocr_line' id='line_1_60' title="bbox 284 4312 1877 4388; baseline 0.006 -19"><span class='ocrx_word' id='word_1_463' title='bbox 284 4312 365 4370; x_wconf 84' lang='lat' dir='ltr'><strong>cio</strong></span> <span class='ocrx_word' id='word_1_464' title='bbox 389 4314 618 4387; x_wconf 86' lang='lat' dir='ltr'><strong>prodiit,</strong></span> <span class='ocrx_word' id='word_1_465' title='bbox 647 4314 744 4388; x_wconf 89' lang='lat' dir='ltr'><strong>qui</strong></span> <span class='ocrx_word' id='word_1_466' title='bbox 773 4331 872 4388; x_wconf 88' lang='lat' dir='ltr'><strong>per</strong></span> <span class='ocrx_word' id='word_1_467' title='bbox 908 4315 1256 4374; x_wconf 87' lang='lat' dir='ltr'><strong>Psalmistam</strong></span> <span class='ocrx_word' id='word_1_468' title='bbox 1285 4317 1422 4376; x_wconf 85' lang='lat' dir='ltr'><strong>dicit</strong></span> <span class='ocrx_word' id='word_1_469' title='bbox 1446 4337 1457 4376; x_wconf 93' lang='lat'><strong>:</strong></span> <span class='ocrx_word' id='word_1_470' title='bbox 1485 4321 1730 4378; x_wconf 82' lang='lat' dir='ltr'><strong>Elevatio</strong></span> <span class='ocrx_word' id='word_1_471' title='bbox 1764 4339 1877 4378; x_wconf 87' lang='lat' dir='ltr'><strong>ma-</strong></span> 
     </span>
    </p>
   </div>
   <div class='ocr_carea' id='block_1_61' title="bbox 280 4406 1872 4484">
    <p class='ocr_par' dir='ltr' id='par_1_61' title="bbox 280 4406 1872 4484">
     <span class='ocr_line' id='line_1_61' title="bbox 280 4406 1872 4484; baseline 0.005 -25"><span class='ocrx_word' id='word_1_472' title='bbox 280 4419 444 4459; x_wconf 82' lang='lat' dir='ltr'><strong>nuum</strong></span> <span class='ocrx_word' id='word_1_473' title='bbox 466 4422 706 4461; x_wconf 85' lang='lat' dir='ltr'><strong>mearum</strong></span> <span class='ocrx_word' id='word_1_474' title='bbox 724 4406 1049 4480; x_wconf 79' lang='lat' dir='ltr'><strong>sacriﬁcium</strong></span> <span class='ocrx_word' id='word_1_475' title='bbox 1068 4409 1417 4481; x_wconf 86' lang='lat' dir='ltr'><strong>vespertinum</strong></span> <span class='ocrx_word' id='word_1_476' title='bbox 1433 4411 1614 4481; x_wconf 87' lang='lat' dir='ltr'><strong>(Psal.</strong></span> <span class='ocrx_word' id='word_1_477' title='bbox 1639 4428 1766 4481; x_wconf 74' lang='lat' dir='ltr'><strong>cxn,</strong></span> <span class='ocrx_word' id='word_1_478' title='bbox 1791 4412 1872 4484; x_wconf 91' lang='lat'><strong>2).</strong></span> 
     </span>
    </p>
   </div>
   <div class='ocr_carea' id='block_1_62' title="bbox 284 4491 1956 4597">
    <p class='ocr_par' dir='ltr' id='par_1_62' title="bbox 284 4491 1956 4597">
     <span class='ocr_line' id='line_1_62' title="bbox 284 4491 1956 4597; baseline 0.006 -49"><span class='ocrx_word' id='word_1_479' title='bbox 284 4491 419 4561; x_wconf 84' lang='lat' dir='ltr'><strong>Quia</strong></span> <span class='ocrx_word' id='word_1_480' title='bbox 445 4494 597 4551; x_wconf 89' lang='lat' dir='ltr'><strong>enim</strong></span> <span class='ocrx_word' id='word_1_481' title='bbox 609 4494 954 4595; x_wconf 40' lang='lat' dir='ltr'><strong>.Bedemptor</strong></span> <span class='ocrx_word' id='word_1_482' title='bbox 973 4505 1163 4554; x_wconf 90' lang='lat' dir='ltr'><strong>noster</strong></span> <span class='ocrx_word' id='word_1_483' title='bbox 1176 4497 1337 4571; x_wconf 89' lang='lat' dir='ltr'><strong>juxta</strong></span> <span class='ocrx_word' id='word_1_484' title='bbox 1359 4500 1553 4558; x_wconf 90' lang='lat' dir='ltr'><strong>mundi</strong></span> <span class='ocrx_word' id='word_1_485' title='bbox 1572 4500 1742 4558; x_wconf 86' lang='lat' dir='ltr'><strong>ﬁnem</strong></span> <span class='ocrx_word' id='word_1_486' title='bbox 1760 4500 1874 4561; x_wconf 86' lang='lat' dir='ltr'><strong>vim</strong></span> <span class='ocrx_word' id='word_1_487' title='bbox 1906 4538 1956 4597; x_wconf 71' lang='grc' dir='ltr'>Β</span> 
     </span>
    </p>
   </div>
   <div class='ocr_carea' id='block_1_63' title="bbox 284 4584 1878 4663">
    <p class='ocr_par' dir='ltr' id='par_1_63' title="bbox 284 4584 1878 4663">
     <span class='ocr_line' id='line_1_63' title="bbox 284 4584 1878 4663; baseline 0.004 -23"><span class='ocrx_word' id='word_1_488' title='bbox 284 4584 720 4659; x_wconf 84' lang='lat' dir='ltr'><strong>persequentium</strong></span> <span class='ocrx_word' id='word_1_489' title='bbox 749 4587 998 4660; x_wconf 91' lang='lat' dir='ltr'><strong>pertulit,</strong></span> <span class='ocrx_word' id='word_1_490' title='bbox 1027 4588 1382 4661; x_wconf 88' lang='lat' dir='ltr'><strong>semetipsum</strong></span> <span class='ocrx_word' id='word_1_491' title='bbox 1402 4607 1502 4663; x_wconf 91' lang='lat' dir='ltr'><strong>pro</strong></span> <span class='ocrx_word' id='word_1_492' title='bbox 1522 4590 1685 4649; x_wconf 88' lang='lat' dir='ltr'><strong>nobis</strong></span> <span class='ocrx_word' id='word_1_493' title='bbox 1712 4591 1878 4649; x_wconf 88' lang='lat' dir='ltr'><strong>sacri-</strong></span> 
     </span>
    </p>
   </div>
   <div class='ocr_carea' id='block_1_64' title="bbox 285 4670 1875 4750">
    <p class='ocr_par' dir='ltr' id='par_1_64' title="bbox 285 4670 1875 4750">
     <span class='ocr_line' id='line_1_64' title="bbox 285 4670 1875 4750; baseline 0.006 -22"><span class='ocrx_word' id='word_1_494' title='bbox 285 4670 463 4731; x_wconf 82' lang='lat' dir='ltr'><strong>ﬁcium</strong></span> <span class='ocrx_word' id='word_1_495' title='bbox 507 4676 887 4750; x_wconf 88' lang='lat' dir='ltr'><strong>vespertinum</strong></span> <span class='ocrx_word' id='word_1_496' title='bbox 930 4675 1104 4735; x_wconf 88' lang='lat' dir='ltr'><strong>dedit.</strong></span> <span class='ocrx_word' id='word_1_497' title='bbox 1149 4678 1229 4735; x_wconf 91' lang='lat' dir='ltr'><strong>De</strong></span> <span class='ocrx_word' id='word_1_498' title='bbox 1273 4677 1381 4734; x_wconf 90' lang='lat' dir='ltr'><strong>hoc</strong></span> <span class='ocrx_word' id='word_1_499' title='bbox 1416 4678 1593 4736; x_wconf 88' lang='lat' dir='ltr'><strong>imbre</strong></span> <span class='ocrx_word' id='word_1_500' title='bbox 1633 4679 1875 4738; x_wconf 88' lang='lat' dir='ltr'><strong>serotino</strong></span> 
     </span>
    </p>
   </div>
   <div class='ocr_carea' id='block_1_65' title="bbox 285 4763 1877 4845">
    <p class='ocr_par' dir='ltr' id='par_1_65' title="bbox 285 4763 1877 4845">
     <span class='ocr_line' id='line_1_65' title="bbox 285 4763 1877 4845; baseline 0.004 -22"><span class='ocrx_word' id='word_1_501' title='bbox 285 4763 415 4823; x_wconf 79' lang='lat' dir='ltr'><strong>alias</strong></span> <span class='ocrx_word' id='word_1_502' title='bbox 436 4766 700 4841; x_wconf 83' lang='lat' dir='ltr'><strong>scriptum</strong></span> <span class='ocrx_word' id='word_1_503' title='bbox 729 4776 846 4826; x_wconf 89' lang='lat' dir='ltr'><strong>est:</strong></span> <span class='ocrx_word' id='word_1_504' title='bbox 880 4768 1032 4827; x_wconf 86' lang='lat' dir='ltr'><strong>Dabo</strong></span> <span class='ocrx_word' id='word_1_505' title='bbox 1050 4768 1197 4826; x_wconf 80' lang='lat' dir='ltr'><strong>vobis</strong></span> <span class='ocrx_word' id='word_1_506' title='bbox 1214 4768 1459 4842; x_wconf 84' lang='lat' dir='ltr'><strong>pluviam</strong></span> <span class='ocrx_word' id='word_1_507' title='bbox 1482 4772 1499 4806; x_wconf 86' lang='grc'>¹</span> <span class='ocrx_word' id='word_1_508' title='bbox 1533 4771 1877 4845; x_wconf 82' lang='lat' dir='ltr'><strong>temporioam</strong></span> 
     </span>
    </p>
   </div>
   <div class='ocr_carea' id='block_1_66' title="bbox 284 4856 1875 4937">
    <p class='ocr_par' dir='ltr' id='par_1_66' title="bbox 284 4856 1875 4937">
     <span class='ocr_line' id='line_1_66' title="bbox 284 4856 1875 4937; baseline 0.006 -27"><span class='ocrx_word' id='word_1_509' title='bbox 284 4859 331 4912; x_wconf 83' lang='lat' dir='ltr'><strong>et</strong></span> <span class='ocrx_word' id='word_1_510' title='bbox 352 4856 634 4915; x_wconf 71' lang='lat' dir='ltr'><strong>serotinum</strong></span> <span class='ocrx_word' id='word_1_511' title='bbox 648 4857 876 4928; x_wconf 77' lang='lat' dir='ltr'><strong>(Ierem.</strong></span> <span class='ocrx_word' id='word_1_512' title='bbox 897 4875 960 4928; x_wconf 90' lang='lat' dir='ltr'><strong>v,</strong></span> <span class='ocrx_word' id='word_1_513' title='bbox 977 4857 1094 4933; x_wconf 69' lang='lat'><strong>24).</strong></span> <span class='ocrx_word' id='word_1_514' title='bbox 1118 4859 1505 4933; x_wconf 84' lang='lat' dir='ltr'><strong>Temporivam</strong></span> <span class='ocrx_word' id='word_1_515' title='bbox 1534 4860 1738 4936; x_wconf 89' lang='lat' dir='ltr'><strong>quippe</strong></span> <span class='ocrx_word' id='word_1_516' title='bbox 1757 4861 1875 4937; x_wconf 82' lang='lat' dir='ltr'><strong>plu-</strong></span> 
     </span>
    </p>
   </div>
   <div class='ocr_carea' id='block_1_67' title="bbox 283 4943 1875 5025">
    <p class='ocr_par' dir='ltr' id='par_1_67' title="bbox 283 4943 1875 5025">
     <span class='ocr_line' id='line_1_67' title="bbox 283 4943 1875 5025; baseline 0.006 -24"><span class='ocrx_word' id='word_1_517' title='bbox 283 4943 423 5001; x_wconf 85' lang='lat' dir='ltr'><strong>viam</strong></span> <span class='ocrx_word' id='word_1_518' title='bbox 449 4944 625 5017; x_wconf 86' lang='lat' dir='ltr'><strong>dedit,</strong></span> <span class='ocrx_word' id='word_1_519' title='bbox 646 4948 782 5022; x_wconf 89' lang='lat' dir='ltr'><strong>quia</strong></span> <span class='ocrx_word' id='word_1_520' title='bbox 807 4948 998 5007; x_wconf 88' lang='lat' dir='ltr'><strong>electis</strong></span> <span class='ocrx_word' id='word_1_521' title='bbox 1025 4948 1142 5006; x_wconf 88' lang='lat' dir='ltr'><strong>suis</strong></span> <span class='ocrx_word' id='word_1_522' title='bbox 1166 4948 1336 5022; x_wconf 90' lang='lat' dir='ltr'><strong>priori</strong></span> <span class='ocrx_word' id='word_1_523' title='bbox 1367 4956 1611 5023; x_wconf 90' lang='lat' dir='ltr'><strong>tempore</strong></span> <span class='ocrx_word' id='word_1_524' title='bbox 1638 4951 1775 5025; x_wconf 90' lang='lat' dir='ltr'><strong>legis</strong></span> <span class='ocrx_word' id='word_1_525' title='bbox 1793 4951 1875 5010; x_wconf 83' lang='lat' dir='ltr'><strong>in-</strong></span> 
     </span>
    </p>
   </div>
   <div class='ocr_carea' id='block_1_68' title="bbox 284 5033 1876 5115">
    <p class='ocr_par' dir='ltr' id='par_1_68' title="bbox 284 5033 1876 5115">
     <span class='ocr_line' id='line_1_68' title="bbox 284 5033 1876 5115; baseline 0.003 -24"><span class='ocrx_word' id='word_1_526' title='bbox 284 5033 555 5096; x_wconf 82' lang='lat' dir='ltr'><strong>tellectum</strong></span> <span class='ocrx_word' id='word_1_527' title='bbox 597 5037 858 5099; x_wconf 85' lang='lat' dir='ltr'><strong>contulit.</strong></span> <span class='ocrx_word' id='word_1_528' title='bbox 904 5038 1213 5097; x_wconf 87' lang='lat' dir='ltr'><strong>Serotinam</strong></span> <span class='ocrx_word' id='word_1_529' title='bbox 1242 5053 1461 5113; x_wconf 89' lang='lat' dir='ltr'><strong>quoque</strong></span> <span class='ocrx_word' id='word_1_530' title='bbox 1488 5039 1735 5115; x_wconf 77' lang='lat' dir='ltr'><strong>pluviam</strong></span> <span class='ocrx_word' id='word_1_531' title='bbox 1764 5040 1876 5097; x_wconf 91' lang='lat' dir='ltr'><strong>tri—</strong></span> 
     </span>
    </p>
   </div>
   <div class='ocr_carea' id='block_1_69' title="bbox 350 5287 1871 5363">
    <p class='ocr_par' dir='ltr' id='par_1_69' title="bbox 350 5287 1871 5363">
     <span class='ocr_line' id='line_1_69' title="bbox 350 5287 1871 5363; baseline 0.005 -17"><span class='ocrx_word' id='word_1_532' title='bbox 350 5288 367 5324; x_wconf 89' lang='grc'>¹</span> <span class='ocrx_word' id='word_1_533' title='bbox 405 5287 571 5363; x_wconf 80' lang='lat' dir='ltr'><strong>Licet</strong></span> <span class='ocrx_word' id='word_1_534' title='bbox 609 5289 845 5349; x_wconf 87' lang='lat' dir='ltr'><strong>barbara</strong></span> <span class='ocrx_word' id='word_1_535' title='bbox 880 5289 1135 5350; x_wconf 90' lang='lat' dir='ltr'><strong>videatur</strong></span> <span class='ocrx_word' id='word_1_536' title='bbox 1174 5291 1292 5351; x_wconf 86' lang='lat' dir='ltr'><strong>hac</strong></span> <span class='ocrx_word' id='word_1_537' title='bbox 1329 5308 1461 5363; x_wconf 88' lang='lat' dir='ltr'><strong>vox,</strong></span> <span class='ocrx_word' id='word_1_538' title='bbox 1491 5292 1561 5351; x_wconf 92' lang='lat' dir='ltr'><strong>ab</strong></span> <span class='ocrx_word' id='word_1_539' title='bbox 1589 5309 1653 5351; x_wconf 88' lang='lat' dir='ltr'><strong>ea</strong></span> <span class='ocrx_word' id='word_1_540' title='bbox 1688 5301 1871 5353; x_wconf 90' lang='lat' dir='ltr'><strong>tamen</strong></span> 
     </span>
    </p>
   </div>
   <div class='ocr_carea' id='block_1_70' title="bbox 286 5357 1876 5435">
    <p class='ocr_par' dir='ltr' id='par_1_70' title="bbox 286 5357 1876 5435">
     <span class='ocr_line' id='line_1_70' title="bbox 286 5357 1876 5435; baseline 0.006 -19"><span class='ocrx_word' id='word_1_541' title='bbox 286 5357 668 5435; x_wconf 70' lang='lat' dir='ltr'><strong>abstinendum</strong></span> <span class='ocrx_word' id='word_1_542' title='bbox 698 5379 815 5420; x_wconf 88' lang='lat' dir='ltr'><strong>esse</strong></span> <span class='ocrx_word' id='word_1_543' title='bbox 842 5381 953 5421; x_wconf 89' lang='lat' dir='ltr'><strong>non</strong></span> <span class='ocrx_word' id='word_1_544' title='bbox 984 5366 1318 5435; x_wconf 88' lang='lat' dir='ltr'><strong>censuimus,</strong></span> <span class='ocrx_word' id='word_1_545' title='bbox 1350 5357 1478 5435; x_wconf 78' lang='lat' dir='ltr'><strong>quia</strong></span> <span class='ocrx_word' id='word_1_546' title='bbox 1519 5367 1578 5422; x_wconf 91' lang='lat' dir='ltr'><strong>in</strong></span> <span class='ocrx_word' id='word_1_547' title='bbox 1616 5368 1876 5425; x_wconf 89' lang='lat' dir='ltr'><strong>omnibus</strong></span> 
     </span>
    </p>
   </div>
   <div class='ocr_carea' id='block_1_71' title="bbox 282 5430 1876 5509">
    <p class='ocr_par' dir='ltr' id='par_1_71' title="bbox 282 5430 1876 5509">
     <span class='ocr_line' id='line_1_71' title="bbox 282 5430 1876 5509; baseline 0.006 -22"><span class='ocrx_word' id='word_1_548' title='bbox 282 5430 401 5489; x_wconf 71' lang='lat' dir='ltr'><strong>Mss.</strong></span> <span class='ocrx_word' id='word_1_549' title='bbox 426 5433 839 5509; x_wconf 89' lang='lat' dir='ltr'><strong>Corh._Germ.,</strong></span> <span class='ocrx_word' id='word_1_550' title='bbox 869 5438 1086 5509; x_wconf 71' lang='lat' dir='ltr'><strong>Norm.,</strong></span> <span class='ocrx_word' id='word_1_551' title='bbox 1116 5438 1289 5494; x_wconf 90' lang='lat' dir='ltr'><strong>Laud.</strong></span> <span class='ocrx_word' id='word_1_552' title='bbox 1300 5430 1316 5506; x_wconf 62' lang='grc' dir='ltr'><strong><em>ς</em></strong></span> <span class='ocrx_word' id='word_1_553' title='bbox 1346 5430 1578 5508; x_wconf 79' lang='lat' dir='ltr'><strong>Turon.,</strong></span> <span class='ocrx_word' id='word_1_554' title='bbox 1610 5436 1876 5509; x_wconf 82' lang='lat' dir='ltr'><strong>Vindoc.,</strong></span> 
     </span>
    </p>
   </div>
   <div class='ocr_carea' id='block_1_72' title="bbox 284 5505 1879 5581">
    <p class='ocr_par' dir='ltr' id='par_1_72' title="bbox 284 5505 1879 5581">
     <span class='ocr_line' id='line_1_72' title="bbox 284 5505 1879 5581; baseline 0.006 -23"><span class='ocrx_word' id='word_1_555' title='bbox 284 5509 405 5581; x_wconf 62' lang='lat' dir='ltr'><strong>etc,</strong></span> <span class='ocrx_word' id='word_1_556' title='bbox 433 5505 749 5578; x_wconf 89' lang='lat' dir='ltr'><strong>reperitur;</strong></span> <span class='ocrx_word' id='word_1_557' title='bbox 790 5507 950 5581; x_wconf 89' lang='lat' dir='ltr'><strong>cujus</strong></span> <span class='ocrx_word' id='word_1_558' title='bbox 990 5505 1214 5581; x_wconf 16' lang='lat' dir='ltr'><strong>locogin</strong></span> <span class='ocrx_word' id='word_1_559' title='bbox 1243 5505 1427 5567; x_wconf 81' lang='lat' dir='ltr'><strong>Germ.</strong></span> <span class='ocrx_word' id='word_1_560' title='bbox 1459 5505 1599 5566; x_wconf 85' lang='lat' dir='ltr'><strong>etin</strong></span> <span class='ocrx_word' id='word_1_561' title='bbox 1638 5510 1741 5567; x_wconf 91' lang='lat' dir='ltr'><strong>Ed.</strong></span> <span class='ocrx_word' id='word_1_562' title='bbox 1789 5505 1879 5568; x_wconf 49' lang='lat' dir='ltr'><strong>le-&#39;</strong></span> 
     </span>
    </p>
   </div>
   <div class='ocr_carea' id='block_1_73' title="bbox 282 5573 1876 5654">
    <p class='ocr_par' dir='ltr' id='par_1_73' title="bbox 282 5573 1876 5654">
     <span class='ocr_line' id='line_1_73' title="bbox 282 5573 1876 5654; baseline 0.005 -22"><span class='ocrx_word' id='word_1_563' title='bbox 282 5573 444 5654; x_wconf 74' lang='lat' dir='ltr'><strong>gitur,</strong></span> <span class='ocrx_word' id='word_1_564' title='bbox 468 5573 884 5650; x_wconf 61' lang='lat' dir='ltr'><strong>te&#39;mporaneam&#39;,</strong></span> <span class='ocrx_word' id='word_1_565' title='bbox 900 5588 954 5637; x_wconf 91' lang='lat' dir='ltr'><strong>et</strong></span> <span class='ocrx_word' id='word_1_566' title='bbox 982 5580 1042 5637; x_wconf 90' lang='lat' dir='ltr'><strong>in</strong></span> <span class='ocrx_word' id='word_1_567' title='bbox 1067 5579 1172 5637; x_wconf 89' lang='lat' dir='ltr'><strong>Ed.</strong></span> <span class='ocrx_word' id='word_1_568' title='bbox 1195 5588 1308 5638; x_wconf 88' lang='lat' dir='ltr'><strong>vet.</strong></span> <span class='ocrx_word' id='word_1_569' title='bbox 1330 5582 1577 5640; x_wconf 89' lang='lat' dir='ltr'><strong>Barthol.</strong></span> <span class='ocrx_word' id='word_1_570' title='bbox 1609 5590 1664 5638; x_wconf 91' lang='lat' dir='ltr'><strong>et</strong></span> <span class='ocrx_word' id='word_1_571' title='bbox 1683 5583 1876 5654; x_wconf 89' lang='lat' dir='ltr'><strong>Basil.,</strong></span> 
     </span>
    </p>
   </div>
   <div class='ocr_carea' id='block_1_74' title="bbox 285 5651 889 5721">
    <p class='ocr_par' dir='ltr' id='par_1_74' title="bbox 285 5651 889 5721">
     <span class='ocr_line' id='line_1_74' title="bbox 285 5651 889 5721; baseline 0.012 -17"><span class='ocrx_word' id='word_1_572' title='bbox 285 5651 684 5721; x_wconf 62' lang='lat' dir='ltr'><strong>temperaneam.</strong></span> <span class='ocrx_word' id='word_1_573' title='bbox 884 5707 889 5711; x_wconf 83' lang='lat'><strong>.</strong></span> 
     </span>
    </p>
   </div>
   <div class='ocr_carea' id='block_1_75' title="bbox 324 5718 1877 5806">
    <p class='ocr_par' dir='ltr' id='par_1_75' title="bbox 324 5718 1877 5806">
     <span class='ocr_line' id='line_1_75' title="bbox 324 5718 1877 5806; baseline 0.017 -34"><span class='ocrx_word' id='word_1_574' title='bbox 324 5718 392 5800; x_wconf 40' lang='grc' dir='ltr'><strong>,ι’</strong></span> <span class='ocrx_word' id='word_1_575' title='bbox 407 5720 646 5806; x_wconf 55' lang='grc' dir='ltr'><strong>Τᾳτοηε,</strong></span> <span class='ocrx_word' id='word_1_576' title='bbox 665 5722 892 5806; x_wconf 82' lang='lat' dir='ltr'><strong>Ehroic.</strong></span> <span class='ocrx_word' id='word_1_577' title='bbox 923 5728 980 5781; x_wconf 90' lang='lat' dir='ltr'><strong>et</strong></span> <span class='ocrx_word' id='word_1_578' title='bbox 1002 5722 1100 5783; x_wconf 88' lang='lat' dir='ltr'><strong>alii</strong></span> <span class='ocrx_word' id='word_1_579' title='bbox 1127 5723 1342 5794; x_wconf 88' lang='lat' dir='ltr'><strong>Norm.,</strong></span> <span class='ocrx_word' id='word_1_580' title='bbox 1370 5725 1618 5799; x_wconf 83' lang='lat' dir='ltr'><strong>rigorem,</strong></span> <span class='ocrx_word' id='word_1_581' title='bbox 1639 5735 1693 5785; x_wconf 80' lang='lat' dir='ltr'><strong>et</strong></span> <span class='ocrx_word' id='word_1_582' title='bbox 1712 5728 1877 5799; x_wconf 65' lang='lat' dir='ltr'><strong>infra.</strong></span> 
     </span>
    </p>
   </div>
   <div class='ocr_carea' id='block_1_76' title="bbox 282 5802 1190 5864">
    <p class='ocr_par' dir='ltr' id='par_1_76' title="bbox 282 5802 1190 5864">
     <span class='ocr_line' id='line_1_76' title="bbox 282 5802 1190 5864; baseline 0.011 -16"><span class='ocrx_word' id='word_1_583' title='bbox 282 5806 433 5863; x_wconf 68' lang='lat' dir='ltr'><strong>rigor</strong></span> <span class='ocrx_word' id='word_1_584' title='bbox 451 5808 573 5864; x_wconf 71' lang='lat' dir='ltr'><strong>1am</strong></span> <span class='ocrx_word' id='word_1_585' title='bbox 599 5802 753 5854; x_wconf 77' lang='lat' dir='ltr'><strong>inest.</strong></span> <span class='ocrx_word' id='word_1_586' title='bbox 1186 5841 1190 5845; x_wconf 66' lang='grc' dir='ltr'><strong>ς</strong></span> 
     </span>
    </p>
   </div>
   <div class='ocr_carea' id='block_1_77' title="bbox 573 5895 1109 5962">
    <p class='ocr_par' dir='ltr' id='par_1_77' title="bbox 573 5895 1109 5962">
     <span class='ocr_line' id='line_1_77' title="bbox 573 5895 1109 5962; baseline 0.017 -9"><span class='ocrx_word' id='word_1_587' title='bbox 573 5895 818 5961; x_wconf 70' lang='grc' dir='ltr'><strong>ΡΑτιιοῑ..</strong></span> <span class='ocrx_word' id='word_1_588' title='bbox 859 5900 1109 5962; x_wconf 82' lang='lat' dir='ltr'><strong>LXXVI.</strong></span> 
     </span>
    </p>
   </div>
   <div class='ocr_carea' id='block_1_78' title="bbox 1988 1900 3586 1977">
    <p class='ocr_par' dir='ltr' id='par_1_78' title="bbox 1988 1900 3586 1977">
     <span class='ocr_line' id='line_1_78' title="bbox 1988 1900 3586 1977; baseline 0.001 -18"><span class='ocrx_word' id='word_1_589' title='bbox 1988 1904 2061 1959; x_wconf 88' lang='lat' dir='ltr'><strong>tis</strong></span> <span class='ocrx_word' id='word_1_590' title='bbox 2086 1902 2313 1959; x_wconf 89' lang='lat' dir='ltr'><strong>lenitate</strong></span> <span class='ocrx_word' id='word_1_591' title='bbox 2341 1918 2453 1958; x_wconf 89' lang='lat' dir='ltr'><strong>non</strong></span> <span class='ocrx_word' id='word_1_592' title='bbox 2480 1901 2587 1957; x_wconf 90' lang='lat' dir='ltr'><strong>fuit</strong></span> <span class='ocrx_word' id='word_1_593' title='bbox 2618 1901 2746 1969; x_wconf 93' lang='lat' dir='ltr'><strong>hoc,</strong></span> <span class='ocrx_word' id='word_1_594' title='bbox 2775 1900 2923 1975; x_wconf 90' lang='lat' dir='ltr'><strong>quod</strong></span> <span class='ocrx_word' id='word_1_595' title='bbox 2951 1918 3007 1958; x_wconf 91' lang='lat' dir='ltr'><strong>se</strong></span> <span class='ocrx_word' id='word_1_596' title='bbox 3037 1910 3246 1975; x_wconf 89' lang='lat' dir='ltr'><strong>patrem</strong></span> <span class='ocrx_word' id='word_1_597' title='bbox 3284 1919 3586 1977; x_wconf 87' lang='lat' dir='ltr'><strong>pauperum</strong></span> 
     </span>
    </p>
   </div>
   <div class='ocr_carea' id='block_1_79' title="bbox 1988 1990 3589 2051">
    <p class='ocr_par' dir='ltr' id='par_1_79' title="bbox 1988 1990 3589 2051">
     <span class='ocr_line' id='line_1_79' title="bbox 1988 1990 3589 2051; baseline 0.001 -3"><span class='ocrx_word' id='word_1_598' title='bbox 1988 2000 2043 2049; x_wconf 91' lang='lat' dir='ltr'><strong>et</strong></span> <span class='ocrx_word' id='word_1_599' title='bbox 2080 1992 2373 2048; x_wconf 87' lang='lat' dir='ltr'><strong>viduarum</strong></span> <span class='ocrx_word' id='word_1_600' title='bbox 2421 1990 2823 2047; x_wconf 87' lang='lat' dir='ltr'><strong>consolatorem</strong></span> <span class='ocrx_word' id='word_1_601' title='bbox 2865 1990 3021 2048; x_wconf 91' lang='lat' dir='ltr'><strong>dicit.</strong></span> <span class='ocrx_word' id='word_1_602' title='bbox 3069 1992 3175 2048; x_wconf 90' lang='lat' dir='ltr'><strong>Sed</strong></span> <span class='ocrx_word' id='word_1_603' title='bbox 3216 2009 3436 2050; x_wconf 90' lang='lat' dir='ltr'><strong>rursum</strong></span> <span class='ocrx_word' id='word_1_604' title='bbox 3468 1994 3589 2051; x_wconf 91' lang='lat' dir='ltr'><strong>sine</strong></span> 
     </span>
    </p>
   </div>
   <div class='ocr_carea' id='block_1_80' title="bbox 1990 2079 3584 2153">
    <p class='ocr_par' dir='ltr' id='par_1_80' title="bbox 1990 2079 3584 2153">
     <span class='ocr_line' id='line_1_80' title="bbox 1990 2079 3584 2153; baseline 0.002 -16"><span class='ocrx_word' id='word_1_605' title='bbox 1990 2097 2185 2153; x_wconf 84' lang='lat' dir='ltr'><strong>magna</strong></span> <span class='ocrx_word' id='word_1_606' title='bbox 2231 2079 2521 2136; x_wconf 87' lang='lat' dir='ltr'><strong>severitate</strong></span> <span class='ocrx_word' id='word_1_607' title='bbox 2567 2096 2680 2136; x_wconf 91' lang='lat' dir='ltr'><strong>non</strong></span> <span class='ocrx_word' id='word_1_608' title='bbox 2724 2080 2904 2152; x_wconf 92' lang='lat' dir='ltr'><strong>potuit</strong></span> <span class='ocrx_word' id='word_1_609' title='bbox 2942 2081 3108 2136; x_wconf 89' lang='lat' dir='ltr'><strong>etiam</strong></span> <span class='ocrx_word' id='word_1_610' title='bbox 3157 2082 3344 2138; x_wconf 89' lang='lat' dir='ltr'><strong>ridens</strong></span> <span class='ocrx_word' id='word_1_611' title='bbox 3377 2083 3584 2141; x_wconf 90' lang='lat' dir='ltr'><strong>timeri.</strong></span> 
     </span>
    </p>
   </div>
   <div class='ocr_carea' id='block_1_81' title="bbox 1988 2168 3588 2242">
    <p class='ocr_par' dir='ltr' id='par_1_81' title="bbox 1988 2168 3588 2242">
     <span class='ocr_line' id='line_1_81' title="bbox 1988 2168 3588 2242; baseline 0.002 -16"><span class='ocrx_word' id='word_1_612' title='bbox 1988 2172 2107 2239; x_wconf 91' lang='lat' dir='ltr'><strong>Qua</strong></span> <span class='ocrx_word' id='word_1_613' title='bbox 2135 2170 2193 2225; x_wconf 91' lang='lat' dir='ltr'><strong>in</strong></span> <span class='ocrx_word' id='word_1_614' title='bbox 2223 2185 2280 2225; x_wconf 91' lang='lat' dir='ltr'><strong>re</strong></span> <span class='ocrx_word' id='word_1_615' title='bbox 2306 2168 2440 2241; x_wconf 91' lang='lat' dir='ltr'><strong>quid</strong></span> <span class='ocrx_word' id='word_1_616' title='bbox 2466 2168 2619 2225; x_wconf 87' lang='lat' dir='ltr'><strong>aliud</strong></span> <span class='ocrx_word' id='word_1_617' title='bbox 2652 2168 2935 2239; x_wconf 88' lang='lat' dir='ltr'><strong>docemur,</strong></span> <span class='ocrx_word' id='word_1_618' title='bbox 2960 2170 3067 2225; x_wconf 91' lang='lat' dir='ltr'><strong>nisi</strong></span> <span class='ocrx_word' id='word_1_619' title='bbox 3096 2171 3241 2242; x_wconf 93' lang='lat' dir='ltr'><strong>quod</strong></span> <span class='ocrx_word' id='word_1_620' title='bbox 3274 2172 3401 2228; x_wconf 90' lang='lat' dir='ltr'><strong>talis</strong></span> <span class='ocrx_word' id='word_1_621' title='bbox 3426 2172 3588 2229; x_wconf 89' lang='lat' dir='ltr'><strong>debet</strong></span> 
     </span>
    </p>
   </div>
   <div class='ocr_carea' id='block_1_82' title="bbox 1988 2258 3587 2334">
    <p class='ocr_par' dir='ltr' id='par_1_82' title="bbox 1988 2258 3587 2334">
     <span class='ocr_line' id='line_1_82' title="bbox 1988 2258 3587 2334; baseline 0.001 -17"><span class='ocrx_word' id='word_1_622' title='bbox 1988 2276 2103 2317; x_wconf 88' lang='lat' dir='ltr'><strong>esse</strong></span> <span class='ocrx_word' id='word_1_623' title='bbox 2149 2258 2486 2331; x_wconf 90' lang='lat' dir='ltr'><strong>dispensatio</strong></span> <span class='ocrx_word' id='word_1_624' title='bbox 2530 2259 2836 2331; x_wconf 89' lang='lat' dir='ltr'><strong>regiminis,</strong></span> <span class='ocrx_word' id='word_1_625' title='bbox 2882 2267 2944 2315; x_wconf 90' lang='lat' dir='ltr'><strong>ut</strong></span> <span class='ocrx_word' id='word_1_626' title='bbox 2985 2260 3033 2315; x_wconf 89' lang='lat' dir='ltr'><strong>is</strong></span> <span class='ocrx_word' id='word_1_627' title='bbox 3074 2261 3168 2334; x_wconf 92' lang='lat' dir='ltr'><strong>qui</strong></span> <span class='ocrx_word' id='word_1_628' title='bbox 3214 2270 3408 2333; x_wconf 74' lang='lat' dir='ltr'><strong>praeest</strong></span> <span class='ocrx_word' id='word_1_629' title='bbox 3435 2278 3499 2318; x_wconf 90' lang='lat' dir='ltr'><strong>ea</strong></span> <span class='ocrx_word' id='word_1_630' title='bbox 3527 2278 3587 2318; x_wconf 90' lang='lat' dir='ltr'><strong>se</strong></span> 
     </span>
    </p>
   </div>
   <div class='ocr_carea' id='block_1_83' title="bbox 1987 2347 3588 2421">
    <p class='ocr_par' dir='ltr' id='par_1_83' title="bbox 1987 2347 3588 2421">
     <span class='ocr_line' id='line_1_83' title="bbox 1987 2347 3588 2421; baseline 0.001 -17"><span class='ocrx_word' id='word_1_631' title='bbox 1987 2348 2133 2405; x_wconf 89' lang='lat' dir='ltr'><strong>circa</strong></span> <span class='ocrx_word' id='word_1_632' title='bbox 2160 2347 2412 2404; x_wconf 90' lang='lat' dir='ltr'><strong>subditos</strong></span> <span class='ocrx_word' id='word_1_633' title='bbox 2432 2363 2688 2405; x_wconf 88' lang='lat' dir='ltr'><strong>mensura</strong></span> <span class='ocrx_word' id='word_1_634' title='bbox 2708 2347 3042 2418; x_wconf 89' lang='lat' dir='ltr'><strong>moderetur,</strong></span> <span class='ocrx_word' id='word_1_635' title='bbox 3064 2357 3334 2421; x_wconf 88' lang='lat' dir='ltr'><strong>quatenus</strong></span> <span class='ocrx_word' id='word_1_636' title='bbox 3357 2357 3411 2405; x_wconf 89' lang='lat' dir='ltr'><strong>et</strong></span> <span class='ocrx_word' id='word_1_637' title='bbox 3436 2350 3588 2406; x_wconf 85' lang='lat' dir='ltr'><strong>arri-</strong></span> 
     </span>
    </p>
   </div>
   <div class='ocr_carea' id='block_1_84' title="bbox 1987 2435 3586 2504">
    <p class='ocr_par' dir='ltr' id='par_1_84' title="bbox 1987 2435 3586 2504">
     <span class='ocr_line' id='line_1_84' title="bbox 1987 2435 3586 2504; baseline 0.002 -11"><span class='ocrx_word' id='word_1_638' title='bbox 1987 2437 2122 2494; x_wconf 88' lang='lat' dir='ltr'><strong>dens</strong></span> <span class='ocrx_word' id='word_1_639' title='bbox 2149 2437 2337 2493; x_wconf 89' lang='lat' dir='ltr'><strong>timeri</strong></span> <span class='ocrx_word' id='word_1_640' title='bbox 2366 2436 2580 2504; x_wconf 88' lang='lat' dir='ltr'><strong>debeat,</strong></span> <span class='ocrx_word' id='word_1_641' title='bbox 2602 2444 2654 2492; x_wconf 89' lang='lat' dir='ltr'><strong>et</strong></span> <span class='ocrx_word' id='word_1_642' title='bbox 2684 2438 2859 2492; x_wconf 87' lang='lat' dir='ltr'><strong>iratus</strong></span> <span class='ocrx_word' id='word_1_643' title='bbox 2886 2435 3108 2492; x_wconf 78' lang='lat' dir='ltr'><strong>amari?</strong></span> <span class='ocrx_word' id='word_1_644' title='bbox 3136 2445 3197 2494; x_wconf 91' lang='lat' dir='ltr'><strong>ut</strong></span> <span class='ocrx_word' id='word_1_645' title='bbox 3226 2454 3351 2494; x_wconf 93' lang='lat' dir='ltr'><strong>eum</strong></span> <span class='ocrx_word' id='word_1_646' title='bbox 3372 2454 3473 2496; x_wconf 90' lang='lat' dir='ltr'><strong>nec</strong></span> <span class='ocrx_word' id='word_1_647' title='bbox 3500 2440 3586 2495; x_wconf 90' lang='lat' dir='ltr'><strong>ni-</strong></span> 
     </span>
    </p>
   </div>
   <div class='ocr_carea' id='block_1_85' title="bbox 1987 2526 3587 2593">
    <p class='ocr_par' dir='ltr' id='par_1_85' title="bbox 1987 2526 3587 2593">
     <span class='ocr_line' id='line_1_85' title="bbox 1987 2526 3587 2593; baseline 0.004 -12"><span class='ocrx_word' id='word_1_648' title='bbox 1987 2526 2098 2582; x_wconf 90' lang='lat' dir='ltr'><strong>mia</strong></span> <span class='ocrx_word' id='word_1_649' title='bbox 2124 2526 2317 2583; x_wconf 89' lang='lat' dir='ltr'><strong>latitia</strong></span> <span class='ocrx_word' id='word_1_650' title='bbox 2347 2526 2516 2581; x_wconf 89' lang='lat' dir='ltr'><strong>vilem</strong></span> <span class='ocrx_word' id='word_1_651' title='bbox 2546 2526 2758 2593; x_wconf 87' lang='lat' dir='ltr'><strong>reddat,</strong></span> <span class='ocrx_word' id='word_1_652' title='bbox 2792 2541 2893 2583; x_wconf 89' lang='lat' dir='ltr'><strong>nec</strong></span> <span class='ocrx_word' id='word_1_653' title='bbox 2935 2526 3297 2583; x_wconf 88' lang='lat' dir='ltr'><strong>immoderata</strong></span> <span class='ocrx_word' id='word_1_654' title='bbox 3323 2529 3587 2587; x_wconf 89' lang='lat' dir='ltr'><strong>severitas</strong></span> 
     </span>
    </p>
   </div>
   <div class='ocr_carea' id='block_1_86' title="bbox 1985 2613 3584 2689">
    <p class='ocr_par' dir='ltr' id='par_1_86' title="bbox 1985 2613 3584 2689">
     <span class='ocr_line' id='line_1_86' title="bbox 1985 2613 3584 2689; baseline 0.003 -19"><span class='ocrx_word' id='word_1_655' title='bbox 1985 2615 2259 2672; x_wconf 90' lang='lat' dir='ltr'><strong>odiosum.</strong></span> <span class='ocrx_word' id='word_1_656' title='bbox 2284 2616 2435 2687; x_wconf 83' lang='lat' dir='ltr'><strong>Sape</strong></span> <span class='ocrx_word' id='word_1_657' title='bbox 2467 2614 2615 2671; x_wconf 90' lang='lat' dir='ltr'><strong>enim</strong></span> <span class='ocrx_word' id='word_1_658' title='bbox 2646 2613 2921 2687; x_wconf 88' lang='lat' dir='ltr'><strong>subjectos</strong></span> <span class='ocrx_word' id='word_1_659' title='bbox 2947 2615 3272 2688; x_wconf 88' lang='lat' dir='ltr'><strong>frangimus,</strong></span> <span class='ocrx_word' id='word_1_660' title='bbox 3304 2616 3435 2673; x_wconf 89' lang='lat' dir='ltr'><strong>dum</strong></span> <span class='ocrx_word' id='word_1_661' title='bbox 3458 2619 3584 2689; x_wconf 89' lang='lat' dir='ltr'><strong>plus</strong></span> 
     </span>
    </p>
   </div>
   <div class='ocr_carea' id='block_1_87' title="bbox 1977 2701 3587 2780">
    <p class='ocr_par' dir='ltr' id='par_1_87' title="bbox 1977 2701 3587 2780">
     <span class='ocr_line' id='line_1_87' title="bbox 1977 2701 3587 2780; baseline 0.002 -20"><span class='ocrx_word' id='word_1_662' title='bbox 1977 2701 2129 2775; x_wconf 85' lang='lat' dir='ltr'><strong>justo</strong></span> <span class='ocrx_word' id='word_1_663' title='bbox 2151 2705 2172 2739; x_wconf 84' lang='grc'><strong><em>²</em></strong></span> <span class='ocrx_word' id='word_1_664' title='bbox 2202 2704 2445 2777; x_wconf 85' lang='lat' dir='ltr'><strong>vigorem</strong></span> <span class='ocrx_word' id='word_1_665' title='bbox 2468 2702 2703 2776; x_wconf 86' lang='lat' dir='ltr'><strong>justitia</strong></span> <span class='ocrx_word' id='word_1_666' title='bbox 2731 2710 2999 2761; x_wconf 88' lang='lat' dir='ltr'><strong>tenemus.</strong></span> <span class='ocrx_word' id='word_1_667' title='bbox 3028 2704 3133 2772; x_wconf 92' lang='lat' dir='ltr'><strong>Qui</strong></span> <span class='ocrx_word' id='word_1_668' title='bbox 3162 2706 3408 2777; x_wconf 83' lang='lat' dir='ltr'><strong>profecto</strong></span> <span class='ocrx_word' id='word_1_669' title='bbox 3428 2706 3587 2780; x_wconf 86' lang='lat' dir='ltr'><strong>vigor</strong></span> 
     </span>
    </p>
   </div>
   <div class='ocr_carea' id='block_1_88' title="bbox 1977 2790 3584 2865">
    <p class='ocr_par' dir='ltr' id='par_1_88' title="bbox 1977 2790 3584 2865">
     <span class='ocr_line' id='line_1_88' title="bbox 1977 2790 3584 2865; baseline 0.002 -17"><span class='ocrx_word' id='word_1_670' title='bbox 1977 2790 2093 2863; x_wconf 90' lang='lat' dir='ltr'><strong>jam</strong></span> <span class='ocrx_word' id='word_1_671' title='bbox 2135 2792 2366 2865; x_wconf 89' lang='lat' dir='ltr'><strong>justitia</strong></span> <span class='ocrx_word' id='word_1_672' title='bbox 2409 2809 2521 2849; x_wconf 91' lang='lat' dir='ltr'><strong>non</strong></span> <span class='ocrx_word' id='word_1_673' title='bbox 2551 2793 2678 2862; x_wconf 87' lang='lat' dir='ltr'><strong>erit,</strong></span> <span class='ocrx_word' id='word_1_674' title='bbox 2708 2792 2756 2849; x_wconf 90' lang='lat' dir='ltr'><strong>si</strong></span> <span class='ocrx_word' id='word_1_675' title='bbox 2788 2809 2845 2849; x_wconf 91' lang='lat' dir='ltr'><strong>se</strong></span> <span class='ocrx_word' id='word_1_676' title='bbox 2874 2793 2977 2850; x_wconf 92' lang='lat' dir='ltr'><strong>sub</strong></span> <span class='ocrx_word' id='word_1_677' title='bbox 3013 2791 3166 2865; x_wconf 89' lang='lat' dir='ltr'><strong>justo</strong></span> <span class='ocrx_word' id='word_1_678' title='bbox 3214 2795 3584 2851; x_wconf 91' lang='lat' dir='ltr'><strong>moderamine</strong></span> 
     </span>
    </p>
   </div>
   <div class='ocr_carea' id='block_1_89' title="bbox 1984 2881 3586 2954">
    <p class='ocr_par' dir='ltr' id='par_1_89' title="bbox 1984 2881 3586 2954">
     <span class='ocr_line' id='line_1_89' title="bbox 1984 2881 3586 2954; baseline 0.001 -17"><span class='ocrx_word' id='word_1_679' title='bbox 1984 2898 2095 2938; x_wconf 88' lang='lat' dir='ltr'><strong>non</strong></span> <span class='ocrx_word' id='word_1_680' title='bbox 2124 2883 2386 2939; x_wconf 86' lang='lat' dir='ltr'><strong>custodit.</strong></span> <span class='ocrx_word' id='word_1_681' title='bbox 2418 2884 2491 2938; x_wconf 85' lang='lat' dir='ltr'><strong>Et</strong></span> <span class='ocrx_word' id='word_1_682' title='bbox 2518 2899 2660 2954; x_wconf 89' lang='lat' dir='ltr'><strong>sape</strong></span> <span class='ocrx_word' id='word_1_683' title='bbox 2689 2899 2721 2937; x_wconf 89' lang='lat' dir='ltr'><strong>a</strong></span> <span class='ocrx_word' id='word_1_684' title='bbox 2741 2881 3049 2953; x_wconf 85' lang='lat' dir='ltr'><strong>disciplina</strong></span> <span class='ocrx_word' id='word_1_685' title='bbox 3077 2890 3227 2937; x_wconf 89' lang='lat' dir='ltr'><strong>metu</strong></span> <span class='ocrx_word' id='word_1_686' title='bbox 3256 2885 3586 2939; x_wconf 85' lang='lat' dir='ltr'><strong>resolvimus</strong></span> 
     </span>
    </p>
   </div>
   <div class='ocr_carea' id='block_1_90' title="bbox 1982 2971 3585 3043">
    <p class='ocr_par' dir='ltr' id='par_1_90' title="bbox 1982 2971 3585 3043">
     <span class='ocr_line' id='line_1_90' title="bbox 1982 2971 3585 3043; baseline 0.002 -17"><span class='ocrx_word' id='word_1_687' title='bbox 1982 2972 2252 3041; x_wconf 85' lang='lat' dir='ltr'><strong>subditos,</strong></span> <span class='ocrx_word' id='word_1_688' title='bbox 2270 2973 2315 3027; x_wconf 91' lang='lat' dir='ltr'><strong>si</strong></span> <span class='ocrx_word' id='word_1_689' title='bbox 2332 2980 2522 3027; x_wconf 91' lang='lat' dir='ltr'><strong>nostro</strong></span> <span class='ocrx_word' id='word_1_690' title='bbox 2545 2971 2803 3043; x_wconf 85' lang='lat' dir='ltr'><strong>regimini</strong></span> <span class='ocrx_word' id='word_1_691' title='bbox 2826 2971 3122 3026; x_wconf 87' lang='lat' dir='ltr'><strong>hilaritatis</strong></span> <span class='ocrx_word' id='word_1_692' title='bbox 3138 2972 3292 3027; x_wconf 85' lang='lat' dir='ltr'><strong>frena</strong></span> <span class='ocrx_word' id='word_1_693' title='bbox 3312 2973 3585 3043; x_wconf 87' lang='lat' dir='ltr'><strong>laxamus,</strong></span> 
     </span>
    </p>
   </div>
   <div class='ocr_carea' id='block_1_91' title="bbox 1981 3059 3586 3132">
    <p class='ocr_par' dir='ltr' id='par_1_91' title="bbox 1981 3059 3586 3132">
     <span class='ocr_line' id='line_1_91' title="bbox 1981 3059 3586 3132; baseline 0.002 -17"><span class='ocrx_word' id='word_1_694' title='bbox 1981 3060 2111 3132; x_wconf 89' lang='lat' dir='ltr'><strong>quia</strong></span> <span class='ocrx_word' id='word_1_695' title='bbox 2133 3060 2264 3116; x_wconf 91' lang='lat' dir='ltr'><strong>dum</strong></span> <span class='ocrx_word' id='word_1_696' title='bbox 2289 3077 2389 3115; x_wconf 91' lang='lat' dir='ltr'><strong>nos</strong></span> <span class='ocrx_word' id='word_1_697' title='bbox 2406 3060 2563 3132; x_wconf 90' lang='lat' dir='ltr'><strong>quasi</strong></span> <span class='ocrx_word' id='word_1_698' title='bbox 2584 3059 2815 3115; x_wconf 89' lang='lat' dir='ltr'><strong>licenter</strong></span> <span class='ocrx_word' id='word_1_699' title='bbox 2836 3059 2989 3116; x_wconf 86' lang='lat' dir='ltr'><strong>latos</strong></span> <span class='ocrx_word' id='word_1_700' title='bbox 3007 3059 3304 3132; x_wconf 88' lang='lat' dir='ltr'><strong>aspiciunt,</strong></span> <span class='ocrx_word' id='word_1_701' title='bbox 3327 3061 3586 3119; x_wconf 84' lang='lat' dir='ltr'><strong>audacter</strong></span> 
     </span>
    </p>
   </div>
   <div class='ocr_carea' id='block_1_92' title="bbox 1908 3147 3585 3240">
    <p class='ocr_par' dir='ltr' id='par_1_92' title="bbox 1908 3147 3585 3240">
     <span class='ocr_line' id='line_1_92' title="bbox 1908 3147 3585 3240; baseline 0.004 -36"><span class='ocrx_word' id='word_1_702' title='bbox 1908 3182 1950 3240; x_wconf 71' lang='grc' dir='ltr'>Ο</span> <span class='ocrx_word' id='word_1_703' title='bbox 1980 3149 2084 3240; x_wconf 79' lang='lat' dir='ltr'><strong>ipsi</strong></span> <span class='ocrx_word' id='word_1_704' title='bbox 2115 3148 2182 3206; x_wconf 88' lang='lat' dir='ltr'><strong>ad</strong></span> <span class='ocrx_word' id='word_1_705' title='bbox 2201 3149 2398 3240; x_wconf 85' lang='lat' dir='ltr'><strong>illicita</strong></span> <span class='ocrx_word' id='word_1_706' title='bbox 2417 3150 2793 3240; x_wconf 85' lang='lat' dir='ltr'><strong>resolvuntur.</strong></span> <span class='ocrx_word' id='word_1_707' title='bbox 2822 3147 3122 3240; x_wconf 53' lang='grc' dir='ltr'><strong>[γαλῆ]</strong></span> <span class='ocrx_word' id='word_1_708' title='bbox 3146 3150 3252 3207; x_wconf 90' lang='lat' dir='ltr'><strong>Sed</strong></span> <span class='ocrx_word' id='word_1_709' title='bbox 3274 3160 3334 3208; x_wconf 89' lang='lat' dir='ltr'><strong>ut</strong></span> <span class='ocrx_word' id='word_1_710' title='bbox 3356 3153 3585 3210; x_wconf 86' lang='lat' dir='ltr'><strong>rectoris</strong></span> 
     </span>
    </p>
   </div>
   <div class='ocr_carea' id='block_1_93' title="bbox 1984 3238 3586 3316">
    <p class='ocr_par' dir='ltr' id='par_1_93' title="bbox 1984 3238 3586 3316">
     <span class='ocr_line' id='line_1_93' title="bbox 1984 3238 3586 3316; baseline 0.003 -22"><span class='ocrx_word' id='word_1_711' title='bbox 1984 3238 2171 3295; x_wconf 89' lang='lat' dir='ltr'><strong>vultus</strong></span> <span class='ocrx_word' id='word_1_712' title='bbox 2199 3238 2365 3295; x_wconf 89' lang='lat' dir='ltr'><strong>etiam</strong></span> <span class='ocrx_word' id='word_1_713' title='bbox 2394 3240 2555 3296; x_wconf 82' lang='lat' dir='ltr'><strong>latus</strong></span> <span class='ocrx_word' id='word_1_714' title='bbox 2582 3239 2776 3296; x_wconf 89' lang='lat' dir='ltr'><strong>debeat</strong></span> <span class='ocrx_word' id='word_1_715' title='bbox 2799 3239 3006 3309; x_wconf 89' lang='lat' dir='ltr'><strong>timeri,</strong></span> <span class='ocrx_word' id='word_1_716' title='bbox 3028 3254 3245 3298; x_wconf 89' lang='lat' dir='ltr'><strong>necesse</strong></span> <span class='ocrx_word' id='word_1_717' title='bbox 3276 3250 3358 3299; x_wconf 90' lang='lat' dir='ltr'><strong>est</strong></span> <span class='ocrx_word' id='word_1_718' title='bbox 3383 3250 3445 3299; x_wconf 89' lang='lat' dir='ltr'><strong>ut</strong></span> <span class='ocrx_word' id='word_1_719' title='bbox 3470 3242 3586 3316; x_wconf 87' lang='lat' dir='ltr'><strong>ipse</strong></span> 
     </span>
    </p>
   </div>
   <div class='ocr_carea' id='block_1_94' title="bbox 1983 3328 3580 3388">
    <p class='ocr_par' dir='ltr' id='par_1_94' title="bbox 1983 3328 3580 3388">
     <span class='ocr_line' id='line_1_94' title="bbox 1983 3328 3580 3388; baseline 0.004 -6"><span class='ocrx_word' id='word_1_720' title='bbox 1983 3328 2203 3385; x_wconf 88' lang='lat' dir='ltr'><strong>vultum</strong></span> <span class='ocrx_word' id='word_1_721' title='bbox 2224 3329 2309 3385; x_wconf 88' lang='lat' dir='ltr'><strong>sui</strong></span> <span class='ocrx_word' id='word_1_722' title='bbox 2340 3328 2646 3386; x_wconf 86' lang='lat' dir='ltr'><strong>conditoris</strong></span> <span class='ocrx_word' id='word_1_723' title='bbox 2664 3328 2783 3386; x_wconf 90' lang='lat' dir='ltr'><strong>sine</strong></span> <span class='ocrx_word' id='word_1_724' title='bbox 2804 3329 3106 3387; x_wconf 88' lang='lat' dir='ltr'><strong>cessatione</strong></span> <span class='ocrx_word' id='word_1_725' title='bbox 3126 3329 3339 3387; x_wconf 89' lang='lat' dir='ltr'><strong>timeat.</strong></span> <span class='ocrx_word' id='word_1_726' title='bbox 3364 3332 3451 3387; x_wconf 92' lang='lat' dir='ltr'><strong>Illi</strong></span> <span class='ocrx_word' id='word_1_727' title='bbox 3473 3340 3580 3388; x_wconf 88' lang='lat' dir='ltr'><strong>etc-</strong></span> 
     </span>
    </p>
   </div>
   <div class='ocr_carea' id='block_1_95' title="bbox 1985 3417 3584 3492">
    <p class='ocr_par' dir='ltr' id='par_1_95' title="bbox 1985 3417 3584 3492">
     <span class='ocr_line' id='line_1_95' title="bbox 1985 3417 3584 3492; baseline 0.001 -18"><span class='ocrx_word' id='word_1_728' title='bbox 1985 3417 2102 3474; x_wconf 88' lang='lat' dir='ltr'><strong>nim</strong></span> <span class='ocrx_word' id='word_1_729' title='bbox 2132 3418 2304 3475; x_wconf 91' lang='lat' dir='ltr'><strong>menti</strong></span> <span class='ocrx_word' id='word_1_730' title='bbox 2334 3418 2560 3477; x_wconf 70' lang='lat' dir='ltr'><strong>difficile</strong></span> <span class='ocrx_word' id='word_1_731' title='bbox 2588 3418 2655 3475; x_wconf 92' lang='lat' dir='ltr'><strong>de</strong></span> <span class='ocrx_word' id='word_1_732' title='bbox 2685 3418 2878 3477; x_wconf 89' lang='lat' dir='ltr'><strong>latitia</strong></span> <span class='ocrx_word' id='word_1_733' title='bbox 2897 3418 3164 3488; x_wconf 90' lang='lat' dir='ltr'><strong>creditur,</strong></span> <span class='ocrx_word' id='word_1_734' title='bbox 3198 3435 3320 3492; x_wconf 86' lang='lat' dir='ltr'><strong>qua</strong></span> <span class='ocrx_word' id='word_1_735' title='bbox 3351 3418 3501 3492; x_wconf 90' lang='lat' dir='ltr'><strong>quod</strong></span> <span class='ocrx_word' id='word_1_736' title='bbox 3526 3437 3584 3476; x_wconf 87' lang='lat' dir='ltr'><strong>se</strong></span> 
     </span>
    </p>
   </div>
   <div class='ocr_carea' id='block_1_96' title="bbox 1985 3508 3697 3582">
    <p class='ocr_par' dir='ltr' id='par_1_96' title="bbox 1985 3508 3697 3582">
     <span class='ocr_line' id='line_1_96' title="bbox 1985 3508 3697 3582; baseline 0.002 -18"><span class='ocrx_word' id='word_1_737' title='bbox 1985 3524 2084 3580; x_wconf 92' lang='lat' dir='ltr'><strong>pro</strong></span> <span class='ocrx_word' id='word_1_738' title='bbox 2112 3525 2298 3565; x_wconf 90' lang='lat' dir='ltr'><strong>amore</strong></span> <span class='ocrx_word' id='word_1_739' title='bbox 2323 3509 2549 3566; x_wconf 89' lang='lat' dir='ltr'><strong>Domini</strong></span> <span class='ocrx_word' id='word_1_740' title='bbox 2568 3509 2831 3566; x_wconf 89' lang='lat' dir='ltr'><strong>continue</strong></span> <span class='ocrx_word' id='word_1_741' title='bbox 2854 3509 3064 3582; x_wconf 81' lang='lat' dir='ltr'><strong>aﬂligat</strong></span> <span class='ocrx_word' id='word_1_742' title='bbox 3084 3526 3116 3566; x_wconf 91' lang='lat' dir='ltr'><strong>a</strong></span> <span class='ocrx_word' id='word_1_743' title='bbox 3136 3508 3372 3566; x_wconf 89' lang='lat' dir='ltr'><strong>subditis</strong></span> <span class='ocrx_word' id='word_1_744' title='bbox 3391 3508 3579 3567; x_wconf 86' lang='lat' dir='ltr'><strong>scitur.</strong></span> <span class='ocrx_word' id='word_1_745' title='bbox 3687 3519 3697 3530; x_wconf 86' lang='lat'><strong><em>‘</em></strong></span> 
     </span>
    </p>
   </div>
   <div class='ocr_carea' id='block_1_97' title="bbox 1986 3597 3587 3672">
    <p class='ocr_par' dir='ltr' id='par_1_97' title="bbox 1986 3597 3587 3672">
     <span class='ocr_line' id='line_1_97' title="bbox 1986 3597 3587 3672; baseline 0 -18"><span class='ocrx_word' id='word_1_746' title='bbox 1986 3597 2091 3667; x_wconf 92' lang='lat' dir='ltr'><strong>Qui</strong></span> <span class='ocrx_word' id='word_1_747' title='bbox 2121 3598 2268 3655; x_wconf 91' lang='lat' dir='ltr'><strong>enim</strong></span> <span class='ocrx_word' id='word_1_748' title='bbox 2298 3597 2597 3656; x_wconf 89' lang='lat' dir='ltr'><strong>incessanti</strong></span> <span class='ocrx_word' id='word_1_749' title='bbox 2620 3606 2757 3656; x_wconf 89' lang='lat' dir='ltr'><strong>astu</strong></span> <span class='ocrx_word' id='word_1_750' title='bbox 2777 3598 3043 3671; x_wconf 91' lang='lat' dir='ltr'><strong>spiritalis</strong></span> <span class='ocrx_word' id='word_1_751' title='bbox 3069 3598 3331 3655; x_wconf 89' lang='lat' dir='ltr'><strong>desiderii</strong></span> <span class='ocrx_word' id='word_1_752' title='bbox 3351 3615 3587 3672; x_wconf 89' lang='lat' dir='ltr'><strong>superna</strong></span> 
     </span>
    </p>
   </div>
   <div class='ocr_carea' id='block_1_98' title="bbox 1985 3687 3586 3760">
    <p class='ocr_par' dir='ltr' id='par_1_98' title="bbox 1985 3687 3586 3760">
     <span class='ocr_line' id='line_1_98' title="bbox 1985 3687 3586 3760; baseline 0.002 -19"><span class='ocrx_word' id='word_1_753' title='bbox 1985 3688 2213 3759; x_wconf 88' lang='lat' dir='ltr'><strong>appetit,</strong></span> <span class='ocrx_word' id='word_1_754' title='bbox 2246 3689 2267 3724; x_wconf 82' lang='grc'>³</span> <span class='ocrx_word' id='word_1_755' title='bbox 2310 3687 2469 3744; x_wconf 90' lang='lat' dir='ltr'><strong>valde</strong></span> <span class='ocrx_word' id='word_1_756' title='bbox 2517 3687 2585 3743; x_wconf 90' lang='lat' dir='ltr'><strong>de</strong></span> <span class='ocrx_word' id='word_1_757' title='bbox 2626 3703 2692 3743; x_wconf 89' lang='lat' dir='ltr'><strong>eo</strong></span> <span class='ocrx_word' id='word_1_758' title='bbox 2738 3688 2797 3743; x_wconf 90' lang='lat' dir='ltr'><strong>in</strong></span> <span class='ocrx_word' id='word_1_759' title='bbox 2836 3687 3069 3744; x_wconf 89' lang='lat' dir='ltr'><strong>dubium</strong></span> <span class='ocrx_word' id='word_1_760' title='bbox 3099 3688 3253 3743; x_wconf 90' lang='lat' dir='ltr'><strong>venit</strong></span> <span class='ocrx_word' id='word_1_761' title='bbox 3281 3688 3408 3753; x_wconf 91' lang='lat' dir='ltr'><strong>hoc,</strong></span> <span class='ocrx_word' id='word_1_762' title='bbox 3438 3687 3586 3760; x_wconf 89' lang='lat' dir='ltr'><strong>quod</strong></span> 
     </span>
    </p>
   </div>
   <div class='ocr_carea' id='block_1_99' title="bbox 1984 3775 3584 3849">
    <p class='ocr_par' dir='ltr' id='par_1_99' title="bbox 1984 3775 3584 3849">
     <span class='ocr_line' id='line_1_99' title="bbox 1984 3775 3584 3849; baseline 0 -18"><span class='ocrx_word' id='word_1_763' title='bbox 1984 3776 2283 3849; x_wconf 88' lang='lat' dir='ltr'><strong>aliquando</strong></span> <span class='ocrx_word' id='word_1_764' title='bbox 2326 3785 2451 3832; x_wconf 88' lang='lat' dir='ltr'><strong>ante</strong></span> <span class='ocrx_word' id='word_1_765' title='bbox 2496 3775 2750 3831; x_wconf 89' lang='lat' dir='ltr'><strong>homines</strong></span> <span class='ocrx_word' id='word_1_766' title='bbox 2792 3776 3094 3833; x_wconf 88' lang='lat' dir='ltr'><strong>hilarescit.</strong></span> <span class='ocrx_word' id='word_1_767' title='bbox 3128 3777 3282 3833; x_wconf 91' lang='lat' dir='ltr'><strong>Unde</strong></span> <span class='ocrx_word' id='word_1_768' title='bbox 3310 3784 3364 3831; x_wconf 91' lang='lat' dir='ltr'><strong>et</strong></span> <span class='ocrx_word' id='word_1_769' title='bbox 3408 3776 3584 3832; x_wconf 89' lang='lat' dir='ltr'><strong>isdem</strong></span> 
     </span>
    </p>
   </div>
   <div class='ocr_carea' id='block_1_100' title="bbox 1986 3862 3585 3933">
    <p class='ocr_par' dir='ltr' id='par_1_100' title="bbox 1986 3862 3585 3933">
     <span class='ocr_line' id='line_1_100' title="bbox 1986 3862 3585 3933; baseline -0.003 -13"><span class='ocrx_word' id='word_1_770' title='bbox 1986 3864 2177 3920; x_wconf 89' lang='lat' dir='ltr'><strong>beatus</strong></span> <span class='ocrx_word' id='word_1_771' title='bbox 2216 3864 2318 3919; x_wconf 87' lang='lat' dir='ltr'><strong>Job</strong></span> <span class='ocrx_word' id='word_1_772' title='bbox 2357 3879 2469 3917; x_wconf 90' lang='lat' dir='ltr'><strong>non</strong></span> <span class='ocrx_word' id='word_1_773' title='bbox 2514 3863 2674 3933; x_wconf 84' lang='lat' dir='ltr'><strong>longe</strong></span> <span class='ocrx_word' id='word_1_774' title='bbox 2721 3871 2845 3933; x_wconf 89' lang='lat' dir='ltr'><strong>post</strong></span> <span class='ocrx_word' id='word_1_775' title='bbox 2873 3863 3155 3918; x_wconf 88' lang='lat' dir='ltr'><strong>dicturus:</strong></span> <span class='ocrx_word' id='word_1_776' title='bbox 3208 3863 3422 3933; x_wconf 88' lang='lat' dir='ltr'><strong>Semper</strong></span> <span class='ocrx_word' id='word_1_777' title='bbox 3447 3862 3585 3931; x_wconf 83' lang='lat' dir='ltr'><strong>enim</strong></span> 
     </span>
    </p>
   </div>
   <div class='ocr_carea' id='block_1_101' title="bbox 1985 3950 3582 4024">
    <p class='ocr_par' dir='ltr' id='par_1_101' title="bbox 1985 3950 3582 4024">
     <span class='ocr_line' id='line_1_101' title="bbox 1985 3950 3582 4024; baseline -0.001 -17"><span class='ocrx_word' id='word_1_778' title='bbox 1985 3953 2141 4024; x_wconf 87' lang='lat' dir='ltr'><strong>quasi</strong></span> <span class='ocrx_word' id='word_1_779' title='bbox 2160 3956 2409 4007; x_wconf 85' lang='lat' dir='ltr'><strong>tumentes</strong></span> <span class='ocrx_word' id='word_1_780' title='bbox 2428 3968 2588 4023; x_wconf 87' lang='lat' dir='ltr'><strong>super</strong></span> <span class='ocrx_word' id='word_1_781' title='bbox 2602 3968 2683 4006; x_wconf 86' lang='lat' dir='ltr'><strong>me</strong></span> <span class='ocrx_word' id='word_1_782' title='bbox 2698 3953 2887 4022; x_wconf 82' lang='lat' dir='ltr'><strong>fluctus</strong></span> <span class='ocrx_word' id='word_1_783' title='bbox 2909 3950 3059 4006; x_wconf 85' lang='lat' dir='ltr'><strong>timui</strong></span> <span class='ocrx_word' id='word_1_784' title='bbox 3074 3950 3244 4005; x_wconf 86' lang='lat' dir='ltr'><strong>Deum</strong></span> <span class='ocrx_word' id='word_1_785' title='bbox 3260 3950 3401 4023; x_wconf 81' lang='lat' dir='ltr'><strong>(Job.</strong></span> <span class='ocrx_word' id='word_1_786' title='bbox 3421 3967 3582 4021; x_wconf 70' lang='lat' dir='ltr'><strong>xxxx,</strong></span> 
     </span>
    </p>
   </div>
   <div class='ocr_carea' id='block_1_102' title="bbox 1987 4040 3580 4115">
    <p class='ocr_par' dir='ltr' id='par_1_102' title="bbox 1987 4040 3580 4115">
     <span class='ocr_line' id='line_1_102' title="bbox 1987 4040 3580 4115; baseline 0 -16"><span class='ocrx_word' id='word_1_787' title='bbox 1987 4042 2101 4114; x_wconf 88' lang='lat'><strong>23).</strong></span> <span class='ocrx_word' id='word_1_788' title='bbox 2120 4042 2210 4099; x_wconf 90' lang='lat' dir='ltr'><strong>Sic</strong></span> <span class='ocrx_word' id='word_1_789' title='bbox 2231 4041 2432 4115; x_wconf 89' lang='lat' dir='ltr'><strong>quippe</strong></span> <span class='ocrx_word' id='word_1_790' title='bbox 2454 4041 2731 4098; x_wconf 88' lang='lat' dir='ltr'><strong>metuebat</strong></span> <span class='ocrx_word' id='word_1_791' title='bbox 2745 4041 2991 4114; x_wconf 88' lang='lat' dir='ltr'><strong>judicem</strong></span> <span class='ocrx_word' id='word_1_792' title='bbox 3013 4057 3197 4110; x_wconf 89' lang='lat' dir='ltr'><strong>suum,</strong></span> <span class='ocrx_word' id='word_1_793' title='bbox 3221 4042 3243 4076; x_wconf 76' lang='lat'><strong>‘</strong></span> <span class='ocrx_word' id='word_1_794' title='bbox 3271 4040 3429 4114; x_wconf 89' lang='lat' dir='ltr'><strong>quasi</strong></span> <span class='ocrx_word' id='word_1_795' title='bbox 3455 4042 3580 4099; x_wconf 89' lang='lat' dir='ltr'><strong>sub-</strong></span> 
     </span>
    </p>
   </div>
   <div class='ocr_carea' id='block_1_103' title="bbox 1986 4130 3580 4205">
    <p class='ocr_par' dir='ltr' id='par_1_103' title="bbox 1986 4130 3580 4205">
     <span class='ocr_line' id='line_1_103' title="bbox 1986 4130 3580 4205; baseline 0.001 -17"><span class='ocrx_word' id='word_1_796' title='bbox 1986 4132 2592 4205; x_wconf 89' lang='lat' dir='ltr'><strong>imminentesimpetus</strong></span> <span class='ocrx_word' id='word_1_797' title='bbox 2611 4130 3240 4205; x_wconf 87' lang='lat' dir='ltr'><strong>ﬂuctuum,jamjamque</strong></span> <span class='ocrx_word' id='word_1_798' title='bbox 3260 4132 3580 4191; x_wconf 87' lang='lat' dir='ltr'><strong>moriturus.</strong></span> 
     </span>
    </p>
   </div>
   <div class='ocr_carea' id='block_1_104' title="bbox 1987 4219 3586 4294">
    <p class='ocr_par' dir='ltr' id='par_1_104' title="bbox 1987 4219 3586 4294">
     <span class='ocr_line' id='line_1_104' title="bbox 1987 4219 3586 4294; baseline 0 -15"><span class='ocrx_word' id='word_1_799' title='bbox 1987 4220 2156 4293; x_wconf 90' lang='lat' dir='ltr'><strong>Cujus</strong></span> <span class='ocrx_word' id='word_1_800' title='bbox 2184 4237 2312 4294; x_wconf 90' lang='lat' dir='ltr'><strong>ergo</strong></span> <span class='ocrx_word' id='word_1_801' title='bbox 2333 4223 2354 4257; x_wconf 79' lang='grc'>⁵</span> <span class='ocrx_word' id='word_1_802' title='bbox 2378 4220 2438 4277; x_wconf 90' lang='lat' dir='ltr'><strong>in</strong></span> <span class='ocrx_word' id='word_1_803' title='bbox 2466 4228 2705 4277; x_wconf 85' lang='lat' dir='ltr'><strong>mentem</strong></span> <span class='ocrx_word' id='word_1_804' title='bbox 2736 4238 2939 4278; x_wconf 76' lang='lat' dir='ltr'><strong>maror</strong></span> <span class='ocrx_word' id='word_1_805' title='bbox 2965 4220 3146 4277; x_wconf 88' lang='lat' dir='ltr'><strong>divini</strong></span> <span class='ocrx_word' id='word_1_806' title='bbox 3174 4219 3394 4278; x_wconf 87' lang='lat' dir='ltr'><strong>timoris</strong></span> <span class='ocrx_word' id='word_1_807' title='bbox 3422 4222 3586 4279; x_wconf 86' lang='lat' dir='ltr'><strong>infu-</strong></span> 
     </span>
    </p>
   </div>
   <div class='ocr_carea' id='block_1_105' title="bbox 1986 4310 3582 4383">
    <p class='ocr_par' dir='ltr' id='par_1_105' title="bbox 1986 4310 3582 4383">
     <span class='ocr_line' id='line_1_105' title="bbox 1986 4310 3582 4383; baseline 0.002 -15"><span class='ocrx_word' id='word_1_808' title='bbox 1986 4311 2160 4381; x_wconf 89' lang='lat' dir='ltr'><strong>derat,</strong></span> <span class='ocrx_word' id='word_1_809' title='bbox 2208 4319 2355 4369; x_wconf 91' lang='lat' dir='ltr'><strong>recte</strong></span> <span class='ocrx_word' id='word_1_810' title='bbox 2383 4310 2651 4367; x_wconf 85' lang='lat' dir='ltr'><strong>hilaritati</strong></span> <span class='ocrx_word' id='word_1_811' title='bbox 2681 4311 2834 4368; x_wconf 90' lang='lat' dir='ltr'><strong>illius</strong></span> <span class='ocrx_word' id='word_1_812' title='bbox 2862 4310 3073 4368; x_wconf 88' lang='lat' dir='ltr'><strong>subditi</strong></span> <span class='ocrx_word' id='word_1_813' title='bbox 3106 4328 3220 4368; x_wconf 91' lang='lat' dir='ltr'><strong>non</strong></span> <span class='ocrx_word' id='word_1_814' title='bbox 3266 4311 3582 4383; x_wconf 89' lang='lat' dir='ltr'><strong>credebant,</strong></span> 
     </span>
    </p>
   </div>
   <div class='ocr_carea' id='block_1_106' title="bbox 1986 4401 3582 4476">
    <p class='ocr_par' dir='ltr' id='par_1_106' title="bbox 1986 4401 3582 4476">
     <span class='ocr_line' id='line_1_106' title="bbox 1986 4401 3582 4476; baseline 0 -17"><span class='ocrx_word' id='word_1_815' title='bbox 1986 4404 2116 4476; x_wconf 87' lang='lat' dir='ltr'><strong>quia</strong></span> <span class='ocrx_word' id='word_1_816' title='bbox 2159 4402 2499 4474; x_wconf 88' lang='lat' dir='ltr'><strong>cogebantur</strong></span> <span class='ocrx_word' id='word_1_817' title='bbox 2544 4401 2749 4458; x_wconf 89' lang='lat' dir='ltr'><strong>ridenti</strong></span> <span class='ocrx_word' id='word_1_818' title='bbox 2786 4418 2901 4459; x_wconf 91' lang='lat' dir='ltr'><strong>non</strong></span> <span class='ocrx_word' id='word_1_819' title='bbox 2942 4401 3184 4471; x_wconf 89' lang='lat' dir='ltr'><strong>credere,</strong></span> <span class='ocrx_word' id='word_1_820' title='bbox 3214 4401 3374 4474; x_wconf 90' lang='lat' dir='ltr'><strong>cujus</strong></span> <span class='ocrx_word' id='word_1_821' title='bbox 3400 4420 3497 4460; x_wconf 91' lang='lat' dir='ltr'><strong>cor</strong></span> <span class='ocrx_word' id='word_1_822' title='bbox 3525 4403 3582 4459; x_wconf 91' lang='lat' dir='ltr'><strong>in</strong></span> 
     </span>
    </p>
   </div>
   <div class='ocr_carea' id='block_1_107' title="bbox 1984 4490 3585 4565">
    <p class='ocr_par' dir='ltr' id='par_1_107' title="bbox 1984 4490 3585 4565">
     <span class='ocr_line' id='line_1_107' title="bbox 1984 4490 3585 4565; baseline 0.001 -17"><span class='ocrx_word' id='word_1_823' title='bbox 1984 4491 2184 4548; x_wconf 88' lang='lat' dir='ltr'><strong>timore</strong></span> <span class='ocrx_word' id='word_1_824' title='bbox 2208 4490 2517 4549; x_wconf 88' lang='lat' dir='ltr'><strong>conditoris</strong></span> <span class='ocrx_word' id='word_1_825' title='bbox 2540 4498 2812 4547; x_wconf 90' lang='lat' dir='ltr'><strong>noverant</strong></span> <span class='ocrx_word' id='word_1_826' title='bbox 2831 4507 2996 4565; x_wconf 89' lang='lat' dir='ltr'><strong>quam</strong></span> <span class='ocrx_word' id='word_1_827' title='bbox 3025 4491 3295 4549; x_wconf 89' lang='lat' dir='ltr'><strong>continua</strong></span> <span class='ocrx_word' id='word_1_828' title='bbox 3323 4493 3585 4551; x_wconf 78' lang='lat' dir='ltr'><strong>mastitia</strong></span> 
     </span>
    </p>
   </div>
   <div class='ocr_carea' id='block_1_108' title="bbox 1984 4580 2227 4639">
    <p class='ocr_par' dir='ltr' id='par_1_108' title="bbox 1984 4580 2227 4639">
     <span class='ocr_line' id='line_1_108' title="bbox 1984 4580 2227 4639; baseline -0.004 0"><span class='ocrx_word' id='word_1_829' title='bbox 1984 4580 2227 4639; x_wconf 87' lang='lat' dir='ltr'><strong>tenebat.</strong></span> 
     </span>
    </p>
   </div>
   <div class='ocr_carea' id='block_1_109' title="bbox 2054 4671 3583 4745">
    <p class='ocr_par' dir='ltr' id='par_1_109' title="bbox 2054 4671 3583 4745">
     <span class='ocr_line' id='line_1_109' title="bbox 2054 4671 3583 4745; baseline -0.002 -16"><span class='ocrx_word' id='word_1_830' title='bbox 2054 4672 2106 4729; x_wconf 92' lang='lat'><strong>7.</strong></span> <span class='ocrx_word' id='word_1_831' title='bbox 2137 4673 2261 4729; x_wconf 78' lang='lat' dir='ltr'><strong>Lua:</strong></span> <span class='ocrx_word' id='word_1_832' title='bbox 2287 4678 2475 4729; x_wconf 86' lang='lat' dir='ltr'><strong>nostra</strong></span> <span class='ocrx_word' id='word_1_833' title='bbox 2494 4672 2552 4729; x_wconf 89' lang='lat' dir='ltr'><strong>in</strong></span> <span class='ocrx_word' id='word_1_834' title='bbox 2572 4678 2772 4729; x_wconf 87' lang='lat' dir='ltr'><strong>terram</strong></span> <span class='ocrx_word' id='word_1_835' title='bbox 2790 4671 2953 4739; x_wconf 86' lang='lat' dir='ltr'><strong>cadit,</strong></span> <span class='ocrx_word' id='word_1_836' title='bbox 2974 4689 3092 4728; x_wconf 90' lang='lat' dir='ltr'><strong>cum</strong></span> <span class='ocrx_word' id='word_1_837' title='bbox 3117 4679 3327 4731; x_wconf 85' lang='lat' dir='ltr'><strong>terrena</strong></span> <span class='ocrx_word' id='word_1_838' title='bbox 3342 4672 3583 4745; x_wconf 86' lang='lat' dir='ltr'><strong>concupi-</strong></span> 
     </span>
    </p>
   </div>
   <div class='ocr_carea' id='block_1_110' title="bbox 1981 4761 3580 4837">
    <p class='ocr_par' dir='ltr' id='par_1_110' title="bbox 1981 4761 3580 4837">
     <span class='ocr_line' id='line_1_110' title="bbox 1981 4761 3580 4837; baseline -0.004 -19"><span class='ocrx_word' id='word_1_839' title='bbox 1981 4761 2193 4819; x_wconf 86' lang='lat' dir='ltr'><strong>scimus.</strong></span> <span class='ocrx_word' id='word_1_840' title='bbox 2215 4794 2287 4806; x_wconf 92' lang='lat'><strong><em>—</em></strong></span> <span class='ocrx_word' id='word_1_841' title='bbox 2308 4762 2426 4820; x_wconf 86' lang='lat' dir='ltr'><strong>Hoc</strong></span> <span class='ocrx_word' id='word_1_842' title='bbox 2445 4777 2664 4837; x_wconf 90' lang='lat' dir='ltr'><strong>quoque</strong></span> <span class='ocrx_word' id='word_1_843' title='bbox 2678 4761 2841 4834; x_wconf 89' lang='lat' dir='ltr'><strong>juxta</strong></span> <span class='ocrx_word' id='word_1_844' title='bbox 2870 4761 3161 4820; x_wconf 90' lang='lat' dir='ltr'><strong>historiam</strong></span> <span class='ocrx_word' id='word_1_845' title='bbox 3188 4779 3300 4820; x_wconf 91' lang='lat' dir='ltr'><strong>non</strong></span> <span class='ocrx_word' id='word_1_846' title='bbox 3325 4763 3580 4819; x_wconf 86' lang='lat' dir='ltr'><strong>inconve-</strong></span> 
     </span>
    </p>
   </div>
   <div class='ocr_carea' id='block_1_111' title="bbox 1982 4847 3582 4926">
    <p class='ocr_par' dir='ltr' id='par_1_111' title="bbox 1982 4847 3582 4926">
     <span class='ocr_line' id='line_1_111' title="bbox 1982 4847 3582 4926; baseline -0.006 -17"><span class='ocrx_word' id='word_1_847' title='bbox 1982 4852 2199 4910; x_wconf 91' lang='lat' dir='ltr'><strong>nienter</strong></span> <span class='ocrx_word' id='word_1_848' title='bbox 2222 4852 2512 4926; x_wconf 89' lang='lat' dir='ltr'><strong>accipitur,</strong></span> <span class='ocrx_word' id='word_1_849' title='bbox 2534 4849 2684 4926; x_wconf 90' lang='lat' dir='ltr'><strong>quod</strong></span> <span class='ocrx_word' id='word_1_850' title='bbox 2706 4851 2963 4925; x_wconf 90' lang='lat' dir='ltr'><strong>protinus</strong></span> <span class='ocrx_word' id='word_1_851' title='bbox 2979 4851 3355 4909; x_wconf 85' lang='lat' dir='ltr'><strong>subinfertur:</strong></span> <span class='ocrx_word' id='word_1_852' title='bbox 3388 4849 3462 4905; x_wconf 85' lang='lat' dir='ltr'><strong>Et</strong></span> <span class='ocrx_word' id='word_1_853' title='bbox 3486 4847 3582 4901; x_wconf 64' lang='lat' dir='ltr'><strong>lum</strong></span> 
     </span>
    </p>
   </div>
   <div class='ocr_carea' id='block_1_112' title="bbox 1982 4935 3577 5014">
    <p class='ocr_par' dir='ltr' id='par_1_112' title="bbox 1982 4935 3577 5014">
     <span class='ocr_line' id='line_1_112' title="bbox 1982 4935 3577 5014; baseline -0.004 -15"><span class='ocrx_word' id='word_1_854' title='bbox 1982 4943 2159 4999; x_wconf 82' lang='lat' dir='ltr'><strong>uultus</strong></span> <span class='ocrx_word' id='word_1_855' title='bbox 2185 4942 2287 4999; x_wconf 84' lang='lat' dir='ltr'><strong>mei</strong></span> <span class='ocrx_word' id='word_1_856' title='bbox 2303 4959 2410 4998; x_wconf 86' lang='lat' dir='ltr'><strong>non</strong></span> <span class='ocrx_word' id='word_1_857' title='bbox 2432 4941 2651 4999; x_wconf 84' lang='lat' dir='ltr'><strong>cadebat</strong></span> <span class='ocrx_word' id='word_1_858' title='bbox 2674 4942 2733 4998; x_wconf 89' lang='lat' dir='ltr'><strong>in</strong></span> <span class='ocrx_word' id='word_1_859' title='bbox 2752 4949 2971 4999; x_wconf 87' lang='lat' dir='ltr'><strong>terram.</strong></span> <span class='ocrx_word' id='word_1_860' title='bbox 2993 4939 3138 5014; x_wconf 64' lang='lat' dir='ltr'><strong>[Rem</strong></span> <span class='ocrx_word' id='word_1_861' title='bbox 3161 4941 3196 4996; x_wconf 93' lang='grc' dir='ltr'><strong><em>Ι</em></strong></span> <span class='ocrx_word' id='word_1_862' title='bbox 3202 4936 3286 5009; x_wconf 82' lang='grc' dir='ltr'><strong>ν.]</strong></span> <span class='ocrx_word' id='word_1_863' title='bbox 3304 4935 3577 5007; x_wconf 91' lang='lat' dir='ltr'><strong>Scriptum</strong></span> 
     </span>
    </p>
   </div>
   <div class='ocr_carea' id='block_1_113' title="bbox 1984 5023 3577 5103">
    <p class='ocr_par' dir='ltr' id='par_1_113' title="bbox 1984 5023 3577 5103">
     <span class='ocr_line' id='line_1_113' title="bbox 1984 5023 3577 5103; baseline -0.004 -15"><span class='ocrx_word' id='word_1_864' title='bbox 1984 5030 2185 5103; x_wconf 91' lang='lat' dir='ltr'><strong>quippe</strong></span> <span class='ocrx_word' id='word_1_865' title='bbox 2214 5037 2329 5087; x_wconf 90' lang='lat' dir='ltr'><strong>est:</strong></span> <span class='ocrx_word' id='word_1_866' title='bbox 2367 5032 2520 5089; x_wconf 83' lang='lat' dir='ltr'><strong>Oculi</strong></span> <span class='ocrx_word' id='word_1_867' title='bbox 2546 5033 2834 5089; x_wconf 82' lang='lat' dir='ltr'><strong>stultorum</strong></span> <span class='ocrx_word' id='word_1_868' title='bbox 2874 5030 2931 5084; x_wconf 85' lang='lat' dir='ltr'><strong>in</strong></span> <span class='ocrx_word' id='word_1_869' title='bbox 2960 5028 3153 5101; x_wconf 77' lang='lat' dir='ltr'><strong>ﬁnibus</strong></span> <span class='ocrx_word' id='word_1_870' title='bbox 3197 5031 3353 5082; x_wconf 73' lang='lat' dir='ltr'><strong>terra</strong></span> <span class='ocrx_word' id='word_1_871' title='bbox 3381 5023 3577 5093; x_wconf 77' lang='lat' dir='ltr'><strong>(Prov.</strong></span> 
     </span>
    </p>
   </div>
   <div class='ocr_carea' id='block_1_114' title="bbox 2055 5291 3583 5365">
    <p class='ocr_par' dir='ltr' id='par_1_114' title="bbox 2055 5291 3583 5365">
     <span class='ocr_line' id='line_1_114' title="bbox 2055 5291 3583 5365; baseline -0.002 -12"><span class='ocrx_word' id='word_1_872' title='bbox 2055 5299 2076 5333; x_wconf 79' lang='grc'><strong>³</strong></span> <span class='ocrx_word' id='word_1_873' title='bbox 2106 5300 2187 5353; x_wconf 90' lang='lat' dir='ltr'><strong>Ita</strong></span> <span class='ocrx_word' id='word_1_874' title='bbox 2213 5298 2449 5365; x_wconf 88' lang='lat' dir='ltr'><strong>Gemet.,</strong></span> <span class='ocrx_word' id='word_1_875' title='bbox 2480 5294 2623 5352; x_wconf 91' lang='lat' dir='ltr'><strong>Utic.</strong></span> <span class='ocrx_word' id='word_1_876' title='bbox 2655 5302 2709 5349; x_wconf 92' lang='lat' dir='ltr'><strong>et</strong></span> <span class='ocrx_word' id='word_1_877' title='bbox 2737 5294 2810 5349; x_wconf 91' lang='lat' dir='ltr'><strong>al.</strong></span> <span class='ocrx_word' id='word_1_878' title='bbox 2845 5292 2973 5349; x_wconf 88' lang='lat' dir='ltr'><strong>Mss.</strong></span> <span class='ocrx_word' id='word_1_879' title='bbox 3006 5292 3067 5348; x_wconf 91' lang='lat' dir='ltr'><strong>In</strong></span> <span class='ocrx_word' id='word_1_880' title='bbox 3097 5291 3299 5363; x_wconf 89' lang='lat' dir='ltr'><strong>Editis,</strong></span> <span class='ocrx_word' id='word_1_881' title='bbox 3340 5293 3494 5351; x_wconf 79' lang='lat' dir='ltr'><strong>valde</strong></span> <span class='ocrx_word' id='word_1_882' title='bbox 3521 5295 3583 5350; x_wconf 89' lang='lat' dir='ltr'><strong>de</strong></span> 
     </span>
    </p>
   </div>
   <div class='ocr_carea' id='block_1_115' title="bbox 1984 5365 3548 5433">
    <p class='ocr_par' dir='ltr' id='par_1_115' title="bbox 1984 5365 3548 5433">
     <span class='ocr_line' id='line_1_115' title="bbox 1984 5365 3548 5433; baseline -0.003 -9"><span class='ocrx_word' id='word_1_883' title='bbox 1984 5387 2062 5424; x_wconf 84' lang='lat' dir='ltr'><strong>ea.</strong></span> <span class='ocrx_word' id='word_1_884' title='bbox 2100 5370 2162 5425; x_wconf 89' lang='lat' dir='ltr'><strong>In</strong></span> <span class='ocrx_word' id='word_1_885' title='bbox 2191 5368 2353 5424; x_wconf 82' lang='lat' dir='ltr'><strong>Corb.</strong></span> <span class='ocrx_word' id='word_1_886' title='bbox 2388 5369 2598 5433; x_wconf 88' lang='lat' dir='ltr'><strong>Germ.,</strong></span> <span class='ocrx_word' id='word_1_887' title='bbox 2630 5368 2757 5432; x_wconf 69' lang='lat' dir='ltr'><strong>Quae</strong></span> <span class='ocrx_word' id='word_1_888' title='bbox 2775 5365 3028 5421; x_wconf 84' lang='lat' dir='ltr'><strong>enim.....</strong></span> <span class='ocrx_word' id='word_1_889' title='bbox 3061 5365 3215 5420; x_wconf 69' lang='lat' dir='ltr'><strong>valde</strong></span> <span class='ocrx_word' id='word_1_890' title='bbox 3236 5366 3299 5422; x_wconf 86' lang='lat' dir='ltr'><strong>de</strong></span> <span class='ocrx_word' id='word_1_891' title='bbox 3328 5385 3408 5423; x_wconf 87' lang='lat' dir='ltr'><strong>ea.</strong></span> <span class='ocrx_word' id='word_1_892' title='bbox 3538 5408 3548 5419; x_wconf 81' lang='lat'><strong>..</strong></span> 
     </span>
    </p>
   </div>
   <div class='ocr_carea' id='block_1_116' title="bbox 2053 5434 3578 5509">
    <p class='ocr_par' dir='ltr' id='par_1_116' title="bbox 2053 5434 3578 5509">
     <span class='ocr_line' id='line_1_116' title="bbox 2053 5434 3578 5509; baseline -0.001 -14"><span class='ocrx_word' id='word_1_893' title='bbox 2053 5440 2078 5477; x_wconf 71' lang='grc'>⁸</span> <span class='ocrx_word' id='word_1_894' title='bbox 2116 5437 2381 5495; x_wconf 90' lang='lat' dir='ltr'><strong>Nonnulli</strong></span> <span class='ocrx_word' id='word_1_895' title='bbox 2418 5436 2548 5503; x_wconf 91' lang='lat' dir='ltr'><strong>Ed.,</strong></span> <span class='ocrx_word' id='word_1_896' title='bbox 2577 5436 2732 5506; x_wconf 87' lang='lat' dir='ltr'><strong>quasi</strong></span> <span class='ocrx_word' id='word_1_897' title='bbox 2760 5442 3026 5509; x_wconf 84' lang='lat' dir='ltr'><strong>tumentes.</strong></span> <span class='ocrx_word' id='word_1_898' title='bbox 3060 5437 3195 5506; x_wconf 82' lang='lat' dir='ltr'><strong>Alii,</strong></span> <span class='ocrx_word' id='word_1_899' title='bbox 3226 5440 3384 5509; x_wconf 85' lang='lat' dir='ltr'><strong>quasi</strong></span> <span class='ocrx_word' id='word_1_900' title='bbox 3410 5434 3578 5494; x_wconf 81' lang='lat' dir='ltr'><strong>immi-</strong></span> 
     </span>
    </p>
   </div>
   <div class='ocr_carea' id='block_1_117' title="bbox 1985 5507 3582 5585">
    <p class='ocr_par' dir='ltr' id='par_1_117' title="bbox 1985 5507 3582 5585">
     <span class='ocr_line' id='line_1_117' title="bbox 1985 5507 3582 5585; baseline 0 -20"><span class='ocrx_word' id='word_1_901' title='bbox 1985 5516 2178 5566; x_wconf 85' lang='lat' dir='ltr'><strong>nentes.</strong></span> <span class='ocrx_word' id='word_1_902' title='bbox 2215 5509 2462 5585; x_wconf 74' lang='lat' dir='ltr'><strong>Lectioni</strong></span> <span class='ocrx_word' id='word_1_903' title='bbox 2491 5514 2692 5564; x_wconf 87' lang='lat' dir='ltr'><strong>nostra</strong></span> <span class='ocrx_word' id='word_1_904' title='bbox 2720 5507 3089 5582; x_wconf 78' lang='lat' dir='ltr'><strong>suffragantur</strong></span> <span class='ocrx_word' id='word_1_905' title='bbox 3124 5507 3393 5585; x_wconf 78' lang='lat' dir='ltr'><strong>quotquot</strong></span> <span class='ocrx_word' id='word_1_906' title='bbox 3421 5509 3582 5566; x_wconf 90' lang='lat' dir='ltr'><strong>nobis</strong></span> 
     </span>
    </p>
   </div>
   <div class='ocr_carea' id='block_1_118' title="bbox 1986 5583 2438 5655">
    <p class='ocr_par' dir='ltr' id='par_1_118' title="bbox 1986 5583 2438 5655">
     <span class='ocr_line' id='line_1_118' title="bbox 1986 5583 2438 5655; baseline -0.004 -16"><span class='ocrx_word' id='word_1_907' title='bbox 1986 5588 2283 5655; x_wconf 88' lang='lat' dir='ltr'><strong>suppetunt</strong></span> <span class='ocrx_word' id='word_1_908' title='bbox 2310 5583 2438 5655; x_wconf 90' lang='lat' dir='ltr'><strong>Mss.</strong></span> 
     </span>
    </p>
   </div>
   <div class='ocr_carea' id='block_1_119' title="bbox 2058 5643 3614 5724">
    <p class='ocr_par' dir='ltr' id='par_1_119' title="bbox 2058 5643 3614 5724">
     <span class='ocr_line' id='line_1_119' title="bbox 2058 5643 3614 5724; baseline -0.005 -13"><span class='ocrx_word' id='word_1_909' title='bbox 2058 5643 2329 5724; x_wconf 44' lang='lat' dir='ltr'><strong>Il‘Germ.,</strong></span> <span class='ocrx_word' id='word_1_910' title='bbox 2382 5653 2545 5712; x_wconf 89' lang='lat' dir='ltr'><strong>Corb.</strong></span> <span class='ocrx_word' id='word_1_911' title='bbox 2591 5654 2777 5713; x_wconf 89' lang='lat' dir='ltr'><strong>Germ.</strong></span> <span class='ocrx_word' id='word_1_912' title='bbox 2834 5665 2888 5713; x_wconf 77' lang='lat' dir='ltr'><strong>el.</strong></span> <span class='ocrx_word' id='word_1_913' title='bbox 2943 5655 3180 5720; x_wconf 87' lang='lat' dir='ltr'><strong>Gemet.,</strong></span> <span class='ocrx_word' id='word_1_914' title='bbox 3229 5655 3306 5711; x_wconf 82' lang='lat' dir='ltr'><strong>ita</strong></span> <span class='ocrx_word' id='word_1_915' title='bbox 3363 5643 3614 5709; x_wconf 75' lang='lat' dir='ltr'><strong>mentem</strong></span> 
     </span>
    </p>
   </div>
   <div class='ocr_carea' id='block_1_120' title="bbox 1986 5740 2200 5783">
    <p class='ocr_par' dir='ltr' id='par_1_120' title="bbox 1986 5740 2200 5783">
     <span class='ocr_line' id='line_1_120' title="bbox 1986 5740 2200 5783; baseline 0.019 -4"><span class='ocrx_word' id='word_1_916' title='bbox 1986 5740 2182 5782; x_wconf 61' lang='grc' dir='ltr'><strong>ἠῑαέΓΟΓ</strong></span> <span class='ocrx_word' id='word_1_917' title='bbox 2187 5769 2200 5783; x_wconf 91' lang='grc'><em>.</em></span> 
     </span>
    </p>
   </div>
  </div>
