4172 6184
532 321 632 376 139

1725 318 1970 374 SANCTI
2010 317 2350 375 GREGORII
2385 317 2614 376 MAGNI

3737 325 3832 382 141)

527 461 670 514 xvn,
691 444 806 518 24).
829 445 1176 516 Rursumque
1203 459 1300 516 per
1327 426 1583 502 eumdein
1609 445 1958 502 Salomonem
1985 443 2123 501 dici-
2155 445 2208 505 Α
2233 442 2314 500 Ne
2343 458 2474 516 ergo
2502 449 2808 501 nocturnus
2825 441 3016 514 timor,
3034 443 3095 501 id
3117 453 3201 502 est
3226 449 3443 506 occulta
3471 456 3528 506 et
3552 449 3837 523 repentina

523 543 651 590 tur:
688 533 839 590 Oculi
864 532 1115 605 sapientis
1135 533 1192 588 in
1207 535 1374 606 capite
1391 535 1505 606 ejus
1522 536 1725 606 (Eccle.
1749 552 1812 604 ιι,
1837 535 1950 606 14).
1982 535 2116 591 Pau-

523 626 612 682 ius
653 638 870 698 quoque
907 623 1016 680 ait:
1053 623 1228 696 Caput
1253 624 1362 680 viri
1395 625 1638 683 Christus
1665 627 1732 697 (Ι
1759 627 1884 684 Cor.
1917 641 2000 694 x1,
2031 625 2112 698 3).

522 712 681 770 Oculi
726 729 855 785 ergo
895 711 1158 785 sapientis
1189 712 1252 770 in
1281 713 1459 787 capite
1495 713 1615 787 ejus
1657 723 1806 785 sunt,
1836 714 1971 773 dum
2003 717 2118 774 Re-

519 800 821 875 demptoris
873 801 960 858 sui
1006 817 1222 875 semper
1266 819 1432 876 opera
1479 820 1600 878 quas
1646 803 1852 861 imitari
1900 803 2114 874 debeat,

517 893 940 965 contemplatur.
990 892 1114 948 Lux
1152 909 1280 966 ergo
1323 894 1512 950 vultus
1539 893 1658 966 ejus
1687 893 1746 949 in
1775 901 1974 950 terram
2003 909 2115 950 non

515 981 738 1053 cecidit,
769 981 898 1054 quia
925 997 988 1038 ea
1017 998 1137 1056 qua:
1183 989 1398 1040 terrena
1425 989 1557 1040 sunt
1589 998 1686 1057 per
1725 982 2114 1056 concupiscen-

513 1069 650 1126 tiam
683 1086 797 1126 non
829 1071 1069 1143 aspexit.

585 1160 639 1216 8.
683 1160 864 1216 Sancti
907 1176 1178 1230 nunquam
1219 1159 1391 1217 securi
1435 1165 1576 1219 sunt.
1619 1161 1792 1219 Grave
1817 1161 2116 1234 periculum

513 1255 590 1304 est
613 1249 828 1304 incauta
855 1248 1131 1306 securitas.
1161 1279 1233 1293 —
1261 1249 1368 1307 Sed
1395 1250 1527 1324 quia
1553 1251 1898 1324 superﬁciem
1929 1251 2117 1310 histo—

512 1339 609 1396 riae
653 1339 756 1397 sub
800 1339 1070 1397 brevitate
1116 1339 1498 1411 discussimus,
1529 1342 1664 1416 quid
1702 1343 1762 1400 in
1804 1342 1894 1400 his
1918 1343 1987 1400 de
2016 1343 2116 1400 in-

510 1429 736 1488 tellectu
781 1429 1018 1502 mystico
1060 1429 1226 1487 lateat
1258 1433 1274 1466 ¹
1321 1431 1742 1504 perpendamus.
1776 1433 1952 1491 Unam
1997 1449 2114 1491 esse

510 1535 797 1593 personam
845 1518 1127 1577 Christum
1168 1528 1223 1576 et
1269 1521 1577 1578 Ecclesiam
1628 1522 1954 1596 plerumque
1995 1522 2113 1596 jam

509 1608 777 1675 diximus,
827 1615 882 1664 et
928 1625 1069 1682 sape
1109 1625 1223 1666 vox
1261 1609 1460 1682 capitis
1505 1609 1575 1667 ad
1605 1627 1799 1669 vocem
1843 1611 2110 1685 corporis,

507 1714 648 1771 saepe
705 1715 816 1754 vox
856 1698 1103 1772 corporis
1145 1699 1215 1757 ad
1261 1716 1456 1758 vocem
1502 1701 1700 1774 capitis
1746 1701 1963 1760 transit.
2005 1702 2113 1770 Qui

505 1788 654 1845 enim
701 1795 830 1846 sunt
873 1787 933 1845 in
979 1805 1141 1846 carne
1179 1805 1312 1859 una,
1345 1789 1427 1846 nil
1455 1789 1636 1846 obstat
1685 1797 1746 1846 ut
1773 1789 2108 1848 conveniant
2139 1812 2184 1872 Β

504 1877 670 1934 etiam
711 1877 770 1934 in
819 1893 956 1934 voce
1003 1893 1133 1934 una.
1177 1877 1338 1935 Dicat
1382 1894 1511 1951 ergo
1553 1893 1625 1935 ex
1649 1895 1784 1937 voce
1815 1879 2012 1952 capitis
2039 1880 2107 1938 de

505 1967 694 2025 electis
717 1967 854 2036 suis,
876 1966 1025 2024 dicat
1041 1969 1293 2024 Ecclesia
1312 1985 1324 2025 :
1353 1968 1413 2025 Si
1429 1969 1642 2040 quando
1663 1969 1899 2027 ridebam
1911 1972 1985 2028 ad
2000 1989 2106 2048 eos,

504 2073 608 2113 non
627 2057 920 2114 credebant.
937 2056 1135 2114 Ridere
1165 2058 1372 2114 etenim
1402 2058 1503 2115 Dei
1529 2065 1614 2115 est
1640 2067 1960 2118 sanctorum
1989 2058 2109 2118 vias

501 2145 854 2220 prosequenti
901 2145 1090 2202 favore
1128 2149 1460 2223 prosperari,
1509 2151 1654 2208 sicut
1681 2151 1748 2208 de
1773 2151 1863 2209 his
1891 2168 2108 2226 quoque

500 2251 598 2306 per
641 2252 803 2292 usum
859 2235 1088 2305 dicitur,
1131 2253 1268 2310 quos
1315 2238 1375 2294 in
1426 2237 1534 2296 hoc
1584 2240 1787 2297 saeculo
1824 2239 2107 2298 felicitatis

501 2326 648 2384 638
671 2322 1051 2378 blandimenta
1078 2325 1449 2381 comitantur:
1485 2326 1692 2383 Arrisit
1727 2327 1840 2386 illis
1864 2335 2102 2402 tempus.

501 2417 657 2476 Unde
705 2433 735 2474 e
779 2417 1080 2486 contrario,
1127 2419 1210 2474 ira
1258 2421 1567 2492 appellatur
1611 2423 1858 2492 Domini,
1887 2440 1920 2480 a
1944 2423 2107 2482 bonis

497 2507 810 2565 actionibus
838 2505 1132 2578 inﬁrmari,
1161 2507 1307 2566 sicut
1337 2507 1606 2582 scriptum
1638 2517 1754 2568 est:
1787 2511 1866 2571 Ne
1891 2514 2104 2584 quando

497 2599 768 2655 irascatur
781 2597 1114 2667 Dominus,et
1129 2599 1361 2672 pereatis
1376 2599 1440 2656 de
1456 2599 1702 2670 oiajusta
1720 2599 1894 2674 (Psal.
1915 2603 2076 2678 11,12)
2087 2647 2101 2662 .

496 2687 555 2746 Si
584 2687 755 2760 igitur
773 2687 935 2746 irasci
957 2687 1231 2746 Dominus
1255 2688 1600 2763 perhibetur,
1621 2707 1746 2750 cum
1767 2693 1915 2750 viam
1938 2691 2118 2766 justi-

497 2777 586 2832 tiae
607 2775 862 2834 homines
881 2777 1140 2849 perdunt,
1156 2785 1302 2836 recte
1326 2779 1567 2837 arridere
1581 2781 1853 2839 Dominus
1871 2781 2098 2854 dicitur,

494 2883 622 2924 cum
651 2865 795 2922 bona
817 2873 1006 2924 nostra
1033 2883 1199 2940 opera
1225 2868 1384 2926 favor
1411 2869 1599 2944 gratiae
1645 2888 1892 2944 supernae
1921 2874 2097 2930 comi-

491 2965 658 3014 tatur.
680 2955 823 3032 [Rec.
852 2956 937 3031 V.]
964 2957 1068 3015 Sed
1096 2959 1258 3016 electi
1278 2959 1484 3033 quique
1505 2961 1756 3034 quandiu
1778 2962 1838 3019 in
1860 2963 1962 3022 hac
1982 2965 2099 3022 vita

493 3057 642 3118 sunt,
679 3047 990 3106 securitatis
1036 3048 1143 3105 sibi
1173 3049 1565 3107 conﬁdentiam
1598 3068 1710 3109 non
1740 3055 2092 3126 promittunt.

493 3137 656 3193 Horis
683 3137 832 3193 enim
855 3135 1116 3194 omnibus
1143 3146 1336 3196 contra
1356 3147 1696 3197 tentamenta
1723 3143 1984 3216 suspecti,
2007 3161 2094 3204 oc-

491 3225 630 3283 culti
658 3225 836 3283 hostis
861 3225 1093 3284 insidias
1119 3235 1396 3296 metuunt,
1420 3230 1442 3265 ²
1467 3229 1564 3304 qui
1591 3229 1760 3288 etiam
1787 3232 2092 3289 tentatione

491 3323 755 3386 cessante,
813 3316 902 3372 vel
950 3316 1068 3372 sola
1107 3317 1348 3389 graviter
1406 3316 1719 3392 suspicione
1772 3319 2086 3378 turbantur.

489 3410 626 3466 Nam
655 3424 797 3481 saepe
824 3407 1016 3465 multis
1045 3425 1208 3482 grave
1240 3409 1552 3482 periculum
1581 3410 1804 3470 incauta
1825 3414 2092 3472 securitas

489 3497 618 3566 fuit,
645 3504 708 3552 ut
754 3496 942 3554 callidi
972 3496 1147 3555 hostis
1175 3497 1409 3557 insidias
1440 3517 1554 3558 non
1589 3503 1810 3571 tentati,
1845 3493 1953 3560 sed
1971 3501 2087 3575 jam

489 3586 745 3660 prostrati
789 3595 1199 3660 cognoscerent.
1241 3588 1602 3662 Vigilandum
1641 3593 1844 3666 quippe
1874 3609 2089 3666 semper

487 3683 590 3746 est,
619 3683 682 3733 ut
712 3693 868 3734 mens
897 3677 1161 3735 continue
1201 3678 1440 3736 sollicita
1483 3697 1767 3754 nunquam
1808 3685 2088 3742 relaxetur

489 3763 794 3824 intentione
823 3783 1082 3839 superna,
1111 3782 1182 3824 ne
1220 3767 1493 3826 laboriosa
1520 3769 1795 3842 deserens,
1827 3772 1886 3828 in
1926 3773 2088 3846 cogi-

485 3857 792 3914 tationibus
819 3857 1008 3928 ﬂuxis,
1031 3859 1189 3934 quasi
1217 3859 1276 3916 in
1303 3861 1633 3934 quibusdam
1665 3862 1927 3922 mollibus
1953 3872 2086 3922 stra-

485 3946 686 4001 mentis
711 3946 920 4018 jacens,
950 3949 1201 4004 venienti
1229 3951 1540 4022 corruptori
1584 3951 1805 4008 diabolo
1848 3970 2002 4012 mens
2029 3971 2086 4012 se

485 4035 724 4092 resoluta
771 4038 1084 4108 prostituat.
1128 4039 1354 4110 Semper
1399 4056 1531 4096 vero
1573 4049 1656 4097 est
1696 4042 1766 4098 ad
1811 4052 2085 4102 certamen

483 4123 782 4180 adversarii
809 4126 1105 4198 erigendus
1132 4127 1354 4184 animus
1379 4146 1392 4196 ;
1425 4145 1640 4200 semper
1667 4139 1859 4188 contra
1905 4139 2085 4194 occul-

480 4221 568 4268 tas
587 4211 816 4270 insidias
834 4215 1048 4270 cautela
1063 4213 1424 4286 providenda.
1449 4217 1593 4275 Hinc
1608 4221 1812 4277 etenim
1832 4223 2086 4287 Habacuc

481 4301 748 4376 propheta
783 4303 892 4360 ait:
934 4307 1109 4377 Super
1135 4307 1428 4364 custodiam
1451 4327 1622 4366 meam
1648 4313 1794 4368 stabo
1825 4314 1985 4387 (Hab.
2019 4335 2081 4387 ιι,

482 4393 560 4465 1).
587 4393 729 4450 Hinc
758 4410 976 4452 rursum
1014 4395 1281 4469 scriptum
1307 4407 1415 4456 est:
1451 4400 1634 4456 Statue
1661 4402 1753 4458 tibi
1779 4407 2082 4475 speculam;

476 4498 612 4554 pone
641 4482 735 4538 tibi
759 4484 1166 4554 amaritudines,
1197 4487 1290 4558 qui
1327 4489 1657 4562 evangelizas
1695 4492 1823 4549 Sion
1863 4494 2076 4566 (Jerem.

479 4588 642 4640 xxxr,
669 4573 784 4645 21).
820 4575 961 4632 Hinc
989 4592 1086 4647 per
1114 4575 1465 4635 Salomonem
1495 4580 1732 4638 dicitur:
1772 4585 1969 4640 Beatus
1995 4586 2082 4640 oi-r

439 4731 442 4742 Ι
477 4660 572 4732 qui
596 4677 798 4734 semper
829 4670 904 4718 est
929 4663 1202 4734 pavidus;
1241 4667 1338 4737 qui
1381 4674 1556 4724 autent
1593 4670 1780 4724 mentis
1811 4677 1886 4726 est
1913 4672 2084 4740 dum,

476 4757 688 4806 corruet
705 4750 762 4806 in
779 4751 982 4806 malum
995 4752 1499 4830 (Prov.xxvm,ib)
1511 4758 1674 4815 .Hinc
1689 4759 1890 4816 iterum
1914 4760 2050 4818 dicit
2070 4782 2082 4820 :

483 4840 734 4911 Uniuscuj
741 4858 898 4914 usque
917 4840 1054 4897 ensis
1081 4859 1240 4915 super
1253 4843 1430 4915 femur
1449 4862 1628 4914 suum,
1641 4855 1864 4921 propter
1879 4849 2087 4912 tinwres

473 4935 758 4987 nocturnos
773 4931 800 5005 (
807 4931 963 4990 Cant.
987 4948 1073 5001 ιιι,
1089 4931 1170 5005 8).
1191 4934 1461 4992 Nocturni
1475 4935 1686 5009 quippe
1707 4936 1935 4996 timores
1958 4945 2088 4996 sunt

475 5019 690 5078 insidiae
710 5022 1036 5082 tentationis
1053 5025 1306 5084 occultat.
1323 5026 1492 5084 Ensis
1515 5035 1700 5085 autem
1722 5046 1886 5104 super
1905 5031 2088 5090 femur

474 5117 557 5166 est
602 5114 851 5171 custodia
903 5114 1165 5190 vigilans,
1223 5119 1408 5177 carnis
1462 5119 1750 5178 illecebras
1801 5138 2072 5196 premens.

2114 4545 2163 4604 D

550 5375 571 5411 ί
609 5375 869 5502 ἓηξὶἒιιὰη
915 5378 1276 5452 inquiramus,
1317 5386 1409 5445 cui
1451 5387 1677 5446 lectioni
1705 5389 1871 5446 aliam
1899 5389 2075 5460 addit,

550 5463 638 5502 me
744 5467 878 5502 mus.

511 5463 858 5506 attendamus
867 5492 878 5506 .

469 5464 878 5521 perpendamus.

509 5520 572 5604 __’
609 5518 823 5604 Norm.,
853 5521 947 5604 qui
975 5523 1130 5604 eniam
1157 5528 1217 5604 si_
1230 5531 1540 5604 tentationes
1559 5539 1876 5604 cessant.....
1899 5549 2075 5604 suspe-

474 5591 642 5648 ctione
663 5591 965 5676 turbantur.
987 5594 1183 5676 Nostri
1197 5599 1326 5676 Mss.
1349 5601 1553 5676 ubique
1573 5602 1777 5676 habent
1798 5591 2076 5676 suspeciio,

473 5667 868 5749 suspectionem,
898 5679 998 5746 pro
1037 5667 1284 5749 suspicio,
1315 5667 1676 5749 suspicionem.
1717 5667 1934 5749 Verum.
1955 5667 2077 5749 quas

475 5735 698 5815 sanctus
730 5735 1026 5815 Gregorius
1068 5735 1167 5815 hic
1207 5735 1462 5815 docetde
1491 5743 1799 5815 vigilantia,
1831 5735 2079 5804 insin‘uat

475 5806 631 5875 alibi,
651 5806 892 5888 maxime
915 5807 950 5864 l.
980 5826 1060 5876 v1,
1082 5808 1242 5879 epist.
1272 5809 1363 5876 22,
1375 5810 1534 5879 juxta
1552 5806 1844 5886 antiquum
1876 5817 2076 5888 episto-

2223 530 2457 588 tentatio
2485 531 2765 604 subrepat,
2796 547 3012 606 semper
3039 549 3260 592 necesse
3291 542 3376 592 est
3402 543 3466 594 ut
3514 537 3705 596 femur
3741 555 3836 598 no-

2223 625 2400 676 strum
2427 620 2806 693 superpositus
2823 621 3090 680 custodite
3112 623 3260 681 ensis
3284 631 3518 697 premat.
3547 623 3690 700 [ναι.
3709 629 3746 685 Ι
3751 627 3836 703 ν.]

2225 707 2409 764 Sancti
2438 709 2644 766 etenim
2673 711 2906 769 virisic
2936 710 3006 768 de
3033 729 3129 786 spe
3161 714 3297 771 certi
3338 721 3491 783 sunt,
3537 722 3602 772 ut
3647 723 3836 774 tamen

2223 813 2439 871 semper
2477 797 2590 855 sint
2631 798 2700 855 de
2748 798 3056 857 teutatione
3081 801 3358 875 suspecti;
3394 801 3598 876 quippe
3629 799 3838 878 quibus

2222 885 2470 963 dicitur;
2497 888 2696 945 Seroite
2717 888 2946 945 Domino
2967 888 3026 944 in
3046 889 3253 957 timore,
3276 897 3326 946 et
3349 893 3612 949 ersultatc
3629 895 3679 950 ei
3706 912 3831 952 cum

2227 981 2450 1032 tremore
2486 976 2663 1048 (Psal.
2703 993 2768 1047 ιι,
2801 979 2919 1050 11),
2957 985 3021 1035 ut
3047 985 3102 1034 et
3123 978 3192 1036 de
3215 995 3310 1054 spe
3333 981 3658 1052 exsultatio,
3685 991 3741 1039 et
3767 983 3835 1041 de

2222 1064 2533 1139 suspicione
2585 1073 2843 1123 nascatur
2883 1074 3108 1124 tremor.
3159 1068 3408 1136 Quorum
3455 1085 3590 1128 voce
3631 1071 3835 1130 iterum

2223 1154 2518 1212 Psalmista
2545 1155 2715 1212 dicit:
2748 1156 2982 1213 Latetur
3007 1175 3100 1214 cor
3126 1175 3325 1226 meum,
3350 1165 3413 1214 ut
3437 1159 3624 1218 timeat
3649 1178 3842 1218 nomen

2224 1250 2371 1301 tuum
2387 1246 2569 1318 (Psal.
2601 1262 2814 1314 Lxxxv,
2836 1247 2948 1320 11).
2969 1249 2990 1283 ³
3019 1247 3138 1316 Qua
3165 1247 3224 1306 in
3251 1265 3310 1306 re
3338 1249 3650 1313 notandum
3680 1252 3836 1326 quod

2222 1349 2335 1392 non
2363 1335 2474 1391 ait:
2524 1335 2763 1392 Laetetur
2790 1343 2854 1392 ut
2893 1351 3148 1394 securum
3193 1338 3286 1408 sit,
3338 1337 3456 1410 sed,
3495 1339 3743 1398 Laetetur
3773 1347 3840 1398 ut

2221 1423 2434 1481 timeat.
2465 1424 2836 1483 Meminerunt
2863 1442 3123 1501 namque,
3163 1427 3421 1502 quamvis
3462 1444 3658 1486 eorum
3688 1429 3838 1488 actio

2221 1522 2596 1588 prosperetur,
2643 1515 2775 1588 quia
2819 1515 3003 1574 adhuc
3051 1515 3112 1572 in
3139 1515 3244 1574 hac
3271 1517 3388 1576 vita
3425 1525 3586 1588 sunt;
3627 1518 3699 1576 de
3723 1535 3840 1594 qua

2221 1619 2320 1676 per
2345 1605 2600 1662 eumdem
2627 1606 2731 1664 Job
2766 1606 3008 1665 dicitur:
3061 1608 3297 1666 Tentatio
3337 1615 3413 1665 est
3438 1609 3548 1666 vita
3591 1611 3838 1670 humana

2221 1711 2382 1768 super
2408 1703 2610 1754 terram
2634 1698 2782 1769 (Job.
2805 1715 2908 1769 vn,
2936 1699 3014 1772 1).
3037 1698 3408 1758 Meminerunt
3432 1715 3656 1758 rursum
3675 1700 3834 1775 quod

2220 1783 2487 1859 scriptum
2503 1793 2586 1842 est
2604 1804 2617 1843 :
2645 1786 2854 1861 Corpus
2880 1789 3024 1861 quod
3047 1789 3412 1863 corrumpitur
3427 1795 3692 1864 aggraoat
3709 1791 3830 1849 ani-

2215 1891 2378 1944 mam,
2395 1881 2443 1931 et
2468 1875 2718 1948 deprimit
2745 1881 2956 1936 terrena
2981 1877 3296 1936 inhabitatio
3317 1895 3528 1938 sensum
3550 1881 3726 1938 multa
3743 1897 3828 1938 co-

2213 1963 2466 2036 gitantem
2509 1965 2670 2038 (Sap.
2704 1981 2788 2035 1x,
2825 1966 2944 2038 15).
2973 1967 3348 2026 Memineruut
3374 1976 3430 2026 et
3459 1975 3742 2040 metuunt,
3773 1979 3831 2028 et

2217 2052 2608 2111 certitudinem
2635 2052 2744 2111 sibi
2772 2053 2834 2112 in
2861 2070 2920 2112 se
2942 2055 3266 2128 promittere
3293 2072 3408 2114 non
3438 2066 3826 2130 prasamuut;

2215 2141 2311 2200 sed
2338 2141 2508 2216 positi
2537 2141 2682 2201 inter
2708 2143 2974 2218 gaudium
2999 2144 3138 2218 spei,
3159 2152 3214 2202 et
3232 2144 3556 2204 tentationis
3583 2154 3832 2218 metum,

2215 2233 2524 2304 conﬁdunt,
2565 2242 2621 2292 et
2665 2234 2894 2304 timent;
2951 2235 3358 2306 confortantur,
3415 2244 3472 2295 et
3524 2235 3779 2296 titubant
3810 2257 3826 2308 ;

2216 2323 2238 2358 ⁴
2279 2325 2670 2398 certiorantur,
2711 2334 2768 2384 et
2808 2326 3049 2401 suspecti
3077 2334 3228 2386 sunt.
3259 2327 3408 2385 Bene
3438 2343 3568 2402 ergo
3597 2344 3702 2402 per
3730 2345 3830 2388 voc

2213 2427 2333 2470 cem
2361 2413 2522 2472 electi
2541 2415 2775 2473 membri
2804 2416 2907 2474 sub
2935 2416 3111 2490 ﬁgura
3134 2415 3312 2476 nostri
3338 2416 3538 2490 capitis
3562 2416 3786 2478 dicitur
3811 2439 3825 2478 :

2215 2502 2275 2560 Si
2314 2505 2528 2574 quando
2564 2494 2802 2562 ridebam
2836 2506 2910 2563 ad
2951 2523 3058 2574 eos,
3087 2522 3197 2563 non
3221 2507 3518 2577 credebant,
3547 2507 3684 2582 quia
3707 2509 3835 2568 Re-

2212 2587 2484 2662 demptori
2511 2599 2702 2650 nostro
2730 2593 2889 2667 quasi
2917 2593 3185 2650 arridenti
3215 2611 3330 2653 non
3351 2595 3654 2666 credimus,
3685 2595 3830 2654 dum

2211 2679 2404 2736 multis
2417 2677 2532 2752 jam
2559 2679 2679 2754 ejus
2705 2681 2870 2740 donis
2893 2683 3248 2753 testantibus,
3277 2691 3334 2741 et
3357 2685 3588 2758 gratiam
3608 2685 3832 2745 favoris

2206 2768 2326 2842 ejus
2349 2771 2672 2845 accipimus,
2703 2780 2759 2830 et
2787 2779 2971 2830 tamen
2999 2773 3183 2832 adhuc
3208 2774 3314 2832 sub
3351 2774 3474 2848 ejus
3495 2774 3724 2848 judicio
3751 2777 3829 2836 de

2208 2869 2396 2920 nostra
2423 2861 2748 2920 inﬁrmitate
2774 2864 3104 2922 titubamus.

2277 2953 2332 3010 9.
2365 2955 2422 3012 S.
2445 2954 2652 3011 Paulus
2671 2953 2792 3026 jam
2822 2957 2900 3014 ad
2918 2957 3132 3012 tertium
3155 2957 3342 3014 caelum
3359 2962 3552 3030 raptus
3566 2975 3604 3014 a
3623 2960 3834 3020 timore

2209 3039 2341 3098 liber
2364 3058 2473 3099 non
2497 3043 3004 3115 fuit—Videamus
3022 3045 3260 3120 qualiter
3271 3045 3444 3104 Paulo
3461 3052 3517 3103 et
3532 3047 3832 3106 arridetur

2199 3128 2315 3204 jam
2345 3148 2444 3206 per
2467 3149 2760 3207 supernam
2789 3134 3042 3208 gratiam,
3073 3142 3129 3192 et
3155 3133 3272 3209 ipse
3297 3133 3484 3194 adhuc
3508 3136 3674 3210 quasi
3704 3153 3830 3195 non

2202 3223 2378 3280 credit
2412 3239 2509 3296 per
2540 3223 2874 3298 suspicionis
2901 3232 3132 3282 metum.
3162 3225 3282 3282 Iam
3309 3241 3340 3282 e
3369 3225 3510 3283 caelo
3557 3225 3650 3284 illi
3694 3229 3830 3286 Do-

2201 3310 2386 3370 minus
2434 3317 2581 3376 639
2623 3313 2877 3390 loquens,
2910 3313 3140 3390 ejusque
3180 3314 3418 3373 interius
3447 3315 3648 3376 oculos
3673 3333 3832 3392 ape-

2199 3405 2369 3476 riens,
2411 3410 2658 3468 exterius
2699 3411 2983 3482 claudens,
3014 3411 3318 3486 potentiam
3363 3429 3476 3471 suae
3504 3411 3830 3487 maiestatis

2199 3497 2510 3556 ostenderat
2538 3500 2684 3573 (Act.
2713 3517 2796 3571 1x,
2824 3501 2920 3574 li);
2946 3501 3063 3574 jam
3101 3501 3180 3558 de
3201 3518 3267 3560 eo
3301 3502 3536 3560 Ananiae
3563 3503 3826 3576 dixerat,

2207 3591 2308 3650 Vas
2334 3589 2595 3647 electionis
2621 3591 2756 3648 mihi
2771 3599 2848 3648 est
2877 3593 3040 3666 (Ibid.
3064 3609 3145 3664 ix,
3187 3593 3305 3667 15),
3329 3591 3448 3666 jam
3481 3593 3551 3651 ad
3577 3596 3824 3654 tertium

2197 3681 2400 3738 oculum
2427 3698 2594 3755 super
2619 3699 2676 3739 se
2703 3690 2892 3756 raptus
2915 3684 3096 3741 fuerat
3135 3685 3226 3758 (ΙΙ
3253 3683 3382 3742 Cor.
3418 3701 3523 3755 xu,
3566 3687 3668 3760 2);
3696 3687 3824 3762 jam

2196 3771 2256 3828 in
2285 3771 2600 3844 paradisum
2644 3771 2844 3830 ductus
2883 3788 3084 3830 arcana
3111 3773 3278 3829 verba
3317 3789 3438 3846 quas
3467 3773 3655 3830 dicere
3699 3793 3824 3833 non

2195 3867 2377 3932 posset
2430 3860 2716 3926 audierat;
2761 3867 2817 3915 et
2861 3867 3046 3916 tamen
3092 3860 3277 3918 adhuc
3329 3859 3562 3916 timidus
3613 3861 3819 3920 dicit:

2199 3948 2408 4019 Castigo
2426 3965 2620 4020 corpus
2645 3963 2836 4014 meum,
2857 3949 2880 3984 ⁸
2901 3954 2951 4003 et
2968 3949 3027 4004 in
3042 3949 3344 4004 servitutem
3365 3949 3566 4020 redigo,
3581 3965 3650 4004 ne
3664 3948 3827 4020 forte

2193 4038 2320 4096 aliis
2339 4039 2642 4112 pradicans
2669 4039 2779 4112 ipse
2805 4039 3060 4111 reprobus
3086 4039 3284 4112 efﬁciar
3315 4037 3374 4111 (Ι
3403 4039 3530 4097 Cor.
3561 4055 3647 4110 Ix,
3683 4039 3820 4116 27).

2192 4129 2335 4187 Ecce
2377 4128 2643 4186 arridenti
2685 4127 2792 4185 sibi
2826 4127 3032 4186 divinas
3057 4130 3244 4201 gratias
3274 4135 3330 4185 et
3351 4127 3468 4202 jam
3497 4128 3682 4187 credit
3710 4145 3828 4203 per

2193 4235 2368 4293 spem,
2413 4226 2469 4276 et
2513 4219 2749 4277 necdum
2797 4226 2980 4276 tamen
3034 4218 3210 4276 credit
3270 4234 3368 4292 per
3419 4219 3818 4279 securitatem.

2191 4309 2329 4366 Nam
2357 4307 2489 4381 quia
2516 4307 2654 4364 bene
2681 4307 2802 4364 hac
2829 4307 2995 4365 verba
3021 4307 3401 4382 Redemptoris
3427 4308 3606 4366 nostri
3632 4310 3825 4369 voci-

2190 4397 2296 4455 bus
2322 4406 2654 4472 congruunt,
2685 4399 2851 4456 etiam
2877 4397 3172 4470 subjuncta
3198 4406 3494 4470 testantur,
3511 4415 3639 4458 cum
3664 4400 3822 4460 dici-

2191 4495 2284 4544 tur
2311 4507 2323 4544 :
2355 4491 2431 4544 Et
2459 4491 2556 4544 tum
2582 4490 2761 4544 uultus
2786 4490 2891 4545 mei
2915 4506 3024 4546 non
3050 4489 3266 4546 cadebat
3300 4491 3359 4546 in
3401 4497 3618 4546 terra-nt.
3654 4491 3827 4559 Quid

2192 4591 2430 4649 namque
2458 4584 2625 4647 terra,
2649 4577 2759 4634 nisi
2789 4585 3041 4651 peccator
3069 4586 3322 4648 vocatur,
3351 4579 3442 4636 cui
3471 4579 3654 4649 prima
3677 4594 3820 4636 sen-

2191 4666 2366 4722 tentia
2399 4665 2611 4724 dictum
2640 4675 2748 4724 est:
2786 4669 2955 4724 Terra
2981 4687 3055 4734 es,
3075 4674 3124 4724 et
3141 4668 3199 4722 in
3227 4673 3426 4723 terram
3444 4666 3545 4721 ibis
3579 4665 3819 4738 (Getice.

2192 4775 2279 4828 ιιι,
2313 4759 2446 4831 l9)?
2474 4759 2596 4814 Lux
2625 4775 2754 4830 ergo
2783 4759 2973 4814 vultus
3001 4757 3225 4814 Domini
3255 4757 3314 4812 in
3343 4763 3544 4812 terram
3574 4771 3823 4832 nequa-

2193 4865 2357 4922 quam
2385 4847 2552 4916 cadit,
2583 4847 2712 4920 quia
2737 4847 2972 4903 visionis
3014 4845 3134 4918 ejus
3161 4847 3380 4904 claritas
3416 4849 3825 4920 peccatoribus

2193 4954 2306 4994 non
2334 4942 2575 5009 apparet.
2597 4934 2878 5007 Scriptum
2899 4950 3137 5008 namque
3156 4942 3268 4992 est:
3310 4937 3558 4994 Tollatur
3575 4937 3820 5012 ἐπιμένω,

2192 5045 2257 5084 ne
2299 5027 2474 5083 videat
2509 5024 2739 5099 gloriam
2779 5023 2878 5081 Dei
2909 5025 3065 5099 (Isai.
3107 5041 3270 5095 xxvr,
3307 5025 3420 5100 10).
3449 5025 3616 5095 Quasi
3647 5029 3820 5090 enim

2189 5117 2290 5174 lux
2334 5115 2394 5172 in
2433 5123 2640 5173 terram
2693 5113 2935 5185 caderet,
2973 5115 3022 5172 si
3064 5113 3128 5172 in
3163 5122 3414 5174 extremo
3436 5113 3656 5189 judicio
3697 5133 3820 5176 ve-

2187 5388 2366 5447 larum
2394 5387 2672 5447 ordinem.

2257 5463 2278 5496 ³
2314 5459 2478 5517 Corb.
2511 5461 2722 5530 Germ.,
2752 5459 2990 5524 Bellov..
3026 5459 3212 5518 Germ.
3255 5465 3310 5516 et
3335 5458 3552 5527 Norm.,
3577 5458 3681 5530 qui
3711 5478 3816 5521 no-

2188 5532 2410 5604 tandum
2439 5532 2598 5604 quod.
2641 5530 2676 5588 2
2703 5532 2875 5604 Laud.
2886 5575 2902 5604 ,
2932 5531 3364 5604 ubiqnotandum.

2257 5605 2285 5676 ξ
2310 5601 2770 5676 Germ.,Turon.,
2797 5601 2992 5676 Vind,
3015 5601 3177 5676 Corb.
3211 5601 3422 5671 Germ.,
3453 5601 3565 5676 duo
3589 5601 3817 5676 Laud.,

2185 5673 2309 5749 Val.
2343 5671 2454 5749 CL,
2475 5676 2882 5749 omnesNorm.
2918 5671 2997 5732 ita
3024 5673 3249 5743 habent,
3270 5690 3383 5732 non
3405 5671 3815 5749 certiﬁcantur,

2185 5751 2250 5804 ut
2276 5741 2480 5816 legitur
2508 5741 2568 5816 in
2597 5743 2704 5802 Ed.

2257 5817 2278 5850 ⁵
2312 5813 2356 5871 2
2374 5815 2572 5880 Laud.,
2601 5823 2651 5871 et
2675 5815 2918 5871 servituti
2940 5817 3142 5889 redigo.
