4172 6184
344 325 427 380 Ml
1070 315 1440 399 MQRALIUM
1483 315 1612 370 LIB.
1658 315 1782 370 XX.
1829 344 1897 355 --
1936 311 2006 368 IN
2062 311 2293 367 CAPUT
2331 311 2517 366 XXIX
2561 312 2621 365 Β.
2665 311 2806 365 JOB.

3507 312 3607 369 142

344 447 508 514 niens,
539 447 549 479 ¹
574 441 875 499 claritatem
903 436 1204 509 majestatis
1229 452 1343 493 suae
1366 436 1749 508 peccatoribus
1775 451 1896 510 ape-

2010 453 2139 527 quia
2166 450 2549 526 praesidentem
2571 438 2733 509 illum
2754 448 3034 509 mentibus
3052 451 3353 511 electorum
3374 454 3606 514 circum.

345 536 481 592 riret.

410 625 481 682 10.
516 618 742 693 Inﬁrmi:
796 615 967 688 fortia
993 633 1102 673 non
1148 616 1514 690 pradicanda.
1564 647 1637 660 -
1667 615 1828 686 Quod
1855 615 1903 674 si

341 714 441 771 haec
462 709 616 766 verba
642 723 716 766 ex
744 714 950 765 sanctae
977 706 1239 764 Ecclesiae
1253 722 1389 764 voce
1402 706 1758 780 suscipimus,
1789 721 1900 763 non

335 803 603 875 incongrue
630 796 947 870 intelligere
975 797 1279 870 poterimus
1297 797 1475 855 lucem
1496 798 1684 854 vultus
1696 795 1815 868 ejus
1843 794 1903 851 in

332 900 503 950 terram
531 906 644 947 non
673 887 894 956 cadere,
923 886 1054 961 quia
1079 887 1361 960 occupatis
1388 886 1446 945 in
1475 885 1712 945 terrenis
1732 884 1901 943 actio-

330 981 471 1039 nibus
492 980 514 1017 ³
538 985 694 1037 vetat
741 993 961 1035 summa
987 976 1471 1051 contemplationis
1499 993 1613 1035 suae
1642 974 1903 1050 mysteria

329 1069 617 1144 praedicare.
650 1067 775 1125 Dici
818 1065 968 1126 eiiim
998 1067 1021 1102 ³
1052 1064 1291 1123 inﬁrmis
1327 1066 1494 1123 fortia
1522 1065 1800 1140 prohibet,
1832 1079 1900 1122 ne

327 1159 440 1219 dum
452 1157 785 1233 incapabilia
804 1156 1061 1225 audiunt,
1079 1155 1487 1229 praedicationis
1501 1157 1686 1213 verbis
1700 1155 1903 1231 quibus

325 1249 572 1307 sublevari
622 1248 930 1306 debuerant
967 1247 1369 1319 opprimantur.
1403 1248 1525 1303 Lux
1555 1247 1755 1321 quippe
1787 1246 1903 1320 ipsa

323 1356 575 1413 corporea,
615 1355 740 1413 quae
762 1338 955 1396 oculos
972 1351 1136 1393 sanos
1163 1335 1411 1406 irradiat,
1436 1335 1689 1393 inﬁrmos
1708 1336 1902 1395 obscu-

323 1437 422 1497 rat;
450 1437 502 1486 et
519 1428 658 1487 dum
680 1424 1043 1502 lippientibus
1057 1424 1233 1482 oculis
1251 1425 1492 1485 claritati
1511 1426 1646 1483 solis
1664 1425 1902 1483 intendi-

320 1517 745 1591 tnr,plerumque
796 1514 876 1572 eis
922 1513 1140 1572 caecitas
1165 1529 1237 1571 ex
1264 1513 1388 1572 luce
1416 1520 1726 1586 generatur.
1759 1514 1905 1571 San-

317 1615 398 1664 cta
423 1608 601 1683 itaque
629 1604 886 1666 Ecclesia
925 1619 1182 1678 oppressa
1209 1604 1610 1678 persecutionis
1635 1612 1903 1677 tempore,

322 1711 514 1753 memor
565 1703 753 1754 autem
794 1693 1087 1768 praeteritae
1134 1692 1487 1753 discretionis
1516 1697 1673 1765 ‘suaa,
1718 1693 1900 1752 dicat:

2013 549 2121 599 stat
2149 542 2311 600 turba
2339 542 2634 599 virtutum.
2660 540 2767 611 Qui
2786 540 2951 598 etiam
2982 543 3333 599 maerentium
3361 547 3609 604 consola-

2011 640 2100 690 tor
2119 641 2221 703 est,
2244 650 2314 691 ex
2342 650 2403 691 ea
2419 633 2786 708 promissione
2811 648 2919 707 qua
2938 629 3097 700 dicit,
3120 631 3273 688 Beati
3296 634 3389 703 qui
3419 635 3612 706 lugent,

2010 723 2262 796 quoniam
2290 724 2392 797 ipsi
2418 723 2831 781 consolabuntur
2853 720 3068 795 (Matth.
3099 737 3158 790 v,
3182 721 3263 793 5).
3293 722 3366 778 Et
3398 737 3608 794 rursus,

2011 812 2212 869 Iterum
2230 812 2411 869 videbo
2432 830 2543 883 vos,
2560 820 2610 869 et
2625 812 2870 887 gaudebit
2888 827 2980 867 cor
3003 816 3232 868 vestrum
3250 828 3273 877 ;
3299 817 3349 867 et
3357 810 3615 883 gaudium

2010 910 2242 960 vestrum
2276 921 2423 959 nemo
2449 905 2649 961 tolieta
2682 903 2824 960 vobis
2856 902 3038 976 (Joan.
3068 919 3191 968 xvr,
3222 900 3341 976 22).
3374 901 3455 958 Ea
3482 917 3614 959 vero

2011 1009 2134 1068 quae
2164 992 2231 1050 de
2260 1001 2459 1051 sanctae
2487 994 2753 1052 Ecclesiae
2791 993 2969 1068 capite
2997 991 3267 1061 diximus,
3297 990 3381 1048 nil
3409 990 3611 1063 obstat,

2011 1082 2057 1139 si
2088 1082 2158 1139 ad
2190 1099 2383 1140 vocem
2414 1100 2631 1157 quoque
2656 1081 2903 1155 ejusdem
2921 1083 3181 1140 Ecclesia:
3201 1082 3524 1140 referamus.
3550 1084 3614 1139 In

2011 1188 2074 1229 ea
2094 1172 2300 1247 quippe
2328 1173 2464 1231 ordo
2493 1172 2784 1231 doctorum
2820 1173 2977 1247 quasi
3005 1190 3104 1231 rex
3131 1172 3409 1245 praesidet,
3452 1189 3615 1247 quem

2011 1264 2264 1321 ﬁdelium
2293 1281 2522 1323 suorum
2552 1264 2716 1323 turba
2732 1265 3072 1323 circumstat.
3099 1266 3231 1335 Quae
3251 1264 3462 1323 scilicet
3476 1264 3616 1321 mul-

2012 1354 2196 1413 titudo
2220 1354 2474 1413 ﬁdelium
2505 1363 2652 1413 recte
2683 1370 2901 1430 quoque
2930 1354 3211 1413 exercitus
3240 1354 3466 1423 dicitur,
3488 1353 3619 1429 quia

2011 1445 2071 1503 in
2102 1446 2395 1520 procinctu
2422 1445 2698 1504 bonorum
2719 1461 2948 1520 operum
2978 1444 3354 1503 indesinenter
3368 1443 3616 1519 quotidie

2011 1544 2207 1594 contra
2226 1537 2597 1595 tentationum
2612 1536 2758 1594 bella
2772 1542 3130 1612 praeparatur.
3157 1534 3297 1611 [νει.
3330 1533 3418 1610 V.]
3439 1534 3619 1595 Corda

2013 1643 2232 1701 quoque
2306 1626 2663 1685 mmrentium
2720 1634 2911 1687 sancta
2976 1625 3224 1685 Ecclesia
3277 1625 3616 1697 consolatur,

2015 1717 2037 1753 ‘
2069 1716 2202 1774 dum
2242 1716 2531 1791 praesentis
2586 1715 3047 1791 peregrinationis
3089 1732 3336 1774 aerumna
3385 1714 3619 1774 aﬂlictas

321 1783 428 1840 Lua:
452 1786 631 1841 vultus
655 1782 760 1839 mei
797 1799 905 1838 non
931 1782 1147 1839 cadebat
1188 1782 1248 1839 in
1292 1789 1509 1841 terram
1541 1782 1650 1841 Sed
1676 1782 1806 1857 quia
1832 1798 1903 1841 ex

2017 1782 2263 1870 mentes-
2282 1782 2607 1869 electorum-
2632 1782 2847 1886 pensat,
2900 1817 2957 1869 et
3009 1809 3111 1869 has
3162 1818 3381 1869 aeternae
3425 1811 3616 1885 patriae

320 1871 426 1945 ejus
450 1874 631 1946 capite
654 1870 776 1930 huc
816 1869 987 1930 verba
1041 1871 1347 1945 intelligam
1372 1872 1662 1947 capimus,
1691 1872 1752 1929 in
1781 1873 1902 1947 ipso

314 1961 493 2021 adhuc
535 1962 684 2037 quod
724 1963 971 2039 sequitur
998 1978 1386 2039 exsequamur.
1429 1965 1568 2025 Nam
1597 1962 1855 2023 subditur
1885 1981 1901 2022 :

764 2109 998 2168 CAPUT
1026 2110 1105 2169 IV
1134 2108 1280 2185 [Rea
1320 2110 1439 2186 γη.

378 2198 546 2259 Vnus.
577 2201 668 2260 25.
699 2232 772 2245 —
804 2201 864 2259 Si
889 2202 1173 2259 voluissem
1206 2203 1283 2260 ire
1300 2204 1373 2260 ad
1400 2220 1506 2270 eos,
1534 2203 1770 2262 sedebam
1791 2203 1907 2276 pri-

312 2305 437 2349 mus.

373 2381 460 2440 11.
490 2382 563 2440 In
582 2383 891 2441 aumatium
934 2382 1089 2440 corde
1131 2382 1377 2440 Christus
1418 2381 1637 2438 ultimus
1665 2380 1822 2450 sedet,
1850 2380 1910 2435 in

308 2470 453 2527 corde
471 2471 753 2543 justorum
778 2471 1010 2544 primus.
1032 2502 1105 2512 —
1124 2470 1339 2538 Quiain
1362 2470 1525 2531 corde
1552 2469 1910 2542 reproborum

305 2560 473 2632 priori
503 2562 634 2618 loco
663 2560 912 2617 actiones
939 2559 1123 2617 carnis
1150 2567 1303 2629 sunt,
1333 2567 1388 2614 et
1414 2559 1701 2632 posteriori
1730 2559 1912 2617 actio-

303 2664 397 2706 nes
456 2648 687 2717 animus,
730 2649 794 2704 in
848 2664 1036 2705 eorum
1068 2648 1260 2720 procul
1292 2647 1461 2704 dubio
1489 2649 1909 2720 cogitationibus

305 2738 569 2796 Christus
597 2755 710 2795 non
740 2739 977 2812 primus,
1017 2738 1112 2795 sed
1153 2737 1384 2795 ultimus
1412 2738 1581 2795 sedet.
1614 2739 1718 2795 Sed
1747 2740 1907 2796 electi

306 2833 506 2907 quique
536 2830 668 2905 quia
697 2846 758 2886 ea
788 2846 901 2902 prae
932 2829 1192 2886 omnibus
1220 2847 1342 2903 qum
1370 2838 1573 2885 aeterna
1591 2837 1721 2885 sunt
1748 2830 1907 2902 cogi-

306 2929 439 2991 tant,
468 2928 525 2977 et
554 2917 851 2993 posteriori
878 2936 1030 2989 cura,
1060 2935 1124 2977 ac
1142 2918 1395 2989 minima,
1413 2918 1459 2974 si
1490 2935 1596 2993 qua
1622 2928 1752 2977 sunt
1772 2928 1906 2977 tem-

310 3010 509 3082 poralia
540 3008 871 3082 disponunt,
894 3007 1096 3083 quibus
1122 3016 1176 3065 et
1194 3008 1453 3081 magistra
1483 3024 1616 3064 voce
1645 3009 1908 3067 Veritatis

309 3097 535 3158 dicitur:
564 3099 799 3169 Quwrite
806 3100 1046 3171 primum
1062 3116 1280 3171 regnum
1294 3099 1395 3155 Dei
1421 3105 1468 3154 et
1476 3098 1745 3169 justitiam
1768 3099 1903 3171 ejus,

2013 1905 2035 1941 ⁸
2066 1901 2431 1976 promissione
2460 1901 2724 1960 laetiﬁcat.
2757 1900 3083 1960 Considerat
3102 1899 3268 1959 etiam
3298 1901 3447 1977 quod
3473 1903 3618 1977 cogi-

2014 1992 2252 2051 tationes
2297 1990 2547 2049 ﬁdelium
2596 1990 2792 2051 divino
2832 1991 2945 2049 sint
2990 1990 3193 2050 timore
3228 2008 3530 2067 percussae:
3562 2000 3618 2051 et

2014 2101 2153 2160 quos
2181 2082 2249 2140 de
2276 2084 2391 2141 Deo
2419 2083 2693 2158 conspicit
2724 2084 2979 2144 districta
3004 2082 3224 2143 audisse
3266 2091 3330 2143 ut
3354 2084 3615 2155 timeant,

2014 2173 2128 2248 agit
2142 2189 2360 2249 quoque
2375 2180 2644 2248 quatenus
2659 2183 2714 2234 et
2730 2173 3214 2236 mansuetudinem
3243 2173 3465 2250 pietatis
3494 2173 3615 2247 ejus

2014 2263 2244 2322 audiant
2277 2271 2338 2320 ut
2365 2272 2720 2338 praesumant.

2089 2445 2174 2502 13.
2208 2446 2362 2517 Spem
2385 2445 2563 2500 miscet
2585 2451 2635 2500 et
2658 2452 2873 2513 metum,
2901 2462 2965 2501 ne
2990 2443 3198 2503 incaute
3227 2444 3290 2503 de
3318 2444 3616 2504 misericor-

2016 2534 2106 2591 dia
2122 2534 2467 2607 conﬁdamus,
2488 2534 2860 2607 autdesperate
2865 2534 3135 2604 justitiam
3156 2536 3511 2609 timeamus.—
3524 2536 3615 2596 Sic

2016 2644 2252 2701 namque
2281 2636 2471 2685 sancta
2504 2628 2752 2685 Ecclesia
2789 2627 3045 2686 ﬁdelibus
3078 2630 3194 2687 suis
3235 2630 3303 2688 de
3330 2632 3532 2705 pietate
3560 2640 3617 2689 et

2009 2716 2229 2789 justitia
2257 2717 2638 2790 Redemptoris
2658 2719 2715 2775 in
2737 2718 3146 2791 praedicationis
3174 2720 3313 2778 serie
3342 2737 3494 2795 spem
3517 2722 3618 2778 mia

2014 2817 2128 2866 scet
2156 2818 2209 2865 et
2228 2818 2454 2878 metum,
2478 2819 2751 2885 quatenus
2771 2827 2871 2868 nec
2899 2811 3117 2869 incaute
3133 2811 3200 2868 de
3231 2812 3616 2870 misericordia

2014 2898 2421 2967 conﬁdant,nec
2441 2900 2722 2971 desperate
2727 2898 3003 2970 justitiam
3020 2899 3413 2956 timeant.Nam
3431 2900 3615 2957 verbis

2014 2988 2100 3044 sui
2118 2988 2315 3058 capitis
2343 2987 2706 3045 formidantes
2721 2987 2954 3055 refovet,
2968 2987 3176 3044 dicens:
3209 2987 3386 3046 Nolite
3412 2989 3610 3059 timere,

2008 3076 2245 3149 pusillus
2269 3092 2423 3148 grex,
2447 3076 2575 3148 quia
2601 3076 2916 3149 complacuit
2941 3076 3101 3133 Patri
3117 3083 3285 3133 vestro
3307 3077 3439 3134 dare
3464 3078 3612 3134 vobis

308 3195 354 3246 ει
399 3190 500 3248 hac
553 3164 737 3246 ὡηηία
789 3164 1284 3261 ᾱάέεοίεηέυίυοωε
1329 3164 1542 3263 (Matth.
1576 3164 1897 3263 v1,33),in
1934 3180 1978 3242 C
2008 3182 2228 3239 regnum
2249 3164 2536 3263 (Las-)5“,
2570 3165 2903 3263 ἓξὲξ-Αιίιιιθ
2954 3165 3161 3263 item
3216 3176 3611 3263 praesumentes

309 3295 488 3338 eorum
519 3279 685 3340 corde
713 3279 989 3338 Dominus
1026 3279 1240 3354 primus
1267 3279 1436 3338 sedet.
1469 3280 1572 3338 Ubi
1600 3287 1724 3352 apte
1753 3296 1906 3352 prae-

310 3370 573 3429 mittitur:
624 3372 684 3429 Si
706 3371 991 3429 voluissem
1021 3370 1103 3428 ire
1128 3370 1202 3427 ad
1244 3388 1347 3429 eos.
1392 3370 1533 3439 Quia
1559 3370 1731 3440 enim,
1760 3368 1905 3427 sicut

308 3462 570 3534 scriptum
598 3470 682 3520 est
703 3462 924 3536 (Ephes.
944 3462 1083 3535 1,5),
1114 3461 1305 3520 omnia
1319 3468 1578 3534 operatur
1596 3459 1902 3518 secundum

308 3551 599 3608 consilium
628 3551 936 3610 voluntatis
975 3568 1126 3618 sum;
1158 3568 1271 3609 non
1317 3550 1621 3609 secundum
1651 3557 1901 3608 nostrum
1982 3604 1989 3613 _

309 3640 595 3709 meritum,
626 3640 722 3695 sed
754 3641 880 3714 quia
908 3640 1023 3715 ipse
1051 3640 1131 3700 ita
1158 3642 1303 3712 vult,
1330 3640 1650 3698 visitatione
1675 3656 1774 3697 sua
1801 3655 1903 3696 nos

306 3726 583 3785 Dominus
610 3727 866 3786 illustrat.
887 3731 1076 3804 Itaque
1104 3737 1160 3787 et
1176 3746 1304 3787 cum
1324 3732 1448 3787 vult
1475 3728 1659 3797 venit;
1692 3736 1747 3785 et
1773 3744 1900 3786 cum

309 3816 539 3886 venerit,
568 3817 784 3892 primus
810 3818 982 3890 sedet,
1013 3819 1144 3894 quia
1163 3827 1217 3877 et
1231 3818 1501 3877 adventus
1521 3817 1640 3892 ejus
1658 3818 1717 3875 in
1736 3817 1901 3876 corde

312 3914 492 3963 nostro
523 3908 795 3981 gratuitas
823 3917 926 3979 est,
957 3917 1013 3966 et
1056 3910 1330 3984 appetitus
1358 3909 1478 3982 ejus
1525 3908 1808 3980 desiderii,
1838 3909 1902 3967 in

310 3996 634 4070 cogitatione
648 4005 839 4058 nostra
859 3999 1088 4076 aequalis
1102 4000 1316 4061 caeteris
1337 3999 1627 4060 desideriis
1652 4015 1764 4058 non
1793 4006 1896 4058 est.

312 4085 559 4162 Sequitur
580 4104 595 4146 :

764 4235 993 4297 CAPUT
1018 4235 1072 4296 ν
1106 4235 1251 4311 [Rea
1291 4235 1442 4311 VII].

376 4324 509 4384 Isin.
538 4358 609 4369 —
640 4327 874 4398 Cumque
918 4326 1146 4382 sederem
1187 4326 1344 4398 quasi
1386 4341 1485 4381 ree:
1531 4323 1901 4382 circumstante

310 4416 558 4483 exercitu,
585 4434 731 4472 eram
760 4424 929 4473 tamen
957 4416 1288 4473 merentium
1324 4416 1642 4472 consolator.

378 4505 465 4562 12.
503 4505 739 4561 Christus
785 4509 841 4563 in
876 4507 1026 4563 nobis
1070 4508 1250 4563 sedens
1276 4506 1433 4578 quasi
1485 4522 1584 4561 res:
1626 4510 1898 4561 maerentes

314 4598 628 4654 consolatur.
646 4597 789 4654 Idem
796 4605 1021 4672 prastat
1039 4597 1297 4656 Ecclesia.
1319 4627 1390 4638 —
1404 4596 1570 4665 Quasi
1590 4612 1689 4653 rex
1707 4595 1894 4653 Domi-

313 4700 410 4742 nus
435 4688 581 4745 sedet
613 4688 673 4745 in
701 4688 886 4759 corde,
918 4688 1047 4763 quia
1076 4686 1590 4759 circumstrepentes
1617 4685 1756 4765 regit
1783 4684 1898 4741 ani-

313 4790 517 4835 morum
531 4788 715 4836 motus
734 4780 794 4835 in
810 4788 997 4837 nostra
1013 4777 1367 4854 cogitatione.
1401 4778 1464 4833 In
1484 4784 1667 4835 mente
1695 4775 1899 4851 quippe

310 4879 468 4937 quam
482 4866 779 4938 inhabitat,
800 4876 945 4933 640
962 4869 1095 4925 dum
1110 4867 1387 4941 torpentia
1401 4866 1626 4935 excitat,
1650 4864 1898 4938 inquieta

310 4960 500 5034 frenat,
528 4966 731 5039 frigida
760 4967 1038 5038 accendit,
1057 4983 1285 5025 accensa
1313 4965 1650 5034 moderatur,
1682 4962 1897 5021 emollit

307 5050 497 5124 rigida,
526 5055 678 5113 ﬂuxa
701 5056 1020 5130 restringit;
1053 5074 1123 5116 ex
1151 5057 1269 5131 ipsa
1295 5055 1399 5114 hac
1415 5054 1734 5114 diversitate
1750 5052 1893 5126 cogi-

308 5142 571 5203 tationum
603 5148 761 5222 quasi
790 5148 1015 5222 quidam
1061 5149 1219 5206 illum
1249 5148 1523 5206 exercitus
1549 5146 1890 5205 circumstat.

305 5230 425 5290 Sive
470 5244 618 5296 certe
664 5239 823 5314 quasi
875 5254 975 5297 rex
1019 5238 1172 5298 sedet
1204 5238 1594 5300 circumstante
1620 5234 1889 5304 exercitu,

372 5507 388 5581 ξ
420 5506 538 5581 AL,
574 5509 900 5581 majestatem
924 5508 1204 5567 claritatis.

367 5578 392 5613 ³
416 5580 638 5650 Norm.,
659 5577 802 5637 vitat
819 5598 1042 5638 summa.
1076 5583 1155 5637 Ita
1173 5577 1338 5636 etiam
1367 5578 1550 5636 Germ.
1583 5588 1638 5638 et
1660 5581 1693 5639 2
1714 5577 1886 5637 Laud.

366 5651 388 5726 if
417 5652 446 5726 1
480 5652 656 5726 Laud.
668 5697 684 5726 ,
712 5654 929 5726 inﬁmis.

369 5722 390 5795 ξ
417 5722 621 5793 Laud.,
654 5722 841 5782 Germ.
867 5732 922 5780 et
946 5725 1162 5792 Norm.,
1179 5722 1305 5778 dum
1328 5738 1427 5795 per
1442 5724 1719 5795 pressantis
1743 5739 1888 5795 pere-

298 5791 617 5860 grinationis
634 5813 947 5855 writmnam.
967 5794 1128 5855 Corb.
1148 5791 1317 5853 Germ
1327 5791 1365 5861 ἶ,
1395 5791 1519 5850 dum
1536 5794 1593 5849 in
1618 5791 1893 5866 pressantis

2009 3263 2179 3314 terret
2206 3272 2333 3313 cum
2363 3254 2535 3314 dicit:
2578 3256 2799 3331 Vigilate
2825 3262 2874 3312 et
2909 3263 3079 3327 orate,
3108 3260 3157 3313 et
3182 3272 3291 3313 non
3319 3257 3525 3315 intretis
3553 3258 3612 3316 in

2014 3345 2706 3420 tentationem(Marc.x1v,
2725 3344 2839 3420 38).
2872 3346 3113 3405 Rursum
3143 3345 3505 3406 formidantes
3531 3364 3612 3405 re-

2010 3434 2183 3505 fovet,
2199 3435 2406 3495 dicens:
2439 3436 2669 3495 Gaudete
2686 3436 2814 3509 quia
2832 3437 3052 3494 nomina
3069 3442 3243 3495 vestra
3262 3437 3462 3512 scripta
3490 3443 3614 3496 sunt

2008 3524 2067 3579 in
2093 3525 2219 3583 coelo
2251 3525 2407 3599 (Luc.
2438 3542 2499 3597 x,
2529 3525 2645 3599 20).
2679 3524 2784 3583 Sed
2811 3525 2872 3582 in
2892 3524 3202 3600 semetipsis
3220 3534 3613 3601 praesumentes

2010 3614 2268 3687 deterret,
2298 3631 2426 3674 cum
2466 3616 2579 3674 ait:
2624 3615 2868 3675 Videbam
2895 3618 3141 3674 satanam
3168 3615 3303 3673 sicut
3327 3616 3520 3690 fulgur
3549 3619 3612 3674 de

2008 3706 2132 3762 ceelo
2182 3706 2451 3763 cadentem
2490 3704 2683 3780 (Ibid.,
2713 3722 2775 3772 x,
2808 3705 2922 3779 18).
2953 3704 3336 3764 Formidantes
3374 3706 3608 3776 refovet,

2007 3810 2136 3853 cum
2165 3793 2338 3853 dicit:
2394 3796 2524 3853 Oves
2563 3810 2689 3850 mea:
2727 3810 2901 3850 vocem
2931 3810 3102 3851 meam
3127 3793 3401 3860 audiunt;
3426 3800 3476 3849 et
3518 3812 3608 3867 ego

2007 3899 2254 3958 cognosco
2282 3900 2391 3951 eas,
2421 3889 2471 3940 et
2506 3888 2801 3956 sequuntur
2837 3899 2939 3952 me,
2969 3888 3018 3938 et
3044 3897 3132 3954 ego
3160 3882 3325 3938 vitam
3359 3888 3611 3940 aeternam

2007 3974 2076 4031 do
2103 3974 2212 4040 eis;
2244 3979 2425 4032 etnon
2446 3973 2697 4048 peribunt
2722 3972 2781 4029 in
2800 3977 3076 4043 internum,
3113 3976 3165 4028 et
3183 3987 3291 4029 non
3316 3970 3493 4045 rapiet
3518 3989 3608 4031 eas

2007 4063 2289 4136 quisquam
2315 4064 2378 4121 de
2402 4080 2568 4121 manu
2594 4079 2710 4119 mea
2732 4060 2914 4135 (Ioan.
2945 4078 3006 4132 x,
3036 4059 3153 4135 27).
3185 4061 3292 4119 Sed
3318 4061 3379 4119 in
3413 4070 3609 4120 semet-

2006 4153 2141 4228 ipsis
2175 4161 2570 4227 praasumentes
2625 4151 2893 4222 deterret,
2941 4150 3170 4208 dicens:
3214 4151 3433 4208 Dabunt
3458 4152 3609 4226 signa

2007 4261 2198 4317 magna
2220 4250 2267 4300 et
2278 4244 2553 4317 prodigia,
2565 4243 2644 4300 ita
2663 4247 2723 4299 ut
2739 4242 2798 4298 in
2811 4258 3051 4299 errorem
3070 4240 3410 4312 inducantur,
3426 4241 3475 4298 si
3492 4243 3612 4315 ﬁeri

2003 4339 2191 4406 potest,
2235 4335 2393 4392 etiam
2425 4334 2572 4390 electi
2603 4333 2815 4406 (Matth.
2861 4349 3024 4402 xxxv,
3053 4332 3170 4406 24).
3228 4329 3610 4388 Formidantes

2007 4423 2238 4492 refovet,
2255 4423 2479 4481 dicens:
2516 4422 2619 4491 Qui
2627 4422 3041 4495 perseveraverit
3058 4438 3221 4492 usque
3241 4420 3299 4475 in
3328 4421 3506 4493 ﬁnem,
3527 4420 3611 4477 hic

2007 4513 2186 4568 salvus
2206 4512 2307 4567 erit
2332 4510 2519 4584 (Ibid,
2552 4510 3071 4583 i3).Praasumentes
3098 4509 3356 4579 deterret,
3376 4509 3567 4567 dicens
3591 4527 3604 4566 :

2009 4602 2142 4660 Cum
2179 4602 2377 4659 venerit
2407 4602 2581 4659 Filius
2620 4601 2868 4670 hominis,
2905 4607 3067 4675 putas
3093 4600 3319 4657 inveniet
3343 4601 3500 4674 ﬁdem
3525 4600 3609 4657 hic

2007 4701 2152 4752 terra
2175 4695 2324 4769 (Luc.
2345 4711 2509 4765 xvm,
2525 4694 2619 4768 8)?
2640 4696 2662 4731 ⁸
2679 4695 2982 4753 Metuentes
3001 4694 3235 4765 refovet,
3257 4710 3383 4753 cum
3402 4692 3605 4751 latroni

2005 4785 2171 4844 dicit:
2205 4786 2373 4843 Hodie
2387 4803 2588 4843 mecum
2606 4785 2713 4843 eris
2734 4785 2793 4842 in
2808 4786 3070 4861 paradiso
3103 4786 3255 4859 (Luc.
3286 4800 3452 4850 xxiii,
3481 4782 3599 4855 43).

2004 4875 2111 4934 Sed
2136 4883 2305 4934 terret
2345 4884 2756 4950 prmsumentes,
2797 4876 2931 4934 dum
2959 4876 3126 4932 ludas
3168 4890 3239 4931 ex
3266 4872 3603 4944 apostolatus

2004 4965 2177 5038 gloria
2204 4964 2264 5022 in
2290 4974 2558 5024 tartarum
2588 4966 2812 5024 labitur.
2834 4969 2914 5024 De
2934 4982 3043 5040 quo
3073 4978 3169 5036 per
3196 4960 3481 5018 sententiae
3509 4960 3600 5017 de-

2001 5055 2314 5116 ﬁnitionem
2343 5058 2579 5116 dicitur:
2600 5058 2886 5116 Duodecim
2908 5072 3001 5112 vos
3015 5053 3164 5125 elegi,
3179 5057 3228 5107 et
3252 5067 3391 5108 unus
3418 5068 3485 5110 ea:
3504 5070 3597 5109 vo.

2003 5147 2081 5204 bis
2102 5149 2345 5207 diabolus
2366 5157 2440 5206 est
2463 5151 2743 5224 (Joan.v1,
2774 5147 2889 5220 71).
2922 5140 3335 5202 Formidantem
3364 5142 3596 5213 refovet,

2000 5256 2126 5296 cum
2154 5239 2317 5297 dicit:
2356 5241 2414 5297 Si
2440 5239 2701 5296 dimiserit
2721 5239 2808 5293 vir
2834 5251 3055 5293 uxorem
3084 5249 3256 5303 suam,
3286 5239 3335 5291 et
3359 5232 3600 5292 recedens

1993 5503 2439 5579 peregrinationis
2464 5519 2723 5579 tergemina.

2070 5580 2092 5617 ⁵
2120 5575 2350 5645 Turon.,
2379 5575 2770 5632 consolationis.

2071 5652 2092 5686 ⁶
2122 5650 2269 5706 Idem
2286 5648 2472 5706 Codex
2493 5664 2620 5705 cum
2637 5646 2805 5704 duob.
2822 5646 3020 5717 Laud.,
3042 5646 3167 5707 Val.
3188 5647 3271 5707 Cl.
3296 5654 3350 5705 et
3368 5648 3588 5717 Norm.,

1995 5728 2224 5777 metuens
2249 5721 2532 5776 relevatur.
2545 5763 2556 5776 .
2569 5762 2605 5775 ..
2625 5726 2852 5848 terreiur
2860 5737 3202 5792 praesumens.
3222 5719 3384 5777 Corb.
3400 5719 3586 5775 Germ.

1999 5799 2054 5848 et
2082 5793 2291 5848 Germ..
2314 5799 2555 5848 metuens
2583 5791 2759 5848 refove
2783 5810 2941 5848 ur....
2991 5797 3218 5847 terretur
3243 5806 3585 5848 nrtesumens.

1999 5799 2054 5849 et
2082 5793 2291 5862 Germ.,
2314 5799 2555 5849 metuens
2583 5791 2941 5862 refovetwﬁ...
2991 5797 3218 5847 terretur
3242 5806 3585 5861 prwsumms.
