4172 6184
507 268 609 323 M3

1716 262 1964 318 SANCTI
2003 261 2340 319 GREGOIllI
2376 263 2604 319 MAGNI
3712 264 3808 320 Mli

503 416 568 468 ab
596 428 653 468 eo
677 407 896 465 duxerit
920 407 1096 464 cirum
1122 407 1370 472 alterm»,
1398 405 1641 478 nunquid
1669 412 1960 462 revertetur
1984 409 1997 442 ¹
2029 407 2101 464 ad
2133 391 2184 450 Α
2209 404 2500 478 asperitate
2531 406 2920 463 exulcerentur
2956 364 3194 477 subditi,
3235 423 3410 482 neque
3439 397 3613 464 nimia
3642 408 3812 465 beni-

503 519 617 559 ram
647 501 793 557 ultra
812 501 840 556 ?
871 497 1128 571 Nunquid
1153 515 1262 554 non
1289 497 1669 567 contaminata,
1695 504 1744 554 et
1757 501 1969 572 polluta
1999 499 2102 554 erit

503 591 696 649 mulier
737 590 880 646 illa?
931 590 1010 646 Tu
1044 594 1220 645 autem
1247 586 1518 660 fornicata
1549 607 1600 644 es
1629 606 1745 645 cum
1772 591 2101 646 amatoribus

504 685 528 721 ²
557 681 662 736 tuis
687 681 904 744 multis;
937 685 1108 734 tamen
1136 684 1396 734 reuertere
1441 677 1513 733 ad
1552 695 1651 744 me,
1688 678 1816 734 dicit
1843 680 2102 735 Dominus

505 771 721 842 (Jerem.
749 787 834 837 ιιι,
868 768 946 840 1).
977 765 1083 824 Sed
1112 775 1533 839 praesumentem
1563 764 1822 836 deterret,
1849 785 1975 824 cum
2006 766 2102 825 di-

501 859 605 916 cit:
629 859 768 927 Quid
793 859 992 914 clamas
1018 873 1178 929 super
1204 849 1515 912 contritione
1544 861 1636 911 tua
1652 856 1680 912 ?
1698 857 2015 913 insanabilis
2029 863 2104 913 est

501 947 657 1004 dolor
685 954 806 1004 tuus
840 947 1056 1018 (Jerem.
1100 962 1240 1015 xxx,
1273 946 1388 1018 I2).
1428 942 1840 1000 Formidantem
1869 944 2100 1015 refovet,

499 1037 690 1096 dicens
717 1055 728 1094 :
761 1039 910 1110 Ergo
937 1038 1122 1094 saltem
1138 1035 1326 1092 amodo
1349 1052 1478 1091 voca
1500 1051 1611 1091 me:
1632 1042 1789 1108 pater
1804 1053 1969 1102 meus,
1990 1037 2103 1092 duo:

500 1132 640 1192 641
673 1133 996 1208 virginitatis
1023 1149 1150 1189 mete
1179 1139 1236 1188 tu
1262 1149 1312 1188 es
1344 1133 1559 1205 (Jerem.
1591 1149 1677 1202 ιιι,
1706 1132 1786 1206 4).
1819 1132 1924 1190 Sed
1954 1150 2104 1206 pm-

498 1231 807 1283 sumentem
845 1221 1104 1288 deterret,
1151 1219 1363 1290 dicens,
1394 1223 1558 1278 Pater
1587 1228 1708 1277 tuus
1732 1221 2101 1289 Amorrhwus,

498 1319 548 1370 et
571 1317 742 1368 mater
771 1317 863 1366 tua
891 1312 911 1346 ³
948 1311 1135 1368 Chetea
1167 1308 1380 1381 (Ezech.
1413 1327 1535 1378 χιιι,
1572 1309 1652 1384 3).
1688 1309 2100 1366 Formidantem

499 1401 731 1469 refovet,
760 1415 888 1456 cum
909 1397 1012 1454 ait:
1037 1400 1334 1465 Revertere,
1363 1399 1707 1454 adversatrix
1722 1400 1916 1466 Israel,
1937 1405 2103 1454 etnon

497 1499 736 1550 avertam
755 1491 956 1563 faciem
982 1507 1151 1548 meam
1177 1508 1212 1547 a
1239 1489 1407 1557 vobis,
1453 1491 1581 1562 quia
1610 1497 1822 1546 sanctus
1847 1507 1934 1563 ego
1963 1507 2100 1560 sum,

498 1583 628 1640 dicit
652 1582 935 1650 Dominus,
951 1585 1000 1638 et
1016 1599 1123 1638 non
1142 1581 1356 1639 irascar
1377 1581 1436 1636 in
1446 1587 1759 1654 perpetuum
1773 1583 1995 1655 (Jerem.
2015 1600 2099 1652 ιιι,

501 1672 614 1746 12).
673 1671 780 1730 Sed
832 1678 1255 1744 praesumentem
1300 1668 1558 1738 deterret,
1601 1687 1728 1728 cum
1776 1670 2100 1744 prophetam

2208 497 2414 569 gnitate
2441 495 2746 553 solvantur.
2767 496 2882 552 Hoc
2910 495 3176 554 nimirum
3208 496 3304 553 illa
3325 497 3667 556 tabernaculi
3688 515 3813 556 arca

2208 583 2504 658 signiﬁcat,
2519 584 2580 641 in
2609 601 2717 658 qua
2743 601 2869 642 cum
2899 584 3104 642 tabulis
3132 585 3290 659 virga
3313 585 3507 656 simul,
3527 604 3593 646 ac
3610 604 3814 648 manna

2208 682 2290 730 est
2324 675 2509 746 (Hebr.
2531 691 2614 744 rx,
2643 673 2726 746 4),
2755 673 2886 747 quia
2911 690 3039 731 cum
3060 674 3354 748 Scriptura:
3386 691 3552 732 sacrae
3581 677 3816 734 scientia

2209 771 2290 820 est
2316 764 2376 820 in
2401 763 2533 821 boni
2559 763 2788 820 rectoris
2805 764 3107 836 pectore,si
3126 772 3209 821 est
3238 763 3394 837 virga
3421 764 3814 836 districtionis,

2209 853 2282 909 sit
2295 860 2349 908 et
2367 867 2569 908 manna
2595 851 2925 910 dulcedinis.
2951 853 3093 911 Hinc
3111 853 3277 909 etiam
3303 852 3484 910 David
3503 854 3612 911 ait:
3654 855 3818 926 Virga

2212 947 2304 999 tua
2330 950 2377 999 et
2403 943 2622 999 baculus
2652 949 2776 999 tuus
2801 943 2921 1016 ipsa
2938 959 3021 999 me
3038 943 3308 999 consolata
3327 948 3453 998 sunt
3475 941 3651 1015 (Psal.
3669 958 3814 1012 χχιι,

2208 1031 2290 1103 4).
2323 1031 2492 1105 Virga
2515 1031 2722 1089 etenim
2739 1032 3104 1106 percutimur,
3121 1040 3176 1087 et
3194 1031 3393 1102 bapulo
3418 1039 3812 1090 sustentamur.

2209 1117 2267 1176 Si
2295 1135 2424 1192 ergo
2451 1128 2535 1178 est
2561 1120 2836 1178 districtio
2865 1120 3034 1195 virga:
3063 1136 3184 1194 qua:
3214 1119 3400 1188 feriat,
3441 1119 3516 1176 sit
3542 1127 3600 1178 et
3625 1137 3814 1179 conso-

2208 1207 2343 1266 latio
2369 1209 2556 1266 baculi
2576 1227 2697 1284 qnze
2725 1217 3014 1268 sustentet.
3047 1209 3131 1268 Sit
3157 1208 3342 1284 itaque
3371 1224 3548 1275 amor,
3581 1209 3675 1266 sed
3702 1226 3816 1267 non

2208 1296 2524 1368 emolliens;
2552 1301 2573 1335 ⁸
2593 1300 2666 1358 sit
2681 1301 2860 1374 vigor,
2890 1299 2988 1358 sed
3015 1317 3129 1357 non
3158 1314 3520 1374 exasperans;
3550 1301 3624 1358 sit
3643 1301 3814 1370 zelus,

2209 1385 2305 1440 sed
2347 1403 2458 1442 non
2505 1388 2870 1446 immoderate
2923 1390 3189 1458 saeviens;
3231 1389 3304 1446 sit
3344 1389 3540 1462 pietas,
3567 1388 3664 1447 sed
3702 1405 3814 1447 non

2209 1475 2334 1547 plus
2361 1492 2527 1548 quam
2555 1479 2814 1552 expediat
2842 1495 3090 1552 parcens.
3141 1478 3352 1537 Intueri
3382 1479 3518 1536 libet
3547 1479 3606 1536 in
3635 1478 3814 1552 Moysi

2209 1572 2430 1638 pectore
2456 1567 2892 1626 misericordiam
2921 1586 3050 1628 cum
3079 1569 3371 1626 severitate
3399 1569 3682 1636 sociatam.
3715 1567 3810 1626 Vi-

2210 1651 2437 1711 deamus
2463 1665 2738 1714 amantem
2769 1659 2880 1732 pie,
2919 1667 2972 1715 et
2999 1658 3248 1716 districte
3283 1657 3623 1714 saevientem.
3657 1656 3817 1715 Certe

498 1742 660 1820 suum
689 1762 758 1819 ab
787 1742 1180 1819 intercessione
1207 1760 1486 1833 prohibet,
1517 1759 1706 1817 dicens
1739 1778 1750 1818 :
1779 1742 1904 1818 Non
1933 1778 2100 1817 assu-

2211 1759 2334 1800 cum
2361 1742 2698 1804 Israeliticus
2726 1749 2963 1821 populus
2990 1756 3120 1806 ante
3147 1747 3246 1807 Dei
3275 1748 3466 1806 oculos
3494 1763 3634 1822 pene
3661 1747 3812 1803 inve.

495 1867 612 1907 mas
631 1869 730 1923 pro
745 1851 818 1906 eis
835 1852 1041 1907 laudem
1058 1858 1106 1906 et
1119 1851 1462 1917 orationem,‘
1474 1851 1602 1922 quia
1623 1868 1728 1905 non
1743 1851 2030 1906 exaudiam
2049 1852 2105 1906 in

500 1927 729 2013 tempore
753 1941 1006 1997 clamoris
1035 1957 1217 1996 eorum
1244 1939 1316 1994 ad
1344 1956 1424 1994 me
1453 1957 1510 1995 in
1539 1945 1764 2011 tempore
1781 1941 2102 2012 a/ﬂictionis,

497 2028 628 2099 quia
655 2027 702 2083 si
730 2029 967 2084 steterint
991 2045 1173 2084 coram
1209 2045 1289 2083 me
1316 2027 1522 2100 Moyses
1553 2034 1599 2082 et
1633 2027 1868 2092 Samuel,
1901 2043 2003 2082 non
2033 2033 2106 2082 est

499 2117 682 2173 anima
706 2134 822 2174 mea
849 2117 924 2172 ad
936 2117 1198 2189 populum
1235 2116 1392 2171 istum
1427 2117 1640 2189 (Jerem.
1673 2132 1775 2184 vn,
1810 2115 1921 2188 16).
1957 2114 2100 2189 [Rec.

509 2205 688 2280 VIII.]
735 2206 935 2263 Sancta
975 2205 1158 2278 itaque
1215 2204 1461 2262 Ecclesia
1514 2203 1829 2261 auditorum
1877 2220 2101 2260 suorum

502 2301 742 2349 mentem
773 2300 829 2348 et
857 2293 924 2348 de
954 2293 1349 2350 misericordiae
1383 2293 1720 2365 benignitate
1750 2291 2020 2362 sublevat,
2051 2300 2104 2348 et

500 2382 569 2439 de
591 2380 795 2454 judicii
825 2379 1174 2437 districtione
1203 2379 1508 2452 perturbat,
1539 2389 1809 2452 quatenus
1831 2381 1888 2436 in
1911 2382 2104 2454 praedi-

499 2472 717 2530 catione
745 2487 844 2528 sua
872 2470 1004 2527 dum
1029 2469 1168 2527 bene
1191 2477 1488 2543 utrumque
1506 2469 1799 2542 permiscet
1814 2471 1972 2526 electi
1989 2470 2108 2542 ejus

500 2577 602 2618 nec
629 2559 698 2616 de
727 2559 979 2616 exhibita
997 2558 1215 2632 justitia
1242 2566 1600 2632 praesumant,
1619 2575 1722 2616 nec
1741 2558 1808 2615 de
1830 2560 2107 2632 praeterita

499 2649 795 2724 iniquitate
825 2649 1134 2722 desperent.

573 2738 659 2796 14.
692 2739 759 2797 In
787 2740 936 2796 bonis
957 2737 1266 2813 pastoribus
1291 2739 1566 2797 sociantur
1595 2739 1890 2813 benignitas
1927 2745 1977 2795 et
2009 2756 2104 2796 au-

499 2829 737 2886 ctoritas.
765 2829 1136 2886 misericordia
1177 2835 1224 2886 et
1251 2829 1555 2903 disciplina.
1586 2859 1658 2872 —
1685 2830 1789 2887 Sed
1823 2829 1927 2887 hoc
1956 2828 2104 2904 quod

499 2915 577 2971 ait
609 2933 621 2972 :
659 2915 794 2972 Cum
833 2915 1062 2972 sederem
1111 2917 1266 2986 quasi
1305 2934 1404 2972 rea:
1445 2917 1814 2974 circumstante
1845 2917 2102 2986 exercitu,

499 3020 645 3060 eram
677 3009 847 3060 tamen
876 3003 1206 3060 maerentium
1233 3007 1571 3073 consolator;
1617 3006 1900 3064 sciendum
1944 3006 2104 3063 nobis

2214 1833 2476 1890 niabilem
2530 1836 2898 1894 contraxisset
2945 1837 3232 1908 oﬂ‘ensam,
3279 1837 3358 1894 ita
3389 1845 3451 1894 ιιι
3489 1835 3610 1909 ejus
3637 1843 3816 1894 rector

2214 1921 2428 1978 audiret
2477 1941 2488 1979 :
2540 1924 2818 1996 Descende,
2862 1927 3100 1998 peccavit
3146 1929 3380 2000 populus
3433 1932 3554 1982 tum
3611 1925 3812 1998 (Exod.

2214 2026 2398 2081 χχχιι,
2430 2012 2486 2085 7)
2512 2031 2526 2080 ;
2571 2030 2636 2070 ac
2671 2013 2717 2070 si
2746 2013 2796 2070 ei
2827 2013 3020 2070 divina
3049 2030 3182 2070 mox
3210 2014 3418 2071 diceret
3449 2032 3462 2070 :
3495 2013 3602 2082 Qui
3630 2013 3690 2070 in
3719 2011 3815 2069 tali

2214 2108 2436 2172 peccato
2463 2101 2648 2174 lapsus
2677 2110 2782 2172 est,
2804 2101 2920 2174 jam
2947 2118 3102 2160 meus
3129 2118 3244 2160 non
3271 2110 3376 2173 est,
3399 2111 3563 2177 atque
3590 2101 3816 2176 subjun-

2214 2197 2361 2261 geret
2393 2208 2406 2247 :
2441 2190 2658 2248 Dimitte
2701 2210 2803 2258 me,
2845 2198 2907 2250 ut
2947 2191 3216 2250 irascatur
3254 2192 3418 2264 furor
3454 2210 3601 2248 meus
3629 2199 3816 2248 contra

2213 2295 2318 2344 eos,
2353 2285 2403 2334 et
2427 2281 2628 2337 deleam
2669 2298 2774 2348 eos,
2813 2281 3113 2355 faciamque
3143 2289 3188 2339 te
3222 2281 3282 2338 in
3307 2288 3506 2355 gentem
3531 2299 3818 2355 magnam;

2215 2376 2308 2432 ille
2350 2378 2518 2434 semel
2569 2385 2624 2434 et
2665 2378 2865 2436 iterum
2909 2397 3009 2454 pro
3045 2379 3254 2454 populo
3291 2380 3382 2438 cui
3410 2388 3641 2454 praeerat
3669 2375 3818 2434 642

2215 2465 2428 2522 obicem
2457 2483 2514 2522 se
2541 2467 2609 2524 ad
2635 2467 2905 2541 impetum
2928 2469 3030 2526 Dei
3049 2470 3338 2528 irascentis
3357 2487 3662 2544 opponens,
3691 2469 3770 2526 ait
3799 2485 3816 2528 :

2213 2555 2325 2611 Aut
2352 2555 2553 2611 dimitte
2580 2557 2655 2611 eis
2683 2559 2818 2628 hanc
2835 2574 3034 2614 noxam
3046 2576 3069 2626 ;
3087 2565 3184 2615 aut
3208 2559 3258 2616 si
3283 2577 3391 2615 non
3421 2559 3580 2630 facis,
3609 2560 3722 2616 dele
3739 2575 3821 2616 me

2214 2641 2276 2698 de
2305 2643 2440 2699 libro
2471 2650 2558 2700 tuo
2582 2661 2735 2716 quem
2759 2645 3023 2717 scripsisti
3040 2646 3228 2718 (Ibid,
3249 2664 3438 2717 χχχιι,
3470 2647 3586 2721 32).
3618 2648 3816 2706 Pense-

2213 2748 2336 2788 mus
2365 2748 2492 2805 ergo
2523 2733 2724 2806 quibus
2749 2733 3058 2792 visceribus
3085 2735 3342 2793 eumdem
3372 2737 3639 2810 populum
3668 2753 3816 2794 ama-

2211 2821 2314 2890 vit,
2345 2838 2445 2895 pro
2473 2822 2634 2895 cujus
2663 2821 2777 2879 vita
2806 2822 2874 2879 de
2904 2823 3047 2880 libro
3070 2823 3198 2880 vitai
3227 2823 3396 2880 deleri
3427 2840 3485 2881 se
3511 2825 3692 2898 petiit.
3712 2826 3818 2884 Sed

2211 2918 2394 2969 tamen
2426 2913 2551 2982 iste,
2583 2913 2677 2987 qui
2706 2921 2860 2971 tanto
2891 2913 3010 2987 ejus
3037 2915 3227 2989 populi
3253 2932 3442 2974 amore
3470 2919 3820 2992 constringi-

2211 3006 2323 3071 tur,
2353 3010 2547 3060 contra
2573 3002 2692 3075 ejus
2723 3005 2913 3078 culpas
2938 3020 3230 3078 pensemus
3259 3013 3465 3080 quanto
3493 3006 3611 3064 zelo
3638 3007 3819 3066 recti—

499 3102 580 3151 est
609 3094 758 3167 quod
787 3094 946 3150 valde
972 3095 1234 3152 lectorem
1263 3096 1532 3155 mdiﬁcare
1552 3097 1718 3154 etiam
1742 3096 1907 3170 juxta
1932 3095 2102 3154 histo-
2134 3108 2178 3169 ο
2215 3092 2428 3150 tudinis
2455 3093 2804 3153 accendatur.
2840 3095 2970 3152 Mox
2999 3096 3147 3152 enim
3178 3097 3200 3133 ⁸
3230 3104 3293 3154 ιιι
3318 3096 3586 3170 petitione
3614 3097 3816 3170 prima,

499 3182 640 3238 riam
669 3191 870 3256 potest,
901 3183 948 3240 si
975 3185 1277 3257 perpendat
1305 3186 1582 3260 quomodo
1608 3186 1770 3243 bonis
1799 3187 2105 3244 rectoribus

499 3269 761 3344 permista
799 3272 872 3328 sit
899 3279 954 3328 et
980 3273 1205 3345 regendi
1233 3275 1552 3344 auctoritas,
1573 3282 1628 3332 et
1645 3274 1957 3347 benignitas
1975 3292 2103 3333 con-

499 3360 736 3417 solandi.
756 3361 852 3417 Ait
871 3361 1020 3417 enim
1039 3379 1055 3422 :
1082 3364 1315 3436 Cumque
1341 3366 1570 3421 sederem
1587 3365 1744 3437 quasi
1761 3382 1860 3420 rea:
1878 3365 2102 3421 circum-

500 3455 669 3506 stante
697 3451 953 3518 exercitu,
983 3468 1107 3511 ecce
1136 3453 1436 3511 auctoritas
1464 3453 1750 3528 regiminis
1775 3471 1788 3510 :
1821 3455 1995 3511 Eram
2025 3461 2100 3510 ta-

499 3558 616 3597 men
640 3542 969 3598 iumenti-um
998 3544 1339 3609 consolator;
1369 3545 1389 3578 δ
1420 3559 1543 3600 ecce
1575 3542 1944 3599 ministerium
1976 3542 2104 3616 pie-

500 3629 647 3685 tatis.
683 3629 822 3704 [Vel.
864 3629 991 3704 VL].
1014 3630 1316 3703 Disciplina
1345 3631 1493 3687 enim
1527 3631 1688 3703 (Dist.
1721 3631 1812 3698 45,
1842 3648 1958 3704 cap.
1990 3631 2102 3688 Di-

499 3718 750 3792 sciplina)
772 3719 860 3774 vel
891 3719 1270 3776 misericordia
1295 3721 1532 3776 multum
1563 3719 1904 3790 destituitur,
1925 3719 2104 3777 siuna

499 3808 617 3865 sine
647 3809 818 3866 altera
845 3817 1118 3867 teneatur.
1166 3810 1270 3866 Sed
1313 3811 1459 3868 circa
1487 3809 1739 3867 subditos
1770 3827 1898 3867 suos
1927 3810 2103 3866 inesse

500 3898 805 3955 rectoribus
847 3899 1054 3956 debet6
1096 3908 1151 3956 et
1188 3898 1336 3970 juste
1383 3901 1674 3956 consolans
1703 3899 2101 3970 misericordia,

500 3996 556 4042 et
596 3988 683 4058 pie
728 3987 961 4043 saeviens
1003 3989 1320 4058 disciplina.
1362 3988 1506 4044 Hinc
1547 3995 1630 4043 est
1659 3989 1808 4060 quod
1845 3987 2102 4044 semivivi

503 4075 654 4130 illius
688 4076 1037 4144 vulneribus,
1063 4077 1162 4149 qui
1190 4093 1222 4130 a
1249 4076 1594 4132 Samaritano
1623 4075 1681 4130 in
1705 4075 1984 4132 stabulum
2005 4077 2103 4132 du-

500 4170 622 4220 ctus
649 4170 752 4230 est,
783 4170 837 4218 et
879 4163 1072 4218 vinum
1115 4161 1410 4218 adhibetur
1438 4171 1491 4218 et
1519 4164 1702 4219 oleum
1736 4163 1888 4234 (Luc.
1921 4180 1980 4232 χ,
2011 4164 2101 4234 33,

501 4251 618 4323 34),
649 4258 710 4306 ιιι
739 4266 836 4323 per
865 4251 1059 4307 vinum
1095 4249 1452 4308 mordeantur
1497 4251 1748 4321 vulnera,
1793 4269 1892 4326 per
1919 4253 2103 4311 oleum

501 4340 814 4409 foveantur,
846 4347 1115 4413 quatenus
1143 4339 1524 4415 unusquisque
1561 4341 1657 4415 qui
1683 4341 1941 4399 sanandis
1970 4343 2106 4399 vnl-

2214 3199 2282 3239 ne
2310 3181 2644 3254 delerentur,
2696 3185 2872 3258 culpae
2915 3183 3134 3242 veniam
3165 3184 3430 3256 obtinuit,
3462 3186 3532 3243 ad
3556 3186 3814 3244 eumdem

2211 3272 2478 3346 populum
2507 3273 2758 3343 veniens,
2779 3273 2858 3330 ait
2881 3291 2894 3330 :
2918 3274 3093 3331 Ponat
3111 3274 3198 3330 vir
3211 3275 3450 3348 gladium
3475 3275 3522 3312 ¹⁰
3547 3293 3703 3332 suum
3727 3292 3814 3333 su-

2206 3377 2306 3434 per
2332 3360 2508 3432 femur
2535 3377 2709 3419 suum.
2741 3363 2820 3419 Ite
2846 3367 2896 3418 et
2922 3363 3086 3419 redite
3113 3362 3177 3419 de
3196 3368 3362 3436 porta
3388 3379 3552 3437 usque
3576 3365 3650 3422 ad
3670 3381 3815 3438 por-

2213 3453 2320 3507 tam
2345 3467 2446 3524 per
2476 3451 2704 3507 medium
2750 3458 3072 3519 castrorum,
3114 3459 3163 3508 et
3208 3453 3410 3510 occidat
3456 3454 3816 3527 unusquisque

2211 3538 2460 3611 fratrem,
2472 3547 2521 3596 et
2547 3541 2797 3608 amicum,
2815 3547 2865 3597 et
2876 3541 3188 3614 proximum
3207 3559 3380 3600 suum.
3408 3542 3816 3617 Ceciderunth

2210 3628 2268 3685 in
2309 3630 2392 3686 die
2425 3630 2524 3686 illo
2561 3631 2716 3702 quasi
2755 3631 2944 3703 viginti
2987 3630 3092 3687 tria
3121 3631 3298 3688 millia
3325 3632 3595 3690 hominum
3626 3635 3812 3707 (Ibid.,

2211 3734 2396 3788 χχχιι,
2426 3717 2545 3792 27).
2576 3720 2720 3777 Ecce
2755 3720 2849 3794 qui
2881 3719 3053 3777 vitam
3082 3720 3333 3778 omnium
3365 3723 3532 3778 etiam
3562 3740 3688 3780 cum
3717 3740 3816 3782 sua

2213 3817 2390 3864 morte
2421 3809 2598 3880 petiit,
2617 3825 2919 3881 paucorum
2943 3810 3114 3864 vitam
3137 3809 3318 3880 gladio
3345 3811 3634 3869 exstinxit.
3657 3815 3815 3871 Intus

2211 3898 2345 3954 arsit
2374 3896 2499 3968 igne
2526 3897 2752 3965 amoris,
2783 3897 2922 3954 foris
2949 3913 3210 3955 accensus
3227 3906 3309 3955 est
3335 3900 3453 3956 zelo
3481 3901 3809 3960 severitatis.

2212 3986 2384 4042 Tanta
2411 3984 2519 4042 fuit
2547 3985 2741 4058 pietas,
2764 3992 2828 4042 ut
2851 4001 2908 4043 se
2930 4001 3030 4058 pro
3053 3985 3167 4044 illis
3181 4003 3365 4044 coram
3383 3989 3624 4047 Domino
3645 3993 3814 4050 morti

2213 4074 2406 4131 offerre
2452 4090 2565 4131 non
2611 4073 2922 4142 dubitaret;
2966 4081 3119 4131 tanta
3145 4075 3429 4146 severitas,
3459 4085 3522 4134 ut
3543 4095 3642 4136 eos
3673 4096 3812 4154 quos

2212 4162 2484 4220 divinitus
2513 4162 2668 4220 feriri
2698 4163 2978 4233 timuerat,
3018 4164 3133 4236 ipse
3155 4163 3355 4238 judicii
3385 4166 3568 4240 gladio
3597 4169 3807 4230 feriret.

2213 4251 2303 4310 Sic
2329 4252 2538 4310 amavit
2564 4269 2656 4310 eos
2685 4253 2888 4328 quibus
2915 4252 3155 4326 praefuit,
3201 4261 3264 4310 ut
3307 4271 3408 4328 pro
3451 4257 3530 4315 eis
3563 4275 3665 4317 nec
3701 4259 3811 4318 sibi

2214 4350 2484 4416 parceret;
2527 4349 2581 4400 et
2620 4350 2804 4400 tamen
2843 4341 3226 4418 delinquentes
3249 4344 3330 4402 sic
3357 4355 3677 4419 persecutus
3704 4358 3805 4420 est,

501 4426 727 4483 neribus
762 4436 979 4500 praeest,
1011 4428 1069 4484 in
1099 4429 1231 4486 vino
1259 4445 1504 4488 morsum
1533 4430 1896 4488 districtionis
1926 4431 2097 4488 adhi—
2129 4475 2178 4534 D
2213 4449 2352 4507 quos
2377 4432 2604 4503 amavit,
2626 4440 2688 4490 ut
2714 4449 2806 4489 eos
2834 4432 2999 4489 etiam
3027 4433 3266 4492 Domino
3291 4446 3546 4508 parcente
3576 4448 3808 4512 proster-

501 4515 646 4583 beat,
668 4516 727 4572 in
756 4517 877 4573 oleo
897 4517 1188 4574 mollitiem
1209 4519 1460 4592 pietatis;
1491 4537 1587 4594 per
1614 4521 1808 4577 vinum
1831 4520 2097 4578 munden-

500 4612 592 4660 tur
606 4605 848 4676 putrida,
871 4622 968 4679 per
983 4606 1165 4663 oleum
1187 4609 1430 4666 sananda
1457 4609 1750 4667 foveantur
1765 4612 1808 4668 ⁷.
1826 4609 2106 4668 Miscenda

500 4699 583 4748 est
609 4707 738 4766 ergo
763 4692 962 4750 lenitas
989 4710 1116 4750 cum
1137 4695 1449 4766 severitate,
1467 4697 1891 4773 faciendumque
1933 4697 2104 4773 quod-

500 4781 626 4838 dam
669 4797 740 4840 ex
780 4790 1014 4858 utraque
1058 4789 1577 4859 temperamentum,
1621 4794 1684 4846 ut
1723 4802 1902 4862 neque
1931 4788 2106 4846 multa

575 4946 593 4982 ¹
625 4943 789 5004 Corb.
836 4946 1048 5019 Germ.,
1082 4948 1296 5017 Norm.,
1328 4949 1630 5018 Bellovac.,
1660 4948 1858 5019 Laud.,
1889 4949 1966 5006 ita
1994 4950 2104 5007 ha-

499 5015 631 5141 ξιὲιῐιι
657 5034 784 5141 sum
813 5027 926 5076 vet.
957 5015 1063 5076 Ed.
1096 5015 1359 5077 Gilot.'In
1385 5021 1562 5080 Vatic.
1582 5015 1636 5076 et
1664 5015 1939 5078 Gussanv.
1971 5023 2100 5096 legi-

621 5105 654 5141 α
719 5107 856 5146 eum.
910 5145 913 5146 ,

503 5157 786 5282 ali'isDeest
815 5160 918 5216 tuis
948 5161 1008 5216 in
1040 5163 1065 5218 1
1098 5162 1297 5233 Laud.,
1339 5163 1502 5222 Corb.
1549 5166 1760 5237 Germ.,
1805 5167 1996 5224 Norm.
2038 5183 2101 5224 ac

575 5295 838 5379 {'Qerm._,
866 5301 1032 5379 L‘tic.,
1067 5305 1373 5379 Beccensis,
1415 5309 1576 5367 Corb.
1624 5310 1832 5379 Germ.,
1872 5312 2122 5369 (Zethum.-

514 5441 522 5450 ι
575 5371 608 5450 ⁵-
628 5370 689 5424 In
721 5371 992 5450 Vulgatis,
1020 5370 1146 5450 quia
1170 5398 1272 5434 non.
1302 5370 1586 5437 prandium
1611 5370 1890 5439 clamorem
1920 5402 2100 5439 eorum

507 5442 560 5522 in
591 5445 834 5522 tempore.
869 5442 1196 5522 Inhtesimus
1240 5452 1370 5522 Mss.
1409 5453 1639 5521 'l‘ur0n.,
1673 5455 1931 5522 Vindoc.,
1967 5456 2098 5510 Del-

504 5513 642 5635 :9v.,
674 5511 842 5567 duob.
874 5513 1074 5584 Laud.,
1105 5521 1363 5577 omnibus
1393 5511 1809 5593 Norm.,Cerm.
1841 5534 1895 5581 et
1918 5511 2094 5583 'Corb.

522 5599 689 5640 Jerm.

522 5613 602 5640 JUI
614 5613 689 5639 ιιι.

567 5658 598 5690 λι
628 5656 811 5712 Gerni.
845 5666 896 5712 et
929 5659 1159 5728 Turon.,
1187 5678 1292 5714 orre
1322 5667 1644 5736 mysterium.
1686 5667 1909 5726 2Laud.
1934 5667 2096 5726 habet

2211 4531 2386 4580 neret.
2419 4522 2721 4597 Utrobique
2765 4522 2974 4597 legatus
3001 4523 3184 4594 fortis,
3213 4525 3510 4600 utrobique
3541 4528 3809 4586 mediator

2213 4612 2578 4684 admirabilis,
2621 4629 2841 4671 causam
2881 4614 3072 4687 populi
3121 4614 3268 4688 apud
3309 4618 3484 4673 Deum
3530 4617 3806 4690 precibus,

2213 4719 2434 4761 causam
2475 4703 2573 4760 Dei
2612 4703 2758 4777 apud
2796 4705 3060 4777 populum
3101 4703 3297 4776 gladiis
3332 4704 3610 4778 allegavit.
3651 4705 3809 4765 Intus

2211 4791 2631 4860 amans,divinai
2647 4791 2741 4850 irae
2755 4792 3117 4865 supplicando
3136 4792 3371 4862 obstitit;
3398 4793 3536 4854 foris
3549 4795 3806 4866 saeviens,

2211 4962 2500 5028 utramque
2527 4954 2842 5028 lectionem.

2281 5029 2304 5063 °
2333 5025 2656 5107 In‘duobus
2694 5027 2907 5107 Germ.,
2941 5029 2976 5086 2
3017 5029 3216 5102 Laud.,
3267 5031 3530 5106 Vindoc.,
3567 5033 3802 5107 Turon.,

2209 5099 2423 5168 Norm.,
2454 5105 2501 5154 et
2522 5099 2666 5168 juste
2691 5101 2982 5157 consulens.

2283 5173 2302 5247 ἶ
2334 5170 2540 5247 Eadem
2565 5170 2678 5247 fere
2706 5171 2910 5247 scribit;
2929 5173 3092 5246 epist.
3121 5175 3212 5247 25,
3241 5176 3340 5234 lib.
3371 5193 3414 5234 ι.

2285 5244 2306 5278 ⁸
2335 5245 2450 5312 ΑΙ.,
2473 5242 2549 5320 sit
2577 5245 2744 5320 rigor.
2795 5245 2856 5300 In
2885 5242 3094 5320 Germ.,
3125 5242 3363 5318 Bellov.,
3393 5247 3556 5307 Corb.
3588 5248 3798 5320 Germ.,

2210 5315 2440 5392 Tu_ron.,
2473 5315 2733 5392 Vindoc,
2763 5323 2894 5392 etc.,
2926 5315 3146 5392 legitur,
3176 5321 3247 5392 sit
3270 5315 3439 5392 uigor.

2282 5389 2303 5462 *ξ
2333 5389 2515 5453 Deest,
2545 5394 2624 5454 ut,
2651 5388 2712 5462 in
2753 5389 2964 5458 Germ.,
2987 5388 3042 5446 ‘2
3083 5391 3282 5462 Laud.,
3326 5388 3490 5448 Corb.
3531 5393 3714 5449 Germ.
3747 5401 3801 5450 et

2210 5456 2334 5512 aliis
2363 5473 2474 5511 non
2506 5460 2712 5526 paucis.
2949 5456 2956 5458 ⁷
3266 5456 3278 5462 ⁷
3765 5473 3769 5478 “

2208 5530 2330 5672 qu:
2358 5529 2540 5596 Deest,
2569 5544 2746 5597 suum,
2777 5531 2834 5588 in
2860 5531 3070 5602 Germ.,
3101 5533 3264 5594 Corb.
3298 5533 3482 5593 Germ.
3515 5543 3569 5594 et
3598 5535 3802 5610 pleris-
