4172 6184
469 221 570 283 147

1679 216 1932 275 SANCTI
1974 215 2314 274 GBEGORII
2352 215 2580 273 MAGNI

3666 215 3776 277 ¹14ιὸ

467 358 646 408 statur
684 346 1012 423 praedicator
1057 346 1306 421 egregius
1343 345 1425 402 nil
1464 324 1666 416 valere,
1715 344 1810 418 qui
1857 344 1934 400 ait
1966 362 1977 401 :
2016 344 2073 401 Si
2097 347 2150 407 Α
2181 343 2510 416 Plerumque
2550 340 2702 398 enim
2730 340 2992 399 audacter
3019 341 3087 398 de
3115 349 3311 398 natura
3337 340 3649 399 divinitatis
3666 348 3787 398 tra-

466 436 791 496 distribuero
823 453 996 495 omnes
1024 436 1304 510 facultates
1332 451 1473 491 meas
1499 434 1558 491 in
1586 433 1723 491 cibos
1739 450 2060 507 pauperum,

467 533 517 584 et
537 527 586 584 si
614 528 883 586 tradidero
912 543 1101 599 corpus
1145 542 1317 582 meum
1355 526 1452 581 ut1
1481 525 1723 592 ardeam,
1754 525 2061 581 charitatem

464 623 637 674 autem
666 634 773 673 non
799 616 1035 682 habeam,
1064 614 1202 671 nihil
1222 614 1353 671 mihi
1366 615 1581 687 prodest
1605 614 1670 685 (Ι
1689 614 1814 673 Cor.
1839 631 1964 683 xm,
1981 613 2056 687 3).

467 704 608 781 [Vet.
644 704 819 780 VIII.]
853 705 1262 779 Nonnunquam
1291 720 1422 761 vero
1449 703 1695 761 hzeretici
1729 704 1883 778 signa
1912 720 2061 778 quo-

465 813 570 873 que
597 813 661 852 ac
688 795 953 852 miracula
979 794 1211 864 faciunt,
1232 794 1327 852 sed
1362 802 1424 852 ut
1448 794 1541 853 hic
1561 793 1785 868 praemia
1812 794 2060 851 aﬂlictio-

465 883 553 943 nis
597 901 707 941 suae
755 883 1208 957 abstinentizeque
1245 883 1534 957 recipiant,
1564 883 1823 940 videlicet
1850 882 2059 951 laudes,

465 990 599 1048 quas
627 981 903 1047 quaerunt.
934 972 1090 1031 Unde
1132 980 1186 1029 et
1225 972 1606 1045 Redemptoris
1643 988 1778 1028 voce
1806 970 2013 1028 dicitur
2046 988 2057 1026 :

465 1073 625 1135 Multi
668 1073 799 1131 mihi
824 1073 994 1131 dicent
1019 1072 1077 1129 in
1106 1070 1206 1130 illa
1226 1072 1350 1137 die;
1382 1068 1529 1128 644
1550 1073 1795 1140 Domine,
1817 1070 2061 1143 Domine,

464 1182 635 1222 nonne
658 1164 713 1220 in
738 1163 946 1220 nomine
973 1169 1061 1220 tuo
1083 1162 1539 1237 prOphetavimus,
1575 1170 1624 1222 et
1651 1163 1710 1219 in
1736 1161 1946 1219 nomine
1974 1168 2062 1218 tuo

463 1252 725 1310 dwmonia
765 1251 1023 1324 ejicimus,
1064 1256 1116 1309 et
1148 1251 1207 1309 in
1252 1252 1463 1309 nomine
1502 1260 1590 1311 tuo
1618 1253 1838 1310 virtutes
1865 1254 2062 1310 multas

462 1342 680 1414 fecimus
696 1344 725 1400 ἵ
751 1345 827 1401 Et
846 1349 966 1399 tunc
992 1342 1273 1416 conﬁtebor
1298 1343 1410 1400 illis
1437 1344 1566 1417 quia
1587 1345 1609 1380 ³
1638 1360 1913 1416 nunquam
1938 1342 2063 1398 novi

462 1451 590 1501 vos;
618 1433 862 1491 discedite
878 1451 914 1491 a
940 1449 1021 1490 me
1045 1433 1140 1507 qui
1162 1433 1458 1507 operamini
1484 1433 1960 1504 iniquitatem.Qua
1979 1432 2061 1487 ni-
2089 1498 2097 1507 η

463 1524 669 1582 mirum
705 1523 978 1583 sententia
1016 1522 1152 1598 quid
1196 1524 1359 1581 datur
1405 1523 1661 1595 intelligi,
1700 1523 1809 1579 nisi
1855 1531 1918 1580 ut
1951 1523 2062 1579 ho-

461 1613 708 1671 minibus
747 1612 1031 1671 charitatis
1075 1612 1384 1679 humilitas,
1441 1627 1554 1667 non
1601 1617 1785 1667 autem
1831 1611 2064 1668 debeant

461 1703 732 1758 virtutum
754 1702 910 1773 signa
930 1699 1224 1757 venerari?
1244 1699 1399 1757 Unde
1418 1714 1568 1758 nunc
1586 1708 1775 1757 sancta
1794 1701 2061 1772 Ecclesia,
2091 1718 2138 1778 Β

461 1791 628 1849 etiam
669 1789 717 1846 si
763 1805 871 1863 qua
907 1788 1042 1845 ﬁant
1079 1788 1463 1847 haereticorum
1495 1789 1782 1861 miracula,
1808 1791 2061 1865 despicit,

461 1881 593 1956 quia
618 1880 738 1953 haec
762 1878 1070 1937 sanctitatis
1107 1881 1128 1916 ³
1168 1880 1444 1953 specimen
1474 1897 1586 1937 non
1615 1896 1730 1938 esse
1757 1883 2058 1954 cognoscit.

460 1969 718 2027 Probatio
747 1969 949 2046 quippe
976 1969 1286 2027 sanctitatis
1313 1986 1427 2027 non
1455 1977 1537 2027 est
1563 1970 1719 2045 signa
1737 1972 1936 2041 facere,
1967 1972 2063 2029 sed

460 2075 911 2134 unumquemque
939 2067 1001 2116 ut
1027 2076 1084 2117 se
1113 2059 1362 2134 diligere,
1402 2059 1470 2116 de
1498 2062 1612 2118 Deo
1639 2068 1823 2118 autem
1852 2079 1983 2119 vera
2015 2064 2060 2133 ‘,

461 2150 530 2209 de
556 2149 812 2224 proximo
833 2166 963 2206 vero
982 2148 1213 2206 meliora
1233 2165 1397 2223 quam
1418 2148 1484 2206 de
1512 2150 1805 2223 semetipso
1834 2151 2057 2209 sentire.

461 2240 598 2297 Nam
628 2238 759 2313 quia
786 2254 915 2294 vera
942 2237 1121 2296 virtus
1163 2237 1223 2295 in
1269 2254 1454 2295 amore
1492 2245 1594 2309 est,
1647 2256 1760 2296 non
1788 2248 1972 2297 autem
2002 2241 2062 2297 in

463 2327 777 2386 ostensione
804 2327 1081 2397 miraculi,
1102 2326 1308 2384 veritas
1326 2327 1690 2398 demonstrat,
1710 2346 1832 2402 quae
1856 2330 1933 2386 ait
1957 2348 1969 2386 :
1994 2331 2061 2387 In

462 2418 557 2473 hoc
583 2422 883 2491 cognoscent
910 2433 1084 2473 omnes
1117 2415 1247 2488 quia
1264 2416 1367 2471 mei
1390 2415 1640 2488 discipuli
1675 2416 1819 2485 estis,
1845 2417 1894 2473 si
1920 2418 2061 2475 dile-

462 2506 685 2563 ctionem
727 2506 1017 2563 habueritis
1051 2506 1124 2562 ad
1163 2504 1384 2561 invicem
1428 2504 1609 2577 (Joan.
1641 2520 1769 2574 xm,
1799 2506 1914 2579 35).
1956 2504 2062 2575 Qui

462 2594 612 2652 enim
641 2611 754 2653 non
781 2592 890 2650 ait:
914 2595 977 2650 In
999 2592 1105 2650 hoc
1131 2599 1492 2666 cognoscetur
1511 2592 1642 2667 quia
1669 2593 1778 2650 mei
1802 2593 2061 2668 discipuli

463 2684 617 2754 estis,
646 2684 693 2741 si
720 2684 877 2756 signa
904 2683 1165 2752 feceritis,
1205 2683 1301 2740 sed
1328 2683 1407 2739 ait
1438 2702 1449 2739 :
1484 2683 1540 2740 Si
1569 2683 1921 2741 dilectionem
1954 2685 2063 2742 ha—

463 2772 698 2830 bueritis
740 2772 811 2830 ad
856 2771 1121 2840 invicem,
1167 2780 1352 2846 aperte
1380 2772 1591 2831 indicat
1619 2773 1750 2848 quia
1777 2790 1936 2831 veros
1962 2775 2061 2831 Dei

465 2862 703 2922 famulos
727 2878 841 2919 non
869 2862 1157 2931 miracula,
1187 2861 1285 2919 sed
1312 2863 1429 2920 sola
1456 2863 1695 2921 charitas
1713 2863 1925 2937 probat.
1951 2863 2063 2920 Te-

464 2949 789 3009 stimonium
814 2968 943 3026 ergo
970 2953 1195 3026 superni
1229 2953 1593 3027 discipulatus
1628 2962 1710 3011 est
1729 2954 1935 3011 donum
1958 2954 2061 3011 fra-

464 3048 634 3098 ternae
662 3040 995 3144 dilectionis.
1026 3042 1201 3144 (luam
1230 3043 1490 3144 videlicet
1515 3043 1904 3144 dilectionem,
1934 3043 2065 3142 quia
2090 3082 2135 3144 ο

464 3147 656 3189 omnes
682 3129 931 3191 haeretici
958 3131 1158 3190 habere
1178 3132 1481 3205 refugiunt,
1500 3132 1631 3189 dum
1648 3132 1717 3188 ab
1733 3131 2064 3189 universalis

464 3220 724 3280 Ecclesiae
770 3221 983 3279 unitate
1027 3221 1377 3290 dividuntur,
1414 3221 1539 3294 jure
1581 3219 1650 3278 de
1691 3221 1772 3278 eis
1808 3221 2013 3279 dicitur
2044 3239 2058 3278 :

468 3313 706 3380 Quorum
730 3310 903 3367 virtus
929 3327 1184 3368 manuum
1210 3317 1326 3369 erat
1351 3310 1485 3367 mihi
1506 3326 1610 3384 pro
1629 3308 1818 3366 nihilo.
1842 3310 1914 3365 Et
1934 3309 2065 3384 quia

464 3399 535 3456 ad
561 3398 751 3457 eadem
780 3399 937 3474 signa
962 3416 1083 3473 quas
1111 3398 1380 3457 exhibent
1412 3399 1567 3455 nulla
1594 3398 1909 3455 humilitate
1936 3415 2064 3456 con-

465 3490 716 3559 cordant,
746 3497 893 3547 recte
920 3488 1177 3546 subditur
1209 3507 1221 3546 :
1254 3492 1328 3547 Et
1360 3489 1471 3545 vita
1500 3490 1619 3563 ipsa
1632 3490 1968 3561 putabantur
1987 3488 2064 3544 in-

465 3576 633 3651 digni.
682 3578 786 3639 νει
825 3586 972 3637 certe
1017 3595 1210 3636 omnes
1262 3575 1552 3635 haereticos
1589 3585 1780 3635 sancta
1815 3576 2065 3635 Ecclesia

422 3678 443 3699 κ
466 3668 584 3725 vita
610 3667 729 3741 ipsa
754 3668 957 3725 fatetur
984 3667 1264 3740 indignos,
1286 3667 1417 3742 quia
1431 3667 1699 3724 nimirum
1720 3665 1822 3724 sub
1838 3666 2064 3724 nomine

466 3756 675 3816 Christi
722 3757 967 3815 militant
1011 3763 1204 3816 contra
1244 3771 1447 3815 nomen
1494 3754 1723 3816 Christi.
1753 3757 1833 3815 De
1863 3755 2065 3831 quibus

466 3846 650 3906 adhuc
675 3846 962 3908 subditur:

907 4007 1137 4068 CAPUT
1172 4007 1301 4066 VIII
1339 4008 1483 4082 [Rec.
1522 4005 1621 4082 X].

539 4116 715 4174 Vnus.
744 4113 801 4175 3.
829 4145 901 4160 —
931 4114 1175 4186 Egestate
1202 4120 1251 4170 et
1277 4114 1419 4185 fame
1444 4112 1667 4171 steriles.

543 4204 631 4261 18.
679 4202 900 4262 Curiose
927 4202 1112 4260 divina
1138 4206 1451 4271 scrutantes,
1477 4207 1693 4273 egestate
1719 4206 1768 4257 et
1793 4202 2068 4261 sterilitate

472 4291 737 4349 laborant.
769 4322 840 4334 —
869 4289 1074 4349 Omnes
1102 4289 1371 4359 haeretici,
1414 4289 1547 4348 dum
1576 4290 1637 4348 in
1664 4307 1818 4351 sacro
1846 4292 2068 4367 eloquio

469 4381 595 4455 plus
619 4387 831 4438 secreta
848 4380 948 4438 Dei
975 4378 1201 4438 student
1227 4379 1557 4455 perscrutari
1578 4382 1599 4417 δ
1627 4397 1793 4456 quam
1819 4381 2065 4455 capiunt,

2169 437 2340 501 ctant,
2363 448 2489 488 cum
2520 430 2841 504 semetipsos
2872 429 3066 487 miseri
3094 430 3362 487 nesciant.
3387 431 3642 503 Egestate
3660 446 3788 503 ergo

2168 536 2231 578 ac
2259 521 2402 576 fame
2431 536 2528 576 sua
2560 519 2774 576 steriles
2801 520 2965 588 ﬁunt,
3017 519 3149 593 quia
3179 535 3244 575 ea
3273 521 3604 592 perscrutari
3633 519 3789 578 desi-

2168 609 2381 677 derant,
2400 625 2469 665 ex
2490 609 2690 682 quibus
2707 610 2867 665 bonae
2888 610 3018 665 vitae
3039 597 3302 681 germina
3323 626 3437 666 non
3457 610 3785 684 producant.

2170 698 2324 755 Ultra
2350 714 2405 754 se
2436 696 2636 772 quippe
2665 704 2794 753 sunt
2818 714 2938 770 quae
2969 705 3415 770 perscrutantur,
3447 698 3691 775 dumque
3719 699 3789 756 ad

2170 786 2277 844 hoc
2303 786 2538 843 tendunt
2565 786 2713 860 quod
2745 786 3219 860 comprehendere
3259 795 3564 861 nequeunt,
3593 805 3658 845 ea
3684 805 3789 846 co-

2168 894 2426 950 gnoscere
2482 876 2767 950 negligant
2818 892 2893 932 ex
2948 876 3152 950 quibus
3198 876 3409 933 erudiri
3468 885 3787 950 potuerant.

2170 970 2345 1039 Quam
2401 969 2539 1027 bene
2574 986 2765 1026 eorum
2814 968 3103 1026 audaciam
3156 967 3485 1042 praedicator
3537 970 3791 1043 egregius

2172 1061 2429 1130 refrenat,
2459 1060 2650 1118 dicens
2701 1077 2714 1118 ε
2773 1062 2895 1118 Non
2944 1061 3070 1133 plus
3137 1077 3322 1133 sapere
3373 1077 3536 1133 quam
3585 1067 3790 1135 oportet

2170 1167 2373 1223 sapere,
2403 1151 2492 1208 sed
2517 1168 2701 1224 sapere
2732 1151 2806 1208 ad
2829 1150 3170 1208 sobrietatem
3201 1149 3379 1222 (Rom.
3412 1168 3517 1221 χιι,
3538 1151 3619 1226 3).
3645 1151 3788 1211 Hinc

2170 1242 2430 1299 Salomon
2443 1243 2550 1299 ait:
2573 1242 2880 1299 Prudentia:
2898 1247 3001 1297 tua:
3019 1258 3153 1314 pone
3172 1242 3386 1297 modum
3409 1241 3596 1315 (Prov.
3617 1260 3784 1314 xxm,

2170 1330 2251 1403 4).
2283 1330 2425 1388 Hinc
2452 1349 2672 1388 rursum
2719 1331 2860 1389 dicit
2893 1348 2905 1387 :
2949 1331 3055 1389 Mel
3096 1330 3365 1400 invenisti,
3405 1332 3610 1389 comede
3644 1334 3787 1405 quod

2169 1421 2357 1492 sufﬁcit
2384 1420 2497 1487 tibi,
2527 1439 2591 1476 ne
2617 1420 2756 1491 forte
2789 1423 2812 1459 ⁸
2846 1425 3130 1477 saturatas
3167 1437 3375 1476 evomas
3421 1420 3559 1477 illud
3594 1420 3780 1493 (Prov.

2170 1526 2309 1576 xxv,
2344 1509 2457 1582 16).
2487 1510 2849 1567 Dulcedinem
2876 1510 3078 1584 quippe
3102 1509 3371 1582 spiritalis
3398 1508 3785 1584 intelligentiae

2171 1597 2267 1672 qui
2289 1600 2309 1633 ⁷
2332 1598 2479 1654 ultra
2506 1615 2672 1673 quam
2702 1598 2848 1672 capit
2875 1598 3161 1655 comedere
3189 1597 3420 1672 appetit,
3442 1599 3608 1656 etiam
3633 1599 3783 1673 quod

2172 1687 2486 1743 comederat
2514 1687 2746 1755 evomit,
2768 1688 2897 1762 quia
2916 1687 3049 1745 dum
3076 1704 3290 1744 summa
3311 1687 3621 1762 intelligere
3635 1689 3784 1745 ultra

2172 1777 2318 1832 vires
2366 1775 2583 1849 quaerit,
2623 1776 2789 1833 etiam
2830 1793 2951 1851 quae
2999 1777 3139 1833 bene
3170 1777 3520 1834 intellexerat
3547 1777 3778 1835 amittit.

2172 1865 2314 1922 Hinc
2341 1881 2561 1921 rursum
2590 1863 2728 1922 dicit
2760 1883 2772 1921 :
2807 1866 2955 1924 Sicut
2997 1867 3092 1938 qui
3134 1867 3238 1923 mel
3279 1868 3505 1924 multum
3536 1869 3778 1936 comedit,

2170 1978 2277 2019 non
2302 1966 2377 2018 est
2401 1960 2449 2017 ei
2478 1961 2690 2027 bonum,
2707 1960 2783 2018 sic
2813 1962 2907 2034 qui
2929 1963 2951 1998 ⁸
2980 1960 3126 2019 645
3154 1973 3525 2037 perscrutator
3551 1974 3630 2025 est
3654 1985 3782 2025 ma-

2161 2050 2393 2121 jestatis,
2410 2050 2740 2123 opprimetur
2757 2068 2792 2106 a
2811 2051 2991 2123 gloria
3015 2051 3205 2124 (Ibid.,
3228 2054 3345 2127 27).
3370 2054 3560 2112 Gloria
3579 2055 3781 2129 quippe

2170 2139 2471 2197 invisibilis
2521 2139 2847 2209 conditoris,
2893 2156 3017 2214 quae
3067 2140 3348 2199 moderate
3376 2141 3647 2217 inquisita
3676 2161 3779 2201 nos

2169 2228 2352 2302 erigit,
2382 2230 2528 2286 ultra
2561 2228 2709 2285 vires
2736 2237 3077 2302 perscrutata
3115 2230 3338 2304 premit.
3371 2232 3563 2306 Itaque
3590 2230 3776 2289 haere-

2169 2317 2292 2389 tici,
2321 2318 2452 2394 quia
2478 2319 2547 2376 de
2575 2321 2597 2356 θ
2626 2317 2855 2376 sublimi
2884 2320 3251 2393 intelligentia
3297 2330 3506 2396 quanto
3536 2320 3778 2396 amplius

2169 2409 2368 2481 repleri
2396 2408 2671 2478 ambiunt,
2702 2417 2858 2466 tanto
2886 2409 3125 2483 amplius
3159 2410 3509 2481 inanescunt,
3540 2411 3683 2469 bene
3707 2411 3776 2468 de

2169 2497 2252 2553 eis
2278 2496 2483 2554 dicitur
2516 2514 2528 2553 :
2562 2500 2805 2569 Egestate
2849 2504 2897 2553 et
2933 2498 3075 2569 fame
3120 2499 3348 2556 steriles.
3395 2499 3780 2558 Immoderatis

2170 2600 2409 2659 namque
2435 2584 2663 2642 ausibus
2690 2585 3029 2659 cognitionis
3056 2604 3122 2644 su
3132 2604 3315 2662 pernae
3353 2588 3642 2647 scientiam
3670 2605 3779 2663 quo

2170 2674 2293 2746 plus
2321 2680 2609 2746 appetunt,
2640 2675 2767 2746 plus
2799 2676 3086 2734 amittunt.

2216 2761 2384 2838 ,[νει.
2414 2762 2541 2836 ΙΧ.]
2574 2763 2659 2819 19.
2690 2762 2930 2820 Humiles
2958 2763 3188 2820 caalestia
3218 2763 3542 2837 intelligunt,
3561 2773 3657 2822 aut
3674 2784 3781 2822 non

2168 2850 2429 2907 intellecta
2456 2857 2794 2907 venerantur.
2817 2882 2889 2893 —
2928 2852 3003 2907 At
3030 2859 3246 2921 contra,
3278 2850 3337 2908 hi
3377 2853 3473 2927 qui
3502 2852 3561 2910 in
3590 2865 3781 2913 sancta

2169 2940 2417 2997 Ecclesia
2438 2938 2706 2997 veraciter
2733 2947 2864 2997 sunt
2891 2939 3156 3010 humiles,
3204 2947 3259 2997 et
3303 2940 3574 2999 veraciter
3600 2942 3775 3012 docti,

2171 3043 2379 3093 norunt
2403 3034 2471 3092 de
2499 3034 2721 3093 secretis
2751 3032 3066 3091 caelestibus
3083 3040 3138 3090 et
3157 3032 3407 3108 quaedam
3432 3033 3777 3092 considerata

2172 3126 2500 3200 intelligere,
2523 3133 2578 3182 et
2605 3123 2855 3200 quaedam
2881 3139 2992 3180 non
3021 3121 3303 3181 intellecta
3332 3125 3610 3195 venerari,
3631 3133 3693 3182 ut
3721 3134 3779 3182 et

2172 3232 2291 3288 quae
2319 3214 2639 3288 intelligunt
2666 3220 2994 3269 veneranter
3020 3219 3267 3282 teneant,
3298 3220 3352 3269 et
3377 3229 3501 3289 quae
3528 3214 3769 3272 necdum

2171 3303 2489 3378 intelligunt
2545 3302 2833 3360 humiliter
2873 3309 3213 3375 exspectent.
3263 3301 3419 3360 Unde
3470 3302 3634 3361 nobis
3678 3320 3778 3378 per

2171 3395 2397 3467 Moysen
2443 3390 2649 3451 dicitur
2680 3410 2692 3449 :
2732 3393 2798 3450 Ut
2832 3392 3146 3447 comedentes
3173 3407 3391 3464 agnum,
3421 3392 3685 3465 quidquid
3711 3394 3774 3450 de

2172 3499 2229 3539 eo
2256 3482 2523 3555 reliquum
2544 3481 2713 3553 fuerit
2742 3480 2855 3554 igni
2882 3480 3251 3536 comburamus
3283 3480 3488 3552 (Exod.
3521 3498 3624 3551 xu,
3659 3482 3772 3555 10).

2172 3575 2391 3645 Agnum
2413 3571 2614 3646 quippe
2633 3569 2996 3639 comedimus,
3018 3586 3147 3627 cum
3168 3570 3343 3626 multa
3361 3569 3655 3631 dominicae
3674 3568 3774 3626 hu-

2173 3662 2456 3718 manitatis
2470 3660 2830 3734 intelligendo
2845 3659 3197 3718 recondimus
3213 3658 3271 3716 in
3286 3667 3537 3716 ventrem
3553 3658 3772 3716 mentis.

2169 3753 2258 3811 Ex
2296 3767 2405 3826 quo
2446 3750 2698 3825 quaedam
2740 3748 2901 3806 nobis
2933 3756 3240 3817 remanent,
3271 3764 3391 3820 quae
3421 3747 3634 3805 comedi
3668 3764 3777 3804 ne—

2173 3840 2537 3915 queunt,quia
2557 3839 2732 3895 multa
2748 3837 2934 3896 adhuc
2948 3836 3016 3893 de
3036 3836 3136 3893 illo
3154 3843 3513 3910 restant,quae
3532 3836 3770 3908 intelligi

2173 3944 2516 4003 nequaquam
2559 3934 2810 4000 possunt.
2854 3927 2987 3994 Quae
3030 3933 3216 3981 tamen
3246 3925 3374 3997 igne
3401 3924 3776 3983 comburenda

2173 4026 2323 4090 sunt,
2353 4017 2483 4092 quia
2509 4033 2572 4073 ea
2599 4032 2719 4090 quae
2748 4030 2940 4088 capere
2972 4012 3040 4069 de
3066 4012 3165 4068 illo
3194 4028 3306 4068 non
3336 4029 3652 4087 possumus,
3673 4011 3774 4069 hu-

2176 4108 2381 4166 militer
2408 4113 2598 4165 sancto
2625 4103 2856 4177 Spiritui
2886 4117 3250 4159 reservamus.
3286 4102 3419 4171 Quae
3450 4103 3776 4177 plerumque

2175 4197 2460 4255 humilitas
2503 4212 2568 4253 ea
2598 4192 2764 4251 etiam
2813 4192 3115 4248 electorum
3144 4188 3397 4248 sensibus
3423 4192 3621 4265 aperit,
3652 4207 3776 4265 quae

2175 4285 2246 4343 ad
2271 4282 2691 4358 intelligendum
2720 4278 3089 4355 impossibilia
3107 4296 3224 4337 esse
3253 4279 3605 4340 videbantur.
3636 4284 3776 4340 Nam

2179 4394 2446 4452 perversae
2476 4376 2862 4433 haereticorum
2892 4380 3102 4430 mentes
3129 4371 3263 4429 dum
3292 4372 3398 4430 sibi
3419 4373 3652 4447 superbe
3680 4374 3779 4431 in-

467 4443 615 4527 iame
640 4485 742 4526 sua
767 4469 982 4528 steriles
1008 4468 1172 4529 fiunt.
1225 4443 1413 4544 Neque
1449 4470 1599 4528 enim
1626 4443 1690 4528 ea
1717 4443 1973 4546 quaerunt
2000 4443 2070 4529 ex
2101 4443 2152 4504 Β
2180 4443 2461 4525 tellectum
2491 4465 2764 4535 tribuunt,
2782 4464 2938 4537 quasi
2958 4469 3133 4521 certas
3147 4462 3278 4519 dare
3296 4443 3597 4522 sententias
3612 4462 3775 4520 etiam

469 4556 672 4633 quibus
698 4558 1019 4632 semetipsos
1067 4557 1138 4616 ad
1182 4557 1557 4618 humilitatem
1585 4560 1863 4630 erudiant,
1893 4578 2073 4620 mores
2180 4559 2247 4618 de
2274 4557 2572 4632 incognitis
2600 4563 2961 4630 praesumunt.
2989 4554 3145 4612 Unde
3173 4553 3237 4611 ﬁt
3256 4563 3318 4613 ut
3337 4556 3456 4629 ipsa
3474 4572 3567 4613 eos
3587 4554 3773 4624 elatio,

469 4647 532 4707 in
585 4648 986 4723 tranquillitate
1041 4648 1358 4722 disponant,
1431 4650 1758 4724 patientiam
1815 4660 2071 4719 servent,

470 4737 945 4811 longanimitatem
975 4736 1306 4805 exhibeant;
1356 4738 1451 4795 sed
1480 4756 1542 4795 ea
1570 4740 1921 4797 solummodo
1950 4757 2070 4814 quae

469 4843 564 4886 eos
606 4826 798 4886 doctos
840 4835 1002 4903 atque
1049 4827 1306 4901 loquaces
1347 4827 1751 4898 demonstrent,
1796 4828 1893 4885 illa
1930 4830 2070 4886 scire

470 4924 736 4992 appetunt
762 4933 833 4976 ex
860 4916 1062 4993 quibus
1106 4915 1461 5005 singulariter
1501 4914 1708 4974 eruditi
1752 4916 2066 4979 videantur.

548 5114 812 5186 {Norm.,
839 5114 1003 5175 Corb.
1035 5114 1245 5186 Germ.,
1266 5129 1393 5186 cum
1417 5114 1452 5171 2
1476 5111 1647 5171 Laud.
1665 5120 1720 5170 et
1738 5113 1836 5186 ξι,
1855 5114 2063 5186 ardeat.

472 5184 671 5312 ἓξὲὶιιε
714 5184 802 5242 ex
826 5193 981 5245 textu
1007 5186 1196 5246 Grmco
1229 5184 1302 5245 vet
1341 5185 1532 5260 Vulg.,
1563 5191 1624 5241 ut
1665 5185 1903 5255 ardeam,
1949 5184 2068 5243 sive

619 5272 774 5313 urar.

549 5326 571 5406 ξ
598 5325 729 5394 Ed.,
758 5326 887 5406 quia
903 5345 1020 5406 _n_on
1042 5330 1168 5387 novi
1192 5346 1304 5387 vos.
1333 5329 1560 5406 Legitur
1583 5346 1856 5403 nunquam
1872 5327 1931 5386 in
1952 5345 2067 5387 om-

478 5396 642 5454 nibus
674 5396 877 5455 nos—tris
903 5399 1032 5456 Mss.

549 5468 571 5503 ³
599 5467 810 5551 Germ.,
844 5468 1028 5538 Becc.,
1059 5469 1225 5542 Utic.,
1256 5471 1419 5530 Corb.
1452 5474 1635 5532 Germ.
1661 5481 1719 5530 et
1744 5490 1855 5530 non
1885 5475 2068 5548 pauci,

478 5560 502 5595 δ
567 5555 713 5596 ciem.

480 5557 791 5690 _pc‘_Gel_'m.
838 5618 893 5667 et
933 5612 1260 5690 recentiores
1289 5614 1563 5687 Editores,
1594 5635 1719 5690 vera
1746 5634 2064 5690 cognoscere.

480 5682 772 5742 Redundat
798 5699 1118 5755 cognoscere,
1146 5684 1407 5756 abestque
1433 5703 1465 5743 a
1492 5682 1614 5744 eaet.
1645 5689 1773 5747 Mss.
1804 5682 1864 5744 et
1889 5687 2065 5761 antiq.

2179 4665 2300 4724 quae
2338 4650 2490 4706 intus
2534 4645 2677 4720 apud
2719 4645 3041 4718 semetipsos
3082 4643 3282 4712 elevat,
3313 4660 3345 4699 a
3372 4644 3600 4700 veritate
3629 4643 3779 4699 foras

2178 4740 2425 4812 repellat,
2455 4737 2662 4811 vixque
2694 4735 2753 4791 in
2781 4734 2945 4793 dictis
2972 4733 3074 4793 Dei
3102 4731 3375 4789 exteriora
3406 4732 3646 4806 capiant,
3678 4732 3776 4807 qui

2176 4846 2233 4884 se
2260 4835 2466 4886 secreta
2492 4826 2762 4900 spiritalia
2776 4831 3084 4898 penetrasse
3102 4821 3454 4895 singulariter
3478 4822 3770 4897 putabant.

2176 4918 2331 4976 Unde
2360 4916 2453 4974 hic
2480 4932 2696 4991 quoque
2724 4913 2980 4973 subditur
3014 4928 3029 4969 :

2175 5116 2535 5270 νιξξιῖξριιονυ
2570 5203 2729 5270 quam
2754 5189 3080 5257 acceperunt.

2247 5261 2270 5296 ⁸
2298 5260 2487 5318 Norm.
2500 5303 2514 5328 ,
2544 5260 2792 5315 satiatus.

2247 5333 2269 5367 ⁷
2300 5325 2537 5402 Βθιιονζ,
2567 5330 2660 5402 qui
2688 5331 2835 5385 ultra
2864 5327 3083 5385 comedit
3108 5342 3270 5400 quam
3300 5325 3460 5400 capit.

2250 5402 2272 5438 ⁸
2297 5401 2887 5474 ΡΙθινξᾳιιβίξσηιίαεοῃ

2247 5475 2268 5509 ³
2301 5474 2382 5529 Ita
2409 5467 2573 5529 Gorb'.
2607 5473 2816 5540 Germ.,
2845 5472 3060 5537 Norm.,
3095 5470 3326 5536 Turon.,
3372 5467 3548 5525 Laud.
3574 5485 3638 5525 ac
3663 5477 3772 5524 vet.

2176 5544 2281 5602 Ed.
2312 5543 2482 5616 Magis
2509 5542 2717 5616 placuit
2730 5550 2948 5616 recent.
2964 5540 3141 5610 Edit.,
3170 5541 3233 5598 de
3260 5540 3583 5613 sublimitate
3610 5541 3777 5596 intel—

2180 5614 2439 5689 ligentiae;
2466 5614 2587 5689 quaa
2616 5614 2780 5673 lectio
2808 5621 2893 5671 est
2920 5614 3106 5672 Germ.
