4172 6184
379 197 482 258 149

833 319 1064 378 CAPUT
1101 320 1179 377 IX
1222 317 1369 397 [Rea
1401 318 1527 393 ΧΠ.

455 418 632 476 Vnus.
662 414 714 482 3,
747 412 987 481 4.—Qui
1012 412 1264 469 rodebant
1280 412 1338 467 in
1365 410 1669 478 solitudine,
1697 413 1990 482 squalentes

383 507 683 565 calamitate
697 509 748 561 et
770 502 991 560 miseria
1005 521 1028 570 ;
1049 507 1099 561 et
1114 502 1430 560 mandabant
1446 502 1654 569 herbas,
1671 508 1718 558 et
1736 502 1991 577 arborum

383 597 614 655 cortices.
1944 638 1947 641 .

452 686 538 745 20.
577 682 826 742 eretiei
859 683 1271 740 nonmedullam
1300 682 1591 756 Scriptura:
1631 698 1796 738 sacrae
1823 698 1989 738 come-

379 777 531 843 dunt,
564 774 655 830 sed
682 772 927 830 corticem
960 772 1404 831 rodunt.—Bodi
1434 772 1573 831 solet
1601 770 1747 845 quod
1775 770 1988 829 comedi

379 886 489 927 non
518 874 721 941 potest.
753 864 1013 921 Haeretici
1043 872 1227 922 autem
1253 865 1386 939 quia
1414 864 1753 937 Scripturam
1777 880 1986 919 sacram

382 958 689 1030 intelligere
715 972 817 1013 sua
854 954 1066 1011 virtute
1094 954 1422 1023 moliuntur,
1450 970 1569 1010 eam
1599 953 1789 1024 procul
1819 951 1988 1007 dubio

378 1046 796 1123 apprehendere
822 1061 1173 1119 nequaquam
1200 1052 1465 1118 possunt;
1494 1046 1509 1079 ¹
1533 1060 1697 1117 quam
1722 1043 1853 1100 dum
1874 1059 1985 1099 non

380 1139 722 1211 intelligunt,
752 1135 908 1210 quasi
938 1152 1050 1192 non
1080 1134 1269 1192 edunt.
1300 1136 1373 1192 Et
1418 1135 1547 1209 quia
1574 1151 1669 1207 per
1696 1150 1986 1207 supernam

382 1230 611 1304 gratiam
640 1245 752 1284 non
783 1226 962 1299 adjuti
1013 1224 1162 1283 hanc
1188 1225 1472 1283 comedere
1501 1232 1799 1298 nequeunt,
1831 1223 1986 1297 quasi

382 1317 711 1394 quibusdam
744 1317 897 1373 illam
946 1314 1165 1372 nisibus
1210 1315 1433 1372 rodunt.
1481 1316 1745 1372 Exterius
1786 1315 1987 1388 quippe

381 1406 535 1463 illam
565 1410 934 1471 contrectant,
966 1403 989 1438 ³
1018 1419 1143 1459 cum
1175 1401 1398 1476 quidem
1427 1409 1717 1469 conantur,
1746 1400 1841 1457 sed
1874 1416 1986 1457 non

381 1497 452 1553 ad
480 1495 600 1569 ejus
623 1494 889 1551 interiora
910 1492 1258 1565 perveniunt.
1292 1492 1397 1560 Qui
1414 1492 1544 1566 quia
1571 1490 1640 1547 ab
1660 1489 1988 1547 universalis

381 1584 648 1643 Ecclesiae
677 1582 939 1641 societate
968 1580 1232 1654 disjuncti
1276 1588 1428 1650 sunt,
1465 1596 1577 1637 non
1615 1579 1861 1653 quolibet
1886 1595 1988 1635 ro-

1201 191 1575 249 MORALIUM
1610 192 1743 249 LIB.
1786 193 1913 249 XX.
1959 222 2022 236 -
2063 195 2134 250 IN
2172 192 2399 250 CAPUT
2440 194 2599 249 XXX
2642 196 2703 250 B.
2745 195 2886 251 .IOB.

3588 203 3688 261 150

2020 321 2070 381 A
2170 322 2257 377 21.
2294 322 2420 377 Sola
2450 322 2761 393 temporalia
2791 324 2943 379 lucra
2967 326 3491 396 quarunt—Arbor
3529 346 3695 386 nam-

2102 425 2207 482 que
2230 407 2475 481 juniperi
2504 426 2603 481 pro
2634 409 2784 467 foliis
2812 412 3138 483 punctiones
3166 413 3349 472 habet.
3382 416 3474 473 Sic
3493 417 3693 491 quippe

2102 505 2231 553 sunt
2259 496 2473 553 hirsuta
2501 513 2621 570 quae
2666 498 2895 571 profert,
2925 507 2988 556 ut
3029 500 3203 573 spinis
3249 504 3454 561 similia
3482 515 3694 564 contre-

2102 594 2338 644 ctantem
2368 603 2608 661 pungere
2634 589 2872 644 valeant.
2905 589 3074 661 Spina
3102 606 3233 646 vero
3266 600 3347 648 est
3385 610 3545 651 omne
3574 613 3695 668 pec-

2100 685 2305 744 catum,
2337 678 2466 750 quia
2494 677 2628 734 dum
2645 678 2818 735 trahit
2833 678 2899 735 ad
2917 678 3359 751 delectationem,
3382 684 3534 755 quasi
3558 701 3692 756 pun-

2102 769 2277 842 gendo
2299 771 2500 826 lacerat
2529 778 2789 827 mentem.
2825 770 2979 827 Unde
3001 771 3137 843 justi
3160 788 3294 829 voce
3310 780 3361 829 et
3378 773 3693 845 pcnnitentis

2099 860 2333 916 dicitur:
2372 861 2668 917 Conversus
2694 877 2809 914 sum
2838 859 2895 915 in
2922 877 3160 916 (erumna
3188 879 3303 917 mea
3328 862 3453 916 dum
3471 864 3696 935 conﬁgi-

2104 957 2192 1005 tur
2228 951 2383 1023 spina
2410 952 2590 1022 (Psal.
2624 967 2785 1019 xxxx,
2815 950 2901 1022 4),
2932 951 3062 1025 quia
3086 951 3295 1008 scilicet
3326 969 3479 1009 mens
3507 952 3575 1008 ad
3605 955 3694 1009 la-

2100 1047 2348 1097 mentum
2367 1039 2623 1108 vertitur,
2652 1048 2714 1096 ut
2741 1040 2949 1113 peccati
2980 1042 3207 1113 punctio
3222 1041 3539 1114 pmnitendo
3560 1042 3692 1098 frin-

2042 1174 2055 1181 -
2100 1136 2276 1201 gatur.
2308 1131 2369 1186 In
2399 1129 2761 1186 translatione
2788 1145 2923 1186 vero
2964 1130 3073 1186 alia
3113 1147 3226 1186 non
3271 1130 3569 1203 confringi,
3598 1130 3691 1187 sed

2098 1218 2298 1291 conﬁgi
2327 1219 2486 1292 spina
2527 1220 2867 1292 perhibetur,
2912 1222 3059 1296 quod
3101 1221 3360 1278 videlicet
3406 1223 3473 1278 ab
3502 1223 3691 1280 eodem

2098 1323 2261 1363 sensu
2290 1323 2402 1363 non
2432 1307 2698 1376 dissonat,
2744 1309 2875 1382 quia
2903 1310 3222 1382 paenitentis
3264 1312 3483 1368 animus
3515 1312 3583 1369 ad
3613 1313 3694 1368 lu-

2097 1402 2247 1453 ctum
2277 1396 2520 1465 ducitur,
2538 1396 2670 1453 dum
2699 1406 3005 1470 perpetrata
3020 1400 3180 1470 culpa
3210 1400 3267 1455 in
3299 1401 3563 1456 memoria
3583 1401 3695 1457 ﬁxa

2098 1484 2389 1540 retinetur.
2426 1483 2564 1557 [νει.
2601 1484 2694 1560 Χ.]
2727 1478 2872 1553 Quid
2901 1502 3029 1559 ergo
3062 1503 3159 1559 per
3180 1487 3418 1544 radicem
3448 1487 3691 1561 juniperi

2096 1572 2205 1629 nisi
2226 1572 2458 1628 avaritia
2486 1573 2821 1645 designatur,
2852 1592 2921 1630 ex
2943 1592 3049 1649 qua
3064 1584 3412 1649 peccatorum
3443 1578 3692 1634 omnium

383 1674 532 1743 dere,
564 1673 661 1731 sed
690 1673 749 1729 in
768 1669 1073 1730 solitudine
1102 1677 1497 1727 memorantur.
1530 1668 1615 1725 Ad
1631 1684 1793 1742 quam
1823 1668 1986 1724 nimi-
2013 1686 2060 1746 Β
2097 1662 2267 1734 spinae
2297 1662 2679 1734 producuntur
2699 1664 2726 1719 ‘t
2762 1665 2840 1719 De
2884 1681 2989 1737 qua
3031 1682 3127 1737 per
3169 1667 3401 1723 Paulum
3448 1666 3689 1724 dicitur:

383 1781 506 1821 rum
536 1762 922 1830 solitudinem,
972 1759 1103 1834 quia
1150 1760 1533 1833 praedicatores
1573 1757 1693 1814 falsi
1731 1773 1989 1831 sequaces

384 1869 516 1910 suos
542 1853 845 1921 traherent,
876 1851 1039 1923 longe
1082 1857 1207 1907 ante
1237 1850 1455 1907 Veritas
1499 1847 1851 1923 praemonuit,
1891 1848 1989 1904 di-

382 1960 553 2001 cens:
588 1943 650 2001 Si
687 1941 919 1998 dixerint
967 1940 1146 1997 vobis:
1191 1941 1323 1997 Ecce
1362 1940 1421 1995 in
1466 1940 1662 1995 deserto
1704 1945 1798 2005 est,
1826 1938 1989 1994 nolite

383 2034 537 2091 entire
568 2032 776 2106 (Matth.
806 2048 969 2101 xxxv,
997 2030 1113 2104 26).
1146 2030 1252 2100 Qui
1282 2036 1428 2087 recte
1447 2027 1808 2103 perhibentur
1831 2029 1989 2086 cala-

385 2122 578 2179 mitate
610 2129 665 2179 et
692 2121 916 2180 miseria
943 2119 1207 2195 squalidi,
1232 2119 1363 2194 quia
1391 2127 1445 2175 et
1465 2135 1681 2175 morum
1713 2125 1842 2175 sunt
1869 2134 1987 2192 per-

384 2208 551 2277 nicie,
608 2216 664 2265 et
699 2224 961 2266 sensuum
1004 2207 1273 2280 pravitate
1329 2205 1590 2279 despecti.
1639 2205 1747 2274 Qui
1791 2205 1989 2262 herbas

384 2313 605 2372 quoque
625 2304 679 2355 et
705 2298 970 2356 arborum
999 2296 1232 2355 cortices
1255 2295 1549 2362 mandunt,
1579 2295 1709 2369 quia
1736 2295 1989 2352 elationis

383 2401 496 2443 suae
525 2385 683 2444 obice
702 2387 933 2462 repulsi,
964 2387 1023 2444 in
1059 2401 1214 2444 sacro
1234 2385 1455 2457 eloquio
1484 2401 1680 2457 magna
1708 2391 1763 2441 et
1792 2384 1988 2440 intima

383 2475 669 2549 percipere
696 2483 1006 2549 nequeunt,
1035 2475 1131 2531 sed
1156 2474 1261 2530 ‘vix
1290 2473 1349 2529 in
1378 2473 1476 2529 illo
1518 2472 1766 2545 quaedam
1805 2481 1991 2529 tenera

378 2571 436 2620 et
472 2564 757 2619 exteriora
804 2570 1165 2634 cognoscunt.
1218 2562 1323 2617 Per
1363 2560 1562 2617 herbas
1600 2562 1800 2635 quippe
1845 2562 1991 2619 dicta

383 2650 677 2725 planiora,
708 2666 808 2723 per
835 2650 1091 2707 arborum
1120 2648 1353 2705 cortices
1373 2648 1592 2704 Patrum
1613 2648 1829 2721 eloquia
1841 2642 1986 2706 erite-

378 2739 536 2796 riora
565 2737 878 2810 signantur.
912 2737 1018 2805 Qui
1049 2754 1176 2809 ergo
1204 2752 1268 2793 ea
1295 2736 1434 2793 scire
1468 2744 1730 2810 appetunt
1770 2754 1838 2794 ex
1868 2740 1986 2812 qui-

378 2830 491 2886 bus
518 2826 666 2883 docti
696 2841 1041 2900 nequaquam
1068 2825 1203 2895 sint,
1233 2826 1329 2883 sed
1357 2842 1472 2882 esse
1510 2826 1821 2897 videantur,
1852 2829 1984 2886 dum

381 2915 442 2973 in
477 2914 644 2972 sacris
671 2913 1054 2971 voluminibus
1081 2914 1197 2970 vim
1227 2913 1513 2972 charitatis
1548 2931 1672 2987 erga
1718 2918 1892 2973 Deum
1922 2935 1986 2976 ac

385 3004 703 3079 proximum
726 3003 1047 3061 medullitus
1074 3020 1187 3060 non
1213 3004 1534 3076 exquirunt,
1553 3006 1706 3079 quasi
1726 3021 1796 3063 ex
1817 3006 1985 3064 herba

387 3100 449 3149 et
475 3092 672 3149 cortice
701 3101 1025 3165 pascuntur,
1071 3092 1203 3166 quia
1242 3094 1329 3149 vel
1371 3092 1503 3163 ima,
1536 3099 1679 3158 646
1709 3095 1795 3151 vel
1836 3104 1983 3152 exte-

388 3195 533 3252 riora
552 3202 701 3264 sunt,
734 3211 854 3268 qua
885 3201 1096 3252 mentes
1127 3193 1559 3268 superbientium
1582 3193 1855 3249 nutriunt.
1880 3192 1982 3249 Vel

385 3291 534 3341 certe
554 3282 752 3340 herbas
772 3283 1033 3339 mandere
1054 3290 1135 3339 est
1163 3282 1231 3339 de
1263 3282 1543 3355 Scriptura
1565 3298 1719 3339 sacra
1751 3280 1984 3337 minima

387 3383 656 3449 praecepta
702 3389 942 3443 servare,
988 3372 1196 3445 majora
1231 3381 1598 3430 contemnere.
1649 3373 1799 3440 Quos
1844 3371 1981 3427 bene

387 3465 607 3524 Veritas
630 3465 898 3539 increpat,
926 3464 1152 3523 dicens:
1193 3464 1279 3523 γω
1304 3464 1469 3533 vobis,
1498 3464 1693 3521 Scriba:
1720 3468 1769 3518 et
1790 3462 1981 3519 Phari-

382 3555 482 3612 saei
507 3556 811 3628 hypocrita,
842 3556 935 3628 qui
948 3555 1218 3611 decimatis
1236 3555 1522 3621 mentham,
1544 3559 1591 3608 et
1603 3553 1870 3621 anethum,
1894 3554 1916 3588 ³
1937 3558 1984 3607 et

383 3644 684 3712 cuminum,
710 3650 759 3699 et
768 3644 1055 3715 reliquistis
1074 3660 1192 3716 qua:
1204 3643 1461 3716 graviora
1475 3649 1599 3697 sunt
1620 3642 1745 3714 legis
1757 3642 1976 3713 (Matth.

384 3749 560 3801 χχιιι,
589 3732 705 3806 23).
737 3732 841 3801 Qui
886 3733 1143 3791 arborum
1173 3747 1392 3806 quoque
1430 3729 1662 3787 cortices
1691 3730 1980 3799 mandunt,

379 3823 517 3897 quia
542 3830 674 3879 sunt
698 3823 952 3880 nonnulli
981 3823 1079 3897 qui
1104 3822 1162 3878 in
1191 3820 1361 3878 sacris
1390 3817 1772 3877 voluminibus
1810 3819 1979 3875 solam

383 3912 584 3969 litteras
629 3912 976 3986 superﬁciem
1024 3918 1378 3979 venerantur,
1422 3925 1523 3966 nec
1569 3908 1869 3983 quidquam
1915 3908 1981 3964 de

384 4000 627 4075 spiritali
660 4002 947 4059 intellectu
974 4000 1317 4068 custodiunt,
1347 4015 1475 4057 cum
1519 3997 1665 4054 nihil
1711 3996 1769 4053 in
1799 3996 1983 4053 verbis

383 4093 485 4149 Dei
520 4093 763 4167 amplius
790 4092 901 4150 nisi
949 4092 1056 4150 hoc
1097 4091 1244 4166 quod
1290 4090 1535 4148 exterius
1562 4089 1838 4146 audierint
1865 4104 1982 4145 esse

386 4182 758 4255 suspicantur.
793 4185 945 4254 Quos
989 4191 1173 4241 tamen
1222 4183 1279 4239 in
1307 4182 1523 4240 cunctis
1562 4180 1840 4239 erroribus
1868 4181 1983 4237 suis

390 4270 572 4330 inanis
599 4274 786 4347 gloria:
815 4274 1091 4347 appetitus
1120 4271 1384 4347 possidet,
1406 4287 1605 4347 eosque
1623 4270 1853 4327 honoris
1870 4286 1981 4326 am-

386 4359 540 4417 bitus
565 4361 814 4435 captivos
840 4369 1012 4430 tenet,
1042 4368 1097 4418 et
1124 4362 1445 4435 plerumque
1482 4376 1578 4433 per
1605 4359 1722 4432 ipsa
1754 4374 1876 4431 quae
1903 4359 1980 4414 lo-

386 4457 639 4524 quuntur
664 4451 804 4509 nihil
833 4452 984 4510 aliud
1001 4468 1165 4525 quam
1185 4458 1402 4510 terrena
1426 4451 1579 4507 lucra
1598 4455 1879 4523 appetunt.
1902 4449 1981 4504 De

385 4536 595 4612 quibus
622 4555 719 4612 per
743 4540 969 4599 Paulum
998 4540 1206 4598 dicitur
1230 4558 1241 4597 :
1277 4539 1598 4612 Hujusmodi
1615 4538 1751 4595 enim
1775 4537 1985 4595 Christo

389 4625 614 4685 Domino
642 4646 749 4685 non
777 4631 1035 4697 serviunt,
1068 4629 1157 4685 sed
1185 4645 1278 4684 suo
1308 4628 1479 4684 ventri
1508 4628 1683 4700 (Rom.
1716 4644 1836 4695 xvi,
1870 4626 1981 4697 18).

390 4714 542 4773 Unde
569 4725 718 4776 recte
745 4735 965 4794 quoque
990 4716 1381 4791 subiungitur:

849 4843 1081 4904 CAPUT
1105 4844 1159 4901 X
1189 4840 1334 4918 [Rea
1367 4839 1525 4915 XII].

460 4947 630 5007 Vnus.
655 4949 711 5010 4.
732 4980 804 4994 -
830 4952 907 5010 Et
951 4949 1116 5007 radix
1160 4947 1538 5020 juniperorum
1571 4951 1690 5003 erat
1722 4945 1866 5003 cibus
1892 4963 1988 5004 eo-

386 5053 526 5093 rum.

464 5309 477 5341 '
510 5308 725 5365 Gemet.
753 5324 818 5365 ac
844 5306 943 5364 alii
966 5304 1182 5373 Norm.,
1211 5318 1371 5375 quam
1399 5301 1528 5371 quia
1542 5303 1778 5360 nondum
1791 5305 1981 5363 intelli-

384 5386 579 5449 gunt...
609 5380 747 5436 hanc
772 5380 922 5441 edere
950 5391 1277 5448 nequaquam
1300 5379 1540 5446 possunt,
1580 5376 1735 5444 quasi
1757 5377 1983 5447 quibus-

385 5450 511 5505 dam
540 5451 746 5507 nisibus
774 5451 988 5506 rodunt.

460 5523 480 5556 ³
510 5521 685 5579 Iidem
714 5522 942 5581 Codices
964 5528 1017 5577 et
1037 5521 1244 5593 Genu,
1262 5534 1379 5572 cum
1401 5518 1674 5593 quiddam.
1699 5522 1784 5577 Ex
1805 5521 1979 5593 antiq.

384 5592 490 5665 Ed.
520 5593 618 5651 alii
649 5593 854 5651 habent
882 5610 998 5650 cum
1035 5591 1316 5664 quaedam;
1371 5588 1487 5658 alii,
1531 5608 1650 5649 cum
1676 5588 1982 5665 quoddam}

384 5664 505 5734 alii,
532 5682 653 5722 cum
677 5666 915 5737 quidam.

2097 1750 2279 1808 Radix
2306 1751 2539 1805 omnium
2568 1753 2835 1807 malorum
2864 1759 2939 1808 est
2958 1754 3217 1825 cupiditas
3243 1756 3300 1827 (I
3317 1758 3451 1812 Tim.
3472 1774 3551 1825 v1,
3577 1757 3689 1830 10).

2098 1842 2219 1915 Ipsa
2247 1841 2449 1914 quippe
2479 1843 2711 1899 latenter
2738 1844 2915 1900 oritur
2944 1846 3001 1901 in
3031 1855 3232 1914 mente,
3255 1846 3349 1903 sed
3366 1847 3693 1919 punctiones

2097 1938 2445 2003 peccatorum
2468 1932 2718 1987 omnium
2736 1941 2984 2005 patenter
2998 1933 3253 2006 producit
3270 1934 3325 1989 in
3342 1949 3523 2006 opere.
3547 1932 3695 2000 Quas

2098 2019 2357 2075 videlicet
2386 2020 2711 2091 punctiones
2731 2020 2799 2077 ab
2828 2021 2932 2077 hac
2960 2021 3143 2079 radice
3170 2030 3475 2095 surgentes,
3505 2021 3692 2078 statim

2096 2108 2422 2183 praedicator
2436 2110 2682 2183 egregius
2710 2111 2975 2181 insinuat,
2992 2128 3118 2170 cum
3132 2112 3319 2169 subdit
3338 2130 3350 2169 :
3373 2114 3540 2181 Quam
3561 2113 3693 2183 qui-

2099 2201 2222 2255 dam
2240 2205 2532 2271 appetentes
2548 2208 2865 2256 erraverunt
2882 2219 2917 2258 a
2945 2203 3066 2275 ﬁde,
3088 2208 3136 2257 et
3154 2202 3490 2258 inseruerunt
3517 2219 3569 2257 se
3588 2202 3693 2256 do-

2101 2288 2303 2344 loribus
2329 2288 2511 2344 multis
2545 2289 2734 2361 (Ibid,
2769 2290 2880 2362 10).
2915 2290 3021 2359 Qui
3050 2291 3197 2347 enim
3242 2291 3447 2347 multos
3475 2290 3692 2348 dolores

2096 2378 2264 2447 dixit,
2284 2378 2438 2452 quasi
2456 2387 2740 2435 nascentes
2759 2380 3003 2437 innotuit
3022 2397 3093 2437 ex
3121 2380 3224 2437 hac
3242 2381 3425 2437 radice
3441 2381 3689 2453 punctio-

2097 2483 2212 2525 nes.
2244 2468 2306 2523 In
2321 2465 2595 2539 juniperis
2623 2484 2751 2541 ergo
2792 2476 3033 2541 peccata,
3076 2469 3135 2525 in
3162 2468 3344 2526 radice
3372 2486 3505 2525 vero
3527 2468 3691 2542 juni-

2097 2575 2352 2632 perorum
2375 2558 2508 2632 quid
2524 2559 2675 2617 aliud
2696 2576 2860 2634 quam
2878 2560 3189 2630 avaritiam,
3212 2560 3269 2617 id
3284 2568 3386 2629 est,
3406 2562 3688 2617 materiam

2097 2648 2461 2722 intelligimus
2487 2657 2835 2723 peccatorum
2857 2651 2886 2707 ?
2901 2649 3223 2725 Quiaigitur
3240 2650 3564 2724 plerumque
3583 2651 3688 2707 hee-

2096 2739 2251 2795 retici
2282 2740 2399 2795 sola
2428 2738 2486 2794 in
2516 2740 2699 2796 verbis
2729 2739 2843 2797 suis
2870 2741 3144 2797 exteriora
3190 2742 3343 2798 lucra
3387 2748 3687 2809 sectantur,

2094 2844 2198 2884 nec
2224 2828 2477 2899 ignorant
2497 2829 2626 2901 quia
2654 2845 2906 2901 perversa
2926 2837 3200 2898 astruunt,
3222 2829 3315 2886 sed
3335 2831 3536 2886 erroris
3557 2847 3689 2902 prae-

2093 2916 2403 2973 dicamenta
2452 2932 2563 2972 non
2624 2918 2904 2987 deserunt,
2940 2919 3072 2974 dum
3123 2926 3376 2990 sumptus
3413 2918 3689 2989 percipere

2095 3006 2116 3041 ⁵
2146 3005 2302 3077 quasi
2331 3006 2618 3062 doctorum
2642 3008 2858 3074 volunt,
2876 3007 3015 3062 bene
3033 3007 3100 3061 de
3118 3007 3197 3062 eis
3217 3006 3390 3063 sancti
3413 3007 3519 3061 viri
3542 3023 3691 3063 nunc

2094 3110 2228 3152 voce
2256 3094 2491 3151 dicitur:
2524 3097 2599 3152 Et
2616 3096 2779 3151 radis:
2798 3096 3179 3170 juniperorum
3198 3104 3315 3153 erat
3333 3098 3475 3153 cibus
3486 3115 3688 3166 eorum,

2093 3182 2223 3257 quia
2249 3183 2381 3241 dum
2410 3184 2543 3241 totis
2572 3185 2771 3243 mentis
2798 3202 2909 3243 suae
2952 3185 3202 3243 sensibus
3230 3186 3517 3244 avaritiam
3547 3188 3690 3260 cogi-

2092 3278 2232 3342 tant,
2256 3273 2409 3347 quasi
2430 3290 2496 3330 eo
2516 3274 2780 3331 alimento
2810 3283 3132 3346 vescuntur,
3159 3275 3227 3332 de
3256 3292 3364 3350 quo
3380 3276 3531 3333 nasci
3553 3292 3690 3349 pro-

2090 3362 2179 3419 cul
2210 3362 2380 3419 dubio
2408 3372 2754 3436 peccatorum
2785 3366 3129 3439 sequentium
3148 3366 3471 3438 punctiones
3490 3366 3687 3421 solent.

2091 3450 2212 3518 Quo
2238 3451 2283 3507 si
2314 3450 2535 3524 quando
2564 3452 2622 3509 in
2651 3470 2805 3512 sacro
2834 3453 3055 3529 eloquio
3084 3454 3334 3528 quaedam
3366 3453 3518 3527 quasi
3548 3469 3690 3525 pru-

2091 3538 2283 3595 denter
2310 3539 2625 3611 inveniunt,
2658 3559 2778 3616 quae
2800 3543 2932 3600 dum
2962 3559 3074 3600 non
3096 3542 3434 3616 intelligunt,
3457 3558 3556 3615 pro
3576 3541 3690 3598 suis

2089 3644 2207 3686 esse
2232 3630 2625 3686 assertionibus
2654 3631 3023 3704 suspicantur,
3054 3649 3185 3689 mox
3214 3632 3428 3689 miseris
3464 3630 3690 3687 audito-

2091 3719 2246 3775 ribus
2273 3720 2410 3785 suis,
2442 3736 2676 3793 quorum
2707 3738 2817 3777 non
2847 3722 3080 3790 animas,
3111 3721 3207 3778 sed
3234 3721 3569 3777 substantias
3597 3736 3688 3790 ap-

2090 3816 2306 3880 petunt,
2336 3808 2455 3865 haec
2482 3809 2846 3866 vociferantes
2888 3816 3204 3882 aspergunt.
3250 3809 3406 3866 Unde
3447 3823 3688 3879 congrue

2089 3895 2429 3953 subinfertur
2445 3911 2460 3952 :

2497 4018 2724 4078 CAPUT
2769 4021 2846 4079 x1
2887 4021 3030 4097 LRec.
3080 4020 3268 4096 XIII].

2160 4132 2333 4189 Vnus.
2383 4133 2438 4190 5.
2471 4163 2540 4175 —
2573 4134 2675 4202 Qui
2735 4134 2797 4191 de
2835 4134 3163 4192 convallibus
3221 4134 3327 4191 ista
3384 4134 3687 4205 rapientes,

2090 4241 2206 4279 cum
2229 4223 2439 4298 singula
2488 4225 2821 4297 reperissent,
2862 4227 2936 4283 ad
2979 4244 3040 4282 ea
3085 4243 3199 4283 eum
3240 4227 3468 4282 clamore
3494 4242 3687 4283 curre-

2091 4315 2237 4372 bant.

2013 4407 2062 4466 D
2162 4405 2251 4461 22.
2287 4404 2547 4462 Obscuras
2565 4405 2854 4476 Scriptura
2870 4421 3037 4460 sacrae
3062 4404 3387 4476 Patrumque
3412 4404 3690 4459 sententias

2091 4493 2165 4548 ad
2190 4510 2241 4548 se
2287 4494 2591 4564 detorquent
2634 4500 2683 4548 et
2724 4494 2959 4551 trahunt.
2993 4524 3064 4536 —
3091 4495 3170 4551 De
3204 4494 3552 4552 convallibus
3594 4492 3691 4549 illa

2093 4579 2338 4654 rapiunt,
2369 4580 2501 4654 quia
2527 4580 2647 4639 hac
2690 4581 2758 4640 de
2799 4580 3111 4639 humilibus
3136 4582 3305 4641 dictis
3333 4583 3557 4640 Patrum
3587 4599 3691 4641 su-

2094 4671 2261 4746 perbo
2301 4671 2501 4745 spiritu
2537 4672 2823 4746 colligunt.
2857 4678 3005 4737 647
3032 4673 3165 4742 Quae
3207 4674 3341 4732 dum
3385 4676 3405 4710 ⁵
3448 4691 3547 4746 pro
3575 4672 3690 4730 suis

2096 4786 2152 4826 se
2181 4768 2429 4842 partibus
2450 4769 2729 4827 invenisse
2758 4771 3085 4844 gloriantur,
3117 4772 3186 4829 ad
3226 4788 3291 4829 ea
3318 4789 3443 4828 cum
3474 4771 3690 4825 clamo-

2096 4859 2250 4916 ribus
2272 4867 2528 4930 currunt,
2553 4859 2681 4933 quia
2690 4860 2949 4919 videlicet
2967 4878 3131 4919 omne
3143 4860 3289 4935 quod
3309 4859 3556 4915 sentiunt
3583 4872 3690 4927 ap-

2096 4948 2272 5021 petitu
2296 4950 2476 5007 laudis
2489 4950 2559 5009 ad
2578 4968 2737 5009 aures
2764 4952 3058 5009 hominum
3078 4950 3360 5007 diffamare
3387 4946 3685 5002 donantur.

2093 5038 2353 5112 Sequitur
2370 5057 2383 5095 :

2163 5311 2184 5344 ³
2215 5310 2425 5381 Gemet.
2454 5318 2508 5366 et
2537 5309 2768 5381 Turon.,
2811 5314 2861 5381 et
2886 5323 3156 5381 numnum,
3187 5323 3324 5381 quos
3350 5305 3525 5381 secuti
3562 5314 3692 5366 sunt

2091 5387 2202 5436 vet.
2234 5380 2336 5452 Ed.
2379 5382 2499 5437 Duo
2529 5379 2699 5435 Laud.
2734 5387 2787 5452 et
2816 5377 2978 5452 Corb.
3011 5377 3222 5452 Germ;
3262 5379 3545 5452 cyminum.

2168 5452 2187 5485 ι
2217 5450 2427 5522 Germ.,
2468 5452 2623 5522 Becc.
2657 5458 2709 5522 et
2735 5449 2984 5522 plerique
3004 5451 3219 5520 Norm.,
3252 5449 3407 5521 quasi
3435 5452 3687 5509 doctores.

2164 5524 2184 5557 δ
2216 5521 2587 5596 Corrupte__in
2630 5520 2749 5596 Ed;
2770 5520 2963 5596 Gilot_.,
3000 5522 3205 5588 Vatie.,
3237 5520 3422 5592 Guss.,
3448 5541 3552 5596 pro
3582 5523 3692 5579 suis

2093 5611 2145 5649 se
2164 5592 2430 5666 patribus,
2459 5592 2705 5666 alioquin
2737 5593 3027 5665 legendum
3059 5602 3200 5652 esset
3227 5613 3377 5666 quos,
3418 5592 3528 5650 n'on
3553 5611 3689 5665 qua,

2093 5611 2145 5649 se
2203 5611 2430 5661 amans,
2459 5611 2705 5665 anoqum
2739 5611 3027 5665 legendum
3059 5611 3200 5652 esset
3227 5613 3377 5666 quos,
3418 5612 3562 5664 non;

2093 5611 2202 5722 sed)
2208 5664 2405 5737 legenti
2435 5665 2561 5723 Mss.
2594 5663 2729 5723 Cod.
2772 5682 2883 5723 non
2912 5667 3017 5723 erit
3044 5666 3356 5738 ambigendi
3390 5668 3562 5722 locus.
