4172 6184
435 215 442 226 ’
478 233 579 291 itit

1075 351 1304 410 CAPUT
1351 349 1475 405 XII.

547 465 721 524 Vens.
752 461 808 520 6.
837 492 908 504 —
939 461 1008 517 In
1053 457 1272 514 desertis
1317 456 1626 513 habitabant
1667 455 2002 520 torrentium,
2036 457 2086 508 et

474 555 534 610 in
563 550 804 610 cavernis
833 556 1008 617 terra,
1041 550 1121 604 vel
1147 563 1310 619 super
1334 547 1590 620 glaream.

547 679 636 738 23.
669 675 922 734 Hasretici
945 673 1159 731 latebris
1177 679 1226 730 et
1249 673 1596 730 instabilitate
1613 677 1736 726 sunt
1759 670 2083 744 insignes.—

476 771 768 826 Torrentes
793 765 1034 823 dicimus
1061 765 1217 821 rivos
1246 763 1342 838 qui
1365 762 1524 837 aquis
1552 761 1886 819 hiemalibus
1913 761 2084 819 colli-

477 865 702 931 guntur,
730 855 826 929 qui
855 855 1021 912 certis
1063 854 1229 910 etiam
1276 852 1616 926 temporibus
1642 858 1920 910 arescunt.
1952 851 2081 908 Jure

476 947 661 1019 itaque
698 945 1016 1001 inventores
1043 958 1428 1016 perversorum
1467 941 1782 1012 dogmatum
1812 946 2082 994 torrentes

477 1043 770 1104 vocantur,
799 1033 927 1108 quia
957 1051 986 1090 a
1030 1034 1212 1090 calore
1259 1030 1549 1089 charitatis
1594 1028 1804 1102 frigidi,
1835 1027 1992 1102 quasi
2021 1027 2080 1084 in

477 1134 700 1198 torpore
727 1123 994 1196 temporis
1022 1119 1279 1178 hiemalis
1297 1125 1645 1187 excrescunt,
1671 1115 1802 1192 quia
1821 1131 1933 1174 non
1963 1132 2080 1190 per-

478 1223 643 1288 petua
670 1211 1018 1286 plenitudine
1046 1209 1354 1284 proﬂuunt,
1382 1209 1479 1268 sed
1507 1207 1923 1268 Catholicorum
1952 1206 2079 1263 alle-

481 1302 794 1376 gationibus
823 1302 840 1336 ¹
890 1300 1048 1376 quasi
1093 1299 1304 1358 aestivis
1347 1299 1560 1358 solibus
1603 1296 1972 1355 exsiccantur.
2009 1295 2081 1351 Et

479 1390 704 1465 quidem
745 1389 1064 1446 inventores
1107 1404 1493 1462 perversorum
1525 1387 1842 1460 dogmatum
1889 1390 2082 1442 contra

479 1487 726 1536 sanctam
757 1477 1060 1536 Ecclesiam
1091 1477 1294 1546 exorti,
1325 1477 1540 1534 fervore
1563 1474 1678 1548 jam
1709 1473 2080 1530 veritatis‘ex-

480 1568 675 1626 stincti
704 1577 856 1638 sunt,
887 1568 982 1625 sed
1008 1575 1192 1624 tamen
1222 1582 1414 1624 eorum
1457 1563 1717 1635 discipuli
1756 1578 1817 1617 ea
1846 1578 1967 1635 qua:
1997 1561 2081 1617 illi

483 1659 793 1716 docuerunt
819 1665 1004 1714 tenere
1051 1672 1113 1712 ac
1158 1653 1451 1710 defendam
1480 1653 1502 1688 ³
1533 1666 1641 1708 non
1670 1648 1963 1708 desistunt.
2013 1650 2082 1707 l-li

1711 220 1960 280 SANCTI
1997 177 2335 279 enssonn
2373 217 2602 277 mem

3691 219 3792 278 152

2099 345 2151 406 Α
2183 360 2487 418 errantium
2517 367 2728 418 mentes
2746 359 3014 420 insultare
3040 357 3394 444 conspexerit
3417 375 3429 415 :
3450 373 3578 434 qua»
3597 374 3788 416 eorum

2190 449 2536 508 conversatio
2563 450 2750 519 fuerit,
2793 449 2862 506 ad
2897 449 3223 506 memoriam
3268 447 3510 514 reducit,
3558 448 3782 506 dicens:

2166 538 2256 594 -In
2284 537 2500 594 desertis
2525 538 2832 594 habitabant
2851 539 3185 608 torrentium,
3210 537 3328 594 etin
3351 537 3591 594 cavernis
3612 545 3787 607 terra,

2193 629 2272 683 vel
2298 644 2458 700 super
2483 627 2739 698 glaream.
2771 625 2914 694 Quia
2956 627 3105 682 enim
3135 642 3327 682 eorum
3355 641 3612 699 perversa
3637 643 3791 701 prae-

2189 715 2414 784 dicatio,
2443 715 2648 772 amisso
2695 715 2820 786 igne
2869 714 3178 783 charitatis,
3226 731 3297 770 ex
3343 714 3546 788 frigore
3587 715 3791 772 mentis

2190 803 2495 873 convaluit,
2526 803 2770 877 profecto
2790 803 2850 858 in
2873 803 3202 860 torrentium
3231 803 3461 860 desertis
3489 803 3786 861 habitavit.

2190 893 2332 962 Quia
2349 909 2482 948 vero
2503 899 2694 965 aperta
2707 899 2761 948 et
2781 891 2956 948 libera
2975 907 3088 948 non
3106 891 3235 960 fuit,
3257 889 3316 947 in
3331 891 3584 947 cavernis
3602 891 3788 948 latuit.

2190 982 2330 1052 Quia
2352 989 2536 1038 autem
2558 982 2772 1056 plebem
2800 997 2912 1038 non
2940 979 3132 1049 ﬁxam,
3162 977 3257 1036 sed
3295 978 3557 1035 mobilem
3585 978 3789 1049 tenuit,

2189 1088 2302 1128 non
2330 1088 2494 1145 super
2521 1079 2757 1145 petram,
2788 1075 2934 1134 648
2963 1069 3060 1127 sed
3077 1084 3242 1144 super
3271 1067 3511 1143 glaream
3549 1067 3785 1136 mansit;

2189 1175 2258 1234 de
2285 1176 2487 1252 quibus
2504 1177 2686 1236 adhuc
2713 1177 3002 1236 subditur:

2595 1285 2824 1344 CAPUT
2857 1287 2988 1344 x111
3031 1283 3174 1360 [Rec.
3199 1281 3384 1359 XIV].

2261 1379 2434 1436 Vens.
2468 1379 2520 1436 7.
2550 1409 2621 1420 —
2653 1379 2758 1448 Qui
2784 1378 2924 1434 inter
2961 1374 3321 1446 hujuscemodi
3364 1373 3703 1442 testabantur,
3743 1380 3794 1432 et

2189 1486 2294 1526 esse
2321 1470 2416 1525 sub
2445 1470 2672 1526 sentibus
2703 1469 2918 1526 delicias
2945 1468 3338 1542 computabant.

2263 1559 2350 1615 24.
2384 1560 2451 1616 In
2478 1559 2632 1615 rebus
2672 1560 2912 1632 pessimis
2955 1560 3226 1615 exsultant
3269 1563 3318 1612 et
3357 1556 3698 1612 delectantur.
3722 1585 3793 1597 —

2195 1647 2340 1716 Quid
2371 1647 2598 1706 nomine
2625 1647 2866 1706 sentium
2888 1647 2999 1704 nisi
3023 1663 3114 1704 eas
3141 1662 3276 1720 quas
3297 1643 3412 1718 jam
3442 1661 3606 1718 supra
3631 1642 3793 1701 dixi-

482 1714 730 1818 ergoqui
759 1745 985 1801 illorum
1015 1748 1323 1814 sequuntur
1351 1755 1584 1809 errores,
1615 1739 1673 1794 in
1700 1739 1934 1796 desertis
1959 1745 2084 1796 tor-
2114 1714 2162 1775 Β
2198 1714 2320 1794 mus
2351 1738 2538 1807 (Num.
2598 1738 2663 1794 21
2721 1737 2881 1808 hujus
2925 1737 3041 1811 lib.)
3091 1714 3417 1811 punctiones
3444 1714 3791 1810 peccatorum

481 1837 726 1896 rentium
754 1834 1030 1903 habitant,
1053 1833 1111 1890 id
1139 1840 1222 1890 est
1251 1833 1310 1888 in
1327 1847 1517 1889 eorum
1547 1830 1941 1904 praedicatione
1961 1845 2090 1888 con-

483 1928 687 1998 ﬁdunt,
704 1942 936 2002 quorum
951 1924 1170 1999 eloquia
1183 1923 1593 1982 Catholicorum
1604 1921 1720 1994 jam
1736 1923 2089 1995 responsione

481 2027 538 2077 et
569 2015 996 2076 ratiocinatione
1023 2016 1227 2073 siccata
1253 2023 1404 2071 sunt.
1441 2013 1580 2088 [νει.
1616 2012 1743 2088 ΧΙ.]
1775 2011 1921 2082 Quid
1958 2029 2089 2070 vero

486 2107 641 2166 aliud
691 2121 954 2165 cavernas
1006 2114 1164 2161 terrae
1221 2119 1385 2177 quam
1427 2103 1674 2162 occultas
1702 2102 2089 2160 haereticorum

486 2197 908 2273 praedicationes
935 2194 1238 2267 accipimus
1256 2194 1286 2252 7
1315 2194 1405 2252 Sic
1423 2195 1572 2250 enim
1601 2192 1848 2250 haeretici
1871 2193 2016 2248 inter
2033 2207 2091 2249 se

489 2285 851 2345 clandestinis
877 2282 1284 2341 conventiculis
1311 2290 1516 2350 cceunt,
1560 2289 1623 2338 ut
1655 2280 1828 2338 errori
1867 2297 1967 2338 suo
1995 2295 2092 2336 re-

489 2378 816 2446 verentiam,
847 2391 1012 2450 quam
1042 2391 1112 2431 ex
1126 2375 1338 2431 ratione
1359 2390 1470 2429 non
1500 2373 1709 2441 valent,
1727 2373 2005 2446 praebeant
2021 2387 2090 2428 ex

490 2465 884 2534 occultatione,
914 2471 969 2520 et
998 2462 1237 2520 inﬁrmis
1265 2461 1556 2518 animabus
1597 2461 1884 2534 pravitatis
1912 2477 2092 2517 sermo

492 2562 648 2612 tanto
688 2552 1021 2610 reverendus
1057 2557 1336 2623 appareat,
1386 2556 1594 2622 quanto
1631 2557 1889 2606 secretus.
1938 2548 2093 2606 Unde

494 2644 642 2718 apud
670 2644 1018 2701 Salomonem
1051 2641 1250 2697 mulier
1277 2657 1347 2696 ex
1391 2647 1524 2712 typo
1553 2638 1822 2696 haereseos
1850 2641 1872 2674 ³
1901 2638 2094 2696 suadet

495 2735 718 2792 dicens:
750 2734 920 2805 Aqua:
959 2732 1180 2804 furtivae
1206 2730 1470 2786 dulciores
1499 2735 1642 2798 sunt,
1688 2735 1737 2784 et
1775 2728 1936 2800 panis
1962 2729 2094 2784 abs-

492 2823 732 2879 conditus
759 2821 978 2878 suavior
1007 2821 1195 2892 (Prov.
1227 2836 1308 2890 ιχ,
1343 2819 1454 2892 17).
1477 2818 1609 2886 Quae
1638 2817 1857 2874 occulta
1883 2816 2096 2874 scilicet

493 2911 922 2985 praedicamenta
949 2910 1250 2968 detestatur
1275 2907 1517 2976 Veritas,
1537 2907 1753 2964 dicens:
1788 2907 1846 2963 Si
1866 2907 1984 2978 quis
2010 2924 2093 2961 vo-

495 3001 575 3058 bis
601 3001 830 3058 dixerit:
864 3003 996 3059 Ecce
1023 3001 1106 3056 hic
1132 3006 1208 3057 est
1227 2999 1493 3064 Christus,
1521 3003 1617 3054 aut
1642 3014 1749 3053 ecce
1772 2997 1906 3062 illic,
1936 2997 2096 3052 nolite

2197 1826 2608 1899 intelligimus?
2645 1825 2788 1896 Quia
2813 1833 2995 1882 autem
3025 1842 3291 1898 perversa;
3320 1831 3532 1882 mentes
3555 1821 3792 1896 gaudent

2197 1915 2256 1971 in
2285 1914 2696 1989 iniquitatibus,
2727 1931 2864 1989 quas
2888 1914 3017 1971 ﬂere
3045 1914 3378 1984 debuerunt,
3407 1929 3598 1970 omnes
3623 1911 3792 1970 bare-

2195 2003 2294 2062 tici
2322 2012 2477 2062 tanto
2505 2021 2562 2061 se
2588 2007 2610 2042 ⁸
2639 2004 2792 2062 inani
2822 2005 3015 2063 latitia
3055 2005 3352 2073 extollunt,
3391 2011 3601 2078 quanto
3624 2003 3796 2076 magis

2198 2092 2268 2150 ad
2295 2091 2482 2166 pejora
2521 2093 2950 2161 convalescunt;
2999 2099 3164 2166 atque
3214 2107 3332 2148 esse
3387 2091 3491 2149 sub
3546 2092 3796 2150 sentibus

2199 2181 2428 2239 delicias
2458 2181 2744 2256 deputant,
2775 2183 2904 2256 quia
2930 2182 3060 2240 inde
3100 2197 3410 2255 perversam
3456 2188 3693 2238 mentem
3727 2181 3796 2238 ad

2199 2273 2458 2345 gaudium
2481 2272 2796 2341 sublevant,
2817 2271 2963 2328 unde
2985 2272 3170 2345 spinas
3189 2278 3538 2345 peccatorum
3552 2277 3792 2344 portant.

2199 2365 2335 2421 Nam
2365 2364 2411 2420 si
2443 2363 2664 2438 quando
2703 2363 2774 2420 ad
2817 2379 3060 2420 errorem
3100 2379 3260 2420 suum
3290 2363 3568 2419 valuerint
3594 2377 3799 2435 quem-

2200 2455 2347 2526 piam
2377 2454 2617 2523 trahere,
2646 2470 2762 2512 sese
2790 2470 2888 2528 per
2915 2454 3166 2510 laetitiam
3191 2453 3428 2526 jactant;
3461 2459 3624 2526 atque
3650 2451 3798 2508 unde

2201 2543 2306 2599 sibi
2336 2550 2558 2616 peccata
2584 2542 2855 2616 quotidie,
2884 2543 3051 2598 etiam
3078 2542 3218 2598 alios
3250 2539 3549 2614 perdenda,
3578 2554 3800 2610 congre-

2202 2640 2352 2704 gant,
2384 2631 2514 2688 inde
2543 2648 2599 2688 se
2629 2648 2744 2688 esse
2770 2631 2930 2704 quasi
2977 2631 3147 2690 duces
3195 2631 3264 2688 ad
3303 2630 3579 2704 justitiam
3604 2628 3800 2685 exsul-

2201 2728 2341 2776 tant.
2377 2721 2522 2776 Beue
2551 2736 2679 2792 ergo
2707 2720 2931 2776 dicitur:
2963 2721 3068 2788 Qui
3088 2721 3228 2776 inter
3255 2718 3616 2789 hujuscemodi
3646 2717 3802 2773 ltela-

2201 2811 2416 2874 bantur,
2446 2815 2494 2864 et
2511 2826 2618 2864 esse
2639 2809 2734 2864 sub
2754 2809 2984 2864 sentibus
3011 2809 3226 2864 delicias
3253 2807 3641 2879 computabant.
3665 2806 3798 2862 Tra-

2203 2898 2345 2955 hunt
2372 2897 2522 2953 enim
2545 2913 2683 2970 quos
2711 2897 2899 2953 valent
2944 2896 3013 2953 ad
3055 2895 3423 2969 perditionem
3472 2910 3650 2963 suam,
3687 2897 3708 2931 ⁷
3747 2903 3802 2952 et

2202 2989 2304 3045 sub
2333 2987 2570 3062 peccatis
2597 3003 2736 3056 esse,
2766 2987 2854 3044 vel
2887 2987 3068 3060 culpis
3111 2988 3304 3060 culpas
3342 2984 3541 3044 addere
3569 2985 3804 3044 credunt

494 3092 720 3148 credere.
745 3092 818 3148 Et
845 3107 1064 3148 rursum
1089 3107 1101 3147 :
1137 3089 1197 3147 Si
1223 3089 1462 3146 dixerint
1479 3087 1642 3143 vobis:
1660 3089 1793 3144 Ecce
1820 3087 1878 3142 in
1895 3087 2095 3143 deserto
2133 3071 2178 3132 Ο
2208 3093 2265 3134 se
2294 3076 2566 3135 Virtutum
2597 3077 2936 3151 opulentiam
2965 3077 3267 3134 cumulare.

495 3187 592 3246 est,
620 3181 783 3236 nolite
802 3181 980 3237 exire:
1029 3196 1135 3234 ecce
1161 3179 1220 3232 in
1249 3177 1636 3250 penetralibus,
1679 3176 1842 3232 nolite
1867 3177 2094 3234 credere.

499 3273 646 3330 Sicut
671 3270 808 3327 enim
837 3269 1070 3342 ‘fulgur
1094 3269 1205 3325 exit
1239 3268 1306 3324 ab
1337 3267 1568 3334 Oriente,
1595 3273 1646 3323 et
1666 3275 1823 3340 paret
1852 3285 2015 3341 usque
2040 3267 2100 3324 in

500 3359 846 3426 Occidentem,
876 3359 954 3416 ita
975 3359 1079 3416 erit
1104 3365 1154 3414 et
1176 3357 1434 3414 adventus
1465 3357 1599 3414 Filii
1625 3357 1852 3414 hominis
1882 3358 2094 3430 (Matth.

497 3466 661 3519 xxxv,
684 3450 774 3519 23,
789 3449 880 3519 26,
897 3450 1014 3522 27).
1031 3449 1146 3504 Hoc
1158 3447 1344 3522 itaque
1359 3447 1543 3504 illicin
1556 3447 2099 3522 penetralibus,un

501 3539 596 3596 hic
623 3537 830 3596 dicitur
881 3539 940 3594 in
981 3536 1255 3596 cavernis.
1305 3538 1370 3594 In
1413 3535 1667 3594 cavernis
1693 3553 1822 3608 ergo
1849 3535 2098 3592 haeretici

499 3627 776 3698 habitant,
823 3627 953 3702 quia
996 3627 1321 3701 plerumque
1371 3641 1611 3683 errorem
1660 3642 1822 3682 suum
1877 3623 2102 3682 secretis

499 3715 985 3790 praedicationibus
1038 3716 1340 3784 occultant,
1399 3723 1460 3771 ut
1495 3731 1604 3789 quo
1660 3730 1717 3770 se
1763 3713 2102 3772 doctioribus

499 3805 1058 3880 prudentioribusque
1087 3821 1200 3862 non
1228 3804 1498 3874 indicant,
1527 3821 1592 3861 eo
1621 3803 1689 3861 ad
1710 3819 1767 3860 se
1795 3803 2102 3860 vehemen-

499 3899 615 3956 tius
634 3896 920 3970 imperitos
947 3895 1192 3953 trahant.
1217 3895 1374 3953 Unde
1388 3895 1526 3952 bene
1541 3895 1708 3953 etiam
1736 3893 2097 3952 eubinfertur:

510 3989 600 4048 Vel
627 4003 785 4058 super
811 3987 1068 4058 glaream.
1113 3985 1368 4042 Glaream
1399 3985 1602 4058 quippe
1630 3983 1757 4040 illos
1785 3982 2105 4039 minutissi-

503 4093 624 4134 mos
667 4075 876 4149 lapides
920 4075 1159 4132 dicimus
1188 4077 1209 4111 ⁵
1241 4092 1382 4149 quos
1434 4090 1575 4147 aqua
1630 4071 1874 4128 ﬂuvialis
1910 4073 2100 4128 trahit.

505 4167 769 4223 Doctores
796 4163 966 4237 igitur
991 4180 1376 4237 perversorum
1419 4161 1739 4234 dogmatum
1777 4175 1941 4232 super
1982 4161 2106 4232 gla-

506 4268 656 4310 ream
685 4251 958 4322 habitant,
994 4254 1123 4328 quia
1151 4252 1277 4309 illas
1297 4251 1587 4308 hominum
1617 4255 1828 4304 mentes
1853 4246 2104 4316 trahunt,

506 4357 628 4416 quae
657 4341 811 4398 nulla
839 4341 1126 4416 gravitatis
1152 4339 1453 4398 stabilitate
1480 4336 1813 4406 solidantur,
1848 4352 1984 4412 quas
2014 4351 2104 4392 ve-

2619 3183 2848 3242 CAPUT
2877 3185 3009 3242 xw
3039 3182 3184 3258 [Rec.
3217 3182 3366 3258 XV].

2277 3273 2444 3331 Vens.
2474 3273 2738 3331 8.—Filii
2763 3275 3050 3330 stultorum
3072 3280 3120 3330 et
3145 3272 3478 3347 ignobilium,
3499 3278 3549 3328 et
3573 3271 3633 3328 in
3661 3277 3804 3328 terra

2201 3363 2412 3434 penitus
2438 3379 2547 3418 non
2570 3369 2838 3435 parentes.

2279 3451 2367 3508 25.
2395 3451 2646 3508 Parentes
2673 3452 3038 3509 haereticorum
3061 3451 3213 3508 stulti
3238 3458 3287 3507 et
3307 3449 3578 3522 ignobiles.
3598 3479 3671 3490 —
3687 3447 3807 3504 Eo-

2208 3557 2331 3597 rum
2371 3539 2632 3598 videlicet
2675 3539 2802 3610 ﬁlii,
2846 3541 2942 3614 qui
2985 3540 3212 3597 fuerunt
3257 3555 3508 3596 errorum
3537 3535 3804 3611 magistri.

2209 3628 2339 3685 Filii
2369 3629 2539 3702 igitur
2565 3629 2848 3698 dicuntur,
2884 3645 2998 3686 non
3027 3627 3097 3686 de
3135 3645 3327 3686 eorum
3357 3628 3588 3697 semine,
3619 3625 3715 3684 sed
3741 3625 3809 3683 de

2210 3717 2522 3776 imitatione
2576 3718 2839 3792 generati,
2890 3719 2987 3792 qui
3039 3718 3290 3776 docendo
3340 3732 3614 3790 perversa,
3655 3713 3811 3771 stulti

2211 3806 2436 3866 fuerunt
2463 3808 2956 3881 perignorantiam;
2981 3807 3225 3864 vivendo
3245 3805 3519 3878 nequiter,
3541 3803 3812 3876 ignobiles

2211 3914 2310 3970 per
2335 3899 2630 3954 actionem.
2662 3897 2770 3965 Qui
2798 3897 3152 3970 Redemptori
3182 3903 3372 3952 nostro
3399 3895 3555 3952 nulla
3580 3893 3813 3967 sapien-

2210 3987 2325 4056 tiae,
2354 3987 2508 4044 nulla
2537 3987 2666 4044 vita
2695 3986 3022 4060 cognatione
3065 3983 3351 4058 conjuncti
3385 3993 3534 4042 sunt.
3577 3985 3657 4042 De
3701 3999 3812 4058 quo

2212 4074 2523 4134 Salomonis
2552 4091 2687 4132 voce
2716 4074 2774 4130 in
2822 4073 2984 4131 laude
3025 4081 3228 4132 sanctae
3273 4072 3537 4131 Ecclesiae
3571 4072 3808 4131 dicitur:

2214 4164 2418 4224 Nobilis
2447 4165 2505 4220 in
2526 4165 2701 4237 portis
2728 4163 2816 4219 vir
2841 4164 2958 4236 ejus
2988 4163 3176 4237 (Prov.
3207 4179 3370 4233 xxxi,
3389 4163 3506 4237 23).
3532 4163 3601 4220 Hi
3629 4163 3814 4236 itaque

2213 4254 2342 4327 quia
2371 4269 2625 4326 perversa
2666 4251 2970 4310 errantium
3009 4253 3266 4327 exempla
3299 4251 3474 4310 secuti
3515 4259 3666 4322 sunt,
3713 4249 3821 4307 ﬁlii

2215 4343 2511 4399 stultorum
2556 4348 2611 4398 et
2665 4341 2997 4416 ignobilium
3037 4357 3156 4398 esse
3202 4349 3600 4399 memorantur.
3655 4341 3820 4399 Recte

507 4431 591 4488 lut
618 4430 686 4488 de
714 4432 836 4490 loco
863 4447 1078 4504 semper
1113 4431 1184 4487 ad
1230 4431 1410 4488 locum
1456 4427 1688 4486 ﬂumina
1715 4442 1962 4484 errorum
1993 4426 2106 4483 du-
2137 4433 2187 4494 D
2217 4437 2399 4488 autem
2428 4429 2816 4504 subjungitur:
2847 4432 2923 4488 Et
2941 4429 2999 4486 in
3033 4436 3179 4487 terra
3202 4430 3538 4503 penitusnon
3551 4435 3818 4502 parentes,

505 4527 660 4578 cunt.
691 4519 847 4578 Unde
875 4527 930 4577 et
967 4518 1294 4592 praedicator
1333 4517 1608 4590 egregius,
1655 4533 1783 4574 cum
1829 4515 2109 4574 auditores
2215 4521 2346 4593 quia
2373 4520 2506 4578 dum
2558 4521 2652 4580 hic
2698 4521 2878 4578 videri
2932 4520 3149 4596 aliquid
3195 4528 3464 4596 appetunt
3494 4521 3759 4578 nimirum
3789 4534 3822 4576 a
3914 4563 3926 4574 .

507 4625 638 4668 suos
665 4625 779 4667 non
807 4607 1186 4684 temporaliter
1207 4607 1360 4675 duci,
1399 4605 1494 4662 sed
1521 4605 1653 4662 forti
1682 4613 1906 4679 cuperet
1933 4604 2109 4678 gravi-

506 4707 619 4757 tate
646 4698 894 4768 solidari,
933 4695 1225 4755 admonuit
1267 4696 1489 4754 dicens:
1542 4697 1608 4755 Ut
1637 4695 1758 4766 jam
1792 4712 1900 4750 non
1944 4695 2110 4751 simus

501 4793 726 4864 parvuli
751 4795 1086 4864 ﬂuctuantes,
1115 4805 1207 4845 nec
1225 4789 1670 4859 circumferuntur
1687 4787 1832 4844 omni
1850 4795 2000 4844 vento
2019 4789 2108 4844 do-

509 4881 694 4938 ctrina:
727 4879 946 4954 (Ephes.
979 4895 1060 4948 IV,
1115 4877 1228 4950 14).
1279 4877 1479 4936 Sancta
1527 4878 1711 4952 itaque
1754 4877 1999 4934 Ecclesia
2040 4878 2110 4935 ab

2218 4621 2362 4671 terra
2391 4613 2700 4673 viventium
2729 4621 2980 4672 exsortes
3006 4612 3173 4670 ﬁunt.

2289 4703 2378 4760 26.
2409 4703 2612 4760 Eadem
2641 4703 2704 4759 de
2719 4702 3027 4774 carnalibus
3045 4701 3153 4758 dici
3172 4704 3396 4774 possunt
3421 4714 3538 4770 qua
3558 4696 3622 4752 de
3642 4695 3823 4752 heure—

2221 4791 2539 4850 ticis.-Sed
2559 4791 2664 4850 hoc
2691 4792 2840 4866 quod
2873 4791 2932 4848 in
2963 4789 3347 4847 haereticorum
3376 4793 3512 4860 typo
3547 4785 3820 4854 diximus,

2218 4880 2447 4938 omnino
2475 4880 2556 4937 nil
2578 4880 2757 4938 obstat
2783 4879 2830 4938 si
2853 4880 3020 4937 etiam
3044 4878 3113 4934 de
3141 4875 3413 4950 perversis
3427 4881 3591 4949 atque
3615 4889 3822 4932 carna-

509 4967 842 5029 adversariis
868 4967 938 5026 ad
967 4965 1250 5024 modicum
1279 4966 1554 5041 depressa,
1582 4983 1710 5024 cum
1739 4965 1846 5024 sibi
1877 4965 2111 5024 audaces
2219 4969 2366 5028 libus
2384 4969 2640 5044 quamvis
2667 4969 2725 5027 in
2745 4977 2893 5028 recta
2919 4968 3028 5027 ﬁde
3055 4965 3274 5042 positis,
3292 4964 3617 5025 sentiamus.
3631 4965 3823 5040 Neque

591 5240 607 5274 ¹
636 5239 754 5310 AL,
781 5240 939 5310 quasi
962 5239 1172 5296 testibus
1197 5238 1345 5297 solis.

587 5310 608 5344 ³
637 5309 875 5378 Gemet.,
894 5316 1172 5367 conantur.

588 5382 610 5415 ³
640 5379 852 5448 Germ.,
881 5381 1030 5436 vadit
1055 5381 1246 5438 dicens.

588 5451 609 5524 ξ
640 5453 703 5507 In
723 5457 955 5524 utroque
980 5451 1152 5508 Laud.
1183 5461 1237 5509 et
1273 5453 1334 5510 in
1361 5453 1487 5510 aliis
1517 5453 1916 5512 vetustioribus
1943 5453 2106 5520 Cod.,

514 5522 1034 5679 f‘l‘gfdlid'itisquos
1044 5609 1189 5679 agna
1197 5596 1470 5679 pluvialis.
1486 5595 1864 5679 _Ms_s.Vin_doo.
1874 5594 2057 5679 ,Qerm
2068 5637 2080 5650 .
2091 5636 2106 5662 ,

516 5664 746 5735 Turon.,
776 5664 1052 5732 Laudun.,
1080 5664 1294 5735 Norm.,
1323 5674 1456 5738 etc.,
1485 5668 1691 5729 habent
1717 5665 1972 5741 ﬂuvialis.

2289 5243 2310 5276 ⁸
2339 5239 2600 5310 Vindoc.,
2629 5237 2784 5295 inani
2809 5237 3005 5310 gloria.

2288 5283 3100 5388 "_
3129 5309 3393 5388 ope__h_Iss.
3439 5313 3497 5363 et
3523 5313 3633 5363 vet.
3667 5304 3818 5388 ﬁdit.

2215 5383 2277 5439 In
2306 5383 2434 5439 Mss.
2467 5383 2652 5438 Germ.
2683 5389 2738 5438 et
2766 5381 2824 5437 in
2839 5376 3822 5451 Edit.Gilotfaliisquesequentibus

2217 5453 2448 5526 legitur:
2481 5454 2558 5508 Et
2583 5469 2636 5508 se
2661 5453 2756 5508 sub
2772 5452 3000 5526 peccatis
3026 5468 3175 5508 esse..
3199 5447 3686 5526 non_credunt,_sed
3711 5447 3820 5502 vir-

2218 5517 2407 5605 tutum,
2435 5517 2949 5605 etc.,_sensu_'plane
2978 5521 3256 5605 contrario
3280 5521 3362 5605 “iis
3375 5535 3524 5605 mquaa
3575 5517 3810 5605 legimus

2219 5595 2276 5652 in
2303 5596 2458 5664 Mss,
2480 5590 2600 5652 om.
2628 5590 2873 5668 Anglic,
2901 5594 3118 5664 Norm.,
3146 5591 3346 5662 Laud.,
3375 5590 3609 5660 Turon.,
3636 5590 3744 5646 etc.
