4172 6184
340 270 444 327 153

1125 261 1497 321 MORALIUM
1537 262 1670 319 LIB.
1713 263 1841 320 XX.
1885 292 1952 305 —
1993 263 2066 320 IN
2103 261 2333 320 CAPUT
2373 263 2536 320 XXX
2575 265 2637 320 Β.
2679 263 2821 322 JOB.

3561 269 3659 326 154

341 395 498 452 enim
527 399 714 450 sancta
739 390 1038 447 electorum
1075 388 1320 446 Ecclesia
1363 391 1509 446 solos
1537 390 1644 446 sibi
1673 391 1939 446 adversa--
1967 389 2018 449 Α
2053 395 2442 463 conqueratur,
2459 388 2675 445 dicens:
2698 389 2894 445 Aliena
2920 390 3086 447 etiam
3107 391 3383 449 violenter
3397 393 3660 467 rapiendo

344 484 466 540 rios
495 482 714 555 deputat
738 479 832 552 qui
859 477 928 534 ab
955 477 1074 549 ejus
1102 478 1209 534 ﬁde
1239 479 1402 551 positi
1418 487 1573 536 extra
1593 479 1952 548 dissentiunt,

347 573 446 631 sed
477 589 565 628 eos
592 585 809 644 quoque
839 568 935 642 qui
969 568 1141 624 vitam
1174 569 1326 625 illius
1355 571 1495 625 male
1525 569 1768 625 vivendo
1799 569 1953 625 inte-

347 661 464 720 rius
489 668 766 735 premunt.
801 659 1219 732 Contempletur
1239 659 1406 733 igitur
1427 677 1670 718 aerumna
1690 660 1952 717 irruentis

345 750 694 810 adversitatis
722 749 948 818 afﬂicta,
979 749 1256 824 quomodo
1277 751 1655 824 prosperitatis
1674 769 1784 807 sua
1813 759 1948 808 tem-

343 859 469 917 pore
507 842 832 914 iniquorum
887 841 987 895 et‘
1025 841 1172 896 intra
1226 856 1283 896 se
1338 840 1647 896 viventium
1679 842 1948 914 pravitate

343 940 564 1007 gravata
604 933 699 988 sit.
733 930 1152 1002 Contempletur
1180 931 1326 1004 quod
1357 931 1706 1004 exigentibus
1738 933 1949 991 meritis

342 1021 734 1097 quorumdam,
763 1037 876 1078 non
909 1019 1114 1092 injuste
1145 1020 1202 1077 in
1234 1021 1329 1078 illa
1357 1022 1472 1078 vita
1492 1023 1708 1078 turbata
1736 1023 1808 1080 sit
1835 1041 1948 1079 om-

341 1113 522 1180 nium,
552 1119 608 1169 et
634 1111 811 1168 dicat:
849 1111 953 1179 Qui
981 1110 1234 1166 rodebant
1271 1111 1329 1166 in
1356 1113 1660 1179 solitudine,
1691 1115 1949 1185 squalen-

343 1210 410 1259 tes
439 1202 742 1259 calamitate
768 1207 817 1257 et
841 1197 1078 1255 miseria.
1100 1199 1253 1256 Sicut
1282 1201 1336 1256 in
1369 1202 1546 1275 prima
1575 1202 1742 1276 hujus
1770 1204 1951 1277 operis

341 1300 493 1366 parte
523 1291 783 1365 prafatus
820 1306 965 1358 sum,
991 1290 1012 1324 ³
1041 1305 1138 1361 per
1166 1290 1434 1347 virtutem
1461 1293 1950 1366 contemplationis

342 1399 743 1457 nonnunquam
773 1381 910 1438 solet
940 1379 1176 1453 intelligi
1197 1381 1437 1438 solitudo
1467 1383 1686 1440 mentis.
1711 1384 1816 1440 Sed
1845 1385 1951 1443 hoc

344 1469 402 1526 in
431 1471 555 1527 loco
573 1487 698 1527 cum
729 1468 972 1526 solitudo
994 1484 1090 1540 per
1107 1467 1544 1540 objurgationem
1566 1471 1792 1541 dicitur,
1815 1473 1949 1544 quid

340 1563 499 1619 aliud
528 1579 688 1635 quam
727 1561 860 1618 boni
891 1559 1179 1616 destitutio
1208 1559 1618 1618 demonstratur
1637 1562 1666 1618 Ῡ
1711 1563 1864 1620 Unde
1898 1571 1951 1619 et

341 1653 448 1708 sub
477 1652 674 1709 Judaa
704 1660 840 1725 typo
875 1650 1136 1706 Jeremias
1166 1651 1467 1723 peccatoris
1496 1653 1737 1709 animam
1765 1654 1948 1726 deplo-

2063 496 2172 534 non
2204 479 2479 547 roderent,
2512 478 2618 534 nisi
2650 479 2802 552 prius
2823 478 2928 551 ipsi
2960 479 3017 535 in
3047 481 3403 540 interioribus
3421 485 3537 542 suis
3557 486 3659 542 soli

2059 586 2124 626 ac
2152 570 2312 626 vacui
2343 587 2374 625 a
2403 570 2670 626 virtutum
2688 570 2905 625 cultura
2926 577 3289 628 remanerent.
3310 574 3456 630 Bene
3477 585 3659 634 autem

2059 675 2248 716 eorum
2273 662 2592 734 qualitatem
2623 661 2882 734 explicat,
2914 660 3134 717 dicens:
3164 664 3477 733 ,Squalentes
3504 670 3661 724 cala-

2060 752 2235 806 mitate
2262 757 2310 806 et
2336 751 2572 807 miseria.
2604 751 2772 822 .IEgra
2793 767 3028 824 namque
3053 767 3180 808 caro
3208 752 3254 808 si
3283 752 3526 810 studiose
3555 773 3663 812 cu-

2057 842 2164 898 rari
2196 841 2514 914 negligitur,
2537 841 2789 914 squalore
2809 840 3043 912 desuper
3063 840 3230 897 ducto
3248 841 3305 897 in
3335 841 3658 901 inﬁrmitate

2057 933 2300 990 deterius
2321 941 2608 1006 gravatur:
2641 940 2695 988 et
2723 933 2854 989 dum
2885 933 3185 990 calamitati
3203 933 3551 1005 agritudinis
3572 952 3661 991 ne-

2059 1023 2333 1096 gligentia
2372 1022 2590 1078 miseria
2637 1021 2881 1091 additur,
2915 1021 3133 1094 gravior
3175 1021 3427 1079 molestia
3469 1023 3662 1080 oborto

2057 1113 2310 1186 squalore
2338 1113 2623 1168 toleratur.

2129 1202 2219 1259 28.
2253 1204 2480 1259 Natura:
2501 1201 2883 1258 necessitatibus
2910 1203 3032 1273 plus
3045 1217 3193 1272 ecquo
3221 1201 3520 1269 servientes,
3549 1202 3663 1274 ejus

2057 1291 2393 1364 inﬁrmitates
2421 1308 2691 1362 augemus.
2721 1322 2790 1332 -—
2819 1293 3024 1348 Natura
3053 1290 3223 1362 igitur
3255 1290 3496 1348 humana
3525 1291 3662 1350 bene

2058 1381 2303 1449 condita,
2335 1380 2430 1436 sed
2459 1380 2528 1436 ad
2545 1380 2924 1436 inﬁrmitatem
2949 1380 3088 1436 vitio
3110 1381 3342 1453 propria
3363 1381 3664 1438 voluntatis

2058 1473 2228 1543 lapsa,
2264 1471 2321 1526 in
2352 1469 2718 1527 calamitatem
2745 1469 2968 1537 cecidit,
3001 1469 3131 1543 quia
3147 1486 3331 1542 pressa
3358 1470 3664 1526 innumeris

2059 1560 2501 1627 necessitatibus,
2525 1559 2666 1615 nihil
2697 1561 2754 1616 in
2786 1560 2887 1617 hac
2908 1561 3022 1616 vita
3043 1560 3148 1617 nisi
3171 1560 3317 1616 unde
3335 1559 3664 1631 aﬁligeretur

2057 1649 2294 1706 invenit.
2326 1649 2432 1705 Sed
2461 1665 2585 1706 cum
2607 1649 2812 1706 eisdem
2843 1658 3053 1707 natura
3082 1659 3284 1707 nostra
3315 1649 3664 1707 necessitati-

343 1750 448 1810 rat,
479 1742 703 1798 dicens:
741 1741 1009 1811 Quomodo
1037 1741 1175 1796 sedet
1199 1743 1314 1796 sola
1343 1742 1529 1798 civitas
1557 1744 1716 1813 plena
1744 1745 1945 1814 populo
1981 1757 2026 1816 Β
2059 1737 2164 1792 bus
2211 1739 2534 1809 plerquue
2577 1739 2598 1773 ⁸
2648 1738 2771 1810 plus
2812 1755 2975 1812 quam
3028 1739 3249 1811 expedit
3297 1737 3660 1805 deservimus,

348 1834 578 1902 (Thren.
604 1850 646 1898 ι,
680 1833 731 1903 1)
755 1832 783 1888 ?
828 1830 932 1888 Sed
961 1847 1086 1887 cum
1131 1847 1227 1904 per
1254 1831 1473 1888 beatum
1517 1831 1620 1889 Job
1657 1832 1723 1888 de
1767 1833 1952 1904 pravis

343 1921 556 1978 dicitur
579 1939 591 1976 :
620 1922 883 1978 Rodebant
896 1923 951 1977 in
966 1922 1270 1988 solitudine,
1291 1921 1422 1978 libet
1443 1923 1646 1980 intueri
1663 1922 1769 1980 hoc
1785 1923 1951 1980 etiam

341 2009 501 2083 quod
535 2026 630 2082 per
663 2011 1001 2069 Psalmistam
1033 2011 1243 2069 dictum
1287 2019 1405 2068 est:
1443 2013 1655 2070 Inimici
1696 2014 1809 2085 ejus
1839 2020 1955 2070 ter-

344 2115 468 2154 ram
507 2098 696 2171 lingent
725 2100 898 2172 (Psal.
929 2117 1086 2169 Lxxr,
1116 2101 1197 2173 9).

428 2192 574 2249 649
613 2189 701 2244 27.
735 2189 879 2263 [Vet.
916 2187 1075 2262 ΧΙΙ.]
1111 2189 1227 2246 Alii
1254 2191 1582 2257 adulatione,
1626 2191 1727 2248 alii
1765 2197 1953 2263 aperta

345 2283 400 2339 ci
426 2285 673 2340 avaritia;
693 2286 923 2341 student.
945 2317 1016 2328 —
1036 2288 1158 2342 Duo
1178 2287 1379 2360 quippe
1408 2296 1536 2344 sunt
1566 2304 1762 2360 genera
1779 2285 1955 2344 homi-

342 2391 478 2431 num
526 2376 819 2433 ambitioni
877 2394 992 2433 sua
1047 2378 1452 2435 servientium:
1513 2395 1686 2439 unum
1744 2377 1956 2434 videli-

340 2472 427 2522 cet
457 2466 606 2539 quod
661 2483 879 2539 semper
908 2466 977 2522 ad
1024 2467 1315 2522 avaritiam
1354 2468 1752 2523 blandimentis
1779 2467 1958 2523 utitur

341 2556 585 2627 lingua;
619 2556 772 2610 aliud
801 2571 937 2610 vero
989 2556 1135 2627 quod
1165 2564 1351 2628 aperta
1381 2557 1436 2610 vi
1468 2557 1706 2612 intendit
1733 2558 1954 2628 rapina.

333 2645 486 2701 Nam
521 2642 795 2710 rodimus,
836 2659 962 2698 cum
994 2643 1204 2715 aliquid
1235 2644 1482 2699 exterius
1509 2644 1633 2699 forti
1658 2645 1851 2700 adnisu
1881 2653 1957 2700 at-

338 2731 607 2789 terimus.
641 2729 932 2786 Lambitur
951 2730 1094 2786 enim
1127 2731 1347 2804 quando
1374 2731 1478 2788 hoc
1508 2732 1652 2804 quod
1681 2733 1766 2788 edi
1797 2733 1957 2790 facile

349 2837 462 2878 non
487 2825 689 2894 potest,
715 2818 980 2890 impressa
995 2818 1196 2890 lingua
1221 2819 1445 2874 lenitate
1464 2827 1728 2891 gustatur.
1755 2821 1958 2879 Omnes

348 2910 521 2981 igitur
578 2907 742 2963 etiam
792 2906 896 2963 sub
949 2907 1127 2980 specie
1161 2907 1289 2964 fidei
1331 2925 1496 2980 prave
1549 2910 1820 2981 viventes,
1861 2913 1956 2986 qui

350 2998 529 3053 aliena
556 3003 846 3069 appetunt,
877 2995 972 3052 sed
1001 3013 1062 3052 ea
1092 3012 1213 3070 qua
1243 3006 1508 3071 appetunt
1541 3016 1728 3072 rapere
1757 3017 1956 3075 nequa-

355 3103 515 3159 quam
552 3093 802 3159 possunt,
846 3086 1066 3143 blandis
1102 3095 1284 3144 autem
1315 3089 1662 3146 sermonibus
1702 3098 1755 3146 et
1800 3093 1953 3164 quasi
1993 3115 2037 3175 ρ

350 3175 582 3231 mollitie
611 3175 926 3232 dulcedinis
968 3177 1265 3249 concupita
1298 3177 1611 3234 abstrahere
1659 3189 1956 3248 conantur,

351 3263 487 3337 quid
503 3264 650 3320 aliud
671 3281 835 3338 quam
855 3272 1056 3322 terram
1079 3267 1332 3339 lingunt?
1346 3268 1474 3342 quia
1495 3277 1708 3325 terrena
1730 3287 1958 3344 quaque

353 3371 474 3427 qua
504 3352 710 3409 virtute
753 3361 1039 3426 nequeunt
1067 3353 1302 3422 auferre,
1335 3356 1567 3412 mollitie
1598 3357 1799 3430 lingua
1829 3374 1959 3414 mo-

361 3443 594 3499 liuntur.
627 3442 734 3509 Qui
790 3458 922 3498 vero
967 3443 1026 3498 in
1082 3443 1186 3500 hoc
1217 3444 1426 3502 mundo
1481 3445 1667 3518 aliqua
1697 3454 1960 3519 potestate

349 3531 561 3588 suﬁ'ulti
581 3539 732 3598 sunt,
763 3538 817 3586 et
849 3533 1298 3604 concupiscentes
1323 3533 1525 3603 aliena,
1556 3534 1797 3592 blandiri
1827 3536 1960 3609 qui-

349 3619 482 3675 dem
512 3635 581 3674 ex
611 3619 801 3675 fraude
821 3620 1154 3693 despiciunt,
1186 3621 1316 3696 quia
1345 3623 1511 3679 etiam
1534 3623 1742 3696 injusto
1763 3625 1959 3682 robore

347 3716 584 3784 possunt
641 3707 862 3781 implere
916 3711 1060 3784 quod
1117 3713 1337 3780 volunt,
1387 3711 1446 3768 bi
1494 3714 1644 3786 quod
1695 3722 1960 3787 appetunt

344 3815 463 3856 non
497 3798 767 3869 lambunt,
811 3799 903 3857 sed
930 3803 1157 3873 rodunt,
1213 3802 1476 3876 quoniam
1525 3804 1958 3878 propinquorum

344 3890 521 3946 vitam
546 3889 873 3963 fortitudine
895 3892 1101 3948 virium
1120 3893 1272 3948 velut
1291 3891 1490 3948 adnisu
1511 3892 1760 3950 dentium
1777 3894 1959 3954 demo-

349 3981 578 4038 liuntur.
604 3981 924 4054 Conspiciat
951 3981 1136 4056 itaque
1157 3991 1346 4042 sancta
1367 3984 1615 4041 Ecclesia
1635 4001 1790 4042 veras
1819 3986 1959 4043 divi-

349 4071 487 4127 tias3
519 4079 738 4127 aeterna
765 4071 987 4144 patria;
1021 4056 1346 4145 conspiciat.
1365 4069 1731 4146 frequentiam
1761 4092 1963 4147 super-

350 4175 546 4215 norum
577 4159 828 4226 civium;
861 4161 1168 4233 conspiciat
1218 4161 1277 4217 in
1317 4161 1506 4218 electis
1553 4161 1704 4218 suis‘
1745 4165 1958 4220 cultum

351 4247 574 4316 mentis,
605 4255 660 4303 et
699 4248 1194 4307 innumerabilium
1245 4251 1391 4308 bona
1445 4251 1740 4320 virtutum,
1797 4261 1959 4326 atque

351 4333 420 4390 ab
448 4335 528 4391 eis
574 4334 644 4390 ad
672 4351 971 4408 pravorum
1001 4338 1174 4394 vitam
1233 4338 1385 4394 omni
1420 4338 1566 4396 bono
1613 4339 1957 4410 destitutam,

351 4423 558 4479 mentis
584 4425 803 4481 oculum
824 4434 1082 4494 revocet;
1115 4435 1167 4483 et
1195 4444 1267 4484 ex
1295 4427 1519 4485 illorum
1550 4429 1958 4501 comparatione

351 4509 543 4567 videat
570 4513 803 4584 qualiter
831 4514 935 4571 ista
961 4515 1176 4572 cunctis
1195 4515 1498 4573 virtutibus
1524 4517 1597 4574 sit
1612 4534 1808 4588 vacua,
1830 4519 1960 4594 quia

352 4616 589 4672 superna
619 4601 878 4674 deseruit,
908 4612 962 4661 et
991 4605 1183 4661 inﬁma
1211 4607 1550 4680 concupivit.
1583 4608 1784 4665 Videat
1811 4627 1961 4683 quo—

353 4690 514 4748 modo
542 4691 866 4768 plerumque
896 4695 952 4752 id
982 4694 1131 4769 quod
1161 4695 1391 4768 appetit,
1414 4695 1461 4752 si
1495 4697 1725 4754 fortasse
1755 4714 1958 4770 prava-

352 4780 450 4849 let,
476 4781 638 4840 etiam
678 4784 951 4842 violenter
977 4786 1142 4860 rapit.
1185 4785 1384 4843 Videat
1414 4786 1550 4843 tales
1577 4789 1600 4825 ⁸
1632 4788 1786 4861 quasi
1816 4788 1961 4846 intra

351 4888 408 4927 se
430 4872 632 4944 positos
651 4875 750 4932 diu
765 4877 1048 4946 tolerasse,
1071 4884 1232 4950 atque
1262 4892 1332 4932 ex
1360 4892 1552 4933 eorum
1582 4878 1761 4950 culpis
1789 4895 1960 4952 usque

352 4961 420 5016 ad
447 4961 719 5021 bonorum
751 4981 970 5040 quoque
999 4966 1242 5039 pericula
1279 4981 1343 5022 ac
1396 4965 1728 5023 detrimenta
1755 4984 1962 5041 perve-

351 5051 518 5122 nisse,
540 5062 594 5111 et
615 5055 797 5113 dicat:
830 5057 934 5126 Qui
949 5057 1200 5114 rodebant
1218 5057 1276 5113 in
1293 5057 1684 5114 solitudine.Ac
1712 5057 1758 5114 si
1775 5066 1961 5131 aperte

428 5288 442 5321 ¹
475 5287 678 5346 Pratel.
711 5305 776 5346 ac
803 5288 1041 5358 Gemet.,
1069 5288 1215 5345 intra
1242 5287 1585 5344 swvientium.

423 5358 446 5392 ³
476 5359 676 5431 Laud,
706 5359 872 5418 Corb.
904 5360 1113 5429 Germ.,
1163 5361 1376 5429 Norm.,
1406 5367 1536 5428 etc.,
1579 5375 1683 5431 pro
1741 5358 1950 5416 virtute.

425 5431 445 5504 ?
475 5430 732 5504 Plurimi,
762 5438 971 5488 aeternae
993 5432 1198 5504 gloriae.

425 5503 446 5534 ‘
477 5501 742 5571 Vindoc.,
773 5505 977 5559 culmen
997 5501 1208 5558 mentis.

420 5573 448 5646 ξ
477 5572 740 5646 Vindoc.,
763 5576 919 5646 quasi
946 5573 1491 5646 interpositos._Corb.
1525 5574 1736 5643 Germ.,
1763 5574 1951 5631 Norm.

344 5651 404 5717 et
424 5643 627 5717 Laud,
659 5643 834 5703 videat
862 5648 992 5702 tales
1028 5643 1261 5717 se'quasi
1301 5644 1447 5717 intra
1479 5647 1698 5717 positos.
1741 5646 1953 5715 Germ.,

347 5715 530 5772 videat
552 5719 682 5774 tales
699 5735 806 5776 esse
823 5718 978 5791 quasi
991 5719 1048 5774 in
1068 5715 1214 5774 terra
1235 5715 1454 5789 positos.
1481 5715 1651 5775 Gilot.
1684 5717 1752 5774 ad
1781 5734 1951 5791 marg.

2063 1827 2371 1898 mentisque
2399 1842 2585 1882 curam
2608 1827 2957 1899 negligimus,
2980 1845 3048 1885 ex
3073 1829 3292 1885 miseria
3318 1827 3666 1900 negligentia

2061 1915 2375 1972 inﬁrmitati
2407 1923 2606 1971 nostra
2629 1915 2885 1972 addimus
2907 1917 3215 1988 squalorem
3246 1917 3441 1988 culpa.
3464 1917 3660 1973 Neces-

2061 2005 2250 2060 sitates
2277 2020 2514 2076 namque
2544 2005 2819 2060 naturales
2848 2005 2952 2061 hoc
2973 2005 3171 2061 habere
3201 2005 3362 2060 valde
3389 2005 3662 2077 periculo-

2063 2113 2185 2152 sum
2224 2095 2425 2163 solent,
2459 2095 2606 2167 quod
2634 2112 2775 2168 sape
2837 2095 2894 2151 in
2951 2095 3030 2151 eis
3071 2095 3298 2151 minime
3327 2094 3664 2152 discernitur

2063 2184 2197 2257 quid
2218 2183 2364 2240 circa
2385 2184 2509 2239 illas
2541 2201 2635 2257 per
2660 2183 2920 2240 utilitatis
2940 2183 3184 2240 studium
3208 2192 3261 2240 et
3288 2184 3424 2258 quid
3453 2201 3548 2257 per
3574 2201 3668 2241 vo-

2063 2272 2293 2344 luptatis
2349 2272 2550 2328 vitium
2586 2281 2805 2344 agatur.
2851 2272 3056 2330 Crebro
3083 2273 3231 2328 enim
3263 2273 3546 2330 occasione
3573 2289 3669 2330 se-

2063 2360 2344 2417 ductionis
2374 2361 2620 2431 inventa,
2653 2362 2784 2417 dum
2814 2361 3124 2420 necessitati
3153 2361 3336 2418 debita
3364 2362 3667 2429 reddimus,

2067 2451 2368 2524 voluptatis
2395 2452 2536 2507 vitio
2565 2452 2932 2520 deservimus,
2959 2461 3012 2507 et
3034 2450 3375 2507 inﬁrmitatis
3396 2451 3668 2508 velamine

2067 2553 2193 2600 ante
2218 2543 2568 2600 discretionis
2598 2543 2786 2598 oculos
2832 2543 3116 2599 excusatio
3145 2550 3332 2598 nostra
3369 2559 3428 2599 se
3456 2543 3666 2615 palliat,

2066 2652 2128 2692 ac
2156 2635 2310 2707 quasi
2339 2634 2444 2690 sub
2473 2633 2781 2707 patrocinio
2800 2633 3085 2706 explenda
3120 2633 3378 2689 utilitatis
3407 2635 3666 2691 occultat.

2067 2723 2449 2780 Inﬁrmitatem
2506 2740 2637 2780 vero
2668 2731 2876 2779 natura
2905 2731 3109 2780 nostra
3149 2739 3250 2795 per
3280 2724 3668 2796 negligentiam

2067 2817 2334 2883 relaxare,
2365 2815 2507 2870 nihil
2554 2823 2632 2870 est
2661 2814 2812 2871 aliud
2840 2831 3003 2888 quam
3050 2815 3357 2872 calamitati
3391 2815 3668 2872 miseriam

2068 2903 2288 2972 addere,
2319 2921 2382 2960 ac
2421 2903 2684 2959 vitiorum
2734 2904 3043 2975 squalorem
3098 2919 3168 2958 ex
3214 2903 3406 2959 eadem
3447 2903 3671 2960 miseria

2069 2993 2459 3064 multiplicare.
2519 2992 2673 3048 Unde
2701 2992 2878 3049 sancti
2911 2992 3016 3047 viri
3050 2991 3107 3046 in
3137 3008 3303 3048 omne
3331 2992 3478 3064 quod
3502 3000 3673 3064 agunt

2066 3081 2471 3138 studiosissima
2509 3080 2815 3136 intentione
2869 3081 3213 3148 discernunt,
3245 3085 3390 3144 650
3433 3097 3502 3137 ne
3539 3080 3672 3154 quid

2069 3181 2191 3252 plus
2216 3180 2285 3236 ab
2314 3179 2392 3237 eis
2437 3187 2646 3236 natura
2676 3196 2787 3236 sua
2845 3179 3162 3248 inﬁrmitas,
3221 3197 3383 3254 quam
3439 3178 3672 3236 debetur

2069 3271 2280 3342 exigat,
2304 3287 2371 3327 ne
2400 3270 2502 3326 sub
2532 3269 2871 3326 necessitatis
2890 3269 3130 3341 tegmine
3151 3269 3209 3325 in
3243 3269 3321 3326 eis
3349 3269 3548 3326 vitium
3580 3284 3672 3326 vo-

2069 3361 2298 3433 luptatis
2327 3367 2626 3418 excrescat.
2660 3359 2828 3416 Aliud
2857 3359 3006 3415 enim
3037 3375 3105 3415 ex
3143 3358 3486 3428 infirmitate,
3515 3357 3668 3416 aliud

2067 3465 2137 3505 ex
2167 3448 2489 3505 tentationis
2508 3449 2852 3522 suggestione
2873 3448 3166 3513 sustinent;
3199 3456 3253 3504 et
3273 3447 3426 3521 quasi
3447 3446 3672 3520 quidam

2069 3537 2400 3594 rectissimi"
2438 3538 2630 3594 arbitri
2679 3538 2825 3594 inter
2872 3537 3259 3597 necessitatem
3297 3537 3677 3610 voluptatem-

2069 3643 2174 3699 que
2203 3627 2518 3692 constituti,
2553 3627 2573 3661 ⁸
2610 3627 2754 3684 hanc
2789 3627 3132 3684 consolando
3181 3626 3495 3696 sublevant,
3519 3626 3672 3684 illam

2069 3717 2366 3788 premendo
2394 3717 2633 3774 frenant.
2663 3716 2817 3774 Unde
2846 3716 2910 3772 ﬁt
2938 3725 2999 3774 ut
3025 3725 3079 3773 et
3111 3717 3156 3773 si
3188 3716 3534 3774 inﬁrmitatis
3562 3733 3673 3773 sua

2069 3805 2435 3861 calamitatem
2481 3805 2735 3872 tolerent,
2787 3812 2967 3860 tamen
3004 3805 3072 3860 ad
3101 3807 3410 3876 squalorem
3441 3803 3674 3859 miseria

2070 3909 2165 3966 per
2193 3891 2583 3964 negligentiam
2614 3907 2726 3948 non
2755 3891 3110 3947 descendant.
3166 3892 3283 3948 Hoc
3313 3891 3494 3961 ipsum
3523 3890 3672 3947 enim

2070 3997 2187 4038 esse
2215 3980 2274 4037 in
2302 3979 2634 4048 calamitate,
2665 3987 2749 4037 est
2776 3978 3131 4037 necessitates
3159 3985 3367 4034 natura
3395 3993 3465 4034 ex
3492 3977 3674 4036 carnis

2070 4071 2178 4128 adh
2187 4088 2256 4129 uc
2270 4069 2647 4143 corruptibilis
2669 4069 2994 4127 inﬁrmitate
3006 4068 3295 4126 sustinere.
3315 4069 3460 4137 Quas
3478 4068 3671 4126 videli-

2072 4169 2157 4218 cet
2187 4161 2538 4219 necessitates
2589 4160 2848 4234 cupiebat
2896 4159 3150 4228 evadere,
3190 4159 3286 4232 qui
3315 4157 3565 4216 dicebat:
3599 4159 3677 4216 De

2071 4252 2460 4310 necessitatibus
2487 4252 2616 4308 meis
2643 4252 2883 4324 eripeme
2914 4251 3088 4323 (Psal.
3120 4266 3281 4317 XXIV,
3314 4250 3428 4321 17).
3460 4247 3676 4306 Sciebat

2069 4343 2216 4400 enim
2248 4342 2576 4415 plerumque
2606 4342 2951 4415 voluptatum
2981 4341 3172 4412 culpas
3190 4355 3260 4396 ex
3288 4337 3674 4397 necessitatum

2071 4431 2363 4489 occasione
2392 4446 2779 4504 prorumpere;
2812 4438 2867 4486 et
2909 4445 2978 4485 ne
3007 4428 3142 4502 quid
3187 4435 3382 4501 sponte
3410 4427 3670 4485 illicitum

2077 4519 2416 4587 admitteret,
2448 4519 2554 4575 hoc
2582 4519 2762 4592 ipsum
2793 4518 3068 4590 satagebat
3094 4517 3280 4589 evelli,
3307 4517 3456 4592 quod
3483 4517 3676 4574 nolens

2067 4628 2138 4669 ex
2166 4610 2352 4668 radice
2397 4610 2681 4667 tolerabat.

2139 4701 2227 4759 29.
2255 4699 2540 4767 Carnutes,
2568 4700 2696 4756 dum
2717 4699 3010 4757 necessitati
3035 4699 3250 4774 obsequi
3274 4699 3542 4765 videntur,
3587 4713 3672 4753 oo-

2073 4791 2265 4865 luptati
2287 4791 2545 4848 serviimt.
2583 4791 2792 4850 Utinam
2815 4791 3004 4865 pravis
3046 4808 3190 4847 mors
3217 4807 3317 4847 sua
3343 4791 3458 4846 sola
3483 4789 3675 4858 sufﬁce-

2071 4883 2349 4940 ret—At
2375 4890 2569 4940 contra
2623 4882 2778 4956 pravi
2811 4882 3049 4957 gaudent
3091 4881 3150 4938 in
3197 4879 3276 4936 eis
3303 4875 3678 4948 corruptionis

2071 4990 2184 5029 sua
2214 4972 2657 5039 necessitatibus,
2688 4973 2818 5047 quia
2845 4972 3113 5030 nimirum
3144 4985 3236 5025 eas
3271 4966 3341 5023 ad
3369 4980 3529 5022 usum
3558 4980 3671 5021 vo-

2072 5062 2349 5134 luptatum
2379 5069 2717 5134 retorquent.
2751 5061 2888 5120 Cum
2905 5060 3054 5118 enim
3076 5053 3386 5114 reﬁciendis
3403 5052 3530 5110 cibo
3555 5069 3672 5111 cor-

2061 5288 2351 5346 annotavit
2388 5289 2445 5343 in
2479 5295 2645 5352 terra,
2688 5303 2787 5352 pro
2824 5286 2993 5342 intra.

2134 5362 2156 5396 ⁶
2186 5361 2334 5432 Sag.,
2374 5361 2612 5426 Gemet.,
2642 5354 2866 5414 Ebroic.
2911 5364 2966 5413 et
3012 5354 3109 5411 alii
3137 5355 3353 5425 Norm.,
3380 5357 3664 5428 plusquam

2062 5436 2593 5582 ηῗεεὲετῗξᾷθηῃπ
2616 5499 2733 5582 duo
2748 5498 2917 5582 Laud.
2949 5506 3003 5580 et
3019 5499 3230 5580 Germ,
3250 5499 3498 5566 arbitres,
3513 5498 3664 5582 quod

2062 5572 2360 5648 aliquando
2398 5572 2455 5628 in
2486 5571 2610 5627 aliis
2649 5578 2758 5627 vet.
2792 5570 2926 5628 Cod.
2961 5570 3276 5627 invenimus
3291 5587 3412 5698 [pro
3439 5570 3658 5650 arbitri.

2138 5647 2159 5682 ⁸
2184 5645 2346 5705 Corb.
2379 5645 2634 5702 Germ.et
2663 5642 2860 5705 Laud..
2891 5645 3028 5700 hanc
3046 5643 3290 5699 consulen
3367 5686 3381 5700 .
3405 5639 3658 5705 Vindoc.,

2185 5682 2346 5705 υυιυ.
2379 5682 2634 5702 ww..."
2663 5682 2860 5712 mum,
2891 5682 3028 5700 ..μην
3046 5682 3381 5700 υνπηηπ.
3423 5682 3667 5708 ...........,

2065 5719 2199 5776 hanc
2225 5716 2470 5802 solvendo
2501 5715 2792 5774 sublevant.
