4172 6184
544 243 646 300 155

1752 237 2004 294 SANCTI
2042 237 2380 296 GREGORII
2417 239 2646 298 MAGNI

3749 249 3849 308 156

541 363 769 440 poribus
791 369 1004 420 natura
1029 363 1302 432 serviunt,
1331 378 1428 436 per
1455 363 1874 421 delectationem
1903 363 2044 436 gulaa
2071 365 2131 421 in
2161 366 2211 426 A
2238 363 2490 420 sionibus
2518 363 2577 420 in
2605 365 2894 423 nonnullis
2915 368 2937 402 ⁸
2967 367 3246 426 exteriora
3259 383 3445 442 opera,
3467 369 3528 428 in
3557 375 3850 432 nonnullis

541 455 840 529 voluptatis
855 455 1102 529 ingluvie
1122 453 1528 511 distenduntur.
1547 453 1685 512 Cum
1707 453 1954 526 tegendis
1968 470 2134 510 mem-

537 547 652 604 bris
677 547 1004 604 vestimenta
1028 552 1303 618 quaerunt,
1325 560 1438 601 non
1457 545 1636 601 solum
1659 561 1778 618 quas
1805 553 2010 616 tegant,
2041 545 2135 602 sed

535 636 701 692 etiam
721 652 843 708 quas
870 634 1142 691 extollant
1179 641 1482 706 expetunt;
1528 641 1583 689 et
1635 641 1829 690 contra
1856 641 2132 707 torporem

535 726 775 799 frigoris,
807 741 918 782 non
947 725 1127 782 solum
1157 741 1277 798 quae
1305 741 1400 797 per
1429 723 1819 797 pinguedinem
1855 725 2130 794 muniant,

533 815 812 875 sedetiam
841 831 963 890 quis
991 832 1088 888 per
1129 815 1420 872 mollitiem
1449 815 1722 871 delectent
1743 822 1779 883 ;'
1811 832 1922 872 non
1952 817 2130 874 solum

533 923 653 979 qua
681 921 777 980 per
805 905 1097 962 mollitiem
1127 913 1333 962 tactum
1363 906 1662 972 mulceant,
1692 905 1786 960 sed
1813 905 1979 961 etiam
2009 923 2130 978 qua

531 1013 627 1070 per
653 999 896 1056 colorem
925 997 1114 1055 oculos
1129 997 1410 1053 seducant.
1434 995 1784 1052 Necessitatis
1809 995 1982 1066 igitur
2005 1013 2128 1053 cau-

528 1104 644 1145 sam
674 1087 734 1144 in
763 1104 922 1144 usum
953 1086 1254 1160 voluptatis
1274 1092 1505 1154 vertere,
1529 1085 1663 1160 quid
1682 1093 1764 1142 est
1782 1085 1934 1143 aliud
1963 1103 2126 1160 quam

535 1181 550 1215 ¹
582 1178 884 1236 calamitati
913 1193 1027 1234 suae
1054 1176 1364 1250 squalorem
1395 1175 1629 1233 miseriae
1649 1175 1856 1232 sociare
1877 1177 1906 1234 ?
1938 1177 2127 1235 Pressa

527 1270 713 1344 itaque
751 1278 997 1342 tempore
1033 1269 1383 1326 adversitatis
1422 1269 1693 1338 Ecclesia,
1741 1267 2126 1327 reminiscatur

525 1377 721 1418 eorum
749 1375 821 1417 ex
848 1376 1083 1434 quorum
1132 1359 1332 1417 merito
1372 1359 1504 1416 talia
1549 1359 1805 1430 sustinet,
1852 1367 1907 1417 et
1934 1361 2118 1419 dicat:

527 1449 633 1519 Qui
666 1450 924 1507 rodebant
961 1449 1022 1505 in
1048 1449 1355 1508 solitudine.
1392 1453 1688 1522 squalentes
1719 1451 2034 1508 calamitate
2075 1458 2125 1508 et

522 1543 759 1598 miseria.
792 1540 1113 1599 Calamitate
1140 1540 1352 1597 scilicet
1378 1556 1489 1596 non
1511 1541 1842 1612 squalerent,
1859 1541 1880 1576 ³
1909 1543 1954 1598 si
1977 1543 2124 1599 insi-

523 1630 596 1688 tis
622 1629 1042 1687 necessitatibus
1071 1630 1418 1700 voluptatum
1441 1628 1718 1683 miseriam
1737 1645 1848 1685 non
1864 1637 2122 1704 superad.

2244 461 2428 510 autem
2458 470 2556 526 per
2582 471 2733 528 spem
2777 457 3016 514 virentia
3044 459 3210 516 corda
3236 459 3598 534 dissipabaut.

2315 544 2404 600 31.
2435 545 2624 617 Aliqui
2650 548 2766 603 sola
2793 548 3008 604 virtutis
3035 550 3218 622 specie,
3236 551 3393 622 quasi
3417 553 3613 609 cortice
3639 571 3847 611 vescun-

2245 639 2353 690 tur.
2383 664 2454 674 —
2475 634 2576 689 Vel
2605 642 2748 690 certe
2779 634 2976 692 herbas
3001 637 3259 694 mandere
3287 647 3390 708 est,
3421 639 3568 697 levia
3597 642 3848 716 quaedam

2241 736 2305 778 ac
2332 729 2520 778 tenera
2539 723 2606 778 de
2631 725 2874 799 antiquis
2894 726 3142 798 patribus
3160 727 3386 784 imitari.
3416 729 3695 788 Arborum
3717 749 3850 792 vero

2241 810 2474 868 cortices
2502 812 2662 869 edere
2692 821 2774 870 est
2801 831 2993 886 eorum
3023 833 3190 890 opera
3219 817 3508 891 superﬁcie
3536 828 3700 880 tenus
3727 839 3849 898 age-

2240 915 2320 969 re,
2351 901 2446 957 sed
2475 902 2839 959 intentionem
2870 913 3079 962 rectam
3122 906 3182 962 in
3209 906 3416 964 eisdem
3445 910 3707 982 operibus
3734 929 3850 970 non

2241 996 2444 1048 tenere.
2466 992 2606 1049 Sunt
2623 993 2774 1050 enim
2794 995 3075 1064 nonnulli,
3097 997 3191 1070 qui
3204 997 3337 1054 dum
3351 1001 3636 1070 praesentis
3648 1000 3846 1058 mundi

2237 1080 2466 1152 gloriam
2497 1081 2742 1155 ejusdem
2773 1083 2966 1140 mundi
2991 1085 3304 1144 actionibus
3332 1086 3564 1160 adipisci
3594 1105 3707 1147 non
3727 1107 3843 1163 pos-

2233 1183 2384 1242 sunt,
2417 1176 2655 1250 speciem
2697 1177 3006 1234 sanctitatis
3051 1187 3335 1252 appetunt,
3375 1179 3630 1239 habitum
3669 1199 3846 1241 vene-

2214 1265 2466 1323 rationis
2517 1275 2768 1336 sumunt,
2827 1267 3136 1326 imitatores
3190 1268 3548 1343 antiquorum
3617 1281 3836 1346 patrum

2233 1354 2411 1411 videri
2444 1357 2872 1430 concupiscunt,
2917 1366 2976 1414 et
3017 1358 3268 1434 quaedam
3315 1358 3541 1433 quidem
3580 1377 3747 1435 parva
3778 1379 3843 1421 ac

2233 1441 2380 1498 levia
2407 1453 2698 1516 peragunt,
2747 1446 2840 1502 sed
2869 1463 3061 1504 eorum
3101 1447 3288 1517 fortia,
3321 1455 3378 1505 et
3423 1465 3543 1523 quae
3571 1466 3641 1507 ex
3667 1452 3842 1510 solius

2231 1530 2518 1588 cbaritatis
2543 1532 2727 1589 radice
2756 1535 3049 1606 prodeunt,
3089 1535 3298 1592 imitari
3357 1544 3740 1596 contemnunt.
3773 1541 3843 1597 Hi

2230 1625 2492 1683 videlicet
2538 1626 2735 1684 herbas
2779 1628 2971 1698 edunt,
3029 1629 3158 1704 quia
3200 1647 3396 1703 magna
3448 1633 3757 1706 negligunt,
3785 1647 3840 1695 et

521 1719 732 1777 derent.
755 1722 902 1788 Quas
923 1719 1179 1774 videlicet
1208 1718 1560 1774 necessitates
1587 1736 1657 1775 ex
1687 1723 1928 1793 parentis
1955 1726 2121 1798 primi
2156 1728 2202 1790 Β
2228 1715 2438 1772 vilibus
2465 1718 2756 1774 satiantur.
2789 1719 3116 1794 Plerumque
3147 1728 3331 1778 tamen
3359 1721 3526 1778 etiam
3579 1723 3831 1797 quaedam

519 1812 682 1883 culpa
695 1809 1021 1866 meruimus.
1047 1807 1116 1864 Hi
1133 1824 1264 1864 vero
1285 1809 1380 1882 qui
1397 1809 1698 1866 calamitati
1715 1828 1827 1869 suae
1845 1814 2124 1874 miseriam

519 1899 849 1972 adjungunt,
877 1915 947 1955 ex
967 1898 1216 1957 cruciatu
1244 1915 1417 1971 poene
1445 1898 1514 1954 ad
1541 1909 1834 1972 augmenta
1859 1920 2127 1976 prorum-

519 1997 660 2063 punt
687 1991 882 2062 culpae.
923 1989 1030 2046 Sed
1057 1988 1271 2046 utinam
1311 1989 1447 2046 tales
1475 2005 1602 2046 cum
1649 1990 1718 2047 ad
1764 1993 1962 2052 melius
1988 2013 2124 2070 per-

519 2080 726 2138 mutari
753 2079 1086 2152 despiciunt,
1123 2079 1200 2136 ita
1241 2096 1497 2153 perversa
1532 2088 1774 2153 agerent,
1819 2091 1881 2140 ut
1918 2102 2031 2143 non
2059 2104 2123 2146 ea

517 2168 683 2224 etiam
713 2167 840 2224 aliis
865 2167 1241 2240 propinarent.
1287 2167 1509 2225 Utinam
1545 2168 1658 2226 illis
1702 2187 1852 2228 mors
1879 2189 1978 2229 sua
2004 2176 2121 2233 sola

517 2257 814 2326 sufﬁceret,
844 2263 900 2313 et
943 2272 1057 2314 non
1087 2256 1381 2314 virulentis
1409 2259 1854 2330 persuasionibus
1881 2261 2117 2321 alienam

515 2346 681 2404 etiam
712 2347 882 2404 vitam
913 2353 1189 2404 necarent.
1220 2346 1478 2403 Invident
1501 2347 1650 2404 enim
1679 2349 1817 2406 alios
1835 2366 1950 2407 esse
1971 2351 2119 2424 quod

516 2452 627 2493 non
657 2444 810 2505 sunt,
839 2435 1030 2492 dolent
1069 2436 1208 2493 alios
1236 2435 1472 2508 adipisci
1503 2437 1652 2510 quod
1690 2439 1947 2510 perdunt.
1979 2442 2116 2498 Nam

513 2525 561 2583 si
585 2543 695 2601 qua
722 2526 863 2584 forte
882 2525 942 2582 in
970 2525 1207 2581 aliorum
1235 2525 1450 2582 actibus
1475 2526 1682 2582 exoriri
1716 2527 1862 2585 bona
1887 2531 2118 2602 conspi-

511 2617 690 2687 ciunt,
721 2633 854 2674 mox
881 2632 945 2674 ea
974 2632 1142 2672 manu
1187 2615 1457 2688 pestiferae
1487 2616 1930 2688 exprobrationis
1957 2621 2115 2676 evel-

511 2707 655 2764 lunt.
705 2706 860 2766 Unde
904 2713 960 2762 et
987 2705 1238 2778 sequitur
1281 2704 1421 2780 [Vet.
1452 2705 1661 2780 XIII]:
1694 2707 1770 2762 Et
1794 2709 2118 2766 mandebant

511 2797 722 2863 herbas,
759 2802 809 2852 et
833 2795 1092 2852 arborum
1119 2796 1352 2852 cortices.

581 2885 671 2943 30.
701 2885 1013 2958 Incipientes
1041 2890 1090 2941 et
1114 2884 1174 2940 in
1201 2884 1332 2941 bono
1353 2883 1686 2957 proﬁcientes
1709 2895 2006 2958 pervertere
2032 2907 2112 2946 co-

508 2980 729 3030 nantur.
761 3005 833 3018 —
861 2974 1007 3043 Quid
1026 2973 1174 3030 enim
1197 2989 1293 3047 per
1308 2973 1504 3030 herbas
1523 2974 1631 3031 nisi
1651 2982 1838 3032 tenera
1861 2994 1926 3034 ac
1955 2985 2110 3036 terrae

2234 1805 2393 1880 quasi
2443 1806 2754 1864 robustiora
2805 1825 2970 1881 opera
2999 1817 3277 1880 exercent,
3325 1809 3421 1867 sed
3467 1811 3834 1870 intentionem

2231 1903 2438 1952 rectam
2491 1895 2552 1952 in
2607 1896 2812 1954 eisdem
2869 1899 3130 1971 operibus
3185 1915 3299 1956 non
3351 1907 3562 1957 tenent.
3623 1901 3835 1970 Quibus

2230 1985 2478 2057 profecto
2511 1985 2769 2042 arborum
2827 1987 3062 2044 cortices
3111 1989 3371 2047 mandere
3405 1997 3488 2047 est
3533 1991 3835 2049 exteriores

2230 2077 2532 2134 electorum
2589 2084 2744 2134 actus
2809 2094 3106 2149 assumere,
3181 2087 3236 2135 et
3289 2081 3657 2139 intentionem
3721 2083 3836 2140 bo-

2228 2181 2356 2222 nam
2386 2165 2445 2220 in
2493 2165 2655 2222 bonis
2681 2164 2896 2222 actibus
2943 2183 3055 2224 non
3097 2165 3318 2224 habere.
3357 2171 3503 2226 Dum
3549 2169 3699 2226 enim
3729 2187 3831 2244 pro

2228 2252 2471 2311 humana
2516 2254 2677 2312 laude
2707 2263 2854 2312 recta
2881 2271 3048 2328 opera
3091 2257 3416 2331 exquirunt,
3472 2259 3569 2316 sed
3614 2258 3826 2317 imitari

2226 2358 2323 2400 cor
2367 2350 2513 2400 recte
2570 2343 2917 2418 operantium
2957 2345 3262 2418 negligunt,
3293 2363 3364 2402 ex
3397 2346 3531 2403 solis
3569 2347 3829 2406 arborum

2225 2421 2867 2506 corticibus'replentur.
2915 2435 3052 2491 Toto
3094 2451 3329 2509 namque
3367 2435 3642 2494 desiderio
3680 2454 3830 2510 prai-

2224 2519 2397 2578 seutis
2411 2520 2541 2577 vitae
2559 2521 2812 2594 gloriam,
2830 2523 2920 2578 vel
2949 2522 3341 2579 abundantiam
3364 2532 3638 2597 quaerunt.
3669 2523 3828 2582 Unde

2223 2616 2278 2664 et
2306 2616 2452 2666 recte
2475 2607 2833 2682 subjungitur
2856 2628 2869 2666 :
2893 2613 2966 2667 Et
2985 2610 3529 2684 radiajuniperoru-m
3553 2619 3671 2669 erat
3686 2611 3830 2669 cibus

2222 2715 2402 2754 eorum
2411 2741 2424 2754 .

2292 2786 2381 2844 32.
2413 2787 2598 2843 Praea
2653 2786 2790 2842 actio
2825 2803 2944 2858 qua:
2974 2787 3192 2844 delectat
3237 2787 3295 2842 in
3345 2790 3522 2860 culpa,
3551 2790 3743 2863 pungit
3771 2789 3827 2845 in

2214 2891 2394 2948 plena.
2416 2905 2487 2916 —
2514 2875 2672 2932 Intus
2700 2874 2848 2931 enim
2875 2875 3128 2948 quamvis
3155 2890 3253 2947 per
3280 2873 3446 2932 fidem
3465 2876 3655 2948 positi,
3687 2875 3822 2936 dum

2219 2966 2543 3038 plerumque
2577 2963 2822 3020 avaritiae
2869 2963 3298 3036 cogitationibus
3343 2964 3613 3035 serviunt,
3666 2969 3824 3041 quasi

508 3063 766 3137 proxima
809 3063 948 3120 bene
990 3063 1376 3120 inchoantium
1405 3064 1542 3132 vita,
1570 3072 1626 3121 et
1655 3065 1789 3138 quid
1816 3083 1914 3139 per
1940 3068 2114 3126 arbo-
2139 3091 2184 3154 ο
2220 3055 2362 3113 ΠΙυά
2390 3055 2708 3154 conlegium,
2739 3055 2886 3154 undf
2915 3055 2974 3154 ill
2995 3064 3244 3154 ςκῐΐθφο
3265 3055 3393 3114 Vita!
3417 3056 3822 3154 §pppiici0mm

508 3169 634 3210 rum
663 3151 896 3208 cortices
923 3152 1034 3207 nisi
1053 3153 1328 3209 exteriora
1355 3169 1520 3225 opera
1546 3171 1736 3212 eorum
1766 3157 1862 3230 qui
1877 3156 1992 3230 jam
2016 3176 2104 3217 su-

509 3239 704 3297 blimia
745 3247 1012 3312 appetunt
1054 3239 1411 3312 designantur
1438 3243 1468 3300 ‘l
1494 3245 1654 3300 Pravi
1693 3262 1931 3321 namque
1977 3265 2104 3308 cum

509 3335 657 3386 recta
676 3327 1007 3402 incipientes
1033 3330 1331 3402 aspiciunt,
1369 3339 1466 3388 aut
1494 3332 1796 3406 irridendo,
1827 3345 1921 3394 aut
1949 3339 2104 3412 quasi

507 3418 848 3477 consulendo
883 3419 1289 3478 contradicunt.
1334 3419 1472 3479 Cum
1528 3440 1660 3481 vero
1696 3424 1811 3498 jam
1839 3429 2102 3500 quosdam

505 3515 736 3581 pensant
762 3508 833 3565 ad
871 3525 1087 3566 summa
1118 3510 1400 3583 proﬁcere,
1441 3513 1570 3586 quia
1607 3529 1798 3574 eorum
1826 3517 2104 3588 profectus

505 3596 758 3654 funditus
776 3597 1040 3670 dissipare
1075 3607 1378 3672 nequeunt,
1408 3618 1441 3657 a
1473 3601 1804 3674 quibusdam
1835 3604 1962 3662 illos
1986 3607 2102 3664 suis

503 3685 762 3760 operibus
798 3687 1101 3746 divertunt.
1141 3689 1348 3746 Herbas
1395 3689 1577 3764 itaque
1618 3692 1697 3762 eis
1733 3699 1788 3748 et
1839 3693 2098 3752 arborum

501 3775 734 3833 cortices
761 3775 1042 3846 mandere,
1070 3785 1153 3835 est
1181 3779 1270 3834 vel
1311 3779 1493 3836 studia
1521 3779 1659 3836 bene
1689 3780 2096 3854 inchoantium,

501 3865 590 3922 vel
617 3865 962 3938 operationes
991 3867 1355 3940 quorumdam
1379 3867 1496 3940 jam
1543 3886 1694 3927 more
1732 3871 1989 3930 arborum
2028 3873 2098 3932 ad

499 3954 782 4028 superiora
799 3956 1147 4016 tendentium
1176 3960 1451 4030 pestiferis
1470 3961 1922 4032 persuasionibus
1941 3965 2097 4036 quasi

498 4043 830 4117 quibusdam
873 4045 1100 4103 malitia:
1153 4063 1266 4104 suae
1313 4046 1574 4104 dentibus
1626 4054 1764 4112 651
1808 4049 2092 4125 dissipare.

499 4142 704 4201 Herbas
730 4143 1002 4201 mandunt
1027 4143 1242 4217 reprobi
1258 4161 1386 4202 cum
1413 4144 1762 4203 inﬁrmorum
1784 4149 1944 4206 initia
1972 4150 2094 4207 irri-

496 4231 679 4290 dendo
705 4241 1061 4292 consumunt.
1108 4233 1384 4290 Arborum
1424 4249 1642 4308 quoque
1670 4237 1902 4294 cortices
1929 4255 2095 4296 mau-

493 4321 635 4379 dunt
679 4340 805 4380 cum
858 4339 1028 4380 manu
1077 4323 1321 4397 perversi
1367 4324 1593 4381 consilii
1647 4343 1680 4382 a
1736 4326 1850 4382 vita
1880 4330 1902 4362 ³
1949 4335 2094 4385 recte

490 4413 855 4471 crescentium
892 4421 1111 4487 tegmen
1150 4413 1424 4470 bonorum
1470 4430 1699 4488 operum
1737 4417 2090 4475 subtrahunt.

492 4499 606 4558 Hos
631 4509 814 4559 autem
829 4501 1239 4578 imqummdam
1258 4502 1474 4562 actibus
1491 4505 1646 4561 velut
1665 4507 1887 4564 arbores
1903 4523 2093 4580 exspo-

493 4587 658 4658 liant;
691 4591 816 4648 illos
843 4608 974 4648 vero
1003 4592 1156 4649 velut
1183 4592 1401 4664 herbas,
1433 4595 1567 4668 quia
1593 4595 1961 4669 despicientes
1989 4606 2095 4654 tra-

492 4677 655 4750 hunt,
679 4681 834 4754 quasi
863 4697 985 4756 qua
1011 4683 1224 4740 calcant
1243 4684 1560 4742 comedunt.
1583 4685 1958 4753 Quorumdam
1977 4687 2093 4759 jam

489 4767 874 4828 fortitudinem
901 4771 962 4827 in
990 4771 1100 4828 alta
1126 4781 1438 4845 surgentem
1475 4789 1547 4830 ex
1587 4783 1741 4848 parte
1769 4775 2096 4832 demoliun-

487 4865 612 4926 tur;
655 4858 1020 4933 quorumdam
1065 4876 1197 4917 vero
1239 4861 1671 4920 teneritudinem
1717 4870 1772 4918 et
1811 4861 1994 4920 adhuc
2033 4863 2093 4921 iu

488 4947 616 5005 imis
643 4949 879 5022 positam
907 4950 1130 5024 penitus
1155 4958 1473 5008 conterunt.
1505 4953 1662 5009 Dicat
1695 4951 1865 5025 igitur
1889 4970 1901 5009 :
1925 4954 2093 5012 Man-

486 5037 676 5094 debant
700 5040 911 5112 herbas,
940 5046 992 5098 et
1031 5041 1287 5098 arborum
1310 5039 1548 5112 cortices,
1577 5041 1708 5116 quia
1743 5043 1928 5117 pravis
1955 5043 2094 5099 irri-

563 5271 577 5303 ¹
611 5269 821 5326 Gemet.
853 5270 1057 5344 aliique
1101 5271 1292 5330 Norm.
1323 5288 1388 5330 ac
1429 5274 1455 5329 1
1513 5271 1712 5342 Laud.,
1759 5275 2082 5334 calamitatis

483 5357 613 5397 suis.

555 5413 580 5451 ²
608 5413 733 5469 Rec.
766 5414 894 5484 Ed.,
917 5416 964 5470 si
982 5417 1038 5470 in
1054 5415 1185 5472 istis.
1209 5417 1339 5472 Mss.
1373 5417 1606 5484 Bellov.,
1629 5417 1860 5486 Turon.,
1891 5435 2082 5474 omnes

482 5485 697 5554 Norm.,
731 5486 852 5561 γει.
884 5487 992 5555 CL,
1015 5495 1144 5561 etc.,
1177 5488 1380 5544 habent
1410 5488 1604 5561 insitis,
1636 5505 1774 5561 quos
1793 5485 2078 5561 sequimur

480 5573 606 5630 cum
629 5559 870 5630 antiquis
886 5560 1138 5616 Excusis.
1158 5560 1420 5627 (ἔσεται,δί
1440 5559 2076 5616 nature-necessitatibus.

482 5629 645 5687 Corb.
678 5629 952 5695 Germ.,si
982 5630 1250 5684 inusitatis
1280 5632 1687 5688 necessitatibus.

553 5703 575 5736 ³
605 5700 774 5756 Gilot.
806 5708 859 5755 et
877 5699 998 5755 aliae
1029 5701 1176 5756 Edit.
1197 5702 1548 5770 recentiores,
1581 5710 1711 5758 recte
1736 5704 2078 5772 credentium,

2216 3162 2408 3218 aspera
2436 3145 2814 3218 proferuntur.
2847 3145 2955 3213 Qui
2985 3145 3118 3202 dum
3159 3145 3374 3218 frugem
3403 3144 3584 3202 divini
3612 3145 3821 3220 eloquii

2214 3252 2328 3294 non
2356 3236 2779 3310 concupiscunt,
2821 3235 2915 3292 sed
2953 3235 3024 3293 ad
3069 3251 3254 3293 rerum
3283 3233 3673 3309 temporalium
3696 3252 3824 3293 am-

2213 3326 2392 3384 bitum
2420 3327 2692 3396 serviunt,
2737 3343 3082 3401 nequaquam
3113 3342 3252 3400 pane
3280 3325 3477 3396 tritici,
3512 3325 3608 3383 sed
3637 3325 3821 3384 radice

2205 3413 2456 3489 juniperi
2485 3415 2774 3472 satiantur.
2807 3416 2929 3489 Ipsa
2956 3415 3161 3490 quippe
3187 3432 3282 3473 eos
3299 3414 3368 3472 ab
3392 3413 3523 3471 imis
3547 3422 3710 3490 atque
3738 3414 3820 3472 in-

2211 3503 2360 3561 ﬁmis
2411 3503 2606 3561 oborta
2667 3512 2960 3578 occupant,
3019 3521 3140 3580 quae
3195 3503 3324 3562 illos
3377 3519 3531 3560 more
3571 3502 3817 3578 juniperi

2210 3595 2564 3668 postmodum
2586 3612 2657 3653 ex
2685 3595 2926 3652 duritia“5
2958 3595 3383 3652 retributionem
3403 3595 3558 3652 velut
3583 3611 3653 3652 ex
3667 3609 3816 3668 aspe-

2207 3685 2368 3742 ritate
2385 3685 2646 3743 foliorum
2664 3685 3364 3759 pungant.Contemuentes
3384 3701 3622 3760 namque
3641 3686 3814 3742 Deum

2209 3772 2323 3844 hic,
2354 3774 2586 3832 minime
2606 3775 2860 3832 sentiunt
2887 3782 3158 3848 quantum
3188 3775 3260 3832 sit
3288 3773 3419 3830 mali
3447 3774 3598 3848 quod
3623 3780 3812 3847 agunt.

2207 3864 2409 3921 Adhuc
2438 3865 2587 3919 enim
2611 3863 2859 3936 juniperi
2888 3863 3130 3919 radicem
3158 3861 3475 3930 comedunt,
3523 3861 3618 3918 sed
3648 3861 3816 3935 hujus

2205 3951 2410 4009 radicis
2438 3967 2602 4024 quam
2632 3951 2745 4007 sint
2773 3951 2913 4006 rami
2960 3949 3139 4023 asperi
3176 3967 3290 4008 non
3332 3945 3648 4019 attendunt,
3677 3948 3811 4024 quia

2205 4041 2474 4098 nimirum
2509 4055 2680 4112 prava
2707 4038 2851 4096 actio
2881 4039 3046 4096 modo
3075 4038 3233 4112 quasi
3259 4054 3332 4096 ex
3357 4037 3541 4097 radice
3569 4037 3809 4097 delectat

2204 4129 2266 4186 in
2293 4131 2476 4203 culpa,
2505 4129 2601 4186 sed
2629 4127 2981 4202 postmodum
3014 4127 3170 4202 quasi
3215 4143 3288 4185 ex
3315 4126 3486 4186 ramis
3527 4129 3722 4203 pungit
3750 4129 3810 4187 iu

2203 4218 2494 4294 pmna.Ubi
2515 4226 2571 4275 et
2597 4217 2734 4274 bene
2754 4216 3135 4290 subjungitur:
3155 4217 3260 4287 Qui
3277 4217 3340 4274 de
3351 4217 3683 4276 convallibus
3699 4217 3807 4276 ista

2197 4310 2480 4382 rapientes,
2511 4325 2629 4366 cum
2651 4309 2862 4381 singula
2882 4307 3215 4380 reperisse-nt,
3243 4306 3317 4365 ad
3341 4324 3404 4365 ea
3431 4324 3550 4365 cum
3567 4309 3807 4366 clamore

2204 4399 2505 4455 currebant.

2126 4463 2174 4523 D
2275 4489 2362 4545 33.
2405 4491 2473 4546 1η
2505 4487 2781 4561 praesentis
2813 4485 2930 4542 eitw
2956 4486 3214 4556 convalle,
3233 4502 3426 4559 magno
3453 4485 3684 4544 clamore
3703 4503 3808 4560 pro

2202 4577 2300 4634 vili
2326 4579 2456 4650 stipe
2483 4596 2617 4651 saepe
2649 4577 2908 4650 litigatur.
2932 4577 3082 4634 —In
3111 4577 3522 4650 comparatione
3550 4576 3807 4638 videlicet

2203 4683 2594 4742 supernorum,
2623 4665 2806 4723 omnis
2846 4681 3086 4738 praesens
3113 4665 3230 4722 vita
3258 4665 3530 4723 convallis
3572 4671 3674 4722 est.
3734 4663 3804 4721 Hi

2202 4765 2384 4814 autem
2406 4757 2536 4831 quia
2563 4755 2826 4813 sublimia
2842 4755 3140 4824 montium,
3169 4753 3229 4812 id
3243 4761 3326 4810 est
3343 4753 3508 4810 fortia
3525 4760 3649 4811 acta
3667 4769 3805 4811 sau-

2202 4853 2416 4902 ctorum
2438 4844 2802 4918 contemplari
2821 4845 3096 4912 nesciunt,
3112 4857 3327 4916 semper
3348 4841 3409 4899 in
3438 4841 3803 4902 oblectatione

2201 4933 2396 4991 inﬁma
2423 4933 2580 5008 quasi
2623 4933 2684 4990 in
2727 4933 3073 4990 convallibus
3118 4939 3518 4990 conversantur
3558 4941 3615 4992 et
3669 4933 3802 4993 dum

2202 5022 2488 5099 quodlibet
2511 5023 2727 5083 lucrum
2747 5022 2837 5080 vel
2855 5022 3011 5096 parvi
3039 5019 3300 5097 stipendii
3327 5021 3644 5094 inveniunt,
3672 5038 3799 5082 cum

2189 5275 2588 5334 reluctantibus
2615 5275 2873 5334 omnibus
2899 5274 3038 5348 Mss.
3052 5273 3274 5348 Anglic.
3306 5282 3362 5332 et
3388 5272 3593 5334 nostris
3623 5274 3798 5348 (pra-

2188 5355 2272 5405 ter
2299 5348 2511 5419 Germ.)
2543 5364 2758 5419 necnon
2793 5353 2904 5402 vet.
2937 5346 3090 5419 Edit.

2262 5422 2282 5454 ‘
2313 5417 2526 5476 Gemet.
2557 5426 2612 5474 et
2639 5418 2808 5484 Utic.,
2830 5417 3099 5474 exteriora
3128 5419 3288 5475 bona.

2259 5491 2279 5523 ⁵
2309 5490 2700 5568 Ita_cum_Mss.
2733 5489 2895 5568 (3gb.
2929 5490 3142 5568 genu,
3179 5491 3398 5568 Noun.)
3429 5488 3631 5568 Laud.,
3665 5489 3794 5546 Tu-

2189 5577 2334 5628 ron.,
2367 5561 2488 5624 Val.
2521 5560 2628 5627 CL,
2661 5567 2770 5616 vet.
2793 5560 2898 5617 Ed.
2930 5560 3145 5617 Placuit
3175 5559 3579 5616 recentioribus
3596 5576 3791 5617 vocem

2189 5631 2595 5712 retributionum
2635 5639 2846 5712 mutare
2875 5633 2934 5690 in
2964 5631 3394 5700 tribulationum,
3424 5647 3590 5704 quam
3623 5631 3797 5705 magis

2187 5711 2486 5761 convenire
2504 5711 2792 5775 putarunt.
