4172 6184
348 289 450 349 157

1175 282 1547 341 MORALIUM
1584 283 1720 339 LIB.
1761 282 1890 339 XX.
1929 312 2000 324 -—
2036 283 2107 339 ΙΝ
2146 279 2373 337 CAPUT
2410 280 2574 336 XXX
2616 281 2678 335 B.
2719 280 2861 336 JOB.

3562 284 3662 342 158

349 418 504 482 652
550 423 784 479 clamore
823 424 1078 487 currunt,
1110 416 1238 490 quia
1278 416 1385 473 hoc
1428 415 1745 473 abstrahere
1781 416 1948 474 etiam
1980 418 2031 477 Α
2058 404 2216 461 sertis
2244 403 2575 461 torrentium
2607 401 2855 460 habitam
2884 403 3221 462 referuntur.
3252 405 3353 463 Illa
3371 407 3520 464 enim
3540 425 3662 484 quas

342 512 622 587 jurgando
649 508 974 567 moliuntur.
1009 509 1071 563 In
1104 507 1355 564 convalle
1386 507 1535 562 enim
1566 507 1799 580 repertis
1827 508 1953 564 sin-

348 606 500 679 gulis
532 619 656 660 cum
697 600 939 658 clamore
981 614 1220 667 currere,
1265 606 1346 654 est
1391 598 1632 655 subortis
1665 615 1951 656 causarum

348 691 728 751 occasionibus
739 689 908 746 etiam
931 704 1029 762 pro
1045 704 1212 760 parva
1228 688 1367 759 stipe
1382 687 1952 762 litigare.Plerumque

344 790 525 839 autem
566 795 728 853 quem
778 784 1032 834 sanctum
1080 776 1223 832 bona
1262 776 1405 833 actio
1454 784 1711 845 ostentat,
1759 777 1952 834 oborta

344 868 545 928 terreni
574 866 856 924 commodi
895 864 1109 921 occasio
1148 864 1446 920 examinat.
1482 865 1684 922 Videas
1714 882 1952 939 namque

344 958 645 1016 nonnullos
651 955 768 1029 jam
784 953 1047 1012 sublimia
1060 969 1235 1026 agere,
1248 953 1361 1027 jam
1378 954 1437 1011 in
1454 954 1821 1025 abstinentiae,
1834 955 1949 1028 jam

344 1049 401 1106 in
449 1047 719 1106 doctrinae
756 1061 920 1119 opere
964 1052 1183 1118 patrum
1230 1044 1657 1116 praecedentium
1697 1046 1950 1118 exempla

342 1138 573 1205 sectari;
632 1136 731 1194 sed
784 1152 913 1192 cum
959 1142 1183 1207 repente
1223 1135 1508 1207 praesentis
1554 1134 1682 1190 vitae
1732 1135 1947 1191 lucrum

342 1227 500 1303 quasi
527 1227 773 1285 fructum
801 1224 1073 1283 convallis
1093 1224 1429 1294 invenerint,
1454 1224 1523 1280 ad
1549 1224 1656 1282 hoc
1686 1241 1811 1280 cum
1841 1225 1947 1280 cla-

340 1333 494 1377 more
540 1323 809 1384 currunt,
854 1313 985 1388 quia
1034 1313 1256 1385 dirupta
1294 1313 1363 1371 ad
1408 1314 1549 1371 illud
1605 1312 1947 1388 superducta)

342 1405 651 1464 sanctitatis
678 1403 1081 1479 tranquillitate
1109 1403 1425 1476 prosiliunt.

414 1494 438 1569 [
450 1497 554 1554 νεῖ.
587 1493 764 1569 XIV]
782 1493 875 1550 34.
896 1492 1057 1552 Multi
1082 1492 1299 1548 virtutis
1316 1492 1621 1565 praemium,
1640 1508 1745 1548 non
1766 1492 1950 1548 virtu—

343 1592 444 1641 tem
488 1590 751 1657 quaerunt.
796 1614 870 1626 —
915 1583 1149 1639 Possunt
1187 1597 1402 1656 quoque
1431 1598 1528 1655 per
1557 1581 1755 1638 herbas
1784 1589 1948 1655 atque

342 1674 602 1731 arborum
632 1672 864 1731 cortices
886 1688 998 1729 non
1026 1671 1228 1741 solum,
1260 1679 1321 1727 ut
1350 1671 1676 1744 praedictum
1705 1677 1807 1739 est,
1836 1670 1948 1726 ho-

2061 495 2265 552 sanctis
2293 493 2520 566 indigna
2548 501 2698 562 sunt,
2731 493 2835 565 ipsi
2866 493 3144 564 percipere
3172 512 3270 567 pro
3310 514 3507 571 magno
3535 516 3662 557 con-

2059 584 2369 657 cupiscunt.
2403 582 2663 640 Cavernae
2711 590 2895 637 autem
2943 590 3100 638 terrae
3141 594 3270 641 sunt
3304 587 3662 659 cogitationes

2060 691 2262 748 pravae,
2294 673 2352 729 in
2383 672 2585 746 quibus
2615 688 2671 728 se
2701 671 2769 727 ab
2800 671 3059 727 humanis
3089 672 3267 728 oculis
3295 674 3657 736 abscondunt.

2060 767 2219 823 Pravi
2251 767 2451 840 quippe
2477 774 2537 822 ut
2558 773 2685 822 sunt
2708 765 2775 822 ab
2804 764 3126 822 hominibus
3148 764 3326 821 videri
3360 764 3659 837 refugiunt,

2058 855 2299 930 dumque
2326 856 2476 912 aliud
2511 872 2675 928 quam
2697 863 2825 911 sunt
2854 855 3140 924 simulant,
3159 872 3272 911 sese
3302 855 3360 909 in
3382 854 3660 911 conscien-

2056 946 2148 1004 τίω
2176 964 2290 1004 suae
2321 946 2569 1002 latibulis
2591 948 2611 981 ³
2634 946 2791 1018 quasi
2813 946 2869 1002 in
2891 954 3049 1002 terrae
3079 944 3331 1002 cavernis
3358 945 3656 1001 occultant.

2057 1036 2163 1105 Qui
2202 1045 2398 1093 cuncta
2428 1036 2545 1092 haec
2578 1052 2690 1092 non
2720 1044 2961 1107 agerent,
2994 1036 3101 1092 nisi
3137 1037 3203 1093 de
3233 1045 3435 1092 aeterna
3473 1043 3527 1092 et
3563 1053 3661 1092 so-

2056 1126 2169 1183 lida
2198 1127 2314 1182 vita
2342 1126 2713 1198 desperarent,
2745 1125 2856 1182 nisi
2884 1126 2943 1180 in
2974 1125 3079 1183 hoc
3109 1126 3319 1183 incerto
3346 1125 3660 1198 temporali-

2054 1218 2185 1274 tatis
2213 1218 2463 1273 animum
2492 1216 2741 1288 ﬁgerent.
2774 1215 2929 1274 Unde
2958 1215 3096 1272 bene
3124 1215 3382 1273 subditur
3407 1233 3419 1272 :
3460 1218 3549 1276 Vel
3575 1233 3658 1271 su-

2049 1320 2150 1378 per
2177 1307 2436 1377 glaream.

2134 1400 2279 1458 653
2322 1402 2409 1459 36.
2443 1401 2639 1458 Fluxis
2669 1400 2997 1467 inhaerentes,
3033 1401 3106 1457 ad
3149 1401 3260 1458 ima
3286 1402 3656 1458 devolvuntur.

2053 1522 2123 1533 —
2150 1492 2314 1549 Glare
2343 1507 2611 1565 anamque
2641 1498 2723 1547 est
2752 1490 2868 1547 vita
2898 1507 3157 1562 praesens,
3190 1507 3310 1564 quae
3331 1491 3660 1547 indesinen—

2052 1589 2139 1638 ter
2180 1582 2249 1638 ad
2296 1582 2596 1638 terminum
2625 1598 2786 1638 suum
2824 1581 2943 1653 ipso
2982 1580 3200 1637 defectu
3246 1580 3655 1650 mutabilitatis,

2054 1672 2208 1745 quasi
2240 1671 2483 1743 impulsu
2510 1670 2761 1726 ﬂuminis
2785 1670 3028 1727 ducitur.
3074 1671 3248 1742 Super
3276 1672 3512 1743 glaream
3541 1670 3658 1727 ita—

343 1781 541 1821 norum
561 1779 749 1837 opera,
766 1761 862 1819 sed
879 1762 941 1819 in
965 1760 1068 1819 hac
1084 1762 1199 1818 vita
1218 1762 1623 1819 consolationes
1643 1777 1706 1817 ac
1725 1776 1944 1833 prospe-
1973 1781 2020 1842 B
2055 1776 2160 1835 que
2185 1760 2454 1827 habitare,
2478 1767 2560 1815 est
2589 1759 2769 1815 iluxui
2799 1760 2928 1816 vitae
2960 1759 3247 1832 praesentis
3277 1759 3568 1827 inhaerere,
3605 1766 3659 1815 et

342 1853 533 1910 ritates
553 1853 809 1925 intelligi.
827 1853 980 1924 Saepe
1008 1852 1158 1907 enim
1192 1851 1541 1924 omnipotens
1568 1853 1714 1907 Deus
1744 1850 1946 1906 electos

336 1958 473 1998 suos
501 1958 629 1998 cum
658 1941 814 1998 donis
831 1940 1191 1998 interioribus
1210 1939 1370 2010 ditat,
1388 1939 1758 1997 exterioribus
1776 1938 1943 1995 etiam

338 2031 652 2088 honoribus
678 2031 942 2089 sublevat.
976 2030 1223 2104 Cumque
1253 2046 1345 2087 eos
1366 2028 1706 2103 praeferendo
1731 2028 1945 2084 caeteris

337 2122 692 2180 honorabiles
719 2123 919 2194 reddit,
938 2123 1103 2181 latius
1118 2122 1420 2180 imitabiles
1440 2121 1710 2188 ostendit;
1733 2130 1789 2177 et
1806 2138 1943 2177 non-

337 2230 621 2288 nunquam
634 2215 789 2289 pravi
801 2232 995 2272 eorum
1008 2214 1231 2289 quidem
1244 2214 1416 2271 vitam
1427 2212 1861 2286 despiciunt,sed
1870 2212 1945 2267 fe-

346 2302 610 2360 licitatem
628 2304 687 2361 in
700 2303 1032 2362 hocmundo
1042 2303 1258 2378 assequi
1268 2300 1944 2378 concupiscunt.Quiaigi-

338 2399 434 2450 tur
444 2393 824 2452 blandimenta
839 2394 934 2452 hic
943 2394 1272 2451 transitoriae
1283 2394 1678 2452 consolationis
1690 2399 1946 2467 quaerunt

337 2481 542 2543 herbas
559 2485 882 2554 comedunt,
905 2486 1036 2559 quia
1054 2485 1112 2541 in
1129 2484 1559 2557 cogitationibus
1578 2485 1693 2540 suis
1711 2484 1947 2539 exterio-

330 2590 451 2631 rem
494 2591 691 2631 eorum
736 2572 971 2646 gloriam
1014 2572 1376 2640 meditantur,
1415 2572 1675 2628 arborum
1720 2570 1948 2628 cortices

332 2662 640 2720 mandunt.
685 2662 757 2717 Et
783 2660 1049 2733 quoniam
1079 2660 1137 2716 in
1166 2660 1256 2716 his
1283 2659 1544 2716 omnibus
1571 2660 1673 2716 soli
1699 2660 1944 2717 avaritiae

332 2758 452 2808 tota
483 2748 798 2806 intentione
815 2748 1155 2818 deserviunt,
1172 2749 1358 2805 radice
1379 2747 1621 2820 juniperi
1642 2749 1939 2825 replentur.

333 2838 468 2907 Quae
499 2844 701 2894 cuncta
737 2836 804 2894 de
842 2837 1189 2896 convallibus
1225 2836 1470 2909 rapiunt,
1503 2837 1632 2910 quia
1660 2853 1729 2894 ex
1758 2854 1941 2895 amore

336 2926 508 3000 hujus
537 2927 742 2984 inﬁmae
770 2933 826 2983 et
853 2927 1230 3000 corruptibilis
1262 2927 1390 2983 vitae
1419 2927 1706 2985 immensis
1728 2928 1940 3002 cupidi-

338 3017 545 3075 tatibus
580 3018 960 3076 inardescunt.
993 3020 1009 3053 ¹
1040 3018 1112 3074 Et
1139 3035 1265 3075 cum
1296 3018 1514 3091 singula
1541 3019 1843 3091 reperiunt,
1871 3020 1941 3077 ad

336 3123 402 3164 ea
435 3124 556 3164 cum
601 3106 939 3164 clamoribus
978 3116 1231 3177 currunt,
1263 3108 1395 3180 quia
1424 3107 1684 3166 videlicet
1710 3117 1938 3167 sancto-
1967 3150 2012 3211 c

334 3212 460 3253 rum
488 3204 725 3268 patrum,
758 3212 997 3269 quorum
1026 3198 1225 3253 merita
1251 3197 1483 3269 adipisci
1513 3214 1624 3254 non
1659 3202 1934 3272 quaerunt,

334 3286 458 3342 loca
482 3293 643 3358 atque
672 3285 942 3358 regimina
969 3287 1376 3360 apprehendere
1404 3296 1691 3361 satagunt;
1725 3297 1780 3346 et
1808 3306 1937 3347 cum

334 3375 630 3449 tranquille
670 3384 953 3450 nequeunt
992 3376 1110 3435 haec
1147 3380 1472 3453 plerumque
1499 3380 1738 3454 assequi,
1769 3380 1934 3436 etiam

334 3464 558 3537 dirupta
583 3464 891 3524 concordiae
921 3483 1053 3539 pace
1081 3468 1407 3525 moliuntur.

406 3553 495 3610 35.
539 3556 665 3623 θυαε
682 3554 820 3625 justi
847 3556 1163 3628 despiciunt,
1193 3576 1253 3614 ea
1280 3557 1511 3615 maxime
1543 3558 1931 3630 concupiscunt.

332 3674 408 3686 —
437 3642 547 3711 Qui
590 3660 690 3715 pro
734 3660 799 3700 eo
833 3645 982 3718 quod
1010 3646 1170 3720 longe
1198 3664 1231 3703 a
1257 3655 1475 3720 patrum
1506 3648 1934 3720 praecedentium

330 3731 561 3791 actione
589 3731 849 3804 disjuncti
876 3744 1022 3806 sunt,
1052 3746 1201 3795 recte
1229 3736 1583 3809 subjungitur
1613 3755 1625 3793 ε
1662 3740 1729 3795 In
1756 3738 1933 3793 deser-

333 3822 403 3879 ti:
430 3821 739 3879 habitabant
762 3825 1093 3893 torrentium,
1119 3833 1169 3882 et
1192 3826 1253 3883 in
1279 3826 1519 3882 cavernis
1548 3832 1723 3895 terrm,
1742 3827 1823 3882 vel
1849 3844 1933 3883 su-

330 3929 428 3983 per
452 3913 711 3983 glaream.
751 3914 813 3969 In
850 3914 995 3972 bona
1031 3916 1236 3972 etenim
1273 3923 1425 3989 parte
1466 3923 1611 3973 recte
1640 3922 1931 3986 torrentes,

333 4011 550 4061 sanctos
578 4004 963 4079 praedicatores
989 4007 1313 4081 accipimus,
1336 4007 1431 4082 qui
1446 4007 1579 4065 dum
1600 4008 1658 4064 in
1680 4009 1932 4082 prasenti

335 4092 451 4150 vita
478 4092 692 4152 divinis
719 4095 881 4153 nobis
909 4096 1143 4171 eloquiis
1164 4096 1430 4166 inﬂuunt,
1451 4113 1717 4172 aquarum
1748 4098 1933 4154 multi-

335 4182 526 4239 tudine
570 4184 728 4258 quasi
783 4184 841 4241 in
887 4185 1069 4242 hieme
1113 4186 1468 4260 colliguntur.
1501 4187 1608 4256 Qui
1649 4195 1703 4245 et
1741 4188 1934 4245 aestivo

332 4274 446 4329 sole
470 4274 801 4333 adveniente
830 4293 886 4333 se
913 4276 1269 4346 subtrahunt,
1292 4278 1423 4351 quia
1449 4296 1575 4335 cum
1602 4286 1817 4335 aeterna:
1843 4295 1933 4352 pa-

330 4361 451 4418 triae
497 4363 598 4421 lux
645 4365 957 4435 emicuerit,
1014 4365 1309 4438 praedicare
1358 4366 1666 4424 cessabunt.
1724 4368 1932 4424 Horum

326 4453 660 4511 torrentium
690 4454 900 4512 deserta
928 4463 1058 4513 sunt
1096 4456 1224 4513 vitae
1270 4456 1589 4530 temporalis
1619 4457 1925 4513 commoda.

327 4541 409 4596 Ea
435 4556 678 4614 namque
705 4542 980 4614 deserunt,
1011 4553 1065 4601 et
1093 4544 1162 4601 ad
1206 4545 1359 4602 lucra
1391 4562 1449 4601 se
1478 4545 1720 4602 ccelestia
1749 4545 1770 4580 ³
1799 4545 1932 4603 adi-

327 4630 587 4701 piscenda
615 4642 963 4692 convertunt.
997 4635 1209 4692 Cuncta
1237 4642 1420 4691 autem
1449 4634 1568 4691 haec
1596 4643 1810 4693 torrens
1838 4637 1932 4692 ille

326 4719 642 4793 reliquerat,
684 4722 780 4796 qui
827 4723 1043 4782 dicebat
1081 4741 1092 4780 ε
1136 4726 1367 4797 Propter
1407 4740 1560 4794 quem
1603 4725 1786 4780 omnia
1833 4726 1933 4781 de-

327 4807 630 4865 trimentum
655 4810 782 4883 feci,
820 4819 870 4868 et
894 4813 1136 4869 arbitror
1163 4819 1222 4869 ut
1249 4819 1483 4869 stercora
1524 4812 1691 4885 (Phil.
1722 4830 1811 4883 III,
1847 4814 1928 4887 8).

323 4896 431 4953 Sed
459 4897 586 4972 quia
604 4916 904 4973 pravorum
928 4911 1137 4960 mentes
1161 4918 1223 4960 ea
1242 4903 1302 4958 in
1322 4902 1428 4960 hac
1447 4903 1565 4959 vita
1583 4903 1816 4976 adipisci
1840 4919 1929 4976 ap-

324 4995 539 5060 petunt,
569 5007 690 5065 qua
720 4993 1086 5068 despicientes
1120 4993 1259 5068 justi
1288 4993 1700 5068 derelinquunt,
1730 4994 1787 5051 in
1824 4994 1932 5052 de-

397 5170 414 5204 ²
447 5170 661 5248 Vitiosa
676 5173 736 5230 in
755 5174 956 5248 Ed.,_et
979 5192 1097 5231 cum
1114 5175 1326 5248 singula
1349 5175 1588 5248 rapiunt.
1614 5175 1928 5248 Legendum

398 5192 414 5204 ι
458 5192 661 5228 vmose
676 5192 736 5230 in
756 5192 888 5244 1.50.,
908 5192 956 5231 et
979 5192 1097 5231 cum
1114 5192 1160 5229 ει
1234 5192 1326 5231 uta
1349 5192 1588 5246 rapiunt.
1614 5192 1928 5248 uegenaum

320 5255 441 5319 esse
469 5245 747 5319 reperiunt
769 5246 962 5303 suadet
988 5192 1314 5319 textusnfgb,
1337 5263 1453 5302 cum
1468 5246 1682 5319 singula
1706 5248 1930 5319 reperis-

319 5318 458 5388 sent,
489 5322 546 5388 et
573 5316 809 5388 probant
836 5319 964 5374 Mss.
998 5318 1207 5388 Germ.,
1228 5317 1461 5387 Turon.,
1481 5316 1682 5386 Laud.,
1714 5316 1930 5388 Norm.,

322 5383 597 5457 ValLle,
631 5387 795 5444 Corb.
829 5389 1039 5457 Germ,
1077 5396 1182 5446 etc.

396 5456 687 5541 ΞΈιιτρῐιερ
718 5456 1031 5541 «premite:

396 5526 418 5562 ³
451 5526 835 5603 ρωὶῐῐὶῐῑιιίῖη
865 5532 940 5603 pl.
972 5532 1075 5588 Ed.
1100 5537 1274 5603 terrm,
1291 5530 1385 5587 sed
1411 5533 1684 5603 reperitur
1713 5530 1772 5587 in
1803 5533 1930 5588 Mss.

319 5599 547 5670 Anglic.
589 5608 646 5656 et
694 5599 917 5671 nostris,
952 5618 1166 5658 necnon
1198 5602 1256 5657 in
1286 5610 1394 5657 vet.
1426 5599 1530 5661 Ed.
1564 5605 1736 5660 Paris.
1773 5604 1931 5671 1495,

321 5672 839 5751 nequeredundat,
895 5680 1286 5748 comparantur
1322 5674 1469 5729 enim
1518 5675 1750 5732 latibula
1791 5692 1934 5732 con—

318 5746 573 5799 scientiae
606 5746 865 5802 cavernis
902 5746 1081 5803 terrae.

2055 1850 2133 1907 ibi
2165 1850 2532 1906 intentionem
2580 1864 2803 1920 ponere,
2850 1847 2947 1903 ubi
2996 1864 3239 1921 gressum
3284 1856 3519 1922 nequeat
3549 1847 3659 1903 ﬁxe

2055 1939 2253 1997 stando
2281 1937 2535 1995 solidare.
2569 1938 2669 1992 Est
2698 1936 2850 1992 aliud
2866 1937 2923 1992 in
2941 1938 3121 2009 glarea
3142 1937 3289 2010 quod
3311 1952 3656 2011 nequaquam

2053 2029 2249 2085 debeat
2280 2026 2509 2084 tacendo
2539 2026 2829 2099 praeteriri,
2874 2026 3004 2099 quia
3041 2043 3166 2083 cum
3196 2043 3290 2099 pes
3319 2027 3379 2082 in
3407 2026 3526 2098 ejus
3542 2043 3660 2083 .su-

2053 2117 2276 2192 perﬁcie
2304 2117 2549 2190 ponitur,
2568 2117 2686 2189 ipsa
2710 2116 2830 2189 ejus
2856 2115 3208 2173 volubilitate
3234 2115 3461 2185 labitur,
3491 2124 3656 2190 atque

2055 2207 2123 2264 ad
2143 2208 2254 2263 ima
2271 2208 2292 2243 ⁴
2313 2206 2649 2264 devolvitur.
2669 2205 2772 2263 Cui
2800 2205 3061 2262 videlicet
3087 2206 3168 2261 rei
3189 2206 3247 2259 in
3266 2206 3424 2262 nullo
3453 2205 3656 2263 discre-

2054 2304 2147 2370 pat
2175 2296 2291 2352 vita
2318 2311 2636 2369 pravorum,
2668 2294 2797 2369 quia
2830 2312 2956 2352 cum
2985 2311 3085 2367 pro
3114 2306 3301 2351 amore
3332 2293 3529 2351 mundi
3558 2294 3655 2350 ali-

2054 2403 2162 2460 qua
2189 2385 2413 2443 student
2458 2384 2609 2441 licita
2651 2392 2813 2458 atque
2859 2383 3090 2439 honesta
3131 2398 3309 2455 agere,
3342 2382 3497 2456 quasi
3528 2384 3658 2455 pla—

2054 2492 2189 2532 num
2218 2475 2277 2532 in
2305 2473 2591 2547 superﬁcie
2619 2474 2812 2545 pedem
2842 2479 3088 2545 ponunt;
3121 2471 3216 2529 sed
3236 2478 3460 2543 repente
3476 2487 3572 2544 pes
3586 2472 3653 2527 ad

2054 2566 2165 2623 ima
2192 2567 2416 2634 labitur,
2439 2566 2569 2639 quia
2595 2581 2788 2622 eorum
2817 2564 2961 2620 actio
2987 2563 3121 2619 dum
3148 2563 3307 2635 plura
3328 2577 3545 2635 semper
3562 2580 3654 2636 ap-

2052 2657 2210 2729 petit,
2250 2672 2422 2730 usque
2453 2654 2521 2712 ad
2543 2656 2733 2729 iniqua
2752 2662 2807 2710 et
2824 2653 3024 2710 illicita
3042 2652 3501 2710 descendit.Cum
3522 2669 3654 2726 ergo

2052 2752 2240 2801 sancta
2266 2744 2513 2801 Ecclesia
2540 2743 2709 2816 hujus
2736 2743 2998 2817 temporis
3026 2741 3304 2801 contraria
3338 2742 3557 2810 tolerat,
3586 2740 3657 2797 ad

2051 2832 2224 2888 vitam
2253 2833 2583 2900 carnalium,
2605 2849 2744 2906 quos
2770 2832 3113 2889 adversarios
3137 2830 3244 2887 sibi
3265 2830 3431 2887 etiam
3452 2830 3510 2886 in
3530 2846 3654 2902 pro-

2050 2920 2224 2994 speris
2250 2922 2536 2990 sustinuit,
2568 2937 2664 2994 per
2692 2922 3013 2977 memoriam
3043 2926 3313 2987 recurrat,
3334 2927 3389 2973 et
3417 2935 3653 2991 quorum

2050 3010 2265 3066 meritis
2310 3011 2429 3066 haec
2479 3009 2719 3081 patiatur
2759 3016 3037 3081 agnoscat,
3081 3008 3309 3063 dicens:
3343 3008 3411 3064 In
3439 3008 3656 3062 desertis

2048 3098 2359 3155 habitabant
2385 3098 2718 3167 torrentium,
2750 3104 2799 3152 et
2825 3098 2882 3152 in
2909 3096 3146 3153 cavernis
3176 3102 3356 3162 terra,
3384 3097 3467 3151 vel
3493 3112 3655 3168 super

2046 3192 2303 3263 glaream.
2335 3188 2475 3257 Quia
2503 3188 2651 3244 enim
2682 3196 2899 3261 patrum
2930 3187 3181 3245 doctrina
3217 3186 3473 3243 destituti
3501 3194 3653 3256 sunt,

2048 3281 2107 3337 in
2135 3279 2365 3336 desertis
2393 3277 2746 3347 torrentium,
2769 3278 2898 3351 quia
2927 3277 2985 3333 in
3015 3276 3247 3334 occultis
3272 3292 3328 3333 se
3357 3276 3656 3350 cogitatio-

2047 3369 2212 3426 nibus
2239 3376 2454 3442 tegunt,
2476 3370 2534 3424 in
2555 3367 2805 3424 cavernis
2834 3374 3013 3437 terrae,
3036 3365 3166 3440 quia
3189 3381 3321 3422 vero
3341 3365 3400 3422 in
3422 3381 3656 3439 praesen-

2046 3458 2118 3516 tis
2147 3460 2335 3517 saeculi
2366 3458 2674 3515 mobilitate
2704 3457 3071 3514 intentionem
3102 3471 3257 3511 suam
3287 3455 3453 3527 figere
3480 3470 3655 3527 appe—

2044 3555 2192 3617 tunt,
2209 3565 2374 3622 super
2394 3549 2632 3620 glaream
2662 3547 2911 3604 habitare
2939 3546 3279 3603 referuntur.
3311 3544 3419 3601 Sed
3439 3544 3654 3601 utinam

2043 3638 2203 3707 tales,
2234 3638 2364 3713 quia
2390 3644 2611 3710 peccata
2630 3637 2829 3693 nolunt
2857 3636 3182 3709 impugnare
3208 3633 3506 3702 tentantia,
3522 3632 3653 3690 ﬂen-

2044 3726 2116 3784 do
2144 3734 2418 3800 tergerent
2444 3727 2533 3782 vel
2568 3725 2888 3782 commissa!
2914 3725 3133 3781 utinam
3159 3724 3305 3779 mala
3332 3740 3433 3779 sua
3459 3724 3653 3779 saltem

2044 3823 2353 3889 perpetrata
2400 3821 2814 3886 cognoscerent,
2846 3821 3014 3884 atque
3060 3812 3235 3868 sterili
3275 3811 3525 3868 ﬁculnea;
3551 3827 3655 3867 co-

2044 3902 2279 3976 phinum
2308 3892 2585 3967 stercoris,
2622 3899 2682 3955 id
2708 3908 2791 3956 est
2818 3900 3180 3955 infructuosa:
3209 3897 3384 3954 menti
3413 3897 3654 3969 pingue-

2043 3991 2232 4049 dinem
2261 3988 2671 4046 lamentationis
2698 3987 3087 4046 admoverent!

2116 4096 2256 4175 [Vet.
2300 4099 2354 4156 Χ
2360 4096 2446 4172 V.]
2501 4097 2590 4155 37.
2640 4097 2850 4155 Malum
2877 4096 3021 4168 quod
3049 4093 3264 4167 agimus
3290 4093 3441 4150 oculo
3469 4094 3656 4149 mentis

2044 4188 2237 4244 obicem
2257 4188 2428 4261 ponit.
2456 4219 2527 4230 —
2555 4186 2660 4244 Sed
2690 4186 2856 4243 habet
2884 4186 2993 4243 hoc
3019 4185 3351 4260 plerumque
3377 4182 3656 4241 humanus

2044 4279 2262 4336 animus
2292 4278 2597 4352 proprium,
2628 4277 2775 4351 quod
2795 4293 2925 4333 mox
2954 4283 3017 4332 ut
3048 4276 3107 4331 in
3132 4276 3350 4348 culpam
3375 4273 3601 4345 labitur,
3624 4291 3655 4330 a

2043 4369 2128 4425 sui
2158 4368 2340 4425 adhuc
2367 4368 2588 4441 longius
2615 4367 2934 4440 cognitione
2961 4372 3267 4438 separetur.
3314 4364 3431 4422 Hoc
3471 4364 3654 4438 ipsum

2043 4473 2282 4530 namque
2311 4458 2519 4513 malum
2548 4456 2695 4529 quod
2724 4456 2839 4528 agit
2868 4455 3042 4511 menti
3068 4471 3125 4511 se
3153 4454 3366 4511 obicem
3388 4460 3513 4511 ante
3528 4469 3654 4512 ocu-

2044 4547 2159 4603 lum
2185 4546 2414 4603 rationis
2443 4546 2744 4602 intersei'it.
2792 4545 2954 4603 Unde
2984 4544 3046 4601 fit
3074 4552 3135 4600 ut
3165 4545 3351 4601 anima
3377 4544 3533 4618 prius
3560 4561 3654 4602 vo-

2042 4635 2300 4692 luntariis
2346 4635 2587 4693 tenebris
2632 4635 2849 4693 obsessa
2890 4634 3258 4708 postmodum
3303 4635 3513 4693 bonum
3537 4634 3652 4709 jam

2040 4742 2143 4783 nec
2171 4726 2320 4800 quod
2348 4734 2556 4800 qumrat
2583 4735 2860 4800 agnoscat.
2886 4726 3106 4795 Quanto
3128 4727 3279 4783 enim
3301 4726 3473 4799 magis
3493 4725 3653 4781 malis

2040 4815 2303 4887 adhaeret,
2324 4824 2481 4874 tanto
2500 4816 2687 4874 minus
2710 4816 2975 4889 intelligit
3002 4816 3150 4873 bona
3172 4832 3292 4890 qua:
3323 4814 3651 4887 perdit.Lux

2041 4906 2241 4979 quippe
2270 4907 2518 4965 veritatis
2561 4907 2691 4982 quia
2733 4908 3014 4965 subtiliter
3062 4905 3423 4979 reproborum
3462 4902 3651 4974 culpas

2040 4995 2339 5065 examinat,
2371 5012 2479 5070 quo
2508 4996 2696 5054 habita
2723 4998 3044 5071 negligitur,
3089 5011 3154 5052 eo
3196 4989 3473 5066 permittit
3500 4991 3523 5025 ⁸
3554 4988 3650 5045 di-

2112 5178 2132 5211 ‘
2164 5178 2284 5233 Duo
2312 5176 2512 5245 Laud.,
2543 5177 2867 5241 devoratur;
2913 5174 3028 5241 sed,
3060 5181 3134 5245 ut
3154 5178 3433 5243 putamus,
3465 5186 3648 5227 corru-

2041 5254 2159 5319 pte;
2195 5248 2395 5303 menda
2421 5242 2602 5303 autem
2640 5246 2827 5319 Codd.
2875 5242 3555 5319 aliquandoannotamus,
3587 5250 3650 5299 ut

2042 5313 2228 5390 quales
2257 5318 2367 5390 sint
2396 5318 2575 5390 palam
2625 5316 2741 5383 ﬁat,
2784 5330 2926 5390 neve
2954 5313 3023 5390 ab
3055 5315 3206 5369 omni
3237 5330 3418 5390 errore
3449 5313 3648 5390 immu-

2041 5385 2138 5515 ges
2176 5385 2489 5446 credantur.
2533 5389 2830 5460 Utramque
2874 5385 3166 5442 lectionem
3210 5385 3435 5443 exhibet
3477 5385 3642 5443 Corb.

2092 5474 2226 5515 erm.

2092 5474 2226 5515 erm.

2114 5533 2135 5565 δ
2168 5531 2229 5604 In
2259 5528 2388 5597 Ed.,
2413 5529 2686 5604 districtus
2706 5527 2915 5604 judem;
2944 5528 3111 5604 quod,
3144 5530 3274 5604 licet
3302 5529 3483 5602 magni
3517 5547 3644 5584 mo-

2046 5602 2218 5657 menti
2250 5617 2362 5674 non
2391 5600 2482 5668 sit,
2516 5601 2919 5674 immutandum
2952 5600 3481 5673 tamenjudicamus,
3505 5617 3643 5674 pro-

2045 5681 2168 5747 pter
2197 5671 2514 5730 unanimem
2544 5673 2671 5731 Mss.
2706 5690 3052 5730 consensum.
3135 5691 3139 5694 '
