4172 6184
535 307 636 364 159

1725 298 1973 356 SANCTI
2011 299 2350 358 GREGORII
2395 297 2622 359 MAGNI

3742 311 3844 367 160

530 435 773 493 strictius
793 431 1073 506 judicans,
1103 437 1291 486 utnec
1317 428 1516 484 amissa
1543 427 1884 502 requiratur;
1918 435 1972 483 et
1989 444 2116 484 cum
2153 431 2202 490 Α
2239 428 2343 482 thio
2377 427 2598 499 (Thren.
2634 447 2718 499 nr,
2753 431 2865 503 15).
2891 431 2962 488 Ut
2981 430 3130 486 enim
3163 431 3218 487 in
3251 433 3523 504 superiori
3548 435 3662 508 jam
3693 443 3844 508 parte

531 528 600 583 ab
629 533 754 583 actu
788 523 1093 597 repellitur,
1123 521 1265 593 fugit
1293 538 1324 576 a
1353 537 1537 589 sensu,
1577 527 1638 576 ut
1667 519 1824 592 cujus
1853 519 2006 592 quasi
2036 520 2129 575 fa-

532 617 644 674 cies
683 615 742 672 in
788 628 950 686 opere
991 609 1390 675 contemnitur,
1421 609 1540 682 ejus
1569 626 1663 682 per
1693 609 2128 666 recordationem

527 705 642 779 jam
673 720 773 760 nec
802 711 950 774 terga
979 699 1292 756 videantur.
1340 699 1482 755 Hinc
1529 699 1712 770 itaque
1751 706 1832 753 est
1861 697 2008 772 quod
2038 714 2133 753 re-

534 793 690 868 probi
720 789 954 863 subjecti
985 789 1184 845 ﬂendis
1222 787 1520 845 sceleribus
1549 787 1806 859 gaudent,
1838 786 1904 843 de
1933 786 2134 860 quibus

533 901 629 957 per
655 883 1006 939 Salomonem
1035 879 1274 936 dicitur:
1312 879 1414 946 Qui
1445 880 1695 934 laetantur
1722 895 1839 932 cum
1869 877 2135 946 male/ece-

532 972 665 1038 rint,
687 978 734 1026 et
752 971 1020 1026 exsultant
1042 969 1099 1023 in
1119 970 1273 1024 rebus
1288 968 1528 1040 pessimis
1552 969 1737 1039 (Prov.
1767 984 1830 1034 ιι,
1857 966 1967 1038 lli).
1993 966 2135 1022 Hinc

533 1069 614 1118 est
643 1058 791 1135 quod
816 1059 1189 1133 lacrymarum
1221 1073 1413 1115 causas
1439 1055 1804 1129 tripudiantes
1833 1063 2130 1130 peragunt;

535 1149 669 1208 hinc
715 1157 797 1206 est
838 1148 986 1223 quod
1030 1147 1222 1204 mortis
1251 1163 1362 1203 sure
1393 1148 1672 1220 negotium
1702 1146 1944 1203 ridentes
1970 1161 2137 1203 exse-

535 1247 801 1314 quuntur.
834 1237 989 1295 Unde
1019 1236 1113 1294 hic
1144 1253 1362 1312 quoque
1389 1244 1512 1310 apte
1541 1235 1894 1310 subjungitur
1925 1255 1937 1292 :

943 1345 1173 1403 CAPUT
1211 1345 1321 1403 xv
1360 1343 1504 1419 [Rec.
1544 1344 1721 1420 XVI].

607 1454 778 1514 νεεδ.
821 1455 874 1511 7.
906 1485 977 1498 -
1007 1454 1110 1522 Qui
1152 1455 1290 1510 inter
1317 1454 1675 1528 hujuscemodi
1715 1453 2053 1520 testabantur,
2091 1457 2142 1507 et

487 1542 496 1552 ”
538 1565 643 1604 esse
670 1547 764 1604 sub
793 1548 1022 1604 sentibus
1050 1547 1264 1602 delicias
1292 1546 1678 1618 computabant.

608 1637 697 1694 38.
730 1638 796 1693 In
827 1635 1153 1693 transitoriis
1183 1637 1436 1700 laetantes,
1455 1633 1703 1704 gravibus
1732 1631 1874 1686 curis
1899 1632 2138 1704 afﬂigun-

542 1731 649 1781 tur.
680 1756 750 1766 —
781 1726 929 1781 Inter
959 1722 1339 1795 hujuscemodi
1370 1722 1646 1789 laetantur,
1695 1720 1825 1794 quia
1872 1720 2137 1777 nimirum

536 1812 832 1871 attendunt
859 1811 1179 1868 transitoria
1207 1827 1330 1884 quae
1376 1809 1710 1884 percipiunt,
1741 1817 1796 1866 et

538 1905 754 1978 gligunt
803 1904 1179 1977 permanentia
1224 1904 1367 1960 bona
1415 1919 1535 1976 quae
1583 1903 1840 1976 perdunt.
1891 1903 2139 1976 Cumque

467 2019 474 2022 -
538 2009 724 2052 amore
754 1993 1140 2067 temporalium
1171 1992 1421 2066 ﬂagrant,
1457 2008 1643 2049 veram
1673 1991 1922 2049 latitiam
1952 1992 2138 2048 volen-

538 2089 621 2140 tes
663 2083 939 2156 ignorant.
973 2083 1149 2151 Quam
1197 2081 1244 2139 si
1293 2081 1540 2138 studiose
1570 2098 1892 2154 cognoscere
1920 2097 2140 2154 quare-

539 2179 682 2240 rent,
705 2189 869 2246 quam
890 2171 1072 2228 ﬂenda
1089 2172 1202 2229 sint
1221 2171 1419 2244 gaudia
1437 2187 1557 2244 qua:
1576 2177 1842 2243 appetunt
1864 2171 2135 2226 viderent.

538 2261 644 2318 Sed
677 2261 808 2318 dum
839 2262 1069 2318 meliora
1108 2262 1249 2320 scire
1291 2269 1676 2329 contemnunt,
1707 2260 1822 2316 sola
1851 2260 1958 2316 sibi
1987 2261 2140 2316 velut

538 2365 754 2406 summa
798 2351 1029 2424 eligunt,
1069 2368 1190 2424 quae
1219 2351 1516 2407 visibiliter
1544 2351 1721 2408 oculis
1756 2350 1935 2422 fugaci
1967 2349 2140 2407 sedu-

538 2440 721 2498 ctione
749 2439 1131 2497 blandiuntur.
1157 2440 1415 2496 Visibilia
1443 2440 1656 2498 scilicet
1684 2448 1974 2514 sequentes
1997 2442 2013 2475 ¹
2046 2457 2142 2496 cor

539 2540 744 2613 ﬁgunt;
785 2547 841 2596 et
877 2547 1032 2596 tanto
1069 2540 1417 2598 extrinsecus
1459 2537 1607 2594 654
1647 2540 1904 2612 gaudent,
1935 2548 2140 2612 quanto

540 2629 977 2685 recordationem
1001 2629 1086 2685 sui
1107 2629 1440 2685 intrinsecus
1459 2645 1570 2685 non
1602 2628 1824 2684 habent.
1843 2628 2142 2686 Miscentur

540 2725 722 2774 tamen
751 2734 942 2774 eorum
973 2718 1186 2791 gaudiis
1205 2720 1530 2792 plerumque
1550 2719 1956 2785 tribulationes,
1979 2725 2139 2791 atque

539 2824 610 2863 ex
657 2806 820 2864 rebus
868 2808 1003 2880 ipsis
1043 2823 1113 2864 ex
1155 2808 1358 2882 quibus
1403 2807 1728 2880 superbiunt
1772 2807 2135 2880 ﬂagellantur.

537 2897 726 2969 Neque
753 2897 901 2953 enim
923 2897 1042 2954 sine
1064 2898 1321 2970 gravibus
1341 2913 1599 2954 curarum
1626 2896 1891 2953 molestiis
1911 2905 2138 2968 possunt

539 2985 862 3058 temporalia
890 3003 1011 3059 quae
1040 2994 1326 3060 appetunt,
1370 2987 1458 3043 vel
1505 3002 1616 3042 non
1655 2985 1844 3041 habita
1873 3002 2135 3058 quaerere,

539 3075 627 3130 vel
673 3076 898 3148 quaesita
941 3092 1178 3146 servare,
1227 3076 1372 3132 inter
1417 3074 1651 3148 aequales
1701 3074 2136 3146 praestantiorem

541 3163 769 3238 gloriam
824 3173 1099 3236 appetere,
1155 3182 1187 3220 a
1243 3163 1550 3221 minoribus
1603 3164 1966 3220 reverentiam
2015 3165 2138 3237 plus
2172 3149 2216 3210 C

539 3268 705 3326 quam
735 3260 950 3324 oportet
977 3253 1215 3326 exigere,
1265 3261 1320 3309 et
1348 3254 1534 3309 minus
1561 3269 1724 3327 quam
1754 3252 1954 3309 debent
1981 3267 2141 3307 eam-

541 3344 667 3400 dem
725 3341 1029 3415 majoribus
1083 3343 1378 3410 exhibere;
1416 3344 1737 3416 plerumque
1794 3343 2093 3416 potentiam
2117 3343 2139 3378 ²

543 3451 640 3507 per
676 3433 1058 3507 impotentiam
1089 3434 1407 3500 ostendere;
1441 3451 1656 3508 semper
1684 3451 1851 3507 prava
1879 3450 2056 3507 agere,
2087 3442 2141 3490 et

545 3531 728 3579 tamen
755 3539 825 3579 ne
853 3525 1170 3596 opinionem
1201 3525 1488 3598 pravitatis
1506 3524 1764 3592 habeant,
1787 3523 2141 3581 formidolosa

544 3611 842 3669 custodire.
869 3613 997 3670 Haec
1020 3613 1266 3686 profecto
1295 3613 1483 3670 omnia
1504 3613 1732 3670 miseros
1751 3620 2025 3685 pungunt,
2047 3611 2143 3667 sed

544 3706 760 3764 easdem
817 3708 1144 3781 punctiones
1199 3709 1318 3782 ipso
1361 3725 1544 3766 rerum
1587 3708 1974 3780 temporalium
2006 3707 2142 3763 victi

544 3809 730 3851 amore
763 3812 875 3852 non
904 3796 1169 3854 sentiunt.
1217 3798 1370 3855 Unde
1416 3807 1471 3855 et
1517 3807 1661 3855 recte
1709 3814 1859 3854 nunc
1888 3796 2095 3854 dicitur
2127 3814 2138 3852 :

543 3886 618 3942 Et
635 3902 742 3941 esse
755 3886 848 3942 sub
876 3887 1104 3944 sentibus
1131 3888 1351 3945 delicias
1380 3889 1773 3962 computabant,
1803 3886 1933 3961 quia
1961 3902 2142 3959 pecca-

545 3980 727 4030 torum
770 3974 1230 4034 delectationibus
1269 3979 1464 4050 pressi,
1508 3995 1578 4034 ex
1605 3978 1806 4034 aﬂ‘ectu
1834 3975 1962 4031 vitae
1995 3992 2144 4048 prae-

545 4063 717 4119 sentis
745 4080 908 4135 quam
939 4065 1051 4121 sint
1079 4082 1266 4138 aspera
1296 4083 1417 4140 quae
1446 4066 1734 4140 patiuntur
1762 4065 2035 4136 ignorant.

618 4149 707 4207 39.
738 4151 969 4208 Delicias
995 4154 1257 4209 aestimant
1286 4173 1497 4211 manere
1524 4155 1618 4210 sub
1647 4153 1897 4210 sentibus.
1932 4182 2004 4193 —
2030 4152 2142 4207 Lae-

547 4245 736 4295 tantur
763 4239 967 4314 itaque,
1011 4241 1106 4297 sed
1135 4242 1238 4297 sub
1266 4245 1536 4312 sentibus,
1567 4243 1698 4316 quia
1727 4241 1890 4297 rebus
1919 4240 2142 4314 quidem

547 4331 943 4404 temporalibus
985 4332 1243 4405 gaudent,
1291 4334 1385 4390 sed
1436 4342 1620 4391 tamen
1668 4333 1798 4390 dum
1829 4333 2144 4405 dispensare

548 4419 668 4476 sine
714 4420 1069 4479 tribulatione
1111 4424 1299 4481 eadem
1343 4425 1668 4498 temporalia
1706 4440 1817 4480 non
1846 4421 2053 4492 valent,
2083 4439 2146 4479 ea

549 4524 682 4565 cura
708 4518 1028 4587 punguntur
1056 4512 1243 4570 miseri
1281 4531 1390 4588 qua
1418 4521 1762 4588 premuntur.
1794 4514 2017 4571 Manent
2043 4510 2146 4568 sub
2175 4509 2223 4568 D

549 4596 818 4669 sentibus,
835 4607 891 4656 et
907 4599 1014 4657 hoc
1034 4600 1214 4675 ipsum
1235 4603 1461 4661 delicias
1481 4603 1776 4672 aestimant,
1796 4603 1926 4678 quia
1941 4610 1994 4658 et
2010 4601 2148 4658 dura

551 4687 772 4761 quidem
804 4706 872 4746 ex
903 4694 1182 4765 praesentis
1204 4695 1333 4751 vita:
1362 4712 1546 4752 amore
1583 4695 1841 4763 tolerant,
1881 4701 1935 4750 et
1962 4701 2145 4750 tamen

549 4775 749 4834 affectu
776 4777 962 4836 nimia
990 4781 1312 4855 cupiditatis
1350 4783 1600 4856 obligati,
1630 4783 1870 4839 laborem
1900 4780 2144 4852 ejusdem

550 4867 854 4928 tolerantia:
885 4872 1221 4947 voluptatem
1265 4881 1480 4946 putant.
1530 4873 1684 4931 Unde
1712 4880 1857 4930 recte
1886 4871 2147 4928 Jeremias

551 4959 722 5018 totius
741 4959 800 5018 in
819 4979 876 5018 se
897 4961 1152 5018 humanae
1171 4963 1606 5020 conversationis
1634 4962 1873 5037 speciem
1902 4977 2144 5028 sumens,

551 5064 647 5120 per
674 5050 976 5110 lamentnm
1003 5049 1276 5126 queritur,
1306 5052 1527 5110 dicens:
1553 5053 1847 5110 Inebriavit
1864 5050 2144 5107 meabsin-

625 5273 641 5309 ί
672 5268 836 5342 Corb.
882 5271 1093 5342 Germ.,
1123 5273 1364 5339 Bellov.,
1392 5270 1566 5328 Laud.
1598 5278 1651 5327 et
1680 5271 1891 5342 Germ.,
1921 5268 2151 5342 fortasse

554 5341 777 5416 rectius,
808 5360 900 5399 cor
917 5339 1149 5416 fugiunt.
1175 5344 1419 5416 Priorem
1441 5351 1624 5416 tamen
1644 5343 1770 5416 lect.
1793 5339 2149 5416 retinuimus,

551 5413 643 5489 cui
670 5410 837 5489 etiam
866 5410 1001 5473 Mss:
1027 5417 1307 5489 Norm.get
1337 5415 1583 5489 plerique
1613 5415 2003 5487 suffragantur.
2025 5410 2148 5467 Val.

552 5485 644 5560 Cl._
670 5485 854 5560 habet,
884 5506 918 5543 a
945 5487 1100 5560 corde
1127 5485 1360 5560 fugiunt.

626 5557 648 5592 ³
676 5557 806 5641 Ed,
829 5553 1298 5642 peninjustitium.
1329 5558 1651 5632 Elegantius
1678 5557 1738 5614 in
1766 5554 1973 5614 nostris
1999 5553 2153 5621 Mss.,

548 5648 648 5705 per
675 5637 1055 5706 impotentiam.
2005 5696 2016 5706 O

553 5701 891 5829 inﬁgemet.
939 5699 1105 5758 habet
1141 5702 1435 5758 voluntates
1476 5717 1577 5773 pro
1619 5701 1930 5771 voluptates,
1960 5696 2074 5764 hic,
2103 5703 2157 5752 et

553 5788 726 5831 intra.

2239 517 2597 589 praediximus
2642 519 2782 590 (Lib.
2832 537 2934 588 vu,
2977 537 3032 574 η.
3067 521 3185 592 25),
3217 521 3404 578 ebrius
3432 525 3667 598 quisque
3695 526 3844 600 quod

2241 607 2446 680 patitur
2473 610 2665 665 nescit.
2699 609 2805 678 Qui
2837 626 2966 666 vero
3005 611 3286 667 absinthio
3321 612 3625 682 debriatur,
3657 625 3712 672 et
3741 617 3846 675 hoc

2241 697 2387 770 quod
2429 699 2663 770 sumpsit
2708 716 2955 755 amarum
2999 708 3100 769 est,
3145 709 3198 756 et
3227 708 3411 757 tamen
3443 720 3553 760 non
3584 705 3849 778 intelligit

2241 787 2488 842 eamdem
2528 789 2952 845 amaritudinem
2983 807 3090 863 qua
3117 791 3702 862 repletur.Humanum
3734 795 3852 866 igi-

2242 884 2333 933 tur
2375 894 2546 948 genus
2592 885 2740 934 recto
2788 879 2886 934 Dei
2932 878 3146 950 judicio
3176 881 3196 914 3
3229 880 3286 935 in
3327 881 3708 952 voluptatibus
3735 883 3850 941 suis

2242 965 2349 1021 sibi
2379 965 2691 1034 dimissum,
2723 974 2884 1039 atque
2913 983 3009 1038 per
3037 967 3256 1023 easdem
3288 969 3600 1042 voluptates
3629 979 3846 1042 sponta-

2244 1058 2363 1113 neis
2390 1058 2844 1115 tribulationibus
2874 1059 3163 1125 traditum,
3194 1059 3476 1117 absinthio
3505 1069 3587 1118 est
3610 1062 3846 1134 ebrium,

2246 1147 2375 1220 quia
2397 1155 2450 1202 et
2469 1163 2654 1203 amara
2670 1155 2801 1204 sunt
2824 1164 2946 1221 quae
2970 1164 3068 1220 pro
3091 1148 3259 1221 hujus
3275 1149 3403 1205 vitae
3426 1167 3610 1206 amore
3628 1138 3845 1223 tolerat,

2245 1243 2299 1291 et
2327 1243 2510 1291 tamen
2539 1235 2788 1292 eamdem
2815 1237 3240 1293 amaritudinem
3268 1238 3511 1295 caecitate
3531 1241 3849 1312 cupiditatis

2247 1325 2404 1398 quasi
2432 1325 2856 1382 insensibilitate
2885 1327 3169 1383 ebrietatis
3209 1327 3444 1400 ignorat.
3477 1329 3670 1386 Mundi
3699 1332 3846 1387 enim

2247 1414 2475 1486 gloriam
2506 1415 2718 1483 sitiens,
2750 1416 2881 1471 dum
2913 1417 3114 1472 multas
3141 1434 3240 1488 pro
3264 1434 3322 1472 ea
3355 1418 3740 1476 tribulationes
3766 1437 3847 1476 re-

2247 1502 2410 1575 perit,
2457 1518 2706 1560 amarum
2753 1512 2834 1560 est
2881 1505 3028 1578 quod
3062 1505 3221 1561 bibit.
3257 1506 3360 1563 Sed
3390 1508 3518 1579 quia
3547 1508 3651 1566 hoc
3680 1509 3848 1566 nimis

2249 1591 2529 1648 inhianter
2561 1594 2818 1666 sumpsit,
2841 1593 3084 1666 ejusdem
3107 1595 3492 1652 amaritudinis
3514 1599 3720 1654 malum
3740 1599 3846 1654 dis-

2248 1699 2468 1740 cernere
2507 1681 2622 1756 jam
2665 1701 2776 1758 prae
2823 1685 2941 1757 ipsa
2973 1685 3233 1743 ebrietate
3275 1703 3386 1742 non
3431 1688 3650 1745 suﬂicit.
3704 1687 3846 1764 [Vet.

2165 1789 2210 1849 Β
2250 1771 2440 1868 ΧΠ.)
2483 1773 2687 1868 amant
2739 1774 2888 1868 enim
2934 1776 3173 1868 perversi
3231 1775 3484 1868 homines
3527 1793 3626 1849 pro
3681 1777 3850 1850 hujus

2250 1862 2442 1918 mundi
2475 1863 2647 1936 gloria
2679 1864 2844 1919 etiam
2875 1864 3281 1933 tribulationes,
3303 1866 3628 1939 cunctisque
3657 1883 3756 1938 pro
3786 1884 3847 1924 ea

2248 1952 2543 2009 sudoribus
2564 1953 2799 2008 libenter
2814 1953 3085 2022 serviunt,
3108 1961 3162 2010 et
3177 1955 3428 2026 gravium
3450 1955 3699 2012 laborum
3715 1955 3848 2029 jugo

2249 2041 2602 2098 devotissime
2617 2041 2759 2098 colla
2777 2041 3300 2110 submittunt.Quod
3315 2044 3452 2099 bene
3464 2045 3566 2100 sub
3581 2045 3845 2117 Ephra'i'm

2248 2131 2426 2204 specie
2499 2131 2637 2186 Osee
2704 2132 3064 2204 prophetante
3134 2132 3465 2189 describitur
3496 2176 3510 2201 ,
3568 2134 3662 2206 qui
3720 2135 3843 2191 ait:

2250 2221 2515 2290 Ephra'im
2542 2220 2712 2276 vitula
2740 2220 2891 2276 docta
2919 2222 3135 2292 diligere
3164 2221 3419 2275 tritu-rum
3461 2220 3614 2294 (Osee
3637 2238 3696 2291 x,
3730 2224 3844 2295 11).

2250 2311 2440 2368 Vitula
2467 2311 2614 2367 enim
2648 2311 2858 2368 tritum
2889 2313 3169 2369 laboribus
3196 2320 3432 2381 assueta,
3466 2312 3709 2368 relaxata
3737 2313 3846 2385 ple-

2250 2418 2481 2475 rumque
2497 2401 2564 2458 ad
2579 2400 2830 2457 eumdem
2849 2401 3052 2458 laboris
3071 2419 3231 2458 usum
3245 2402 3413 2458 etiam
3435 2418 3546 2458 non
3566 2403 3850 2474 compulsa

2251 2491 2564 2548 revertitur.
2599 2492 2678 2546 Ita
2705 2507 3002 2564 pravorum
3025 2507 3179 2548 mens
3197 2491 3369 2563 hujus
3389 2491 3583 2547 mundi
3604 2491 3849 2547 servitiis

2249 2582 2454 2650 dedita,
2476 2590 2530 2638 et
2550 2598 2731 2638 rerum
2755 2581 3139 2653 temporalium
3171 2580 3585 2653 fatigationibus
3612 2588 3847 2648 assueta,

2249 2671 2462 2728 etiamsi
2486 2672 2592 2727 sibi
2613 2672 2784 2727 libere
2806 2688 3000 2728 vacare
3021 2673 3203 2739 liceat,
3227 2671 3448 2727 subesse
3472 2679 3655 2727 tamen
3687 2672 3706 2706 ‘
3743 2678 3848 2726 ter-

2250 2761 2395 2817 renis
2426 2760 2706 2816 laboribus
2734 2761 2978 2828 festinat,
3001 2769 3055 2816 et
3071 2777 3229 2816 usum
3255 2761 3465 2815 miserae
3483 2759 3848 2816 conversatio-

2249 2851 2336 2907 nis
2365 2851 2621 2906 trituram
2652 2850 2856 2906 laboris
2884 2850 3100 2922 quaerit,
3119 2857 3181 2905 ut
3207 2866 3238 2904 a
3261 2849 3397 2922 jug‘o
3420 2849 3711 2905 mundanae
3741 2867 3847 2907 ser-

2249 2941 2445 2996 vitutis
2472 2955 2680 2996 cessare
2709 2955 2819 2994 non
2850 2939 3038 3006 libeat,
3083 2939 3248 2994 etiam
3278 2939 3324 2993 si
3352 2938 3530 2994 liceat.
3564 2937 3720 3004 Quod
3752 2939 3851 2994 vi-

2247 3029 2447 3086 delicet
2463 3028 2659 3102 jugum
2688 3027 2959 3084 Dominus
2978 3028 2999 3062 5
3027 3044 3057 3082 a
3085 3027 3484 3099 discipulorum
3508 3023 3721 3081 cervice
3741 3028 3848 3082 sol-

2253 3120 2434 3187 vebat,
2465 3135 2591 3174 cum
2623 3117 2803 3173 dixit:
2836 3116 3099 3173 Attendite
3125 3115 3291 3180 vobis,
3314 3131 3376 3169 ne
3406 3113 3545 3183 forte
3562 3121 3852 3184 graventur

2252 3212 2415 3267 corda
2454 3213 2628 3262 vestra
2664 3206 2720 3260 in
2757 3206 2982 3276 crapula
3023 3211 3070 3260 et
3107 3205 3352 3260 ebrietate
3383 3204 3541 3274 (Luc.
3575 3219 3698 3271 xxx,
3730 3203 3848 3275 34),

2248 3299 2401 3355 illico
2430 3295 2686 3368 adjunxit
2712 3311 2724 3349 :
2752 3299 2826 3354 Et
2854 3293 2909 3347 in
2939 3294 3082 3348 curis
3102 3294 3262 3364 hujus
3284 3293 3432 3358 vita;
3455 3298 3504 3347 et
3517 3293 3852 3364 superveniat

2248 3390 2304 3445 in
2331 3405 2420 3445 vos
2446 3386 2719 3459 repentina
2747 3385 2856 3441 dies
2887 3385 3004 3442 illa.
3036 3385 3109 3440 Et
3135 3401 3327 3441 rursus
3361 3402 3372 3440 :
3411 3385 3584 3443 Venite
3605 3385 3678 3440 ad
3705 3389 3850 3448 655

2249 3505 2348 3553 me,
2379 3501 2552 3541 omnes
2571 3484 2663 3554 qui
2693 3483 2948 3540 laboratis
2978 3490 3025 3538 et
3043 3480 3250 3539 onerati
3277 3479 3419 3545 estis,
3445 3485 3493 3534 et
3511 3497 3599 3550 ego
3618 3479 3851 3551 reficiam

2252 3594 2360 3632 vos.
2405 3574 2590 3632 Tollite
2609 3573 2804 3646 jugum
2845 3591 3016 3630 meum
3057 3589 3218 3644 super
3257 3587 3371 3636 vos,
3408 3575 3456 3625 et
3482 3569 3662 3625 discite
3687 3587 3722 3625 α
3750 3586 3847 3637 me,

2251 3673 2378 3746 quia
2397 3671 2537 3728 mitis
2554 3689 2672 3726 sum
2695 3677 2741 3726 et
2769 3672 2984 3728 humilis
3012 3671 3166 3727 corde
3188 3671 3400 3742 (Matth.
3425 3685 3508 3736 χι,
3525 3667 3640 3740 28).
3665 3668 3686 3702 ⁵
3708 3664 3850 3733 Quid

2253 3773 2334 3821 est
2361 3764 2509 3821 enim
2538 3763 2777 3819 Domino
2807 3761 2998 3818 mitem
3029 3778 3086 3817 se
3114 3762 3172 3816 in
3204 3757 3517 3829 magisterio
3546 3764 3708 3828 atque
3738 3754 3853 3810 hu-

2254 3853 2442 3909 milem
2472 3851 2674 3918 dicere,
2707 3850 2814 3905 nisi
2845 3848 3054 3905 relictis
3082 3845 3403 3902 exercendae
3433 3841 3689 3898 elationis
3709 3841 3853 3897 difﬁ-

2252 3938 2549 3998 cultatibus
2589 3939 2753 4010 plana
2792 3935 3042 4009 quaedam
3089 3934 3228 3989 bene
3258 3931 3481 3988 vivendi
3512 3930 3714 3986 itinera
3742 3929 3850 3986 de-

2254 4027 2601 4085 monstrare?
2648 4025 2752 4082 Sed
2809 4026 2939 4098 quia
2981 4038 3277 4096 pravorum
3336 4027 3545 4076 mentes
3591 4019 3716 4092 plus
3756 4035 3853 4091 per

2252 4133 2440 4189 aspera
2489 4114 2745 4170 elationis
2798 4129 2961 4186 quam
3017 4128 3112 4184 per
3165 4109 3368 4167 blanda
3411 4107 3745 4164 humilitatis
3790 4125 3854 4165 ac

2253 4202 2694 4261 mansuetudinis
2743 4202 3104 4282 delectantur,
3137 4215 3254 4256 esse
3293 4197 3395 4255 sub
3440 4197 3689 4254 sentibus
3719 4196 3852 4253 deli-

2251 4296 2364 4352 cias
2411 4294 2694 4366 deputant.
2740 4293 2888 4348 Dura
2929 4291 3077 4347 enim
3126 4305 3237 4362 prae
3267 4304 3451 4344 amore
3479 4286 3667 4344 saeculi
3697 4285 3856 4359 quasi

2252 4383 2503 4458 quaedam
2546 4382 2737 4438 mollia
2777 4397 2840 4438 ac
2887 4378 3234 4437 delectabilia
3288 4379 3430 4434 ferre
3473 4377 3647 4450 parati
3703 4381 3856 4443 sunt,

2259 4475 2391 4532 dum
2421 4475 2479 4531 in
2508 4473 2613 4530 hac
2638 4473 2755 4528 vita
2782 4488 2965 4528 rerum
3009 4470 3256 4527 culmina
3302 4467 3714 4542 apprehendere
3757 4483 3860 4523 co-

2259 4574 2483 4623 nantur.

2327 4691 2416 4748 40.
2448 4689 2752 4763 Asperitate
2803 4686 3001 4743 laboris
3039 4684 3230 4757 magis,
3271 4698 3431 4755 quam
3458 4679 3646 4752 quietis
3675 4679 3861 4733 dulce-

2256 4782 2397 4850 dine,
2428 4782 2768 4837 delectantur.
2801 4807 2871 4816 —
2900 4774 3272 4832 Cessationem
3305 4769 3575 4828 Dominus
3603 4783 3635 4823 a
3664 4766 3859 4823 mundi

2255 4872 2537 4931 laboribus
2578 4870 2832 4942 imperat,
2877 4873 3078 4924 sanctae
3107 4863 3310 4938 quietis
3338 4858 3690 4917 dulcedinem
3743 4874 3858 4931 per-

2255 4961 2476 5027 suadet;
2528 4967 2581 5014 et
2626 4965 2809 5014 tamen
2857 4970 3072 5012 vaesana
3113 4952 3435 5026 iniquorum
3465 4966 3622 5006 mens
3649 4949 3774 5022 plus
3803 4965 3858 5004 se

2255 5049 2468 5123 assequi
2498 5063 2687 5121 aspera
2714 5046 3008 5104 carnaliter
3036 5058 3204 5118 quam
3233 5049 3420 5098 tenere
3447 5038 3652 5096 blanda
3680 5037 3859 5110 spiri-

2333 5268 2352 5301 ⁵
2381 5267 2462 5322 Ita
2487 5264 2614 5321 Mss.
2647 5261 2866 5340 At_duo_
2889 5261 3074 5317 Germ.
3107 5275 3170 5316 ac
3198 5257 3374 5324 Editi,
3407 5253 3625 5310 terrenis
3649 5252 3860 5309 sudori-

2261 5339 2421 5394 bus...
2463 5344 2512 5391 et
2539 5353 2639 5390 usu
2668 5335 2888 5389 miserat.
3011 5403 3017 5404 ί
3277 5400 3313 5404 __
3378 5399 3388 5404 _
3471 5399 3485 5404 _
3799 5393 3809 5404 ,

2333 5411 2354 5443 ⁵
2386 5407 2549 5465 Corb.
2599 5406 2787 5462 Germ.
2833 5411 2886 5459 et
2914 5403 3164 5474 Vulgat.,
3193 5418 3228 5454 a
3257 5399 3642 5469 discipulorum
3671 5399 3862 5449 cervice

2262 5479 2597 5541 sublevabat;
2627 5475 2912 5547 sequimur
2941 5482 3062 5530 cret.
3094 5474 3224 5547 Mss.
3315 5541 3341 5547 _
3415 5539 3428 5547 ‘
3569 5539 3601 5547 Α
3773 5536 3784 5546 ,

2335 5553 2357 5585 ⁶
2386 5549 2515 5616 Ed.,
2546 5539 2674 5628 quid
2702 5539 2780 5628 est
2801 5547 2936 5601 enim
2958 5539 3531 5628 .Dom‘iuum.§tyl_um
3561 5539 3861 5628 Gregorii:

2263 5638 2396 5679 num
2432 5608 2603 5692 magis
2648 5617 2832 5692 sapit_:
2875 5617 3235 5692 quid_est.....
3284 5608 3534 5692 Domino,
3567 5618 3628 5666 ut
3659 5608 3862 5680 legitur

2267 5693 2323 5750 in
2344 5688 2744 5758 Laudfduobf,
2775 5689 2985 5755 Germ.,
3015 5688 3350 5753 Norm.,etc.
