4172 6184
353 266 447 322 161

1177 264 1545 321 MORALIUM
1585 264 1717 322 LIB.
1761 263 1886 320 XX.
1927 293 1998 306 -
2037 263 2106 322 IN
2145 263 2371 321 CAPUT
2409 264 2571 321 XXX
2610 267 2671 321 Β.
2715 268 2857 323 JOB.

3560 270 3660 330 16!

348 400 578 456 tualiter
625 396 839 471 gaudet,
890 397 1013 469 plus
1058 395 1353 453 acerbitate
1398 395 1741 468 fatigationis
1781 411 1945 470 quam
1975 399 2025 459 A
2055 395 2238 453 debitis
2276 401 2328 452 et
2362 412 2455 451 vos
2496 397 2517 431 ‘
2560 412 2721 468 super
2765 395 3036 452 duodecim
3080 399 3317 466 thronos,
3356 397 3664 475 judicantes

352 488 563 562 quietis
583 485 870 543 dulcedine
899 485 1159 557 pascitur.
1184 484 1342 554 Quod
1370 493 1554 559 aperte
1582 485 1643 542 in
1666 485 1957 560 semetipso

353 576 518 635 nobis
558 572 893 632 Israeliticus
940 574 1177 646 populus
1204 574 1444 630 ostendit
1473 574 1678 646 (Exod.
1718 592 1841 643 xvr,
1874 574 1955 648 3),

353 668 451 743 qui
478 666 606 725 dum
635 663 995 721 refectionem
1027 680 1240 721 marinae
1269 664 1504 737 desuper
1531 664 1858 739 perciperet,
1888 664 1956 722 ab

351 760 592 832 Egypto
622 757 764 814 ollas
811 757 1090 825 cornium,
1134 773 1395 830 pepones,
1437 774 1652 830 porros,
1690 774 1958 831 cepasque

351 846 692 920 concupivit.
727 845 873 914 Quid
902 845 1051 901 enim
1084 845 1336 919 signatur
1364 846 1423 902 in
1454 863 1677 916 manna,
1700 846 1809 903 nisi
1837 863 1960 903 esca

352 937 560 1011 gratiae,
580 952 751 993 suave
768 935 1010 1008 sapiens,
1039 934 1109 991 ad
1138 935 1495 993 refectionem
1524 935 1806 993 interioris
1828 935 1958 992 vitae

351 1025 490 1082 bene
520 1025 855 1083 vacantibus
869 1023 1107 1096 desuper
1127 1024 1254 1080 data
1268 1025 1297 1082 ?
1324 1026 1395 1081 Et
1423 1024 1559 1098 quid
1576 1042 1672 1098 per
1691 1025 1827 1081 ollas
1845 1042 1958 1082 car-

351 1118 535 1186 nium,
567 1120 585 1152 ¹
616 1115 728 1172 nisi
760 1114 1006 1173 carnalia
1024 1131 1211 1187 opera,
1240 1116 1339 1173 vix
1366 1116 1790 1173 tribulationum
1810 1115 1959 1173 labo-

351 1204 508 1262 ribus
548 1203 705 1277 quasi
736 1202 961 1275 ignibus
993 1204 1350 1276 excoquenda
1369 1204 1398 1261 ‘l
1439 1203 1544 1273 Qui
1574 1219 1673 1277 per
1698 1220 1957 1277 pepones,

351 1294 463 1352 nisi
499 1302 732 1349 terrente
762 1291 1085 1348 dulcedines
1106 1292 1134 1349 ?
1162 1292 1309 1360 Quid
1353 1309 1449 1366 per
1476 1309 1670 1365 porros
1711 1309 1783 1349 ac
1801 1309 1960 1365 cepas

352 1382 711 1456 exprimitur,
744 1397 865 1454 quae
886 1382 1215 1454 plerumque
1235 1382 1329 1455 qui
1346 1382 1668 1452 comedunt,
1689 1383 1960 1455 lacrymas

353 1473 642 1540 emittunt,
671 1471 781 1528 nisi
811 1471 1111 1528 difﬁcultas
1130 1471 1259 1528 vita
1279 1471 1587 1545 praesentis,
1618 1488 1739 1545 quae
1768 1487 1800 1528 a
1826 1471 1959 1528 dile-

349 1561 604 1619 ctoribus
630 1561 744 1617 suis
771 1568 826 1617 et
854 1576 967 1617 non
995 1561 1114 1617 sine
1142 1560 1297 1618 luctu
1324 1562 1525 1635 agitur,
1547 1570 1602 1618 et
1621 1570 1805 1618 tamen
1833 1577 1959 1617 cum

353 1650 622 1723 iacrymis
640 1657 856 1706 amatur
872 1650 900 1707 ?
927 1650 1128 1707 Manna
1155 1650 1326 1722 igitur
1354 1650 1686 1720 deserentes,
1716 1667 1841 1708 cum
1870 1665 1958 1722 pe-

355 1739 598 1811 ponibus
637 1755 699 1795 ac
745 1740 1005 1797 carnibus
1057 1756 1248 1813 porros
1295 1756 1563 1814 cepasque
1599 1738 1957 1813 quaesierunt,

359 1827 488 1901 quia
516 1828 781 1886 videlicet
808 1846 1075 1903 perversae
1123 1837 1334 1887 mentes
1363 1829 1549 1888 dulcia
1598 1845 1695 1902 per
1733 1826 1963 1900 gratiam

358 1917 571 1990 quietis
598 1917 743 1973 dona
756 1917 1087 1990 despiciunt,
1118 1926 1173 1975 et
1193 1935 1292 1991 pro
1311 1917 1625 1975 carnalibus
1652 1915 1965 1989 voluptati-

354 2000 471 2058 bus
525 2000 792 2059 laboriosa
828 2001 998 2076 hujus
1040 2002 1170 2059 vitae
1217 2002 1438 2072 itinera,
1485 2003 1651 2058 etiam
1702 1999 1964 2072 lacrymis

360 2089 547 2161 plena,
579 2091 1008 2164 concupiscunt;
1041 2098 1405 2149 contemnunt
1434 2089 1635 2147 habere
1663 2088 1760 2145 ubi
1789 2088 1965 2161 Spiri—

361 2179 585 2235 tualiter
612 2179 902 2253 gaudeant,
954 2187 1009 2237 et
1054 2180 1429 2237 desideranter
1471 2185 1757 2252 appetunt,
1786 2176 1883 2233 ubi
1911 2183 1966 2232 et

359 2267 651 2324 carnaliter
672 2278 911 2342 gemant.
936 2270 1145 2326 Horum
1175 2270 1361 2343 itaque
1386 2268 1699 2326 vecordiam
1721 2266 1967 2323 veridica

360 2372 496 2413 voce
525 2357 627 2414 Job
656 2357 1046 2430 reprehendat,
1075 2359 1204 2432 quia
1228 2358 1497 2414 nimirum
1530 2373 1793 2431 perverso
1816 2353 1967 2429 judi-

356 2443 467 2513 cio,
494 2445 815 2516 perturbata
840 2446 1179 2519 tranquillis,
1209 2446 1349 2501 dura
1377 2445 1617 2513 lenibus,
1647 2459 1837 2516 aspera
1865 2441 1967 2498 mi-

357 2531 530 2601 tibus,
561 2535 888 2589 transitoria
921 2534 1160 2602 aeternis,
1205 2541 1459 2605 suspecta
1486 2533 1693 2589 securis
1734 2540 1970 2604 antepo-

351 2629 528 2677 nunt.
563 2621 586 2655 ²
617 2622 831 2676 Horum
852 2621 1125 2677 vecordiae
1154 2629 1344 2677 sancta
1368 2620 1615 2677 Ecclesia
1634 2620 1964 2689 recordetur,

350 2725 488 2766 cum
519 2708 687 2764 saevis
716 2709 1061 2765 extrinsecus
1073 2708 1501 2764 adversitatibus
1516 2708 1803 2779 premitur,
1828 2724 1963 2782 quos

354 2798 504 2854 intra
532 2811 591 2852 se
635 2797 790 2851 velut
832 2796 1023 2852 ﬁdeles
1064 2797 1364 2862 continuit,
1417 2796 1512 2853 sed
1556 2812 1744 2852 eorum
1789 2796 1961 2853 vitam

358 2886 745 2943 adversantem
777 2883 905 2939 ﬁdei
957 2884 1054 2940 diu
1081 2885 1361 2955 toleravit,
1393 2894 1446 2941 et
1473 2885 1646 2943 dicat:
1684 2885 1788 2953 Qui
1823 2886 1963 2942 inter

358 2974 720 3047 hujuscemodi
762 2974 1103 3041 laetabantur,
1146 2982 1194 3031 et
1233 2993 1338 3031 esse
1366 2976 1459 3031 sub
1488 2976 1715 3031 sentibus
1744 2974 1963 3032 delicias

359 3067 751 3139 computabant,
782 3065 913 3138 quia
942 3065 1207 3123 nimirum
1239 3068 1382 3123 mala
1411 3083 1530 3141 qua:
1560 3073 1729 3139 agunt
1756 3083 1826 3122 ex
1854 3065 1959 3121 ini-

2069 485 2337 566 duodecim
2363 485 2532 541 tribus
2563 485 2737 542 Israel
2768 485 2981 557 (Matth.
3012 502 3133 555 xxx,
3162 487 3282 561 28).
3301 491 3445 547 Ecce
3481 489 3664 548 retin...

2070 582 2298 649 quentes
2323 573 2647 647 temporalia
2684 573 2914 646 gloriam
2946 576 3231 646 potestatis
3260 585 3477 635 aeterna
3509 596 3667 638 mer-

2069 663 2176 721 cati
2203 670 2352 721 sunt.
2384 664 2531 733 Quid
2560 665 2744 739 itaque
2772 664 2831 721 in
2861 663 2969 721 hoc
3006 665 3215 721 mundo
3244 667 3472 724 stultius
3498 685 3663 742 quam

2070 770 2168 809 sua
2195 752 2441 810 deserere
2462 753 2490 809 ?
2516 755 2590 810 Et
2618 752 2752 827 quid
2799 753 2859 809 in
2886 753 3191 811 aeternitate
3219 754 3464 811 nobilius
3498 772 3663 829 quam

2070 858 2195 897 cum
2238 844 2353 898 Deo
2388 841 2604 915 judices
2632 841 2870 900 venire?
2917 843 3125 898 Horum
3165 842 3377 899 scilicet
3409 841 3666 915 judicum

2070 930 2333 988 nobilitas
2358 931 2649 988 Salomone
2682 938 2973 988 attestante
3016 939 3375 1001 memoratur,
3405 948 3533 990 cum
3563 932 3670 992 hoc

2069 1020 2219 1094 quod
2241 1020 2355 1093 jam
2378 1021 2638 1093 praefatus
2665 1037 2788 1077 sum
2818 1020 3057 1078 dicitur:
3091 1021 3298 1079 Nobilis
3324 1021 3383 1077 in
3392 1022 3567 1094 portis
3584 1022 3671 1080 vir

2070 1109 2203 1180 ejus,
2224 1111 2438 1180 quando
2449 1111 2641 1166 sederit
2653 1127 2771 1166 eum
2782 1110 3110 1167 senatoribus
3127 1118 3283 1168 terra
3299 1111 3488 1184 (Prov.
3506 1127 3669 1180 xxxx,

2069 1200 2185 1273 23).
2219 1200 2391 1258 Valde
2413 1200 2614 1274 quippe
2643 1200 2860 1258 nobiles
2885 1201 3220 1272 considerat,
3239 1218 3377 1276 quos
3391 1208 3671 1259 senatores

2071 1297 2247 1347 vocat.
2281 1290 2437 1347 Hanc
2481 1291 2542 1346 in
2586 1306 2643 1346 se
2686 1291 3033 1348 nobilitatem
3069 1293 3273 1349 Paulus
3311 1300 3618 1365 aspexerat,
3646 1294 3668 1329 ⁵

2070 1395 2196 1435 cum
2226 1378 2541 1451 cognationi
2562 1378 2868 1436 conditoris
2882 1397 2980 1453 per
2998 1380 3255 1453 spiritum
3269 1380 3501 1453 junctus
3528 1380 3671 1439 dice-

2070 1466 2198 1524 bat:
2237 1468 2411 1523 Genus
2438 1485 2559 1540 ergo
2586 1485 2706 1524 cum
2751 1469 2914 1524 simus
2941 1468 3064 1535 Dei,
3109 1486 3216 1524 non
3256 1469 3494 1526 debemus
3521 1470 3674 1526 (esti-

2069 1573 2218 1613 mare
2243 1573 2403 1625 auro,
2426 1558 2504 1613 vel
2533 1563 2750 1629 argento
2781 1560 2804 1593 ⁸
2824 1563 2921 1613 aut
2950 1556 3118 1629 lapidi
3141 1558 3430 1630 sculptura
3447 1557 3607 1624 artis,
3626 1563 3675 1614 et

2070 1645 2375 1718 cogitationi
2402 1645 2630 1702 hominis
2658 1647 2897 1703 divinum
2912 1664 3018 1704 esse
3035 1648 3205 1704 simile
3222 1647 3365 1719 (Act.
3387 1664 3530 1716 xvn,
3551 1648 3668 1719 29).

2071 1734 2257 1790 Genus
2302 1733 2563 1791 videlicet
2599 1736 2700 1791 Dei
2748 1736 3010 1805 dicimur,
3052 1752 3166 1793 non
3211 1752 3281 1793 ex
3314 1737 3432 1809 ejus
3476 1743 3674 1794 natura

2073 1822 2231 1890 editi,
2263 1822 2358 1878 sed
2389 1838 2484 1895 per
2520 1824 2779 1896 spiritum
2812 1824 2986 1895 illius,
3017 1833 3072 1881 et
3100 1825 3412 1883 voluntarie
3437 1825 3670 1895 conditi,

2072 1916 2128 1966 et
2155 1908 2414 1981 adoptive
2444 1911 2695 1968 recreati.
2727 1911 2903 1968 Tanto
2931 1929 3060 1985 ergo
3102 1912 3173 1970 ad
3215 1913 3359 1971 banc
3401 1904 3674 1970 nobilita-

2072 2006 2183 2055 tem
2214 1998 2445 2071 quisque
2473 1999 2724 2072 erigitur,
2771 2010 2977 2074 quanto
3017 2017 3113 2075 per
3149 2011 3426 2075 acceptam
3464 2002 3672 2077 imagi-

2072 2104 2199 2144 nem
2242 2086 2312 2144 ad
2358 2087 2783 2148 similitudinem
2820 2090 2974 2148 illius
3017 2107 3089 2148 ex
3134 2091 3445 2148 imitatione
3500 2107 3675 2150 reno-

2073 2184 2255 2233 vatur.

2144 2264 2233 2322 42.
2258 2265 2387 2322 Alia
2396 2266 2663 2338 ignobilis,
2684 2284 2790 2339 qua
2808 2285 3038 2342 superna
3058 2268 3670 2342 sapientiarelinquitur.

2072 2355 2220 2411 —At
2240 2363 2432 2412 contra
2457 2364 2588 2413 sunt
2608 2357 2764 2413 stulti
2794 2365 2848 2413 et
2876 2358 3166 2431 ignobiles,
3198 2358 3293 2431 qui
3322 2358 3457 2415 dum
3485 2374 3670 2431 super-

2074 2465 2202 2505 nam
2230 2449 2578 2523 sapientiam,
2627 2452 2949 2525 semetipsos
2996 2459 3306 2526 sequentes,
3337 2452 3580 2527 fugiunt,
3611 2453 3672 2511 in

2074 2554 2171 2594 sua
2198 2537 2511 2611 ignorantia
2531 2540 2688 2613 quasi
2703 2540 2762 2596 in
2781 2540 3007 2614 abjectze
3028 2541 3200 2615 prolis
3219 2542 3435 2599 vilitate
3448 2544 3671 2617 sopiun-
3762 2550 3769 2555 '

2073 2632 2181 2683 tur.
2215 2627 2336 2695 Quo
2365 2628 2514 2685 enim
2543 2628 2602 2685 id
2630 2629 2699 2686 ad
2726 2630 2875 2704 quod
2904 2629 3114 2687 conditi
3143 2639 3295 2701 sunt,
3325 2648 3438 2688 non
3458 2632 3671 2689 intelli-

2071 2724 2228 2789 gunt,
2258 2733 2322 2774 eo
2351 2718 2517 2775 etiam
2547 2720 2567 2755 ⁷
2599 2720 2982 2792 cognationem
3004 2729 3240 2795 acceptae
3261 2739 3358 2796 per
3375 2722 3672 2796 imaginem

2071 2804 2451 2875 generositatis
2472 2807 2729 2879 perdunt.
2762 2808 2929 2865 Stulti
2958 2817 3088 2865 sunt
3125 2825 3253 2882 ergo
3299 2817 3353 2865 et
3380 2810 3672 2882 ignobiles,

2068 2911 2206 2969 quos
2234 2895 2302 2952 ab
2335 2905 2553 2954 aeterna;
2568 2897 2906 2956 haereditatis
2925 2900 3213 2957 consortio
3240 2900 3460 2972 repellit
3486 2901 3677 2958 servi-

2068 2990 2159 3039 tus
2190 2985 2409 3040 mentis.
2440 2986 2719 3058 Scriptum
2768 2987 2972 3060 quippe
3017 2996 3130 3044 est:
3186 2988 3368 3044 Omnis
3409 2990 3502 3059 qui
3536 2988 3673 3059 facit

2062 3078 2351 3143 peccatum,
2381 3090 2564 3128 servus
2593 3082 2669 3130 est
2689 3077 2889 3147 peccati
2921 3077 3104 3148 (Joan.
3136 3093 3259 3146 vm,
3292 3077 3409 3150 34).
3440 3078 3513 3134 Et
3540 3094 3675 3136 voce

362 3171 593 3230 quorum
635 3156 1068 3229 pmcedentium
1108 3157 1378 3230 pravitate
1421 3156 1754 3215 didicerunt.
1805 3155 1961 3214 Unde
1990 3145 2035 3205 Ο
2071 3158 2273 3233 egregii
2302 3145 2944 3233 praedicatoris—dicituri
2980 3145 3253 3238 Sapientia
3280 3145 3442 3238 huius
3465 3167 3673 3237 mundi,

359 3255 415 3303 et
444 3255 585 3305 recte
613 3244 1003 3320 subjungitur:

740 3372 970 3431 CAPUT
1008 3371 1140 3429 XVI
1180 3369 1319 3444 [Vet.
1370 3370 1577 3446 XVII].

436 3480 606 3538 Vnus.
636 3480 690 3537 8.
720 3510 792 3523 —
819 3480 953 3537 Filii
979 3481 1265 3536 stultorum
1291 3483 1341 3536 et
1374 3479 1703 3551 ignobilium.

432 3568 524 3625 41.
555 3570 768 3640 Duplex
791 3575 864 3624 est
891 3569 1157 3634 stultitia;
1183 3569 1296 3625 alia
1317 3585 1534 3624 summa;
1558 3565 1827 3623 nobilitati
1845 3582 1962 3622 con-

347 3658 570 3728 juncta.
604 3687 677 3698 —
702 3658 990 3715 Sciendum
1039 3658 1202 3714 nobis
1236 3666 1318 3714 est
1348 3656 1494 3731 quod
1523 3657 1619 3713 alii
1649 3656 1797 3713 intra
1823 3673 1964 3712 san-

359 3754 515 3805 etam
546 3746 848 3803 Ecclesiam
879 3756 1143 3812 vocantur
1171 3748 1351 3815 stulti,
1397 3747 1492 3802 sed
1514 3755 1698 3802 tamen
1726 3745 1960 3815 nobiles,

359 3837 460 3894 alii
490 3846 781 3899 verosunt
816 3839 971 3895 stulti
1000 3847 1056 3895 et
1083 3837 1372 3911 ignobiles.
1406 3835 1572 3893 Stulti
1602 3851 1839 3908 namque
1867 3836 1964 3892 di-

360 3934 587 3997 cuntur,
616 3927 713 3984 sed
742 3943 857 3985 esse
884 3928 1156 4001 ignobiles
1184 3933 1484 4000 nequeunt,
1507 3926 1603 3999 qui
1627 3924 1810 3983 carnis
1838 3942 1961 3998 pru-

360 4016 604 4073 dentiam
644 4025 1083 4086 contemnentes,
1127 4016 1472 4091 profuturam
1512 4015 1619 4072 sibi
1665 4015 1958 4071 stultitiam

361 4114 651 4179 appetunt,
687 4115 743 4163 et
781 4108 803 4143 ³
832 4106 903 4164 ad
942 4107 1245 4163 novitatem
1272 4106 1501 4163 internae
1530 4105 1703 4179 prolis
1736 4104 1964 4161 virtutis

362 4195 653 4253 nobilitate
670 4196 1051 4264 sublevantur;
1071 4195 1164 4270 qui
1179 4195 1404 4252 stultam
1424 4194 1750 4267 sapientiam
1766 4192 1961 4250 mundi

363 4283 697 4359 despiciunt,
718 4294 773 4343 et
787 4286 1089 4360 sapientem
1108 4284 1208 4342 Dei
1229 4284 1521 4342 stultitiam
1537 4283 1959 4356 concupiscunt.

361 4373 640 4446 Scriptum
685 4376 888 4449 quippe
934 4383 1051 4432 est:
1084 4378 1231 4438 656
1263 4374 1416 4442 Quod
1456 4374 1675 4429 stultum
1722 4379 1797 4428 est
1840 4371 1961 4444 Dei,

360 4470 655 4566 sapientius
673 4479 747 4566 est
767 4472 1065 4566 hominibus
1094 4472 1152 4545 (Ι
1177 4472 1307 4566 ρον.
1332 4471 1510 4566 1,-25).
1534 4471 1689 4566 Hanc
1705 4485 1809 4526 nos
1828 4469 1963 4566 stult
1990 4505 2040 4566 Β

362 4561 548 4618 titiam
590 4561 789 4619 Paulus
826 4561 1290 4637 comprehendere
1326 4561 1605 4631 admonet,
1627 4560 1853 4618 dicens:
1901 4560 1961 4617 Si

362 4651 483 4722 quis
512 4651 723 4709 videtur
745 4653 885 4709 inter
910 4670 1002 4710 uos
1029 4652 1241 4725 sapiens
1265 4667 1370 4707 esse
1395 4650 1454 4705 in
1480 4650 1574 4706 hoc
1601 4650 1812 4717 mulo,
1832 4648 1961 4705 stul-

367 4746 451 4797 tus
476 4744 589 4816 ﬁat,
610 4750 673 4800 ut
696 4745 767 4802 sit
791 4744 1000 4818 sapiens
1030 4743 1218 4815 (Ibid.,
1240 4760 1325 4810 ui,
1349 4742 1466 4815 18).
1490 4742 1644 4800 Hanc
1670 4739 1962 4798 stultitiam

363 4831 461 4905 qui
489 4834 723 4906 perfecte
752 4835 927 4893 secuti
954 4842 1104 4904 sunt,
1148 4849 1283 4892 voce
1312 4831 1604 4906 Sapientiae
1632 4829 1824 4889 audire
1852 4848 1962 4890 me-

358 4931 626 4980 ruerunt:
671 4925 771 4984 Vos
806 4927 901 4997 qui
936 4925 1095 4982 secuti
1132 4925 1254 4981 estis
1305 4940 1406 4991 me,
1465 4923 1525 4979 in
1572 4918 1965 4996 regeneratione

360 5026 479 5068 cum
505 5014 697 5073 sederit
722 5015 900 5074 Filius
924 5016 1151 5074 hominis
1176 5014 1233 5071 in
1268 5015 1384 5072 sede
1409 5014 1703 5089 majestatis
1730 5031 1861 5086 sua,
1890 5031 1964 5072 se-

438 5246 455 5281 ¹
487 5245 551 5327 in
580 5246 746 5327 Εάίισ,
764 5248 925 5327 R9m-
948 5243 1193 5327 simul,
1221 5242 1328 5327 τιέεὲ
1352 5244 1795 5327 enuntiem?“
1820 5243 1963 5327 υίιςεε

360 5318 513 5391 quod
532 5320 698 5376 etiam
731 5321 933 5394 legitur
962 5322 1019 5377 in
1062 5316 1234 5377 GilOt.’
1267 5318 1396 5376 Mss.
1452 5316 1671 5389 Anglic.
1703 5322 1757 5372 et
1786 5316 1964 5373 nostri

358 5388 574 5446 habent.
594 5393 710 5450 vix.
738 5393 887 5450 quod
917 5391 1112 5449 melius
1139 5390 1299 5450 sapit.

506 5407 574 5446 nt.
594 5410 710 5461 mm,
738 5407 887 5461 quoa
917 5407 1112 5449 melius
1139 5407 1299 5461 sapit.

436 5407 574 5446 nent.
594 5410 710 5461 mre,
738 5407 887 5466 quoa
917 5407 1112 5449 melius
1139 5407 1268 5463 sapn

436 5461 459 5496 ³
485 5462 705 5533 Norm.,
734 5466 925 5520 horum
950 5463 1268 5521 vecordiam.

434 5533 457 5568 ³
488 5534 554 5589 Ιιι
581 5529 769 5593 Germ.
791 5544 846 5593 et
870 5536 998 5606 Ed.,
1030 5535 1164 5606 etgad
1190 5533 1532 5600 nobilitatem,
1553 5531 1813 5591 omnibus
1840 5529 1966 5587 aliis

356 5603 731 5685 Mss._nostris
757 5603 1201 5685 reclamantibuS-
1314 5676 1354 5685 _
1428 5684 1431 5685 ν
1516 5677 1555 5685 ﬁ
1750 5673 1881 5685 7---.

435 5677 746 5752 "Plerique
772 5680 900 5739 Mss.
930 5680 1148 5748 Norm.,
1183 5693 1285 5746 sc.,
1314 5676 1488 5747 Prat.,
1516 5677 1676 5738 Becc.
1709 5684 1765 5735 et
1792 5675 1964 5744 Utic.,

358 5763 525 5821 super
559 5751 703 5808 sedes
730 5751 1017 5809 duodecim.

2074 3250 2303 3307 stultitia
2319 3252 2552 3324 estapud
2566 3253 2737 3310 Deum
2777 3254 2835 3327 (Ι
2867 3253 2995 3312 Cor.
3014 3272 3100 3325 ιιι,
3124 3255 3238 3328 19).
3263 3255 3368 3325 Qui
3388 3272 3517 3330 ergo
3536 3256 3669 3317 dum

2073 3346 2289 3396 terrena
2317 3348 2568 3413 saperent
2585 3341 2654 3399 ab
2682 3341 2879 3399 intima
2904 3344 3267 3417 generositate
3288 3346 3493 3419 repulsi
3521 3354 3673 3415 sunt,

2073 3428 2228 3486 stulti
2256 3429 2421 3486 simul
2452 3438 2506 3488 et
2532 3430 2804 3505 ignobiles
2831 3434 3077 3492 fuerunt.
3110 3433 3355 3502 Quorum
3386 3433 3518 3492 dum
3547 3436 3674 3509 ple-

2073 3521 2231 3594 rique
2258 3532 2412 3581 actus
2441 3524 2753 3595 imitantur,
2801 3526 2906 3583 ﬁlii
2935 3528 3231 3584 stultorum
3260 3534 3316 3583 et
3342 3525 3673 3600 ignobilium

2072 3609 2251 3678 ﬁunt;
2276 3611 2518 3685 dumque
2557 3629 2650 3670 eos
2687 3614 2940 3672 sensibus
2968 3632 3031 3673 ac
3060 3613 3311 3672 moribus
3345 3624 3672 3690 sequuntur,

2072 3709 2125 3757 et
2153 3702 2308 3758 stulti
2324 3709 2473 3771 sunt,
2496 3704 2625 3776 quia
2645 3719 2831 3760 veram
2858 3703 3183 3776 sapientiam
3200 3720 3312 3761 non
3332 3705 3672 3778 intelligunt,

2072 3798 2127 3846 et
2153 3790 2443 3864 ignobiles,
2475 3793 2605 3863 quia
2618 3792 2773 3847 nulla
2793 3793 3021 3863 spiritus
3042 3793 3296 3848 libertate
3312 3802 3673 3853 renovantur.

2072 3876 2179 3933 Sed
2210 3878 2264 3931 hi
2296 3877 2549 3949 quamvis
2577 3877 2895 3949 iniquorum
2924 3886 3079 3935 actus
3092 3886 3403 3947 exerceant,
3419 3877 3673 3950 plerum-

2073 3981 2178 4039 que
2206 3972 2391 4021 tamen
2418 3965 2480 4021 in
2506 3964 2610 4022 hac
2626 3964 2741 4021 vita
2761 3973 3032 4038 occupant
3054 3967 3175 4023 loca
3187 3965 3491 4038 justorum,
3510 3973 3674 4041 atque

2072 4072 2263 4113 eorum
2292 4072 2348 4113 se
2377 4054 2521 4113 ﬁlios
2549 4055 2824 4113 aestimant
2853 4072 3088 4130 quorum
3109 4073 3205 4131 per
3225 4056 3453 4116 honoris
3471 4073 3673 4116 concu-

2072 4150 2395 4224 piscentiam
2424 4153 2605 4212 oﬂicia
2631 4154 2877 4211 exterius
2891 4154 3306 4213 administrant.
3341 4156 3362 4192 ⁸
3384 4156 3532 4225 Quos
3550 4173 3672 4214 san-

2072 4249 2160 4299 cta
2185 4242 2461 4317 correptio
2490 4243 2561 4300 ad
2587 4244 2962 4318 cognitionem
2991 4246 3078 4302 sui
3104 4254 3351 4315 revocat,
3372 4253 3456 4315 ut,
3477 4244 3674 4303 videli-

2071 4338 2178 4400 cet,
2234 4331 2294 4387 in
2339 4331 2525 4404 pravis
2566 4331 2855 4390 desideriis
2894 4333 3083 4407 positi,
3117 4350 3353 4409 quorum
3402 4335 3515 4393 sint
3568 4333 3673 4391 ﬁlii

2071 4419 2377 4477 attendant.
2408 4421 2531 4477 Non
2571 4420 2719 4477 enim
2761 4438 2952 4479 eorum
2981 4431 3114 4480 sunt
3153 4422 3258 4480 ﬁlii
3286 4440 3523 4499 quorum
3552 4424 3675 4480 loca

2068 4518 2281 4581 tenent,
2306 4509 2403 4567 sed
2430 4527 2667 4585 quorum
2694 4528 2860 4586 opera
2912 4522 3189 4572 exercent.
3234 4515 3465 4573 Dicatur
3502 4514 3673 4588 igitur

2068 4610 2247 4660 recte:
2281 4602 2415 4660 Filii
2441 4604 2724 4662 stultorum
2746 4612 2796 4663 et
2812 4605 3143 4680 ignobilium.
3167 4605 3273 4665 Ubi
3291 4614 3417 4682 apte
3442 4605 3673 4680 subjun-

2070 4689 2220 4765 gitur
2237 4709 2250 4750 :

2643 4804 2872 4865 CAPUT
2919 4805 3099 4866 XVII.

2142 4921 2282 4980 Iam.
2302 4950 2376 4965 —
2400 4921 2479 4980 Et
2501 4919 2561 4977 in
2589 4925 2736 4977 terra
2756 4921 2969 4994 penitus
2993 4937 3100 4977 non
3116 4921 3388 4993 parentes.

2142 5008 2233 5069 43.
2266 5010 2427 5068 Stulti
2454 5015 2580 5068 sunt
2602 5015 2651 5068 et
2672 5009 2949 5083 ignobiles,
2977 5024 3109 5082 quos
3134 5008 3278 5066 Deus
3307 5002 3508 5062 nescire
3528 5019 3675 5079 pro-

2144 5241 2166 5278 ⁸
2196 5240 2434 5311 Gemet.,
2464 5236 2939 5311 Ebroic.,__Germ.

2147 5313 2170 5348 ⁸
2199 5313 2226 5367 1
2259 5306 2431 5368 Laud;
2462 5319 2515 5367 et
2544 5310 2669 5367 Val.
2700 5306 2808 5377 Cl.,
2838 5313 2934 5364 aut
2957 5306 3243 5378 lapidibus.

2145 5385 2164 5419 ⁷
2198 5382 2320 5440 Val.
2352 5382 2463 5451 CL,
2492 5379 2847 5451 cognationem
2872 5377 3154 5451 acceptam.
3185 5379 3439 5451 Plerique
3453 5377 3670 5448 Norm.,

2072 5453 2433 5526 cognitionem.
2448 5450 2650 5526 "Germ.
2683 5450 2857 5523 prius,
2886 5451 3269 5524 cognationem,
3285 5450 3382 5509 sed
3397 5467 3468 5508 ex
3488 5467 3670 5508 emen-

2073 5523 2293 5596 datione
2320 5523 2682 5596 cognitionem.

2147 5599 2168 5633 ³
2196 5595 2327 5666 Ed.,
2371 5593 2503 5667 quos
2542 5600 2724 5667 sancta
2766 5593 3005 5667 Ecclesia
3043 5610 3145 5667 per
3170 5593 3670 5667 correptionemgad.

2072 5668 2257 5730 Secuti
2283 5663 2474 5728 sumus
2498 5667 2647 5739 Mss._
2658 5665 2799 5739 duos
2816 5663 3293 5739 ‘Germ.,'Norm.,
3314 5663 3513 5739 Laud,
3544 5663 3669 5722 Val.

2073 5741 2184 5814 CL,
2211 5748 2318 5803 etc.
2348 5741 2410 5799 In
2441 5737 2725 5799 nonnullis
2751 5737 2955 5811 Editis,
2984 5737 3033 5798 et
3058 5756 3093 5797 a
3121 5737 3446 5815 cogitatione.

2978 5250 3103 5308 ιιι-ε,
3118 5251 3236 5308 cum
3258 5233 3564 5308 cognitioni.
