4172 6184
518 237 618 345 ἐδτι

513 415 710 484 litetur.
743 409 902 466 Multi
929 409 1198 462 veritatem
1218 405 1562 477 cognoscendo
1577 409 1846 474 premunt,
1867 418 1972 456 non
1994 407 2105 455 tan-
2137 403 2185 458 Α

510 505 656 572 gunt.
687 527 760 539 —
786 497 942 553 Sicut
969 494 1118 550 enim
1147 493 1391 565 plerique
1420 492 1477 547 in
1506 499 1656 547 terra
1684 497 1836 556 sunt,
1865 495 1920 543 et
1948 502 1980 542 a
2007 503 2111 543 co—

511 586 760 660 gnitione
790 584 1080 641 hominum
1103 581 1410 654 abjectione
1430 579 1664 637 vilitatis
1678 595 1789 636 suae
1809 577 1964 651 quasi
1981 592 2110 651 qua-

510 674 636 732 dam
667 673 1090 746 superductione
1105 671 1398 728 velaminis
1411 670 1846 737 abscondantur,
1876 667 1956 724 ita
1981 673 2110 723 sunt

511 764 764 822 nonnulli
793 763 852 819 in
882 762 1128 820 Ecclesia
1157 763 1251 836 qui
1271 763 1403 819 dum
1420 777 1476 818 se
1495 759 1792 832 abjectioni
1811 773 2108 832 pravorum

509 871 739 928 operum
769 853 1034 923 subdunt,
1067 853 1261 910 divino
1300 851 1617 924 conspectui
1664 849 1783 906 noti
1817 865 1931 904 non
1957 853 2106 903 sunt.

510 943 723 1012 Quibus
750 953 804 1000 et
823 943 1149 1018 quandoque
1169 943 1464 999 dicendum
1481 948 1562 996 est
1587 957 1598 994 :
1621 939 1789 995 Amen
1808 937 1922 992 dico
1942 937 2107 1002 vobis,

505 1035 677 1090 nescio
697 1053 789 1090 vos
807 1035 1026 1107 (Matth.
1046 1051 1184 1102 xxv,
1202 1033 1316 1103 12).
1339 1033 1471 1088 Esse
1491 1046 1618 1102 ergo
1637 1029 1693 1084 in
1715 1035 1858 1083 terra
1877 1033 1932 1082 et
1949 1041 2107 1100 appa-

505 1139 645 1193 rere,
677 1131 820 1188 657
851 1131 932 1180 est
954 1124 1010 1179 in
1032 1123 1140 1179 ﬁde
1169 1129 1317 1178 recta
1345 1137 1441 1194 per
1469 1119 1732 1176 virtutem
1749 1117 1930 1192 aperis
1950 1116 2105 1174 nobi-

506 1223 715 1278 litatem
744 1221 946 1278 mentis
960 1221 1266 1278 ostendere.
1293 1221 1425 1276 Esse
1442 1236 1574 1276 vero
1591 1219 1647 1275 in
1663 1226 1808 1275 terra
1823 1225 1877 1274 et
1886 1216 2106 1290 penitus

505 1327 616 1367 non
647 1327 930 1383 apparere,
960 1319 1014 1367 et
1043 1312 1103 1368 in
1133 1312 1377 1368 Ecclesia
1405 1311 1629 1385 quidem
1649 1309 1757 1366 ﬁde
1783 1308 2104 1376 consistere,

504 1399 600 1456 sed
628 1399 708 1455 nil
739 1399 969 1473 dignum
997 1399 1126 1457 ﬁdei
1146 1401 1205 1456 in
1222 1418 1384 1474 opere
1404 1401 1798 1457 demonstrare.
1832 1397 1900 1454 Hi
1920 1397 2105 1472 itaque

503 1489 650 1546 intra
668 1498 912 1548 sanctam
929 1492 1232 1548 Ecclesiam
1250 1491 1564 1548 divinitatis
1584 1488 1760 1546 oculis
1779 1494 1832 1542 et
1845 1487 2107 1542 videntur

503 1595 600 1652 per
617 1578 918 1652 judicium,
950 1588 1006 1636 et
1030 1589 1215 1636 tamen
1244 1595 1341 1651 per
1367 1579 1527 1634 bona:
1554 1577 1686 1632 vitae
1702 1574 1961 1630 meritum
1991 1590 2105 1631 non

503 1669 784 1738 videntur,
815 1669 944 1743 quia
989 1686 1052 1725 ea
1106 1686 1226 1742 quae
1271 1666 1587 1724 conﬁtendo
1623 1671 1833 1734 tenent,
1863 1664 2104 1722 vivendo

1708 277 1958 335 SANCTI
1995 271 2334 331 GREGORII
2373 273 2598 327 MAGNI

3711 273 3809 329 164

2557 395 2784 453 CAPUT
2840 395 3023 453 XVIII
3080 395 3224 469 [Rec.
3266 397 3477 470 XVII].

2293 487 2460 544 Vsus.
2491 487 2548 543 9.
2569 487 2808 543 —Nunc
2847 488 2905 542 in
2947 504 3130 543 eorum
3169 487 3429 542 mnticum
3474 503 3660 542 versus
3685 502 3820 556 sum,

2217 582 2266 632 et
2289 575 2465 647 factus
2493 594 2610 632 sum
2641 577 2714 633 eis
2727 576 3088 649 proverbium.

2287 665 2378 722 ut.
2438 665 2646 737 Iniquis
2675 667 3039 732 crescentibus,
3091 665 3220 738 ﬁdes
3265 664 3324 720 in
3367 665 3734 738 opprobrium,
3777 672 3826 722 et

2219 753 2414 810 veritas
2439 754 2498 809 in
2527 755 2724 810 crimen
2753 754 3166 823 erit—Quibus
3181 752 3443 810 videlicet
3469 753 3653 811 verbis
3682 753 3826 811 illud

2218 859 2418 908 sanctae
2464 852 2728 909 Ecclesiae
2776 860 2994 926 tempus
3033 850 3387 924 exprimitur,
3431 867 3544 923 quo
3604 851 3824 924 publice

2216 955 2249 996 a
2267 941 2517 1014 reprobis
2544 942 2828 1009 irridetur,
2860 941 3080 1016 quando
3109 939 3319 1013 iniquis
3337 939 3732 1011 crescentibus,
3762 940 3822 998 in

2216 1031 2574 1104 opprobrium
2604 1032 2764 1102 ﬁdes,
2795 1039 2850 1088 et
2884 1031 3085 1086 veritas
3135 1029 3239 1086 erit
3282 1029 3340 1084 in
3383 1028 3614 1086 crimen.
3647 1030 3822 1089 Tanto

2215 1121 2418 1194 quippe
2449 1120 2758 1194 despectior
2791 1119 3169 1193 unusquisque
3213 1117 3356 1186 erit,
3391 1125 3599 1190 quanto
3619 1115 3822 1190 justior

2215 1225 2331 1266 esse
2369 1211 2641 1283 potuerit;
2675 1219 2830 1268 tanto
2845 1210 3482 1282 abominabilis,quanto
3506 1208 3816 1270 laudabilis.

2215 1299 2413 1356 Sancta
2434 1301 2618 1375 itaque
2647 1302 2949 1358 electorum
2971 1299 3221 1357 Ecclesia
3240 1297 3560 1356 aﬂlictionis
3575 1303 3819 1373 tempore

2214 1389 2572 1460 proverbium
2603 1391 2790 1462 pravis
2834 1389 3094 1458 efﬁcitur,
3134 1388 3266 1462 quia
3306 1404 3433 1445 cum
3475 1387 3649 1445 bonos
3677 1391 3817 1446 mori

2213 1492 2312 1549 per
2341 1483 2617 1534 tormenta
2643 1479 3017 1552 conspiciunt,
3047 1476 3116 1535 ab
3145 1477 3224 1534 eis
3252 1476 3676 1534 similitudinem
3707 1495 3818 1536 ma-

2214 1565 2535 1624 ledictionis
2578 1575 2834 1625 sumunt.
2857 1566 2979 1636 Qu'o
3007 1566 3158 1625 enim
3175 1567 3549 1624 transitoriam
3583 1577 3816 1627 mortem

2213 1654 2428 1725 vident,
2460 1655 2555 1712 sed
2584 1664 2999 1730 permanentem
3029 1657 3203 1714 vitam
3249 1673 3362 1714 non
3403 1657 3625 1725 vident;
3652 1665 3810 1717 tanto

501 1775 613 1815 non
641 1759 928 1814 exhibent.
950 1760 1028 1814 De
1057 1758 1259 1831 quibus
1278 1757 1480 1814 Paulus
1494 1755 1662 1814 dicit:
1699 1755 2028 1828 Conﬁtentur
2054 1773 2107 1812 se
2131 1761 2179 1826 Β
2213 1743 2388 1816 magis
2417 1743 2720 1802 deridendo
2749 1746 2893 1802 mala
2921 1747 3212 1820 praesentia
3237 1745 3478 1819 fugiunt,
3499 1753 3705 1820 quanto
3719 1763 3818 1821 per

499 1864 648 1904 nosse
665 1848 857 1914 Deum,
887 1846 1044 1918 factis
1071 1854 1247 1905 autem
1292 1854 1482 1921 negant
1516 1848 1655 1921 (Tit.
1698 1863 1741 1913 ι,
1788 1845 1902 1918 16).
1941 1844 2012 1902 Hi
2040 1845 2100 1900 in

499 1946 686 1995 sancta
714 1937 964 1995 Ecclesia
1001 1936 1168 1994 ﬁdem
1199 1953 1364 2011 quam
1393 1945 1579 1994 tenere
1604 1953 1661 1994 se
1689 1941 1940 1993 asserunt
1967 1950 2101 2007 pre-

498 2034 658 2084 munt
683 2027 868 2100 potius
896 2043 1059 2100 quam
1089 2034 1444 2098 venerantur,
1467 2026 1600 2084 dum
1629 2042 1728 2084 sua
1747 2024 1920 2098 magis
1948 2023 2101 2080 illius

500 2115 730 2172 nomine
751 2132 914 2189 quam
947 2114 1070 2189 ejus
1093 2116 1326 2190 adipisci
1345 2117 1498 2174 lucra
1517 2115 1934 2189 concupiscunt.
1957 2113 2096 2189 [νει.

497 2205 738 2280 XVIII.]
789 2205 966 2261 Electi
1019 2213 1202 2261 autem
1249 2205 1382 2262 dum
1429 2222 1644 2262 servare
1681 2203 1812 2261 ﬁdei
1841 2203 2099 2261 meritum

497 2295 662 2350 rectis
682 2294 940 2366 operibus
961 2302 1177 2363 curant,
1198 2294 1268 2351 ad
1287 2295 1528 2354 auctoris
1547 2293 1634 2351 sui
1655 2293 1914 2350 notitiam
1932 2292 2100 2350 etiam

496 2382 640 2438 inter
679 2383 1039 2456 reproborum
1093 2385 1368 2441 tumultus
1421 2384 1883 2457 appropinquant.
1942 2381 2100 2450 Quod

494 2473 634 2528 bene
673 2472 731 2530 in
763 2474 1066 2546 Evangelia
1086 2475 1318 2532 muliere
1339 2473 1625 2548 sanguinis
1645 2475 1802 2532 ﬂuxu
1816 2471 2099 2530 laborante

493 2563 774 2634 signatum
804 2571 908 2630 est,
951 2563 1018 2618 de
1061 2580 1169 2635 qua
1209 2581 1333 2618 cum
1379 2563 1649 2618 Dominus
1677 2563 1916 2619 diceret:
1970 2561 2100 2629 Quis

492 2667 573 2704 me
602 2651 768 2722 tetigit
799 2652 951 2720 (Luc.
983 2668 1111 2720 vm,
1141 2651 1272 2723 45)?
1314 2653 1507 2708 Petrus
1541 2654 1556 2687 ¹
1589 2651 1973 2708 ratiocinando
2001 2667 2099 2708 re—

494 2737 751 2809 spondit:
792 2741 986 2796 Turbae
1022 2747 1068 2795 te
1095 2741 1448 2813 comprimunt
1485 2747 1532 2796 et
1559 2742 1819 2814 afﬂigunt,
1849 2747 1898 2796 et
1921 2741 2056 2796 dicis
2078 2759 2096 2796 :

497 2826 626 2895 Quis
653 2844 732 2882 me
753 2828 965 2900 tetigit?
1009 2827 1114 2885 Sed
1159 2830 1181 2864 ³
1221 2829 1412 2885 audire
1451 2846 1643 2886 causas
1675 2845 1817 2884 verae
1865 2828 2096 2886 rationis

494 2915 716 2985 meruit,
747 2933 874 2974 cum
904 2918 956 2974 ei
984 2918 1255 2975 Dominus
1282 2918 1465 2975 dixit:
1523 2919 1706 2990 Tetigit
1749 2935 1830 2973 me
1873 2917 2094 2989 aliquis,

489 3021 614 3060 nam
642 3011 691 3060 et
715 3023 805 3078 ego
833 3007 960 3063 novi
986 3008 1234 3064 virtutem
1279 3009 1447 3064 exisse
1486 3009 1550 3064 de
1591 3024 1690 3063 me.
1730 3007 1872 3064 Ecce
1918 3006 2092 3062 turbae

2210 1831 2556 1889 intellectum
2576 1832 2918 1891 intrinsecus
2930 1835 3002 1892 ad
3014 1835 3158 1892 bona
3167 1834 3546 1910 permanentia
3565 1851 3675 1892 non
3695 1851 3814 1909 per-

2210 1923 2454 1995 tingunt.
2485 1921 2592 1979 Sed
2620 1939 2684 1979 ea
2727 1939 2848 1997 qum
2879 1926 2902 1961 ⁸
2930 1924 3226 1998 subjuncta
3253 1933 3403 1996 sunt,
3453 1924 3582 2000 quia
3609 1925 3818 1984 obscu-

2210 2010 2452 2069 rioribus
2478 2011 2768 2070 sententiis
2795 2017 2942 2076 658
2969 2012 3254 2086 implicata
3299 2031 3411 2072 non
3457 2023 3611 2086 sunt,
3641 2016 3814 2074 debe-

2211 2123 2334 2164 mus
2361 2108 2462 2165 sub
2490 2109 2760 2168 brevitate
2788 2119 3184 2182 transcurrere,
3228 2119 3292 2169 nt
3331 2111 3402 2170 ad
3429 2128 3496 2170 ea
3525 2113 3586 2170 in
3613 2113 3816 2188 quibus

2211 2195 2572 2256 laborandum
2600 2206 2685 2257 est
2711 2200 2994 2258 valeamus
3012 2199 3182 2259 citius
3201 2201 3510 2275 pervenire.
3527 2202 3809 2278 Sequitur:

2795 2290 3025 2363 CAPUT
3080 2293 3237 2353 XIX.

2279 2376 2452 2436 Vsus.
2487 2380 2575 2438 10.
2604 2410 2677 2423 -
2705 2380 3102 2440 Abominantur
3137 2401 3238 2454 me,
3277 2390 3326 2440 et
3354 2385 3506 2458 longe
3536 2384 3752 2460 fugiunt
3776 2405 3812 2445 α

2209 2483 2309 2532 me,
2339 2474 2389 2523 et
2404 2467 2598 2539 faciem
2624 2487 2791 2526 meam
2820 2489 3102 2545 conspuere
3119 2491 3226 2529 non
3250 2483 3517 2533 verentur.

2241 2553 2330 2611 45.
2356 2557 2676 2628 Iniquorum
2696 2561 3042 2616 irrisionibus
3057 2579 3163 2617 non
3189 2562 3460 2632 dejicitur,
3475 2563 3563 2620 sed
3589 2563 3813 2637 erigitur

2207 2649 2256 2699 et
2283 2645 2468 2700 crescit
2523 2647 2783 2705 Ecclesia.
2814 2679 2886 2691 —
2911 2650 3096 2722 Longe
3143 2667 3175 2706 a
3227 2659 3414 2708 sancta
3459 2652 3702 2710 Ecclesia
3727 2653 3810 2712 fu-

2208 2731 2367 2804 giunt
2395 2749 2588 2790 omnes
2617 2733 2799 2809 iniqui
2829 2753 2943 2793 non
2973 2738 3222 2809 passibus
3236 2741 3814 2816 gressuum,sedqua-

2208 2822 2458 2879 litatibus
2488 2841 2726 2893 morum;
2762 2828 2780 2862 ⁷
2811 2826 2972 2899 longe
2997 2828 3222 2900 fugiunt
3249 2845 3362 2886 non
3381 2831 3522 2899 loco,
3556 2829 3652 2887 sed
3683 2849 3810 2888 me—

2205 2911 2346 2978 rito;
2379 2912 2535 2982 dum,
2593 2922 2870 2970 crescente
2907 2915 3181 2988 superbia,
3235 2925 3424 2990 aperta
3448 2934 3568 2976 eam
3597 2936 3810 2993 expro-

2203 2999 2456 3058 bratione
2479 3010 2862 3062 contemnunt.
2882 3005 3100 3062 Faciem
3116 3022 3352 3081 namque
3374 3005 3419 3080 ej
3429 3025 3491 3065 us
3505 3024 3806 3083 conspuere

491 3095 813 3168 premebant
837 3098 1164 3168 Dominum,
1195 3099 1290 3156 sed
1317 3106 1500 3156 tamen
1529 3097 1645 3156 sola
1665 3097 1847 3172 tetigit
1875 3112 1994 3170 quae
2024 3097 2093 3154 ad
2127 3127 2170 3188 ο
2207 3097 2290 3147 est
2335 3108 2448 3148 non
2478 3099 2695 3188 tantum
2750 3094 2810 3150 in
2865 3094 3114 3188 absentia
3163 3095 3326 3154 bonis
3371 3097 3678 3170 detrahere,
3709 3100 3802 3158 sed

490 3184 650 3240 illum
681 3184 974 3244 humiliter
1001 3188 1178 3258 venit,
1207 3189 1338 3262 quia
1366 3188 1634 3244 nimirum
1655 3187 1818 3244 multi
1837 3187 2004 3244 etiam
2035 3185 2093 3242 in

489 3282 677 3330 sancta
705 3277 954 3334 Ecclesia
979 3278 1198 3350 reprobi
1227 3279 1517 3335 veritatem
1553 3279 1932 3352 cognoscendo
1961 3293 2094 3351 pre-

490 3371 672 3434 munt,
699 3380 864 3439 quam
892 3364 1034 3422 bene
1063 3367 1308 3424 vivendo
1335 3375 1556 3442 tangere
1603 3369 1908 3443 negligunt.
1954 3368 2094 3425 Pre-

489 3462 672 3524 munt,
701 3462 756 3511 et
785 3455 950 3530 longe
978 3464 1130 3526 sunt,
1178 3457 1307 3532 quia
1335 3457 1587 3517 divinam
1617 3459 1873 3516 notitiam
1904 3461 1926 3495 ³
1955 3476 2095 3533 pro-

490 3543 824 3602 fessionibus
852 3554 1180 3620 sequuntur,
1224 3548 1472 3606 moribus
1513 3548 1755 3622 fugiunt.
1805 3550 2090 3618 Premunt,

489 3633 742 3706 inquam,
773 3633 870 3690 sed
899 3635 1060 3708 longe
1087 3644 1237 3707 sunt,
1269 3627 1398 3710 quia
1425 3637 1605 3694 eidem
1625 3637 1775 3707 ﬁdei,
1803 3653 1969 3711 quam
1998 3637 2092 3694 lo-

487 3723 707 3795 quendo
717 3731 991 3795 astruunt,
1011 3729 1032 3762 ⁴
1043 3726 1254 3799 agendo
1274 3727 1970 3798 contradicunt.Sicutergo
1985 3725 2092 3782 hoc

492 3815 810 3873 testimonio
825 3816 1219 3892 docemurquia
1233 3818 1489 3875 nonnulli
1505 3817 1802 3875 Dominum
1817 3816 2092 3890 tangendo

485 3921 597 3962 non
628 3913 884 3980 tangunt,
914 3910 937 3944 ⁵
967 3908 1045 3966 ita
1073 3910 1333 3967 nonnulli
1363 3926 1474 3966 non
1503 3909 1768 3967 videntur
1793 3925 1826 3965 a
1852 3907 2090 3966 Domino

485 3994 650 4050 etiam
681 4013 808 4051 cum
840 3997 1121 4068 videntur,
1153 3999 1282 4071 quia
1311 3999 1543 4054 occultis
1575 3999 1694 4070 ejus
1721 3998 2007 4056 obtutibus
2036 4007 2090 4055 et

485 4081 555 4138 ad
583 4082 956 4141 damnationis
977 4086 1310 4157 supplicium
1341 4093 1694 4158 apparent,et
1707 4086 1778 4142 ad
1806 4087 2089 4146 electionis

485 4171 743 4227 meritum
774 4189 885 4227 non
927 4181 1210 4246 apparent.
1243 4175 1471 4230 Dicatur
1499 4174 1669 4247 igitur
1695 4182 1878 4232 recte:
1919 4177 1992 4232 Et
2030 4177 2087 4232 in

485 4265 632 4314 terra
646 4260 857 4330 penitus
876 4277 982 4316 non
997 4268 1264 4333 parentes,
1296 4262 1425 4336 quia
1443 4262 1546 4319 etsi
1568 4263 1694 4320 illos
1722 4263 1899 4336 specie
1925 4272 2088 4321 tenus

483 4347 733 4404 Ecclesia
761 4350 958 4421 tenuit,
980 4368 1076 4408 eos
1103 4359 1287 4408 tamen
1307 4352 1459 4408 intra
1476 4353 1628 4410 illam
1648 4353 1902 4410 conditor
1930 4354 2085 4428 quasi
2129 4341 2136 4349 ’

2201 3196 2650 3256 unumquemque
2673 3183 2887 3255 justum
2917 3185 3081 3242 etiam
3099 3185 3157 3242 in
3189 3187 3478 3260 praesentia
3495 3190 3803 3251 confutare.

2201 3269 2348 3336 Quos
2376 3278 2510 3328 tunc
2538 3273 2696 3344 pravi
2725 3272 2858 3329 dum
2887 3283 3071 3346 aperte
3099 3275 3383 3333 irridendo
3398 3277 3731 3351 despiciunt,
3743 3281 3802 3338 in

2200 3377 2391 3419 eorum
2420 3363 2777 3420 contumeliis
2802 3363 2955 3422 ﬂuxa
2969 3365 3138 3424 verba
3151 3367 3310 3441 quasi
3335 3367 3640 3428 deﬂuentes
3664 3372 3804 3429 sali-

2200 3468 2297 3510 vas
2324 3452 2606 3511 emittunt.
2642 3452 2782 3528 [Vet.
2815 3455 2996 3531 XIX.)
3027 3456 3135 3514 Sed
3161 3458 3268 3516 scit
3281 3461 3730 3519 sanctaEcclesia
3742 3461 3802 3519 in

2200 3543 2550 3616 passionibus
2576 3560 2838 3615 crescere,
2867 3555 3036 3622 atque
3061 3548 3207 3606 inter
3235 3548 3531 3623 opprobria
3555 3549 3802 3609 honora-

2198 3633 2369 3691 bilem
2397 3634 2572 3692 vitam
2608 3642 2832 3704 tenere;
2891 3637 2999 3695 scit
3039 3655 3142 3698 nec
3181 3639 3250 3696 de
3290 3639 3544 3699 adversis
3566 3642 3588 3678 ⁸
3640 3641 3800 3716 dejici

2197 3738 2300 3780 nec
2355 3723 2422 3780 de
2478 3725 2756 3798 prosperis
2809 3726 3069 3798 gloriari;
3128 3728 3288 3786 novit
3326 3737 3518 3788 contra
3544 3745 3802 3804 prospera

2198 3820 2442 3870 mentem
2471 3830 2629 3870 suam
2658 3814 2718 3870 in
2761 3813 3072 3886 dejectione
3105 3825 3370 3886 sternere,
3417 3818 3576 3875 novit
3607 3826 3799 3876 contra

2195 3901 2429 3958 adversa
2459 3902 2710 3958 animum
2738 3901 2809 3957 ad
2836 3918 2990 3974 spem
3019 3904 3246 3977 superni
3262 3905 3790 3990 culminisexaltare;

2195 3990 2300 4047 scit
2322 3989 2472 4046 bona
2516 4007 2618 4047 sua
2665 3989 3060 4049 misericordia
3088 3992 3492 4066 Redemptoris,
3521 3995 3628 4054 scit
3652 3989 3797 4055 mala

2195 4095 2294 4137 sua
2307 4078 2543 4152 justitiaa
2564 4079 2808 4136 tribuere
2831 4079 3068 4152 judicia;
3099 4082 3248 4157 quod
3276 4090 3332 4140 et
3367 4083 3513 4142 bona
3549 4085 3647 4143 illo
3675 4087 3796 4149 lar-

2195 4170 2376 4243 giente
2403 4169 2624 4240 habeat,
2677 4176 2734 4226 et
2783 4170 2930 4228 mala
2983 4171 3083 4229 illo
3137 4171 3490 4245 permittente
3531 4176 3791 4250 patiatur.

2194 4259 2350 4318 Unde
2377 4267 2432 4318 et
2460 4276 2592 4317 mox
2619 4259 2688 4318 de
2707 4261 2948 4318 Domino
2977 4261 3282 4336 subjungit,
3311 4264 3538 4326 dicens:

2777 4351 3008 4410 CAPUT
3062 4355 3191 4412 XX.

482 4453 595 4494 non
624 4437 772 4494 vidit
798 4455 936 4512 quos
965 4441 1258 4514 ignoravit.
1282 4442 1388 4511 Qui
1405 4443 1822 4517 tranquillitatis
1841 4451 2084 4518 tempore
2112 4495 2162 4554 D
2192 4440 2854 4500 VnnsJL—Pharetram
2867 4443 3005 4500 enim
3019 4461 3174 4503 suam
3185 4445 3476 4518 aperuit,et
3487 4446 3787 4521 amicitiae.

482 4525 687 4554 L144---
719 4527 880 4554 ΩΔ...-
915 4531 1077 4554 ---_.L-
1097 4539 1254 4554 ι-----
1275 4541 1456 4554 Α-..-...
1508 4533 1622 4554 ___:_
1658 4551 1761 4554 ___-
1781 4533 1888 4554 λυ--
1916 4534 2069 4554 njhd
2266 4534 2328 4554 ιη
2391 4535 2482 4554 11,,
2525 4552 2547 4554 μ
2566 4535 2839 4554 μηηνομμκικ
2920 4535 3031 4554 νη.
3087 4553 3095 4554 ,
3120 4553 3127 4554 ,
3146 4553 3173 4554 η
3206 4537 3242 4554 ι.
3326 4536 3336 4554 ,-
3397 4537 3433 4554 ιο
3471 4539 3483 4550 ο
3661 4539 3674 4554 ι

480 4525 690 4584 idcirco
719 4527 884 4585 ﬁdem
915 4531 1082 4588 verbo
1097 4539 1258 4589 tenus
1275 4541 1482 4602 tenent,
1502 4533 1631 4608 quia
1651 4533 1897 4592 eamdem
1914 4534 2078 4591 ﬁdem
2113 4525 2162 4554 υ
2259 4534 2350 4590 46.
2380 4535 2489 4591 Deo
2513 4535 2863 4606 permittente,
2915 4535 3034 4592 licet
3072 4537 3274 4593 occulto
3307 4536 3535 4607 judicio,
3563 4539 3708 4594 maia
3736 4554 3791 4594 se

480 4617 675 4674 ﬂorere
703 4621 1031 4692 generaliter
1049 4621 1260 4679 vident.
1293 4623 1399 4680 Sed
1427 4641 1554 4680 cum
1576 4625 1862 4697 repentina
1889 4633 2080 4682 contra

479 4707 634 4764 illam
661 4710 902 4780 procella
929 4710 1278 4766 adversitatis
1307 4711 1578 4781 oboritur,
1610 4730 1742 4768 mox
1756 4712 1824 4768 ab
1840 4729 1903 4768 ea
1921 4729 2080 4784 nega-

479 4797 630 4855 tione
663 4798 885 4872 publica
911 4798 1328 4871 disjunguntur,
1353 4807 1408 4856 et
1435 4801 1709 4874 quidquid
1736 4801 1890 4874 prius
1922 4801 2080 4875 quasi

479 4896 802 4946 venerantes
838 4895 1149 4958 tenuerant,
1179 4897 1376 4946 contra
1403 4889 1510 4946 hoc
1537 4891 1891 4963 postmodum
1919 4891 2077 4950 deri-

478 4975 672 5038 dentes
697 4987 965 5054 pugnant.
997 4978 1154 5037 Unde
1180 4986 1305 5052 apte
1327 4978 1623 5040 subditur:

552 5246 571 5281 ¹
597 5244 835 5315 Gemet.,
861 5249 1200 5307 rationando.

552 5315 574 5350 ⁸
598 5316 722 5386 Yal.
754 5315 864 5386 CL,
891 5321 1080 5376 audire
1106 5322 1387 5380 rationem.

551 5387 574 5422 ³
604 5384 856 5469 Gemet.,
881 5391 1300 5469 professionibus
1345 5399 1614 5451 astruunt.
1675 5395 1888 5467 Germ.,
1931 5396 2072 5454 divi-

475 5460 1136 5538 nam_nptitiamprofessi
1161 5466 1368 5520 vocibus
1396 5474 1704 5538 sequuntur.

551 5530 574 5564 ⁸
603 5527 757 5612 Editi
786 5527 1133 5612 posteriores,
1179 5538 1378 5607 agendo
1413 5527 1585 5607 male;
1633 5540 1786 5597 deest
1827 5541 1966 5597 male
2011 5541 2069 5596 in

477 5599 738 5657 omnibus
763 5599 968 5658 nostris
994 5599 1123 5660 Mss.

2182 4624 2389 4695 perpeti
2421 4624 2589 4680 novit.
2612 4654 2684 4666 —
2713 4623 2859 4692 Quid
2900 4639 2998 4696 per
3025 4623 3338 4696 pharetram
3375 4627 3498 4695 Dei,
3537 4626 3645 4682 nisi
3683 4642 3789 4684 oc-

2188 4713 2402 4770 cultum
2455 4713 2754 4772 consilium
2813 4714 3186 4788 designatur?
3229 4715 3492 4789 Sagittam
3548 4731 3680 4774 vero
3719 4715 3788 4774 de

2187 4802 2443 4874 pharetra
2467 4804 2738 4862 Dominus
2757 4803 2918 4876 jacit,
2951 4804 3176 4877 quando
3212 4804 3280 4862 de
3304 4805 3524 4862 occulto
3549 4804 3788 4862 consilio

2187 4899 2430 4964 apertam
2460 4893 2791 4950 sententiam
2818 4893 3046 4952 emittit.
3095 4893 3238 4962 Quia
3289 4892 3440 4951 enim
3481 4893 3790 4966 ﬂagellatur

2188 4981 2440 5056 quisque,
2469 4983 2879 5056 cognoscimus;
2912 4984 3009 5043 sed
3036 4998 3146 5060 qua
3184 4999 3258 5042 ex
3289 4999 3457 5044 causa
3510 4982 3784 5058 ﬂagellum

2183 5251 2347 5310 Corb.
2380 5251 2590 5323 Germ.,
2621 5252 2961 5311 inhaesimus.

2255 5325 2276 5360 ⁸
2305 5325 2520 5394 Norm.,
2549 5324 2778 5394 subjecta
2805 5331 2946 5381 sunt.

2253 5396 2273 5430 ⁷
2294 5395 2515 5472 _Germ.,
2567 5395 2710 5472 U_tic:
2763 5402 2820 5472 et
2865 5396 3114 5472 ται-θην-
3139 5399 3288 5472 longe
3333 5401 3505 5472 ﬁunt._
3539 5397 3781 5472 Utraque

2178 5465 2344 5593 lego
2371 5473 2454 5522 est
2498 5466 2559 5521 in
2587 5465 2752 5524 Corb.
2781 5467 2990 5538 Germ.,
3021 5465 3119 5526 ubi
3161 5465 3348 5528 tamen
3386 5469 3605 5543 fugiunt
3631 5465 3782 5543 prm-

2201 5553 2231 5593 e
2287 5553 2372 5592 ur.

2251 5581 2432 5665 θ’ᾗξε,
2464 5608 2690 5682 habent,
2738 5611 2893 5678 deici,
2941 5611 3035 5670 hic
3077 5621 3132 5669 et
3175 5612 3349 5682 alibi;
3395 5621 3458 5672 ut
3501 5612 3670 5682 intra,
3714 5611 3781 5670 de

549 5673 572 5707 ⁵
809 5672 887 5728 ita
905 5675 1156 5757 nonnulli
1181 5676 1426 5757 videntur
1453 5681 1742 5757 a__Domino
1769 5683 1928 5757 etiam
1953 5698 2070 5737 cum
2172 5681 2430 5753 pharetra
2456 5672 2717 5738 Dominus
2910 5700 3009 5757 pro
3026 5683 3183 5754 jacit.

476 5761 578 5799 non
611 5745 871 5803 videatur.
905 5747 1032 5804 Mss.
1082 5747 1280 5816 Laud.,
1315 5748 1439 5806 Val.
1471 5751 1580 5820 CL,
1611 5754 1822 5823 Germ.,
1851 5755 2065 5822 Norm.,
