4172 6184
394 286 492 341 165

1217 286 1585 341 MORALIUM
1628 288 1759 342 LIB.
1804 288 1927 342 XX.
1976 321 2037 332 -
2080 289 2147 344 IN
2187 289 2417 345 CAPU'B
2454 290 2616 346 XXX
2654 293 2715 347 Β.
2759 294 2899 349 JOB.

3602 301 3702 356 166

390 408 604 476 veniat,
634 407 966 479 ignoramus.
996 406 1135 464 Cum
1166 424 1295 464 vero
1321 416 1447 481 post
1474 409 1688 482 ﬂagella
1715 411 1843 468 vita)
1872 427 1989 468 cor-
2015 414 2066 473 A
2099 421 2242 482 rent,
2271 429 2397 470 cum
2428 414 2595 471 verba
2622 431 2744 471 mea
2770 415 3062 472 admittere
3098 434 3196 490 per
3222 420 3464 479 oblatam
3492 424 3702 495 pradi-

391 500 569 558 rectio
605 496 875 569 sequitur,
922 496 1089 553 etiam
1119 496 1236 569 ipsa
1263 498 1481 555 consilii
1513 500 1693 557 virtus
1720 502 1984 574 aperitur.

390 590 646 647 Pharetra
674 585 847 658 igitur
887 586 1074 644 clausa
1115 594 1196 643 est
1223 588 1519 645 consilium
1550 591 1848 647 occultum.
1881 592 1986 649 Sed

384 685 566 751 aperta
593 675 853 749 pharetra
880 673 1201 747 afﬂigimur,
1229 677 1447 750 quando
1478 694 1574 751 per
1600 679 1659 735 id
1687 680 1834 753 quod
1863 690 1985 753 post

381 767 656 841 ﬂagellum
686 765 940 839 sequitur
967 782 1076 839 quo
1095 767 1329 823 consilio
1351 768 1690 841 ﬂagellamur
1708 771 1978 829 videmus.

380 858 516 917 Cum
562 862 787 930 peccata
826 855 1100 912 Dominus
1140 856 1313 926 videt,
1357 865 1411 914 et
1446 866 1629 915 tamen
1658 876 1882 917 manum
1911 862 1981 918 ad

378 945 683 1004 vindictam
712 962 825 1003 non
854 954 1188 1014 commovet,
1217 946 1371 1020 quasi
1400 949 1641 1005 clausam
1666 949 1978 1023 pharetram

375 1045 544 1107 tenet,
573 1037 671 1094 sed
696 1036 948 1094 feriendo
976 1037 1187 1095 indicat
1215 1047 1483 1112 quantum
1513 1042 1563 1097 ei
1593 1042 1651 1097 in
1686 1043 1846 1099 nobis
1870 1043 1979 1099 dis-

372 1128 572 1199 plicuit
598 1127 708 1186 hoc
744 1127 893 1202 quod
934 1127 1033 1184 diu
1069 1127 1312 1185 videndo
1330 1130 1617 1187 toleravit.
1650 1132 1850 1190 Sancta
1878 1133 1975 1189 ita-

372 1233 481 1290 que
509 1217 812 1275 electorum
843 1218 1089 1274 Ecclesia
1118 1217 1572 1277 tribulationibus
1592 1237 1776 1293 pressa
1793 1222 1972 1279 dicat:

371 1305 693 1364 Pharctram
719 1307 859 1363 enim
887 1324 1039 1363 suam
1065 1307 1298 1378 aperuit,
1327 1315 1375 1363 et
1401 1310 1593 1383 afﬂixit
1617 1310 1856 1378 me.Quze
1884 1312 1974 1367 ad-

375 1394 744 1453 versariorum
774 1412 939 1454 voces
981 1396 1281 1453 insolentes
1306 1398 1606 1468 sustinens,
1637 1400 1771 1456 dum
1801 1402 1977 1458 cernit

372 1485 524 1557 quod
552 1484 672 1558 ejus
711 1486 1033 1559 praedicatio
1080 1503 1194 1545 non
1238 1487 1576 1560 admittitur,
1608 1492 1973 1564 quorumdam

370 1574 637 1633 duritiam
675 1576 952 1647 deserens,
995 1578 1407 1651 praedicationis
1440 1599 1552 1638 suae
1582 1582 1749 1638 verba
1776 1583 1974 1639 mode-

369 1666 899 1740 ratur.Perpendens
913 1668 1116 1724 etenim
1140 1678 1516 1741 persecutores
1542 1688 1671 1728 suos
1688 1672 1756 1728 ad
1772 1672 1970 1728 exhor-

2097 503 2367 559 cationem
2416 504 2647 561 nollent.
2702 502 2839 577 [Vet.
2890 504 3039 579 ΧΧ.]
3083 508 3187 564 Sed
3235 511 3360 581 plus
3403 511 3564 570 nobis
3595 512 3701 572 hoc

2095 593 2417 666 plerumque
2446 594 2504 649 in
2534 594 2993 651 tribulationibus
3021 595 3192 665 dolet,
3222 599 3370 670 quod
3390 616 3481 657 eas
3498 586 3699 660 abillis

2094 682 2353 752 patimur,
2408 683 2467 737 in
2510 683 2714 755 quibus
2758 700 3020 756 germano
3048 701 3234 741 amore
3263 687 3693 749 conﬁdebamus.

2094 770 2245 826 Unde
2272 779 2328 827 et
2352 771 2645 828 subditur:

2465 861 2693 919 CAPUT
2734 862 2893 919 XXII
2934 862 3078 937 (nec.
3121 863 3363 939 XVIII].

2232 950 2399 1006 Vnus.
2426 950 2587 1006 12.--
2613 951 2701 1007 Ad
2723 951 2969 1008 dextram
2986 953 3212 1009 orientis
3230 952 3556 1009 calamitates
3573 971 3698 1011 mese

2086 1038 2232 1094 illico
2259 1046 2629 1095 surrexerunt.

2158 1127 2247 1183 48.
2298 1129 2409 1183 Pro
2438 1129 2659 1184 sinistra
2688 1130 2923 1199 gentiles,
2951 1148 3051 1203 pro
3079 1132 3297 1187 dextera
3325 1131 3502 1188 Judaei
3526 1133 3695 1190 intel-

2089 1218 2301 1288 ligendi.
2331 1249 2403 1260 —
2432 1218 2519 1274 Ad
2566 1220 2847 1277 sinistram
2891 1222 3093 1294 quippe
3130 1222 3469 1280 calamitates
3496 1241 3694 1297 surge-

2084 1317 2227 1377 rent,
2273 1310 2321 1365 si
2366 1326 2399 1365 a
2443 1311 2786 1382 quibuslibet
2831 1321 2990 1370 extra
3034 1315 3358 1387 religionem
3393 1316 3607 1388 positis,
3637 1325 3694 1374 et

2084 1405 2267 1469 aperte
2312 1398 2594 1455 Christum
2645 1401 2994 1473 negantibus,
3028 1403 3426 1474 persecutionis
3463 1404 3693 1462 adversa

2082 1489 2395 1544 sustineret.
2421 1488 2559 1546 Cum
2581 1506 2715 1547 vero
2734 1491 2802 1547 ab
2821 1491 3103 1565 aliquibus
3121 1493 3275 1564 quasi
3296 1493 3555 1551 fidelibus
3574 1502 3691 1551 ten-

2082 1578 2345 1634 tationem
2367 1579 2870 1637 cruciamentorum
2892 1583 3122 1653 patitur,
3136 1584 3294 1655 quasi
3315 1583 3383 1639 ad
3403 1583 3689 1642 dexteram

2078 1666 2163 1721 illi
2194 1667 2534 1724 calamitates
2557 1669 2836 1739 oriuntur,
2860 1671 2989 1743 quia
3016 1671 3076 1726 hi
3105 1671 3200 1745 qui
3228 1672 3332 1728 sub
3360 1671 3567 1729 Christi
3590 1689 3689 1729 no«-

370 1754 600 1813 tationis
624 1772 738 1813 suae
764 1772 955 1813 vocem
987 1756 1286 1815 deteriores
1313 1758 1593 1828 existere,’
1612 1760 1790 1832 magis
1812 1761 1970 1831 eligit
2002 1780 2050 1841 Β
2079 1755 2229 1811 mine
2258 1756 2500 1812 militant
2527 1757 2734 1814 Christi
2779 1759 2837 1815 in
2867 1775 2932 1815 ea
2960 1775 3161 1817 nomen
3192 1761 3541 1833 impugnant.
3563 1762 3687 1834 Ipso

369 1844 832 1919 tacere.Cumque
857 1845 1114 1918 indignos
1141 1847 1237 1921 qui
1265 1848 1492 1905 audiant
1519 1849 1812 1922 conspicit,
1834 1867 1969 1923 prae-

365 1927 712 1993 dicationem
753 1953 902 1995 suam
949 1937 1193 1996 obducto
1238 1940 1460 1998 silentio
1505 1941 1782 2014 astringit.
1813 1941 1971 2000 Unde

365 2031 498 2098 apte
525 2025 806 2100 subjungit
833 2045 853 2084 .'

949 2117 1180 2177 CAPUT
1230 2118 1386 2178 XXI.

435 2202 574 2260 Isin.
604 2234 676 2247 —
701 2206 779 2264 Et
803 2206 1018 2278 frenum
1040 2209 1221 2279 posuit
1249 2210 1305 2264 in
1332 2226 1390 2264 os
1410 2224 1603 2265 meum.

430 2290 523 2348 47.
553 2293 601 2349 Α
626 2294 1006 2365 Ρνωάἰοαιίοηε
1032 2294 1331 2366 feriendum
1356 2302 1452 2362 est,
1482 2313 1599 2352 cum
1639 2297 1682 2352 ii
1718 2295 1815 2368 qui
1837 2314 1969 2353 ver-

362 2379 484 2435 bum
503 2380 603 2438 Dei
628 2384 921 2455 excipiunt,
950 2384 1073 2441 inde
1092 2385 1303 2456 pejores
1332 2387 1485 2459 ﬁunt.
1507 2417 1579 2428 —
1596 2387 1837 2442 Frenum
1862 2386 1970 2442 sibi

360 2467 509 2540 apud
538 2470 807 2543 quosdam
837 2472 1080 2543 positum
1109 2482 1506 2546 cognoverant,
1546 2474 1641 2545 qui
1670 2474 1966 2531 dicebant:

365 2557 525 2615 Vobis
554 2560 829 2630 oportebat
843 2561 1080 2631 primum
1111 2564 1255 2632 loqui
1275 2564 1492 2618 verbum
1519 2562 1637 2630 Dei,
1668 2566 1686 2597 ί
1715 2563 1805 2618 sed
1831 2580 1971 2634 quo-

350 2645 516 2700 niam
542 2646 802 2717 repellitis
830 2648 989 2714 illud,
1029 2656 1078 2704 et
1102 2649 1347 2720 indignos
1374 2668 1465 2705 vos
1481 2650 1739 2719 judicatis
1761 2657 1969 2707 (stemus

353 2733 501 2799 vita,
530 2749 643 2789 ecce
668 2736 1023 2791 convertimur
1048 2738 1121 2792 ad
1145 2744 1317 2808 gentes
1357 2740 1502 2809 (Act.
1534 2756 1661 2808 xm,
1689 2738 1805 2805 46).
1838 2740 1962 2796 Fre-

347 2838 492 2906 ⁸ιιιιιι]
527 2821 737 2879 silentii
776 2824 882 2880 sibi
921 2826 1407 2899 superimpositum
1449 2829 1625 2886 sancti
1666 2829 1774 2885 viri
1816 2830 1963 2902 apud

356 2912 495 2970 dura
533 2912 893 2985 reproborum
936 2914 1101 2972 corda
1148 2917 1519 2989 conspiciunt,
1560 2918 1655 2992 qui
1696 2934 1794 2991 per
1834 2920 1961 2975 Pro-

356 3002 576 3073 phetam
606 3001 802 3059 dicunt
835 3020 848 3058 :
883 3005 1154 3072 Quomodo
1199 3007 1523 3064 cantabimus
1550 3008 1809 3063 canticum
1840 3009 1962 3063 Do-

353 3093 489 3149 mini
503 3093 561 3149 in
581 3100 725 3150 terra
753 3094 933 3151 aliena
961 3096 1140 3164 (Psal.
1169 3113 1402 3163 cxxxvr,
1430 3097 1487 3168 4)
1508 3098 1538 3153 εν
1565 3100 1803 3155 Frenum
1824 3100 1955 3171 poni

354 3182 519 3239 etiam
545 3184 749 3241 Paulus
775 3183 1089 3254 admonuit,
1120 3186 1215 3258 qui
1245 3186 1520 3259 discipulo
1562 3190 1841 3261 praecepit,
1874 3189 1956 3245 di-

353 3285 484 3326 cens
514 3288 525 3326 :
557 3272 871 3328 ereticum
895 3280 1020 3344 post
1037 3274 1274 3345 primam
1297 3281 1347 3331 et
1364 3276 1641 3333 secundum
1656 3278 1956 3349 correptio-

353 3378 475 3417 nem
500 3362 692 3430 devita,
713 3364 879 3421 sciens
897 3365 1026 3436 quia
1056 3367 1336 3423 subversas
1358 3375 1433 3423 est
1448 3368 1542 3440 qui
1568 3368 1830 3439 ejusmodi
1858 3377 1952 3437 est,

347 3456 399 3506 et
424 3451 682 3523 delinquit
700 3453 928 3526 proprio
941 3454 1146 3524 judicio
1172 3456 1545 3514 condemnatus
1572 3458 1706 3529 (Tit.
1730 3474 1815 3526 In,
1836 3459 1948 3532 10).

345 3538 540 3596 Sancti
569 3541 769 3613 quippe
798 3542 1052 3601 doctores
1080 3549 1227 3609 659
1256 3545 1581 3619 plerumque
1623 3546 1735 3602 alta
1772 3548 1952 3605 consi-

343 3635 641 3692 deratione
659 3640 1025 3699 resistentium
1055 3642 1223 3700 corda
1249 3645 1621 3716 conspiciunt,
1651 3653 1706 3701 et
1732 3646 1867 3703 dum
1887 3664 1952 3704 ea

343 3726 616 3784 derelicta
643 3728 910 3788 divinitus
923 3733 1137 3803 vident,
1153 3733 1347 3791 afﬂicti
1367 3743 1749 3808 gementesque
1777 3739 1952 3795 conti-

340 3826 591 3875 cescunt.
627 3821 715 3876 An
757 3836 869 3878 non
895 3822 1196 3896 aliquando
1224 3824 1444 3879 frenum
1473 3824 1733 3881 Salomon
1763 3826 1948 3886 docto-

340 3906 497 3964 ribus
524 3907 783 3981 imponit,
814 3911 908 3984 qui
938 3911 1111 3969 dicit:
1143 3913 1271 3970 Noli
1297 3930 1522 3985 arguere
1549 3915 1862 3984 derisorem,
1883 3935 1949 3975 ne

340 3997 518 4053 oderit
544 4005 590 4054 te
620 4001 810 4072 (Prov.
843 4016 925 4068 Ix,
956 4001 1036 4073 8).
1055 4000 1161 4057 Sed
1181 4001 1228 4057 si
1249 4001 1317 4057 ab
1337 4002 1709 4077 increpatione
1737 4007 1945 4066 idcirco

340 4085 653 4158 reticemus,
701 4089 834 4161 quia
866 4096 1061 4146 contra
1086 4106 1187 4147 nos
1219 4090 1500 4164 insurgere
1530 4093 1789 4152 derisoris
1818 4098 1944 4154 odia

339 4173 726 4247 forniidamus,
776 4195 890 4234 non
914 4176 1030 4249 jam
1060 4180 1215 4235 lucra
1240 4180 1362 4247 Dei,
1393 4181 1487 4238 sed
1517 4192 1705 4241 nostra
1733 4188 1943 4258 quarri-

338 4278 480 4320 mus.
524 4264 643 4333 Qua
684 4268 744 4323 in
794 4283 853 4323 re
893 4267 1180 4324 sciendum
1227 4277 1309 4325 est
1350 4271 1496 4342 quod
1540 4289 1940 4348 nonnunquam

337 4371 468 4411 cum
512 4356 921 4429 redarguuntur
948 4358 1126 4431 pravi,
1164 4358 1464 4417 deteriores
1505 4363 1771 4420 existunt.
1805 4364 1941 4435 Ipsis

337 4458 473 4514 ergo
501 4444 525 4479 ³
553 4452 610 4499 et
632 4461 743 4501 non
771 4446 932 4503 nobis
960 4446 1259 4518 parcimus,
1289 4447 1337 4503 si
1365 4448 1434 4505 ab
1463 4466 1652 4506 eorum
1684 4450 1938 4523 redargu-

338 4532 494 4587 tione
528 4548 634 4605 pro
669 4548 855 4591 eorum
883 4552 1068 4593 amore
1102 4552 1394 4594 cessamus.
1428 4539 1583 4595 Unde
1610 4556 1830 4596 necesse
1857 4548 1939 4597 est

339 4628 399 4675 ut
424 4621 729 4696 aliquando
758 4625 1058 4681 toleremus
1077 4625 1310 4682 tacendo
1331 4627 1479 4698 quod
1498 4636 1649 4697 sunt,
1672 4637 1942 4701 quatenus

338 4709 399 4764 in
428 4711 585 4768 nobis
614 4715 635 4748 ³
668 4713 884 4770 discant
908 4714 1047 4771 bene
1065 4714 1308 4771 vivendo
1324 4717 1471 4788 quod
1496 4734 1609 4773 non
1631 4726 1781 4774 sunt.
1802 4719 1940 4786 Quia

335 4798 508 4871 igitur
546 4811 736 4860 sancta
772 4804 1040 4874 Ecclesia,
1086 4820 1207 4878 quae
1250 4805 1417 4861 verba
1460 4824 1563 4877 sua,
1605 4824 1819 4880 semper
1846 4826 1941 4881 per

333 4887 662 4949 charitatem
702 4892 901 4962 exerit,
933 4908 996 4948 ea
1022 4892 1187 4948 etiam
1218 4910 1617 4969 nonnunquam
1648 4912 1717 4952 ex
1746 4897 1940 4954 chari-

335 4984 444 5034 ωε
472 4981 780 5055 restringit,
812 4982 995 5038 dicat:
1021 4983 1252 5039 Frenum
1274 4985 1456 5057 posuit
1482 4985 1538 5040 in
1563 5003 1623 5042 os
1649 5003 1838 5044 meum.
1858 4988 1939 5044 Ac

330 5069 379 5124 si
410 5078 595 5143 aperte
622 5071 882 5141 fateatur,
913 5070 1101 5130 dicens
1133 5090 1144 5129 :
1178 5073 1320 5141 Quia
1351 5074 1411 5130 in
1439 5075 1768 5147 quibusdam
1799 5092 1938 5150 pro—

330 5167 553 5216 vectum
582 5176 699 5218 non
728 5161 847 5218 vidi
877 5160 1303 5235 praedicationis,
1324 5161 1392 5217 ab
1413 5162 1492 5218 eis
1511 5163 1778 5235 impetum
1800 5171 1933 5220 tem-

328 5250 543 5323 peravi,
573 5260 636 5311 ut
666 5256 842 5312 vitam
871 5269 1047 5312 meam
1073 5255 1267 5313 saltem
1296 5270 1393 5328 per
1416 5254 1742 5327 patientiam
1764 5253 1933 5313 disce-

404 5472 423 5508 ¹
453 5470 697 5545 Gemet.,
752 5474 938 5533 Germ.
972 5491 1036 5532 ac
1064 5475 1233 5545 plur.,
1266 5472 1355 5529 sed
1380 5473 1633 5545 quoniam
1662 5470 1936 5545 repulistis

320 5539 491 5620 illud,
521 5553 569 5602 et
594 5539 842 5620 indignos
868 5564 959 5620 vos
980 5539 1284 5620 judicastig

401 5615 424 5650 ³
452 5617 536 5693 Ita
566 5615 818 5693 plerique
857 5615 1005 5693 Mss."
1017 5625 1071 5674 et
1100 5624 1219 5693 vet_.
1238 5615 1378 5693 _Ed._,
1414 5618 1614 5690 quibus
1643 5616 1934 5693 contradi-

322 5686 697 5764 οιιξηξίίεξιτηἒ
723 5686 778 5746 et
806 5686 1304 5764 posteriores__Ed.,
1345 5686 1585 5764 detracta
1621 5690 1932 5764 negatione.

404 5760 425 5795 ³
456 5757 624 5819 Corb.
659 5757 846 5821 Germ.
878 5769 932 5818 et
960 5761 1089 5831 Ed.,
1118 5759 1324 5817 discant
1365 5759 1607 5816 videndo.
1639 5757 1810 5818 Gilot.
1843 5768 1937 5817 ta-

2079 1844 2227 1900 enim
2268 1845 2567 1902 locutionis
2614 1863 2719 1903 usu
2765 1864 2865 1920 pro
2911 1848 3108 1904 dextro
3154 1848 3357 1906 habere
3388 1852 3408 1886 ⁴
3446 1849 3684 1908 dicimus

2078 1935 2229 2007 quod
2280 1951 2381 2007 pro
2428 1952 2627 2008 magno
2673 1953 2987 2009 pensamus,
3035 1955 3135 2012 pro
3182 1939 3409 1996 sinistro
3444 1956 3576 1997 vero
3623 1940 3684 1998 id

2078 2023 2227 2098 quod
2268 2024 2638 2097 despicimus;
2683 2025 2833 2098 quod
2877 2025 3169 2084 Zacharias
3198 2035 3383 2100 aperte
3409 2028 3680 2097 insinuat,

2078 2112 2269 2169 dicens
2308 2131 2319 2168 ε
2352 2115 2428 2170 Et
2465 2114 2689 2169 ostendit
2708 2114 2840 2170 mihi
2865 2116 3044 2172 Iesum
3064 2117 3382 2172 sacerdotem
3408 2134 3679 2189 magnum,

2078 2208 2301 2258 stantem
2327 2219 2507 2259 coram
2534 2205 2717 2275 angelo
2747 2205 2983 2271 Domini,
3014 2211 3064 2261 et
3090 2207 3258 2262 Satan
3284 2207 3457 2262 stabat
3480 2225 3516 2263 a
3539 2208 3680 2265 dea:-

2080 2292 2177 2347 tris
2204 2292 2341 2362 ejus,
2371 2298 2431 2346 ut
2454 2293 2832 2349 adversaretur
2857 2295 2906 2349 ei
2936 2293 3124 2366 (Zach.
3144 2311 3230 2364 III,
3262 2296 3340 2367 l).
3372 2295 3478 2363 Qui
3506 2303 3570 2353 ut
3588 2313 3677 2370 pa-

2079 2383 2285 2439 tentius
2305 2382 2413 2439 hoc
2432 2382 2579 2455 quod
2599 2385 2865 2456 praemisit
2894 2384 3225 2453 ostenderet,
3248 2392 3467 2441 secutus
3482 2384 3678 2458 adjun-

2076 2472 2159 2527 xit
2189 2490 2199 2527 :
2238 2474 2311 2528 Et
2336 2472 2478 2527 dixit
2502 2473 2762 2528 Dominus
2788 2473 2861 2528 ad
2890 2474 3057 2528 Satan
3094 2490 3112 2527 :
3154 2474 3393 2544 Increpat
3416 2473 3679 2531 Dominus

2075 2560 2132 2615 in
2174 2568 2239 2631 te,
2274 2562 2462 2630 Satan,
2492 2561 2586 2631 qui
2614 2562 2764 2634 elegit
2801 2562 3115 2617 Jerusalem.
3156 2561 3415 2632 Nunquid
3457 2579 3563 2618 non
3601 2570 3677 2620 est

2072 2650 2167 2705 iste
2197 2652 2359 2706 torris
2387 2657 2569 2706 erutus
2597 2651 2659 2706 de
2685 2651 2846 2722 igne?
2874 2653 2948 2706 Et
2974 2652 3127 2706 Iesus
3155 2649 3374 2705 indutus
3391 2658 3509 2707 erat
3526 2653 3674 2707 vesti-

2073 2739 2166 2794 bus
2193 2740 2427 2795 sordidis
2458 2741 2646 2811 (Ibid.,
2667 2742 2751 2814 2).
2787 2740 3037 2798 Sordidis
3062 2739 3212 2796 enim
3242 2740 3490 2797 vestibus
3516 2742 3673 2799 Jesus

2072 2828 2093 2863 δ
2138 2827 2367 2884 indutus
2397 2836 2533 2896 erat,
2565 2829 2696 2901 quia
2724 2830 2980 2902 quamvis
3015 2828 3230 2885 alienus
3255 2828 3325 2884 ab
3353 2829 3505 2885 omni
3535 2845 3673 2901 pec-

2069 2925 2212 2986 cato,
2242 2924 2427 2972 tamen
2478 2916 2538 2972 in
2578 2918 3002 2973 similitudinem
3047 2917 3202 2972 venit
3225 2917 3410 2972 carnis
3437 2919 3669 2989 peccati.

2069 3006 2171 3063 Cui
2205 3006 2449 3062 venienti
2479 3007 2644 3062 Satan
2663 3023 2696 3061 a
2712 3005 2926 3061 dextris
2952 3006 3124 3061 stetit.
3156 3005 3262 3060 Pro
3286 3021 3486 3078 magno
3504 3022 3673 3063 nam-

2069 3111 2174 3167 que
2227 3094 2497 3150 Dominus
2551 3093 2843 3151 Judaicum
2895 3093 3184 3166 populum,
3237 3100 3293 3148 et
3349 3110 3448 3166 pro
3490 3094 3671 3152 nihilo

2068 3191 2255 3256 gentes
2298 3184 2495 3241 habere
2529 3184 2841 3241 videbatur.
2884 3183 2989 3240 Sed
3032 3190 3323 3257 postquam
3352 3182 3672 3242 incarnatus

2065 3274 2338 3345 apparuit,
2371 3273 2651 3345 gentilitas
2679 3289 2801 3347 quas
2835 3289 2936 3345 pro
2982 3272 3209 3329 sinistro
3256 3270 3445 3328 habita
3489 3270 3672 3328 fuerat

2063 3364 2328 3431 credidit;
2359 3364 2619 3421 Iudaicus
2648 3382 2780 3421 vero
2807 3364 3043 3437 populus
3070 3361 3138 3419 ad
3169 3362 3456 3435 perﬁdiam
3484 3363 3669 3422 decli-

2061 3453 2235 3509 navit.
2285 3454 2452 3509 Satan
2496 3470 2625 3526 ergo
2672 3453 2757 3510 illi
2790 3470 2823 3509 a
2868 3452 3080 3509 dextris
3120 3451 3294 3520 stetit,
3326 3451 3457 3525 quia
3504 3452 3666 3509 illum

2060 3543 2110 3598 ei
2148 3545 2413 3617 populum
2460 3545 2665 3617 rapuit,
2696 3544 2791 3617 qui
2840 3544 3051 3601 dudum
3102 3542 3337 3599 dilectus
3382 3543 3508 3600 fuit.
3560 3544 3666 3602 Sed

2059 3633 2188 3707 quia
2227 3634 2342 3707 ipse
2386 3634 2650 3691 Judaicus
2676 3633 2935 3705 populus,
2967 3631 3134 3689 modo
3165 3631 3433 3705 perditus,
3464 3633 3523 3688 in
3554 3632 3666 3688 ﬁne

2057 3732 2138 3779 est
2181 3725 2511 3797 quandoque
2554 3723 2884 3792 crediturus,
2935 3723 3203 3795 propheta
3257 3730 3513 3789 testante,
3564 3722 3660 3794 qui

2057 3810 2135 3865 ait
2166 3829 2177 3865 ε
2212 3811 2467 3879 Reliquiae
2509 3812 2670 3864 salva:
2693 3812 2817 3880 ﬁent
2847 3810 2981 3878 (Isa.
3015 3827 3072 3877 x,
3105 3810 3223 3879 2i),
3258 3809 3420 3864 Satan
3455 3825 3487 3864 a
3516 3808 3664 3865 dex-

2055 3898 2157 3954 tris
2183 3898 2298 3954 suis
2325 3896 2595 3952 Dominus
2624 3904 2891 3967 removet,
2922 3896 3113 3953 dicens
3144 3913 3154 3950 :
3191 3897 3430 3965 Increpet
3466 3895 3662 3951 Domi-

2054 4006 2153 4045 nus
2198 3988 2254 4043 in
2298 3995 2362 4057 te,
2412 3990 2579 4045 Satan
2628 3987 2818 4061 (Zach.
2851 4004 2914 4055 II,
2963 3987 3043 4061 2).
3085 3987 3158 4042 Et
3195 3983 3440 4056 ejusdem
3470 3988 3659 4060 populi

2054 4080 2436 4136 liberationem
2466 4079 2739 4148 indicans,
2769 4078 2955 4136 subdit
2979 4097 2990 4135 :
3028 4077 3167 4147 Quia
3196 4077 3339 4147 eligit
3365 4077 3660 4134 Jerusalem

2056 4171 2217 4243 (Ibid.
2314 4170 2357 4242 ).
2408 4169 2513 4237 Qui
2545 4168 2809 4225 nimirum
2848 4167 3107 4241 populus,
3140 4165 3270 4239 quia
3298 4165 3367 4222 ad
3396 4166 3658 4239 gehennae

2052 4260 2329 4329 incendia,
2378 4258 2608 4332 perﬁdia
2653 4259 2813 4328 duce,
2862 4257 3157 4326 deﬂuebat,
3197 4256 3295 4313 sed
3337 4262 3484 4321 660
3522 4258 3655 4315 dum

2050 4356 2118 4412 ad
2148 4356 2311 4413 ﬁdem
2342 4356 2627 4412 reducitur
2655 4355 2722 4410 ab
2752 4354 2943 4411 eodem
2972 4353 3164 4411 interni
3207 4353 3351 4426 ignis
3397 4355 3657 4412 incendio

2054 4445 2342 4511 liberatur,
2387 4444 2571 4501 statim
2604 4444 2671 4500 de
2699 4461 2763 4500 eo
2793 4443 2910 4500 illic
2937 4442 3197 4501 subditur
3221 4461 3232 4500 :
3266 4443 3526 4517 Nunquid
3550 4461 3657 4500 non

1974 4508 2021 4566 Β
2054 4540 2127 4589 est
2155 4533 2249 4588 iste
2276 4508 2438 4588 torris
2463 4539 2646 4588 erutus
2674 4533 2736 4588 de
2764 4532 2922 4604 igne?

2120 4625 2209 4681 49.
2254 4625 2329 4680 Et
2355 4623 2601 4680 Ecclesia:
2627 4623 2783 4695 ﬁdem
2811 4629 3082 4691 sectantes,
3113 4643 3151 4681 a
3174 4622 3363 4695 quibus
3390 4623 3511 4696 ipsa
3538 4623 3656 4682 ali-

2047 4716 2260 4787 quando
2310 4715 2414 4770 vim
2455 4714 2686 4787 patitur.
2718 4745 2789 4755 —
2817 4713 2973 4771 Sicut
3020 4732 3149 4788 ergo
3188 4714 3307 4771 illic
3334 4731 3434 4786 pro
3459 4714 3654 4769 dextra

2050 4805 2202 4878 plebs
2228 4805 2475 4870 Judaica,
2507 4804 2584 4859 ita
2613 4802 2718 4860 hoc
2746 4805 2804 4860 in
2839 4805 2962 4862 loco
2991 4805 3199 4861 dextrae
3232 4803 3500 4860 vocabulo
3522 4802 3653 4857 ﬁde-

2048 4897 2115 4952 lis
2158 4897 2392 4969 populus
2446 4903 2645 4952 sanctae
2692 4896 2954 4952 Ecclesiae
3009 4894 3347 4966 designatur.
3395 4891 3549 4948 Unde
3596 4899 3652 4947 et

2046 4993 2313 5041 venturus
2336 4985 2510 5058 judex
2541 4986 2728 5042 haedos
2769 4984 2837 5041 ad
2878 4984 3180 5050 sinistram,
3212 4996 3380 5052 agnos
3407 4977 3476 5034 ad
3504 4977 3651 5034 dex-

2044 5084 2216 5132 teram
2248 5083 2414 5148 ponet
2439 5076 2663 5146 (Matth.
2686 5091 2825 5143 xxv,
2844 5074 2959 5146 33).
2981 5070 3086 5127 Sed
3113 5087 3238 5125 cum
3269 5074 3517 5125 sanctam
3546 5066 3648 5126 Ec-

2042 5166 2264 5224 clesiam
2309 5166 2658 5224 adversitatis
2698 5173 2944 5237 tempore
2976 5160 3082 5233 ipsi
3116 5176 3336 5234 quoque
3373 5161 3650 5219 lacessunt

2043 5254 2139 5329 qui
2168 5254 2356 5313 ﬁdeles
2382 5272 2498 5313 esse
2526 5253 2880 5319 videbantur,
2910 5250 2962 5307 ei
2987 5248 3181 5323 procul
3208 5248 3381 5308 dubio
3409 5250 3648 5309 calami-

2043 5485 2171 5527 men
2213 5469 2502 5525 annotavit
2534 5472 2779 5524 nostram
2816 5466 3107 5524 lectionem
3131 5465 3210 5538 Vin
3240 5464 3507 5538 margine,
3531 5479 3647 5538 ex-

2044 5550 2259 5622 statque
2286 5548 2399 5597 tam
2422 5539 2897 5622 in.Angl‘ic.‘Mss.
2929 5555 3106 5622 quani
3122 5537 3182 5593 in
3210 5537 3338 5622 aliis
3365 5537 3607 5622 nostris;_

2117 5618 2139 5651 ‘
2168 5608 2379 5683 Germ,
2422 5612 2590 5681 Utic.,
2614 5608 2794 5669 'Corb.
2826 5608 3036 5682 Germ,
3067 5610 3224 5669 Becc.
3258 5616 3313 5666 et
3340 5609 3513 5681 plur.,
3548 5608 3646 5663 di-

2044 5704 2362 5827 clngul’idem,
2385 5755 2603 5815 indutus
2627 5755 2844 5813 dicitur.
