4172 6184
515 285 613 342 167

1717 282 1970 339 SANCTI
2009 284 2346 341 GBEGORII
2384 285 2611 343 MAGNI

3702 294 3804 351 168

506 421 641 469 tates
653 411 723 467 ad
743 411 993 466 dextram
1011 409 1408 482 surgunt.[Vet.
1433 411 1566 466 XXI
1569 409 1762 484 .]Bene
1777 419 1960 466 autem
1978 409 2096 468 haec
2125 417 2172 474 Α
2207 411 2498 484 dissipant,
2520 429 2646 469 cum
2671 414 2727 468 in
2750 417 3114 488 quorumdam
3138 416 3486 474 inﬁrmorum
3509 422 3758 478 mentibu
3771 442 3817 491 s,

505 503 620 573 ipsa
645 499 840 556 dextra
859 498 1100 555 Orientis
1119 505 1367 554 vocatur.
1390 501 1468 555 De
1490 499 1614 571 ipso
1638 500 1841 573 quippe
1862 499 2106 572 ejusdem

502 589 678 662 capite
698 589 963 661 scriptum
995 595 1075 642 est
1108 605 1120 642 :
1157 588 1345 645 Oriens
1365 595 1439 644 est
1462 606 1654 644 nomen
1674 589 1789 658 ejus
1812 590 2000 659 (Zach.
2020 606 2101 656 v1,

506 676 595 749 l2)
607 678 758 734 .Nam
773 678 902 749 quia
910 675 977 731 ab
994 675 1216 733 Oriente
1227 677 1325 732 lux
1336 677 1682 750 surgit,recte
1695 678 1890 734 Oriens
1899 678 2106 734 dicitur

502 765 660 838 cujus
673 764 905 836 justitiae
927 764 1135 820 lumine
1160 767 1175 800 ¹
1201 774 1400 822 nostrae
1421 765 1710 838 injustitiaa
1730 783 1842 822 nox
1863 766 2098 822 illustra-

501 864 610 912 tur.
636 853 721 910 Ad
751 854 994 911 Orientis
1022 871 1150 927 ergo
1178 854 1428 912 dextram
1469 856 1808 913 calamitates
1846 866 2098 930 surgunt,

501 948 630 1021 quia
672 945 731 1002 hi
772 962 988 1019 quoque
1036 946 1104 1002 ad
1148 946 1584 1019 persecutionem
1633 946 1954 1018 prosiliunt,
2002 947 2098 1020 qui

500 1039 671 1095 electa
691 1036 934 1092 membra
960 1036 1340 1108 Redemptoris
1369 1035 1544 1092 nostri
1574 1051 1690 1093 esse
1715 1035 2096 1094 credebantur.

503 1130 524 1165 ³
553 1129 698 1197 Quas
725 1127 983 1183 videlicet
1024 1127 1364 1183 calamitates
1392 1135 1537 1184 recte
1566 1126 1719 1185 illico
1747 1128 1941 1186 asserit
1969 1144 2102 1185 sur-

501 1235 648 1292 gere,
679 1217 808 1291 quia
837 1217 968 1273 dum
999 1233 1110 1273 non
1141 1225 1298 1274 erant
1335 1219 1582 1275 extranei
1625 1220 1720 1293 qui
1756 1236 2103 1294 persequun-

497 1314 612 1374 tur,
638 1307 706 1362 ab
731 1306 810 1362 eis
837 1306 1058 1377 repente
1081 1307 1225 1362 mala
1243 1314 1297 1363 et
1319 1307 1473 1364 illico
1490 1308 1652 1364 ﬁunt.
1678 1309 1733 1366 Si
1755 1325 1887 1366 vero
1907 1309 2103 1366 dextra

500 1394 560 1451 hi
588 1394 684 1468 qui
714 1395 984 1451 veraciter
1003 1394 1192 1452 ﬁdeles
1221 1390 1350 1452 sunt
1375 1397 1741 1470 appellantur,
1763 1398 2101 1454 calamitates

497 1483 567 1539 ad
593 1483 841 1540 dextram
872 1483 1114 1540 Orientis
1141 1493 1398 1557 surgunt,
1425 1486 1554 1557 quia
1577 1493 1897 1557 erumpente
1924 1503 2099 1558 perse-

497 1572 738 1630 cutionis
766 1572 1023 1641 articulo,
1059 1573 1307 1630 crudeles
1346 1589 1646 1646 pravorum
1692 1574 1931 1646 impetus
1960 1575 2100 1647 justi

497 1661 802 1732 patiuntur.
835 1661 1096 1733 Sequitur
1127 1677 1139 1715 :

877 1748 1105 1804 CAPUT
1144 1748 1330 1805 XXIII
1373 1746 1517 1822 [Rea
1558 1750 1736 1826 XIX].

565 1838 701 1893 Iam.
737 1867 802 1878 —-
835 1837 997 1892 Pedes
1037 1853 1176 1892 meos
1216 1838 1602 1905 subuerterant,
1639 1846 1688 1896 et
1727 1848 2099 1913 oppresserunt

497 1927 653 1998 quasi
678 1927 920 1999 ﬂuctibus
949 1929 970 1963 ³
999 1927 1197 1983 semitis
1224 1929 1355 1985 suis.

565 2016 654 2072 50.
688 2016 826 2086 Ejus
853 2023 1086 2072 extrema
1114 2017 1347 2073 membra
1393 2019 1549 2089 quasi
1588 2020 1742 2092 pedes
1784 2021 2098 2092 quandoque

493 2104 887 2161 subvertantur.
918 2136 988 2147 —
1016 2104 1160 2172 Quid
1206 2122 1302 2178 per
1348 2107 1513 2178 pedes
1542 2108 1822 2177 Ecclesiae,
1853 2108 1960 2164 nisi
1988 2125 2096 2165 ex-

493 2205 667 2254 trema
694 2198 846 2254 illius
877 2197 1122 2254 membra
1158 2198 1488 2272 signantur?
1517 2200 1648 2268 Quae
1676 2201 1808 2257 dum
1837 2201 1905 2258 ad
1932 2219 2097 2276 opera

494 2295 706 2343 terrena
729 2287 1070 2356 deserviunt,
1095 2295 1249 2344 tanto
1278 2290 1510 2344 celerius
1530 2289 1598 2345 ab
1618 2289 1948 2347 adversariis
1976 2293 2094 2348 falli

493 2384 743 2449 possunt,
765 2385 971 2449 quanto
991 2377 1251 2433 sublimia
1286 2378 1475 2433 minus
1502 2379 1839 2450 intelligunt.
1859 2380 1970 2437 Hos
1996 2381 2094 2437 ita-

491 2481 596 2538 que
623 2464 786 2538 pedes
814 2464 1114 2520 adversarii
1144 2464 1493 2533 subvertunt,
1541 2465 1800 2523 videlicet
1830 2485 1956 2524 cum
1987 2484 2096 2524 ex-

491 2560 665 2609 trema
712 2552 958 2610 membra
1005 2553 1156 2608 illius
1194 2553 1262 2608 ad
1291 2554 1375 2609 sui
1407 2554 1678 2627 dogmatis
1704 2572 1944 2612 errorem
1974 2565 2096 2612 tra-

421 2669 426 2674 -
491 2642 654 2698 hunt.
704 2641 966 2698 Subversi
1013 2642 1176 2714 pedes
1222 2643 1371 2698 viam
1417 2652 1603 2700 tenere
1633 2655 1936 2718 nequeunt,
1966 2663 2093 2703 cum

491 2732 701 2788 inﬁrmi
730 2732 935 2805 quique
966 2740 1376 2803 persecutorum
1406 2749 1629 2790 suorum
1659 2736 1746 2790 vel
1777 2735 2092 2807 promissio-

493 2823 658 2880 nibus
713 2821 978 2895 persuasi,
1019 2823 1105 2878 vel
1159 2823 1325 2880 minis
1378 2825 1580 2894 territi,
1620 2827 1708 2880 vel
1753 2825 2092 2882 cruciatibus

490 2913 672 2981 fracti,
711 2912 780 2967 ab
826 2911 1023 2967 itinere
1069 2919 1218 2968 recto
1248 2914 1270 2947 ⁸
1301 2912 1547 2970 deviant.
1594 2915 1740 2971 Bene
1769 2923 1952 2971 autem
1983 2915 2094 2970 ad-

490 3003 858 3061 versariorum
888 3002 1096 3059 semitae
1123 3001 1384 3060 ﬂuctibus
1411 3013 1822 3078 comparantur,
1851 3021 1977 3063 cum
2009 3005 2090 3062 di-

2219 503 2466 560 veritatis
2496 505 2613 562 vias
2641 507 2842 564 callida
2865 509 3215 581 persuasione
3245 510 3589 582 perturbant.
3608 514 3717 586 Ipsi
3739 515 3817 571 in-

2216 594 2479 652 sidiantes
2525 598 2847 667 praevalent,
2874 615 3000 655 cum
3031 614 3123 656 eos
3151 616 3289 672 quos
3316 609 3499 672 aperte
3519 602 3588 658 ad
3609 605 3815 661 malum

2214 685 2430 742 trahere
2460 695 2762 759 nequeunt,
2810 688 2954 744 bona
2982 688 3300 747 simulando
3328 703 3674 763 pervertunt.
3705 697 3814 754 Sed

2216 775 2418 830 mirum
2444 775 2604 831 valde
2651 783 2733 832 est
2773 776 2920 848 quod
2949 776 3173 849 subjicit
3205 796 3216 834 :
3251 779 3370 836 Non
3398 781 3506 850 fuit
3532 784 3626 854 qui
3653 783 3823 855 ferret

2213 863 2502 933 auxilium,
2533 881 2658 922 cum
2681 864 2748 921 de
2768 865 2963 922 divino
2982 865 3258 938 adjutorio
3274 868 3562 926 Psalmista
3577 873 3780 931 clamet
3803 893 3815 931 :

2212 953 2446 1022 Adjutor
2472 955 2529 1010 in
2557 956 3061 1028 opportunitatibus,
3083 956 3142 1012 in
3161 957 3510 1014 tribulatione
3531 961 3703 1031 (Psal.
3736 980 3816 1033 Ix,

2215 1046 2342 1118 10);
2394 1052 2531 1111 681
2566 1054 2619 1103 et
2654 1065 2665 1102 :
2701 1049 2962 1119 Sperent6
2991 1050 3047 1104 in
3079 1056 3143 1115 te,
3191 1041 3285 1120 qui
3329 1058 3589 1107 noverunt
3633 1071 3818 1110 nomen

2213 1150 2380 1210 tuum,
2409 1145 2662 1216 quoniam
2691 1163 2796 1200 non
2820 1147 3146 1218 derelinques
3175 1155 3464 1218 quaerentes
3494 1156 3558 1216 te,
3572 1152 3811 1210 Domine.

2209 1236 2282 1292 Et
2309 1253 2435 1293 cum
2465 1255 2684 1295 rursum
2715 1236 2981 1312 scriptum
3011 1238 3114 1294 sit:
3150 1239 3280 1306 Quis
3307 1243 3542 1312 speravit
3559 1242 3614 1298 in
3634 1243 3812 1300 Domi-

2208 1342 2299 1391 no,
2329 1332 2376 1380 et
2415 1327 2666 1398 confusus
2700 1333 2810 1392 est;
2851 1328 3148 1399 permansit
3191 1328 3250 1382 in
3289 1329 3558 1385 mandatis
3599 1331 3734 1401 ejus,
3766 1338 3816 1388 et

2210 1412 2485 1467 derelictus
2514 1417 2628 1471 est?
2658 1417 2732 1471 Et
2759 1415 2876 1486 quis
2895 1415 3158 1471 invocavit
3171 1417 3348 1482 illum,
3367 1424 3413 1471 et
3441 1418 3673 1490 despexit
3693 1437 3809 1477 eum

2213 1493 2406 1567 (Eccli.
2439 1513 2501 1566 II,
2534 1500 2620 1568 11,
2654 1499 2743 1571 12)
2764 1501 2791 1555 ?
2821 1500 2939 1567 Qua
2959 1501 3144 1573 itaque
3165 1501 3378 1558 ratione
3399 1519 3546 1559 nunc
3566 1503 3804 1562 dicitur:

2207 1585 2330 1643 Non
2363 1585 2470 1655 fuit
2513 1588 2608 1658 qui
2648 1588 2814 1658 ferret
2848 1590 3138 1656 auxilium,
3169 1591 3276 1646 nisi
3305 1591 3433 1664 quia
3461 1592 3810 1666 omnipotens

2206 1677 2354 1732 Deus
2380 1692 2472 1732 eos
2502 1693 2640 1749 quos
2667 1678 2725 1733 in
2755 1685 3019 1736 aeternum
3051 1680 3234 1753 diligit
3261 1681 3564 1755 aliquando
3583 1683 3652 1740 ad
3671 1691 3804 1741 tem-

2129 1772 2175 1834 B
2209 1782 2310 1840 pus
2350 1766 2660 1838 relinquit?
2691 1767 2844 1824 Unde
2873 1769 3137 1840 scriptum
3177 1777 3258 1825 est
3290 1788 3302 1826 :
3349 1771 3436 1827 Ad
3475 1778 3728 1844 punctum
3753 1775 3809 1829 in

2206 1855 2405 1911 modico
2434 1855 2694 1927 dereliqui
2727 1861 2791 1924 te,
2822 1863 2871 1912 et
2901 1857 2956 1912 in
2983 1858 3410 1915 miserationibus
3443 1863 3650 1933 magnis
3677 1879 3811 1918 con-

2205 1944 2424 2015 g—regabo
2455 1949 2518 2000 te.
2559 1944 2624 2000 In
2653 1951 2908 2000 momento
2938 1945 3320 2018 indignationis
3346 1949 3594 2006 abscondi
3621 1950 3811 2021 faciem

2204 2051 2373 2088 meam
2409 2051 2704 2106 parumper
2742 2052 2776 2090 a
2821 2039 2885 2103 te,
2916 2040 2965 2089 et
2999 2035 3056 2088 in
3084 2036 3454 2093 misericordia
3494 2041 3807 2111 sempiterna

2205 2123 2450 2179 misertus
2470 2141 2585 2178 sum
2615 2124 2692 2178 tui
2713 2123 2868 2194 (Isai.
2903 2140 3016 2201 LIV,
3039 2125 3117 2197 7).
3153 2124 3295 2182 Hinc
3323 2127 3488 2182 etiam
3520 2128 3808 2185 Psalmista

2205 2211 2619 2284 deprecabatur,
2663 2211 2850 2269 dicens
2885 2230 2897 2268 :
2960 2213 3080 2269 Non
3118 2231 3198 2268 me
3235 2214 3574 2286 derelinquas
3610 2233 3812 2288 usque-

2204 2319 2411 2374 quaque
2449 2304 2620 2374 (Psal.
2670 2320 2866 2372 cxvm,
2905 2301 2986 2375 8).
3033 2302 3350 2376 Derelinqui
3393 2304 3561 2376 igitur
3600 2321 3714 2363 sese
3742 2307 3811 2363 ad

2206 2391 2484 2448 modicum
2508 2407 2663 2465 posse
2689 2393 2901 2448 utiliter
2933 2401 3181 2461 noverat,
3205 2393 3299 2465 qui
3332 2409 3400 2448 ne
3423 2407 3820 2468 usquequaque

2205 2480 2609 2554 relinqueretur
2633 2479 2868 2553 petebat.
2905 2482 3132 2537 Sanctos
3147 2484 3352 2537 etenim
3381 2500 3509 2539 suos
3537 2484 3810 2540 Dominus

2204 2569 2479 2625 veniendo
2520 2568 2768 2639 adjuvat,
2811 2569 3176 2641 relinquendo
3223 2569 3448 2641 probat;
3499 2571 3659 2628 donis
3701 2572 3810 2626 ﬁr-

2204 2665 2338 2726 mat,
2369 2657 2823 2713 tribulationibus
2867 2665 3063 2713 tentat.
3112 2658 3266 2714 Unde
3297 2666 3440 2715 recte
3471 2676 3686 2733 quoque
3715 2676 3810 2733 per

2203 2747 2494 2821 quemdam
2523 2748 2825 2818 sapientem
2857 2748 3062 2804 dicitur
3103 2765 3116 2804 :
3159 2750 3225 2804 In
3246 2750 3442 2820 primis
3478 2751 3629 2822 elegit
3670 2769 3804 2821 eum,

2203 2839 2440 2893 timorem
2486 2844 2534 2892 et
2573 2845 2765 2892 metum
2793 2843 2840 2891 et
2861 2837 3228 2908 probationem
3250 2839 3270 2873 ⁷
3302 2838 3512 2893 inducet
3540 2856 3699 2912 super
3725 2841 3806 2898 il-

2205 2928 2334 2992 lum,
2363 2932 2412 2982 et
2437 2925 2760 2980 excruciabit
2788 2925 2941 2980 illum
2961 2925 3018 2979 in
3040 2925 3383 2981 tribulatione
3402 2926 3657 2983 doctrina:
3675 2947 3804 2996 sure,

2200 3017 2359 3073 donec
2389 3021 2541 3072 tentet
2583 3015 2740 3070 illum
2780 3014 2838 3069 in
2873 3015 3272 3086 cogitationibus
3311 3015 3461 3070 illius
3494 3016 3686 3086 (Eccli.
3721 3035 3801 3087 Iv,

489 3094 634 3193 οίῖξιΐ
665 3112 676 3150 ε
830 3109 969 3193 0P1”:
967 3109 1104 3148 θεεεν
1105 3097 1202 3148 υηί
1245 3093 1687 3193 quasi/imit“?
1707 3096 1921 3193 femi!“
1957 3095 2088 3193 sffisi
2125 3134 2168 3193 ρ
2207 3107 2318 3180 18).
2351 3106 2493 3163 Iusti
2521 3105 2724 3179 quippe
2753 3104 2994 3162 animam
3028 3106 3202 3178 gratia
3231 3112 3410 3174 vocat,
3447 3107 3679 3164 tentatio
3706 3107 3806 3164 in—

489 3183 620 3256 quia
660 3182 872 3238 scilicet
917 3181 1033 3237 vita
1077 3197 1371 3254 pravorum
1412 3182 1674 3238 insolenti
1703 3183 2086 3256 inquietudine

2201 3203 2455 3268 terrogat.
2507 3196 2580 3250 Et
2632 3193 2980 3266 omnipotens
3030 3195 3177 3250 Deus
3231 3195 3535 3252 electorum
3577 3213 3802 3253 suorum

491 3273 719 3330 molesta
745 3272 814 3329 ad
842 3271 1203 3342 obruendam,
1232 3281 1294 3330 ut
1321 3273 1400 3330 ita
1428 3273 1927 3343 dixerimhnavem
1955 3292 2088 3331 cor-

489 3361 575 3418 dis
603 3362 757 3437 quasi
787 3369 1082 3435 tempestas
1110 3363 1378 3420 illabitur.
1411 3365 1488 3420 De
1517 3380 1625 3438 qua
1649 3363 1909 3421 videlicet
1937 3372 2088 3421 tem-

489 3459 695 3524 pestate
755 3467 852 3524 per
904 3452 1252 3509 Salomonem
1301 3452 1551 3510 dicitur:
1597 3454 1763 3523 Quasi
1819 3461 2089 3527 tempestas

489 3543 754 3598 transiens
781 3560 888 3597 non
917 3542 1017 3597 erit
1044 3541 1239 3614 impius
1267 3543 1456 3614 (Prov.
1490 3561 1550 3610 x,
1580 3545 1696 3617 25).
1729 3543 1977 3618 Cumque
2006 3545 2086 3600 in-

490 3630 681 3686 ﬁrmus
711 3631 940 3703 quisque
987 3647 1272 3702 perversos
1307 3631 1499 3688 ﬂorere
1528 3633 1820 3706 conspicit,
1852 3632 2000 3689 hunc
2029 3632 2088 3688 in

487 3719 865 3790 perversitatis
893 3720 1117 3793 pelagus
1145 3719 1295 3776 unda
1331 3721 1542 3779 miserae
1575 3722 1906 3780 imitationis
1934 3737 2088 3778 mer-

487 3809 583 3880 git.
617 3809 877 3882 Sequitur
899 3826 912 3865 :

1045 3916 1274 3976 CAPUT
1312 3917 1523 3977 XXIV.

557 4021 729 4079 Vens.
764 4023 848 4080 13.
873 4054 944 4065 -
962 4023 1373 4094 Dissipaverunt
1401 4027 1422 4060 ⁵
1452 4024 1648 4080 itinera
1676 4042 1812 4094 mea,
1842 4026 2090 4082 insidiati

483 4117 608 4166 sunt
646 4113 795 4180 mihi,
839 4119 887 4169 et
924 4113 1347 4186 pravaluerunt,
1398 4118 1446 4168 et
1489 4129 1597 4168 non
1635 4112 1743 4184 fuit
1787 4115 1880 4186 qui
1924 4115 2091 4187 ferret

485 4201 776 4258 auxilium.

555 4292 644 4348 51.
681 4291 908 4349 Occultis
935 4290 1162 4347 hostium
1191 4289 1401 4346 insidiis
1446 4289 1559 4360 ejus
1602 4292 1703 4347 via:
1733 4284 2087 4366 dissipantur,

482 4384 589 4438 Deo
617 4382 689 4438 ad
713 4387 911 4455 tempus
939 4381 1144 4438 utiliter
1171 4381 1451 4437 deserentc.
1473 4411 1545 4423 —
1572 4381 1731 4439 Dicat
1754 4382 1874 4440 haec
1898 4382 2090 4440 beatus

2196 3284 2543 3346 adversarios
2589 3283 2965 3356 temporaliter
3011 3283 3282 3356 permittit
3334 3300 3678 3356 excrescere,
3742 3295 3804 3343 ut

2197 3392 2294 3452 per
2325 3374 2593 3431 malorum
2622 3371 2892 3429 sevitiam
2922 3380 3188 3445 purgetur
3215 3373 3333 3430 vita
3355 3374 3655 3432 bonorum.

2267 3483 2356 3540 52.
2397 3480 2624 3540 Utilitati
2641 3479 2914 3550 justorum
2940 3481 3138 3536 militat
3164 3481 3322 3537 etiam
3344 3488 3576 3553 potestas
3602 3499 3798 3554 pra-vo-

2196 3590 2339 3630 rum.
2357 3603 2428 3614 —
2448 3572 2742 3644 Nunquam
2772 3570 2973 3643 quippe
3001 3570 3271 3627 Dominus
3302 3571 3322 3606 ⁸
3353 3570 3612 3628 adversos
3638 3571 3801 3628 bonis

2197 3678 2313 3718 esse
2340 3659 2702 3734 permitteret,
2732 3659 2841 3715 nisi
2869 3659 3036 3714 etiam
3075 3667 3345 3731 quantum
3375 3659 3695 3730 prodessent
3723 3661 3800 3716 vi-

2197 3751 2369 3809 deret.
2401 3753 2536 3809 Nam
2567 3749 2700 3806 dum
2731 3747 2923 3820 injusti
2957 3749 3214 3817 saeviunt,
3233 3747 3368 3819 justi
3403 3759 3726 3821 purgantur,
3749 3759 3801 3806 et

2197 3841 2426 3897 utilitati
2444 3837 2824 3896 innocentium
2841 3837 3042 3893 militat
3055 3837 3171 3892 vita
3186 3836 3643 3909 pravorum,dum
3657 3837 3798 3893 hanc

2197 3937 2251 3986 et
2282 3926 2579 4000 premendo
2608 3925 2888 3992 humiliat,
2915 3932 2970 3980 et
2995 3925 3342 3981 humiliando
3366 3940 3580 3996 semper
3597 3925 3666 3980 ad
3688 3940 3797 3981 me-

2198 4018 2306 4073 lius
2331 4017 2551 4072 format.
2573 4013 2726 4071 Unde
2751 4021 2895 4070 recte
2917 4030 3134 4087 quoque
3165 4031 3260 4087 per
3286 4014 3633 4071 Salomonem
3660 4013 3796 4070 dici-

2196 4114 2289 4162 tur
2320 4124 2331 4162 :
2369 4105 2472 4172 Qui
2499 4105 2691 4160 stultus
2719 4109 2814 4171 est,
2861 4104 3050 4158 serviet
3077 4104 3304 4175 sapienti
3343 4104 3529 4176 (Prov.
3563 4119 3645 4172 x1,
3677 4103 3793 4176 29).

2197 4195 2269 4251 Et
2294 4201 2478 4250 tamen
2511 4208 2651 4266 saepe
2680 4191 3051 4264 conspicimus
3078 4193 3349 4266 sapientes
3377 4191 3618 4261 subesse,
3648 4193 3798 4249 stul-

2197 4291 2282 4342 tos
2310 4299 2441 4339 vero
2472 4298 2652 4339 arcem
2697 4281 2932 4338 dominii
2971 4289 3189 4349 tenere;
3222 4282 3495 4355 sapientes
3521 4280 3799 4338 serviliter

2198 4372 2445 4446 obsequi,
2476 4372 2676 4428 stultos
2705 4371 2996 4444 tyrannica
3033 4371 3270 4428 elatione
3311 4371 3607 4428 dominari.
3641 4371 3799 4440 Quo-

484 4468 588 4524 Job
617 4469 684 4525 de
715 4470 971 4543 malignis
999 4468 1308 4544 spiritibus,
1341 4467 1601 4526 videlicet
1628 4469 1880 4528 hostibus
1909 4472 2088 4528 occul-
2117 4504 2166 4563 D
2200 4462 2364 4563 modo
2408 4462 2576 4563 igitur
2611 4460 2932 4563 deﬁnitione
2963 4461 2984 4495 θ
3012 4459 3218 4563 divinae
3248 4460 3533 4562 sententiae
3563 4460 3798 4563 sapienti

484 4557 588 4625 tis;
620 4557 768 4616 dicat
786 4561 1043 4618 universa
1061 4560 1309 4618 Ecclesia
1331 4559 1398 4617 de
1413 4559 1598 4633 pravis
1611 4562 2085 4636 persequentibus,

481 4645 696 4705 scilicet
721 4647 1050 4708 adversariis
1077 4651 1300 4724 apertis.
1352 4650 1462 4725 Ipsi
1503 4651 1704 4726 quippe
1741 4651 1861 4726 ejus
1887 4651 2087 4709 itinera

555 4879 572 4918 ί
604 4881 758 4938 Editi
802 4889 1036 4952 recent.,
1078 4888 1275 4938 nostrae
1309 4881 1553 4950 justitiw.
1606 4884 1632 4939 1
1665 4882 1838 4940 Laud.
1873 4891 1927 4940 et
1955 4883 2078 4941 Val.

481 4952 590 5025 Cl.,
637 4953 804 5025 cujus,
824 4953 1041 5025 justitia
1067 4971 1179 5008 nea:
1205 4953 1802 5025 illus_tratur,q_omissis
1845 4955 2077 5012 caeteris.

480 5023 636 5096 Alter
663 5023 837 5082 Laud.
868 5024 1055 5096 deﬁcit
1083 5039 1254 5096 usque
1280 5023 1349 5080 ad
1379 5040 1496 5079 xxx
1526 5023 1730 5081 librum
1759 5026 1951 5083 Moral.
1975 5026 2084 5083 Se-

481 5094 596 5149 cuti
627 5110 817 5151 sumus
843 5097 972 5154 Mss.
1005 5094 1411 5164 Corb.—Germ”
1442 5095 1819 5166 Anglic.,uno
1860 5105 2078 5154 tantum

480 5171 731 5236 excepto,
749 5167 1012 5224 Norman.
1031 5167 1644 5235 omnes,Turonensem,
1665 5167 1850 5225 Germ.
1869 5177 1923 5224 et
1942 5169 2082 5226 alios

519 5233 653 5304 lurI,
692 5236 761 5293 ad
809 5253 945 5304 quos
973 5239 1128 5295 factae
1156 5233 1286 5295 sunt
1312 5245 1524 5293 veteres
1551 5233 1742 5293 omnes
1767 5239 2075 5298 Editiones.

531 5305 649 5379 tic.,
670 5323 778 5379 pro
806 5305 1137 5379 illustratur,
1168 5310 1331 5366 habet
1361 5309 1718 5366 illuminatu—r.

553 5377 575 5411 ³
605 5375 776 5451 Iidem
801 5387 1001 5450 poster.
1035 5375 1163 5449 Ed},
1201 5381 1366 5451 juata
1393 5399 1554 5451 quam
1585 5381 1822 5437 videlicet
1848 5384 2080 5440 calami-

485 5453 630 5525 t_ates.
675 5449 1071 5525 Nostradectio
1112 5449 1348 5508 est'Mss.
1383 5449 1544 5525 Corb.
1579 5453 1792 5525 Germ.,
1813 5454 2075 5525 Vindoc.,

480 5520 778 5601 Turon.__et
820 5519 1056 5601 aliorum
1103 5539 1267 5596 supra
1295 5524 1468 5593 laud.,
1499 5524 1700 5598 quibus
1726 5519 2080 5584 consentiunt

481 5591 656 5720 antiq:
689 5591 918 5647 Excusi.
1172 5591 1190 5596 ”
1453 5591 1460 5593 ⁷
1514 5591 1533 5598 ’

481 5664 609 5791 d0;
652 5678 813 5721 ιιι-οη.
845 5668 900 5720 et
930 5661 1074 5736 plur.
1105 5663 1321 5734 Nomm,
1348 5667 1546 5726 semitis
1581 5669 1749 5736 meis;
1775 5667 1871 5728 sed
1912 5682 2080 5726 men-

519 5751 628 5792 030.

2195 4553 2397 4611 stultus
2425 4551 2614 4621 servit,
2645 4551 2779 4608 dum
2808 4551 3130 4625 plerumque
3151 4551 3302 4610 hunc
3315 4551 3443 4625 jure
3472 4550 3796 4624 temporalia

2195 4641 2428 4700 dominii
2457 4640 2816 4716 comprimit?
2855 4639 2962 4698 Sed
3007 4640 3295 4700 sciendum
3330 4647 3413 4698 est
3447 4641 3576 4713 quia
3603 4645 3797 4696 contra

2265 4882 2288 4918 ‘
2315 4882 2531 4951 Norm.,
2561 4879 2723 4939 Corb.
2756 4879 2965 4949 Germ.,
2995 4877 3118 4938 Val.
3151 4876 3260 4949 CL,
3291 4875 3479 4936 Germ.
3512 4885 3568 4936 et
3593 4874 3792 4948 Laud.,

2192 4953 2494 5011 deoiantur.

2262 5027 2284 5060 ⁸
2315 5025 2554 5094 Gemet.,
2583 5024 2782 5081 itinera
2811 5039 2930 5082 sua.

2262 5097 2296 5132 ⁶’
2315 5097 2378 5152 In
2409 5093 2546 5153 Val.
2565 5096 2889 5166 Cl.,Germ.,
2918 5095 3132 5165 Norm.,
3153 5093 3318 5155 Corb.
3342 5094 3529 5152 Germ.
3553 5103 3608 5151 et
3621 5095 3792 5167 plur.,

2189 5167 2248 5224 in
2279 5173 2324 5223 te
2355 5185 2530 5223 omnes
2558 5169 2670 5224 aui.

2261 5241 2280 5274 ⁷
2314 5238 2523 5314 Germ,
2546 5238 2670 5295 Val.
2690 5239 3014 5314 Cl.etplur.
3047 5239 3260 5314 _Norm.,
3297 5240 3568 5298 inducit...
3591 5256 3794 5314 excru-

2187 5309 2346 5366 ciabit
2365 5312 2520 5367 illum
2533 5327 2554 5375 ;
2573 5317 2724 5366 totus
2746 5312 2837 5367 hic
2852 5309 3226 5369 Ecclesiastici
3246 5309 3541 5369 eontextus
3556 5319 3610 5367 et
3625 5309 3794 5367 verba

2187 5381 2362 5464 sancti
2391 5381 2637 5464 Gregorii
2669 5381 2935 5464 usquead
2966 5381 3084 5464 haec
3109 5383 3300 5464 verba,
3324 5384 3460 5438 unde
3479 5390 3676 5440 recte...
3700 5383 3795 5454 qui

2186 5455 2380 5509 stultus
2407 5451 2725 5519 est,’desunt
2751 5451 2810 5508 in
2841 5454 2968 5509 Mss.
3001 5453 3166 5511 Corb.
3199 5455 3382 5510 Germ.

2261 5525 2282 5560 ⁸
2313 5525 2394 5580 Ita
2435 5523 2645 5594 Germ.,
2695 5524 2932 5594 Bellov.,
2976 5525 3239 5593 Vindoc.,
3285 5523 3482 5594 Laud.,
3514 5525 3639 5583 Val.
3679 5523 3790 5593 Cl.,

2185 5597 2376 5655 Norm.
2407 5593 2560 5652 Editi
2589 5611 2743 5668 vero,
2773 5593 3028 5654 adversus
3056 5597 3214 5652 bonos
3243 5613 3327 5651 eos
3356 5593 3540 5652 scevire
3560 5596 3796 5670 permit-

2190 5673 2334 5727 teret.

2259 5741 2282 5777 θ
2310 5738 2559 5812 Ebroic.,
2590 5740 2802 5801 Gemet.
2835 5748 2888 5799 et
2917 5741 3034 5811 alii,
3065 5739 3259 5801 divina
3286 5739 3576 5814 sapientia.
