  <div class='ocr_page' id='page_1' title='image "/cluster/home/n/w/nwhite01/storage/ocr_20150623/76/hvd.32044052772456/092.png"; bbox 0 0 4172 6184; ppageno 0'>
   <div class='ocr_carea' id='block_1_1' title="bbox 358 272 468 349">
    <p class='ocr_par' dir='ltr' id='par_1_1' title="bbox 358 272 468 349">
     <span class='ocr_line' id='line_1_1' title="bbox 358 272 468 349; baseline 0.018 -22"><span class='ocrx_word' id='word_1_1' title='bbox 358 272 468 349; x_wconf 62' lang='grc'>169</span> 
     </span>
    </p>
   </div>
   <div class='ocr_carea' id='block_1_2' title="bbox 1188 281 2854 378">
    <p class='ocr_par' dir='ltr' id='par_1_2' title="bbox 1188 281 2854 378">
     <span class='ocr_line' id='line_1_2' title="bbox 1188 281 2854 378; baseline 0.022 -39"><span class='ocrx_word' id='word_1_2' title='bbox 1188 281 1560 348; x_wconf 82' lang='lat' dir='ltr'>MORALJUM</span> <span class='ocrx_word' id='word_1_3' title='bbox 1598 289 1732 349; x_wconf 88' lang='lat' dir='ltr'>LIB.</span> <span class='ocrx_word' id='word_1_4' title='bbox 1772 291 1882 352; x_wconf 87' lang='lat' dir='ltr'>XX</span> <span class='ocrx_word' id='word_1_5' title='bbox 1919 323 1991 344; x_wconf 79' lang='grc' dir='ltr'>-ι</span> <span class='ocrx_word' id='word_1_6' title='bbox 2024 296 2102 359; x_wconf 84' lang='lat' dir='ltr'>IN</span> <span class='ocrx_word' id='word_1_7' title='bbox 2137 301 2368 363; x_wconf 85' lang='lat' dir='ltr'>CAPUT</span> <span class='ocrx_word' id='word_1_8' title='bbox 2406 306 2567 368; x_wconf 88' lang='lat' dir='ltr'>XXX</span> <span class='ocrx_word' id='word_1_9' title='bbox 2607 316 2667 370; x_wconf 91' lang='grc' dir='ltr'><strong>Β.</strong></span> <span class='ocrx_word' id='word_1_10' title='bbox 2710 319 2854 378; x_wconf 81' lang='lat' dir='ltr'>JOB.</span> 
     </span>
    </p>
   </div>
   <div class='ocr_carea' id='block_1_3' title="bbox 3582 336 3685 400">
    <p class='ocr_par' dir='ltr' id='par_1_3' title="bbox 3582 336 3685 400">
     <span class='ocr_line' id='line_1_3' title="bbox 3582 336 3685 400; baseline 0.039 -3"><span class='ocrx_word' id='word_1_11' title='bbox 3582 336 3685 400; x_wconf 76' lang='grc'>170</span> 
     </span>
    </p>
   </div>
   <div class='ocr_carea' id='block_1_4' title="bbox 358 368 3689 543">
    <p class='ocr_par' dir='ltr' id='par_1_4' title="bbox 358 368 3689 543">
     <span class='ocr_line' id='line_1_4' title="bbox 2608 368 3685 400; baseline 0.003 -3"><span class='ocrx_word' id='word_1_12' title='bbox 2608 368 2640 370; x_wconf 75' lang='grc'><strong><em>“</em></strong></span> <span class='ocrx_word' id='word_1_13' title='bbox 2660 368 2665 370; x_wconf 64' lang='grc'>⁷</span> <span class='ocrx_word' id='word_1_14' title='bbox 2712 368 2731 373; x_wconf 71' lang='lat'><strong>&#39;</strong></span> <span class='ocrx_word' id='word_1_15' title='bbox 2749 368 2854 378; x_wconf 51' lang='grc' dir='ltr'>τ’·</span> <span class='ocrx_word' id='word_1_16' title='bbox 3582 368 3606 397; x_wconf 79' lang='lat'><strong>1</strong></span> <span class='ocrx_word' id='word_1_17' title='bbox 3622 368 3685 400; x_wconf 89' lang='lat' dir='ltr'>IU</span> 
     </span>
     <span class='ocr_line' id='line_1_5' title="bbox 358 404 3689 543; baseline 0.017 -85"><span class='ocrx_word' id='word_1_18' title='bbox 358 404 636 476; x_wconf 78' lang='lat' dir='ltr'>sapientis</span> <span class='ocrx_word' id='word_1_19' title='bbox 663 404 855 475; x_wconf 87' lang='lat' dir='ltr'>vitam,</span> <span class='ocrx_word' id='word_1_20' title='bbox 885 404 1020 465; x_wconf 88' lang='lat' dir='ltr'>dum</span> <span class='ocrx_word' id='word_1_21' title='bbox 1067 411 1269 471; x_wconf 89' lang='lat' dir='ltr'>stultus</span> <span class='ocrx_word' id='word_1_22' title='bbox 1314 420 1680 489; x_wconf 65' lang='lat' dir='ltr'>praaeminens</span> <span class='ocrx_word' id='word_1_23' title='bbox 1707 432 1975 486; x_wconf 77' lang='lat' dir='ltr'>tenorem</span> <span class='ocrx_word' id='word_1_24' title='bbox 2006 431 2063 493; x_wconf 75' lang='grc' dir='ltr'>Α</span> <span class='ocrx_word' id='word_1_25' title='bbox 2090 433 2235 491; x_wconf 89' lang='lat' dir='ltr'>mala</span> <span class='ocrx_word' id='word_1_26' title='bbox 2262 436 2322 492; x_wconf 91' lang='lat' dir='ltr'>in</span> <span class='ocrx_word' id='word_1_27' title='bbox 2361 438 2564 511; x_wconf 87' lang='lat' dir='ltr'>quibus</span> <span class='ocrx_word' id='word_1_28' title='bbox 2592 440 2708 515; x_wconf 92' lang='lat' dir='ltr'>jam</span> <span class='ocrx_word' id='word_1_29' title='bbox 2746 446 2854 518; x_wconf 87' lang='lat' dir='ltr'>ipsi</span> <span class='ocrx_word' id='word_1_30' title='bbox 2900 448 3170 523; x_wconf 76' lang='lat' dir='ltr'>implicati</span> <span class='ocrx_word' id='word_1_31' title='bbox 3204 469 3335 519; x_wconf 89' lang='lat' dir='ltr'>sunt</span> <span class='ocrx_word' id='word_1_32' title='bbox 3365 463 3530 523; x_wconf 84' lang='lat' dir='ltr'>etiam</span> <span class='ocrx_word' id='word_1_33' title='bbox 3550 483 3689 543; x_wconf 68' lang='lat' dir='ltr'>quos</span> 
     </span>
     <span class='ocr_line' id='line_1_6' title="bbox 360 494 2746 543; baseline 0 0"><span class='ocrx_word' id='word_1_34' title='bbox 360 494 652 543; x_wconf 78' lang='lat' dir='ltr'>mtestatis</span> <span class='ocrx_word' id='word_1_35' title='bbox 673 504 910 543; x_wconf 62' lang='lat' dir='ltr'>exerunt-</span> <span class='ocrx_word' id='word_1_36' title='bbox 943 498 1074 543; x_wconf 75' lang='lat' dir='ltr'>rlnm</span> <span class='ocrx_word' id='word_1_37' title='bbox 1108 501 1255 543; x_wconf 74' lang='lat' dir='ltr'>imm-</span> <span class='ocrx_word' id='word_1_38' title='bbox 1285 508 1565 543; x_wconf 50' lang='lat' dir='ltr'>humu“...</span> <span class='ocrx_word' id='word_1_39' title='bbox 1595 514 1785 543; x_wconf 53' lang='lat' dir='ltr'>Au--.</span> <span class='ocrx_word' id='word_1_40' title='bbox 1845 538 1937 543; x_wconf 55' lang='grc' dir='ltr'>,η</span> <span class='ocrx_word' id='word_1_41' title='bbox 2086 522 2193 543; x_wconf 37' lang='grc' dir='ltr'>μμ</span> <span class='ocrx_word' id='word_1_42' title='bbox 2319 527 2334 543; x_wconf 75' lang='grc' dir='ltr'><strong>ι</strong></span> <span class='ocrx_word' id='word_1_43' title='bbox 2362 528 2373 538; x_wconf 84' lang='grc'><strong>.</strong></span> <span class='ocrx_word' id='word_1_44' title='bbox 2510 531 2545 543; x_wconf 74' lang='lat'>.-</span> <span class='ocrx_word' id='word_1_45' title='bbox 2650 542 2655 543; x_wconf 63' lang='lat'><strong><em>,</em></strong></span> <span class='ocrx_word' id='word_1_46' title='bbox 2730 534 2746 543; x_wconf 89' lang='lat'>.</span> 
     </span>
    </p>
   </div>
   <div class='ocr_carea' id='block_1_5' title="bbox 360 494 1967 590">
    <p class='ocr_par' dir='ltr' id='par_1_5' title="bbox 360 494 1967 590">
     <span class='ocr_line' id='line_1_7' title="bbox 360 494 1967 590; baseline 0.021 -45"><span class='ocrx_word' id='word_1_47' title='bbox 360 494 652 562; x_wconf 78' lang='lat' dir='ltr'>potestatis</span> <span class='ocrx_word' id='word_1_48' title='bbox 673 504 913 566; x_wconf 76' lang='lat' dir='ltr'>exercet,</span> <span class='ocrx_word' id='word_1_49' title='bbox 943 498 1077 556; x_wconf 89' lang='lat' dir='ltr'>dum</span> <span class='ocrx_word' id='word_1_50' title='bbox 1106 501 1258 563; x_wconf 90' lang='lat' dir='ltr'>hunc</span> <span class='ocrx_word' id='word_1_51' title='bbox 1285 508 1567 569; x_wconf 84' lang='lat' dir='ltr'>laboribus</span> <span class='ocrx_word' id='word_1_52' title='bbox 1595 514 1808 590; x_wconf 80' lang='lat' dir='ltr'>fatigat,</span> <span class='ocrx_word' id='word_1_53' title='bbox 1840 538 1967 578; x_wconf 87' lang='lat' dir='ltr'>con-</span> 
     </span>
    </p>
   </div>
   <div class='ocr_carea' id='block_1_6' title="bbox 365 581 1969 665">
    <p class='ocr_par' dir='ltr' id='par_1_6' title="bbox 365 581 1969 665">
     <span class='ocr_line' id='line_1_8' title="bbox 365 581 1969 665; baseline 0.021 -32"><span class='ocrx_word' id='word_1_54' title='bbox 365 581 610 637; x_wconf 88' lang='lat' dir='ltr'>tumeliis</span> <span class='ocrx_word' id='word_1_55' title='bbox 640 583 860 654; x_wconf 81' lang='lat' dir='ltr'>lacerat,</span> <span class='ocrx_word' id='word_1_56' title='bbox 882 588 1131 658; x_wconf 85' lang='lat' dir='ltr'>profecto</span> <span class='ocrx_word' id='word_1_57' title='bbox 1151 592 1301 652; x_wconf 90' lang='lat' dir='ltr'>hunc</span> <span class='ocrx_word' id='word_1_58' title='bbox 1315 598 1383 653; x_wconf 90' lang='lat' dir='ltr'>ab</span> <span class='ocrx_word' id='word_1_59' title='bbox 1397 603 1550 657; x_wconf 91' lang='lat' dir='ltr'>omni</span> <span class='ocrx_word' id='word_1_60' title='bbox 1567 604 1832 665; x_wconf 86' lang='lat' dir='ltr'>vitiorum</span> <span class='ocrx_word' id='word_1_61' title='bbox 1864 626 1969 665; x_wconf 87' lang='lat' dir='ltr'>ru-</span> 
     </span>
    </p>
   </div>
   <div class='ocr_carea' id='block_1_7' title="bbox 361 668 1965 765">
    <p class='ocr_par' dir='ltr' id='par_1_7' title="bbox 361 668 1965 765">
     <span class='ocr_line' id='line_1_9' title="bbox 361 668 1965 765; baseline 0.022 -44"><span class='ocrx_word' id='word_1_62' title='bbox 361 668 549 739; x_wconf 87' lang='lat' dir='ltr'>bigine</span> <span class='ocrx_word' id='word_1_63' title='bbox 594 672 804 729; x_wconf 90' lang='lat' dir='ltr'>urendo</span> <span class='ocrx_word' id='word_1_64' title='bbox 849 687 1065 751; x_wconf 90' lang='lat' dir='ltr'>purgat.</span> <span class='ocrx_word' id='word_1_65' title='bbox 1110 682 1324 742; x_wconf 88' lang='lat' dir='ltr'>Stultus</span> <span class='ocrx_word' id='word_1_66' title='bbox 1361 704 1488 761; x_wconf 88' lang='lat' dir='ltr'>ergo</span> <span class='ocrx_word' id='word_1_67' title='bbox 1534 694 1771 765; x_wconf 86' lang='lat' dir='ltr'>sapienti</span> <span class='ocrx_word' id='word_1_68' title='bbox 1799 698 1965 755; x_wconf 90' lang='lat' dir='ltr'>etiam</span> 
     </span>
    </p>
   </div>
   <div class='ocr_carea' id='block_1_8' title="bbox 355 763 1969 865">
    <p class='ocr_par' dir='ltr' id='par_1_8' title="bbox 355 763 1969 865">
     <span class='ocr_line' id='line_1_10' title="bbox 355 763 1969 865; baseline 0.021 -47"><span class='ocrx_word' id='word_1_69' title='bbox 355 763 701 825; x_wconf 84' lang='lat' dir='ltr'>dominando</span> <span class='ocrx_word' id='word_1_70' title='bbox 742 772 936 842; x_wconf 84' lang='lat' dir='ltr'>servit,</span> <span class='ocrx_word' id='word_1_71' title='bbox 973 792 1137 848; x_wconf 88' lang='lat' dir='ltr'>quem</span> <span class='ocrx_word' id='word_1_72' title='bbox 1179 779 1249 835; x_wconf 88' lang='lat' dir='ltr'>ad</span> <span class='ocrx_word' id='word_1_73' title='bbox 1278 783 1564 844; x_wconf 84' lang='lat' dir='ltr'>meliorem</span> <span class='ocrx_word' id='word_1_74' title='bbox 1595 763 1800 847; x_wconf 84' lang='lat' dir='ltr'>statum</span> <span class='ocrx_word' id='word_1_75' title='bbox 1832 810 1969 865; x_wconf 90' lang='lat' dir='ltr'>pre-</span> 
     </span>
    </p>
   </div>
   <div class='ocr_carea' id='block_1_9' title="bbox 356 850 1967 949">
    <p class='ocr_par' dir='ltr' id='par_1_9' title="bbox 356 850 1967 949">
     <span class='ocr_line' id='line_1_11' title="bbox 356 850 1967 949; baseline 0.019 -41"><span class='ocrx_word' id='word_1_76' title='bbox 356 850 559 911; x_wconf 86' lang='lat' dir='ltr'>mendo</span> <span class='ocrx_word' id='word_1_77' title='bbox 585 858 869 928; x_wconf 85' lang='lat' dir='ltr'>provehit.</span> <span class='ocrx_word' id='word_1_78' title='bbox 903 861 993 918; x_wconf 87' lang='lat' dir='ltr'>Sic</span> <span class='ocrx_word' id='word_1_79' title='bbox 1017 876 1451 942; x_wconf 69' lang='lat' dir='ltr'>nonnunquam’</span> <span class='ocrx_word' id='word_1_80' title='bbox 1477 877 1705 949; x_wconf 91' lang='lat' dir='ltr'>pupillis</span> <span class='ocrx_word' id='word_1_81' title='bbox 1724 850 1967 939; x_wconf 73' lang='lat' dir='ltr'>dominis</span> 
     </span>
    </p>
   </div>
   <div class='ocr_carea' id='block_1_10' title="bbox 355 943 1965 1041">
    <p class='ocr_par' dir='ltr' id='par_1_10' title="bbox 355 943 1965 1041">
     <span class='ocr_line' id='line_1_12' title="bbox 355 943 1965 1041; baseline 0.019 -43"><span class='ocrx_word' id='word_1_82' title='bbox 355 943 425 999; x_wconf 88' lang='lat' dir='ltr'>ad</span> <span class='ocrx_word' id='word_1_83' title='bbox 454 944 769 1019; x_wconf 76' lang='lat' dir='ltr'>disciplinae</span> <span class='ocrx_word' id='word_1_84' title='bbox 816 950 1195 1024; x_wconf 81' lang='lat' dir='ltr'>magisterium</span> <span class='ocrx_word' id='word_1_85' title='bbox 1244 962 1390 1017; x_wconf 83' lang='lat' dir='ltr'>servi</span> <span class='ocrx_word' id='word_1_86' title='bbox 1436 943 1702 1036; x_wconf 74' lang='lat' dir='ltr'>praesunt,</span> <span class='ocrx_word' id='word_1_87' title='bbox 1732 977 1965 1041; x_wconf 90' lang='lat' dir='ltr'>terrent,</span> 
     </span>
    </p>
   </div>
   <div class='ocr_carea' id='block_1_11' title="bbox 352 1039 1966 1121">
    <p class='ocr_par' dir='ltr' id='par_1_11' title="bbox 352 1039 1966 1121">
     <span class='ocr_line' id='line_1_13' title="bbox 352 1039 1966 1121; baseline 0.02 -32"><span class='ocrx_word' id='word_1_88' title='bbox 352 1045 638 1107; x_wconf 82' lang='lat' dir='ltr'>premunt,</span> <span class='ocrx_word' id='word_1_89' title='bbox 676 1039 906 1112; x_wconf 89' lang='lat' dir='ltr'>feriunt,</span> <span class='ocrx_word' id='word_1_90' title='bbox 938 1052 993 1100; x_wconf 90' lang='lat' dir='ltr'>et</span> <span class='ocrx_word' id='word_1_91' title='bbox 1039 1052 1222 1105; x_wconf 89' lang='lat' dir='ltr'>tamen</span> <span class='ocrx_word' id='word_1_92' title='bbox 1251 1066 1367 1111; x_wconf 89' lang='lat' dir='ltr'>esse</span> <span class='ocrx_word' id='word_1_93' title='bbox 1413 1058 1560 1114; x_wconf 86' lang='lat' dir='ltr'>servi</span> <span class='ocrx_word' id='word_1_94' title='bbox 1608 1060 1768 1118; x_wconf 92' lang='lat' dir='ltr'>nullo</span> <span class='ocrx_word' id='word_1_95' title='bbox 1799 1039 1966 1121; x_wconf 87' lang='lat' dir='ltr'>modo</span> 
     </span>
    </p>
   </div>
   <div class='ocr_carea' id='block_1_12' title="bbox 353 1122 1965 1225">
    <p class='ocr_par' dir='ltr' id='par_1_12' title="bbox 353 1122 1965 1225">
     <span class='ocr_line' id='line_1_14' title="bbox 353 1122 1965 1225; baseline 0.02 -47"><span class='ocrx_word' id='word_1_96' title='bbox 353 1122 653 1197; x_wconf 89' lang='lat' dir='ltr'>desistunt,</span> <span class='ocrx_word' id='word_1_97' title='bbox 675 1129 807 1202; x_wconf 86' lang='lat' dir='ltr'>quia</span> <span class='ocrx_word' id='word_1_98' title='bbox 834 1131 903 1188; x_wconf 88' lang='lat' dir='ltr'>ad</span> <span class='ocrx_word' id='word_1_99' title='bbox 928 1131 1035 1191; x_wconf 91' lang='lat' dir='ltr'>hoc</span> <span class='ocrx_word' id='word_1_100' title='bbox 1062 1135 1244 1208; x_wconf 89' lang='lat' dir='ltr'>ipsum</span> <span class='ocrx_word' id='word_1_101' title='bbox 1275 1143 1517 1202; x_wconf 86' lang='lat' dir='ltr'>ordinati</span> <span class='ocrx_word' id='word_1_102' title='bbox 1538 1156 1689 1215; x_wconf 85' lang='lat' dir='ltr'>sunt,</span> <span class='ocrx_word' id='word_1_103' title='bbox 1719 1158 1783 1207; x_wconf 91' lang='lat' dir='ltr'>ut</span> <span class='ocrx_word' id='word_1_104' title='bbox 1803 1153 1965 1225; x_wconf 88' lang='lat' dir='ltr'>proﬁ-</span> 
     </span>
    </p>
   </div>
   <div class='ocr_carea' id='block_1_13' title="bbox 353 1211 1969 1310">
    <p class='ocr_par' dir='ltr' id='par_1_13' title="bbox 353 1211 1969 1310">
     <span class='ocr_line' id='line_1_15' title="bbox 353 1211 1969 1310; baseline 0.021 -43"><span class='ocrx_word' id='word_1_105' title='bbox 353 1211 634 1272; x_wconf 87' lang='lat' dir='ltr'>cientibus</span> <span class='ocrx_word' id='word_1_106' title='bbox 670 1217 916 1277; x_wconf 91' lang='lat' dir='ltr'>dominis</span> <span class='ocrx_word' id='word_1_107' title='bbox 956 1223 1123 1281; x_wconf 88' lang='lat' dir='ltr'>etiam</span> <span class='ocrx_word' id='word_1_108' title='bbox 1161 1226 1409 1290; x_wconf 86' lang='lat' dir='ltr'>feriendo</span> <span class='ocrx_word' id='word_1_109' title='bbox 1437 1211 1969 1310; x_wconf 47' lang='lat' dir='ltr'>famulentur.-Quia</span> 
     </span>
    </p>
   </div>
   <div class='ocr_carea' id='block_1_14' title="bbox 354 1299 1968 1403">
    <p class='ocr_par' dir='ltr' id='par_1_14' title="bbox 354 1299 1968 1403">
     <span class='ocr_line' id='line_1_16' title="bbox 354 1299 1968 1403; baseline 0.022 -47"><span class='ocrx_word' id='word_1_110' title='bbox 354 1299 527 1374; x_wconf 82' lang='lat' dir='ltr'>igitur</span> <span class='ocrx_word' id='word_1_111' title='bbox 554 1306 699 1362; x_wconf 90' lang='lat' dir='ltr'>mala</span> <span class='ocrx_word' id='word_1_112' title='bbox 727 1309 1089 1382; x_wconf 90' lang='lat' dir='ltr'>reproborum</span> <span class='ocrx_word' id='word_1_113' title='bbox 1120 1314 1318 1389; x_wconf 90' lang='lat' dir='ltr'>bonos,</span> <span class='ocrx_word' id='word_1_114' title='bbox 1348 1320 1481 1380; x_wconf 91' lang='lat' dir='ltr'>dum</span> <span class='ocrx_word' id='word_1_115' title='bbox 1510 1326 1783 1398; x_wconf 86' lang='lat' dir='ltr'>cruciant,</span> <span class='ocrx_word' id='word_1_116' title='bbox 1825 1299 1968 1403; x_wconf 60' lang='lat' dir='ltr'>pur-</span> 
     </span>
    </p>
   </div>
   <div class='ocr_carea' id='block_1_15' title="bbox 355 1396 1967 1495">
    <p class='ocr_par' dir='ltr' id='par_1_15' title="bbox 355 1396 1967 1495">
     <span class='ocr_line' id='line_1_17' title="bbox 355 1396 1967 1495; baseline 0.022 -49"><span class='ocrx_word' id='word_1_117' title='bbox 355 1400 506 1464; x_wconf 89' lang='lat' dir='ltr'>gant,</span> <span class='ocrx_word' id='word_1_118' title='bbox 525 1396 755 1456; x_wconf 87' lang='lat' dir='ltr'>utilitati</span> <span class='ocrx_word' id='word_1_119' title='bbox 779 1398 1058 1472; x_wconf 90' lang='lat' dir='ltr'>justorum</span> <span class='ocrx_word' id='word_1_120' title='bbox 1077 1406 1281 1466; x_wconf 87' lang='lat' dir='ltr'>militat</span> <span class='ocrx_word' id='word_1_121' title='bbox 1295 1411 1460 1470; x_wconf 89' lang='lat' dir='ltr'>etiam</span> <span class='ocrx_word' id='word_1_122' title='bbox 1492 1424 1731 1489; x_wconf 84' lang='lat' dir='ltr'>potestas</span> <span class='ocrx_word' id='word_1_123' title='bbox 1750 1396 1967 1495; x_wconf 72' lang='lat' dir='ltr'>iniquo-</span> 
     </span>
    </p>
   </div>
   <div class='ocr_carea' id='block_1_16' title="bbox 353 1486 1966 1586">
    <p class='ocr_par' dir='ltr' id='par_1_16' title="bbox 353 1486 1966 1586">
     <span class='ocr_line' id='line_1_18' title="bbox 353 1486 1966 1586; baseline 0.02 -48"><span class='ocrx_word' id='word_1_124' title='bbox 353 1498 500 1540; x_wconf 91' lang='lat' dir='ltr'>rum.</span> <span class='ocrx_word' id='word_1_125' title='bbox 541 1486 649 1543; x_wconf 87' lang='lat' dir='ltr'>Sed</span> <span class='ocrx_word' id='word_1_126' title='bbox 675 1490 999 1566; x_wconf 91' lang='lat' dir='ltr'>plerumque</span> <span class='ocrx_word' id='word_1_127' title='bbox 1021 1494 1159 1568; x_wconf 86' lang='lat' dir='ltr'>justi</span> <span class='ocrx_word' id='word_1_128' title='bbox 1187 1486 1547 1563; x_wconf 77' lang='lat' dir='ltr'>tribulatione</span> <span class='ocrx_word' id='word_1_129' title='bbox 1565 1508 1587 1543; x_wconf 85' lang='grc'>²</span> <span class='ocrx_word' id='word_1_130' title='bbox 1616 1486 1966 1586; x_wconf 72' lang='lat' dir='ltr'>deprehensi,</span> 
     </span>
    </p>
   </div>
   <div class='ocr_carea' id='block_1_17' title="bbox 352 1573 1967 1673">
    <p class='ocr_par' dir='ltr' id='par_1_17' title="bbox 352 1573 1967 1673">
     <span class='ocr_line' id='line_1_19' title="bbox 352 1573 1967 1673; baseline 0.02 -46"><span class='ocrx_word' id='word_1_131' title='bbox 352 1573 571 1630; x_wconf 88' lang='lat' dir='ltr'>tardam</span> <span class='ocrx_word' id='word_1_132' title='bbox 599 1593 824 1636; x_wconf 89' lang='lat' dir='ltr'>manum</span> <span class='ocrx_word' id='word_1_133' title='bbox 854 1582 1234 1646; x_wconf 89' lang='lat' dir='ltr'>subvenientis</span> <span class='ocrx_word' id='word_1_134' title='bbox 1260 1593 1559 1665; x_wconf 59' lang='lat' dir='ltr'>aestimant,</span> <span class='ocrx_word' id='word_1_135' title='bbox 1591 1614 1719 1655; x_wconf 89' lang='lat' dir='ltr'>cum</span> <span class='ocrx_word' id='word_1_136' title='bbox 1749 1616 1806 1657; x_wconf 91' lang='lat' dir='ltr'>se</span> <span class='ocrx_word' id='word_1_137' title='bbox 1834 1617 1967 1673; x_wconf 91' lang='lat' dir='ltr'>per—</span> 
     </span>
    </p>
   </div>
   <div class='ocr_carea' id='block_1_18' title="bbox 352 1666 1966 1760">
    <p class='ocr_par' dir='ltr' id='par_1_18' title="bbox 352 1666 1966 1760">
     <span class='ocr_line' id='line_1_20' title="bbox 352 1666 1966 1760; baseline 0.02 -44"><span class='ocrx_word' id='word_1_138' title='bbox 352 1666 703 1735; x_wconf 85' lang='lat' dir='ltr'>sequentium</span> <span class='ocrx_word' id='word_1_139' title='bbox 751 1668 1070 1732; x_wconf 84' lang='lat' dir='ltr'>immanitas</span> <span class='ocrx_word' id='word_1_140' title='bbox 1116 1679 1283 1749; x_wconf 90' lang='lat' dir='ltr'>paulo</span> <span class='ocrx_word' id='word_1_141' title='bbox 1323 1681 1545 1756; x_wconf 84' lang='lat' dir='ltr'>longius</span> <span class='ocrx_word' id='word_1_142' title='bbox 1587 1666 1861 1760; x_wconf 44' lang='lat' dir='ltr'>angustat:</span> <span class='ocrx_word' id='word_1_143' title='bbox 1893 1692 1966 1748; x_wconf 89' lang='lat' dir='ltr'>Et</span> 
     </span>
    </p>
   </div>
   <div class='ocr_carea' id='block_1_19' title="bbox 352 1753 1960 1852">
    <p class='ocr_par' dir='ltr' id='par_1_19' title="bbox 352 1753 1960 1852">
     <span class='ocr_line' id='line_1_21' title="bbox 352 1753 1960 1852; baseline 0.02 -46"><span class='ocrx_word' id='word_1_144' title='bbox 352 1753 570 1809; x_wconf 89' lang='lat' dir='ltr'>concita</span> <span class='ocrx_word' id='word_1_145' title='bbox 598 1757 820 1829; x_wconf 89' lang='lat' dir='ltr'>quidem</span> <span class='ocrx_word' id='word_1_146' title='bbox 842 1769 971 1819; x_wconf 90' lang='lat' dir='ltr'>sunt</span> <span class='ocrx_word' id='word_1_147' title='bbox 989 1770 1255 1838; x_wconf 90' lang='lat' dir='ltr'>ereptoris</span> <span class='ocrx_word' id='word_1_148' title='bbox 1276 1753 1538 1843; x_wconf 83' lang='lat' dir='ltr'>remedia,</span> <span class='ocrx_word' id='word_1_149' title='bbox 1565 1753 1791 1835; x_wconf 38' lang='lat' dir='ltr'>sedvhoc</span> <span class='ocrx_word' id='word_1_150' title='bbox 1812 1780 1960 1852; x_wconf 86' lang='lat' dir='ltr'>quod</span> 
     </span>
    </p>
   </div>
   <div class='ocr_carea' id='block_1_20' title="bbox 353 1839 1955 1926">
    <p class='ocr_par' dir='ltr' id='par_1_20' title="bbox 353 1839 1955 1926">
     <span class='ocr_line' id='line_1_22' title="bbox 353 1839 1955 1926; baseline 0.019 -31"><span class='ocrx_word' id='word_1_151' title='bbox 353 1839 422 1896; x_wconf 81' lang='lat' dir='ltr'>ab</span> <span class='ocrx_word' id='word_1_152' title='bbox 450 1851 700 1916; x_wconf 89' lang='lat' dir='ltr'>ereptore</span> <span class='ocrx_word' id='word_1_153' title='bbox 745 1848 908 1907; x_wconf 90' lang='lat' dir='ltr'>citius</span> <span class='ocrx_word' id='word_1_154' title='bbox 953 1853 1156 1926; x_wconf 91' lang='lat' dir='ltr'>agitur,</span> <span class='ocrx_word' id='word_1_155' title='bbox 1206 1856 1419 1918; x_wconf 89' lang='lat' dir='ltr'>dolenti</span> <span class='ocrx_word' id='word_1_156' title='bbox 1465 1839 1684 1921; x_wconf 79' lang='lat' dir='ltr'>tardum</span> <span class='ocrx_word' id='word_1_157' title='bbox 1716 1839 1955 1926; x_wconf 74' lang='lat' dir='ltr'>videtur.</span> 
     </span>
    </p>
   </div>
   <div class='ocr_carea' id='block_1_21' title="bbox 350 1931 1959 2028">
    <p class='ocr_par' dir='ltr' id='par_1_21' title="bbox 350 1931 1959 2028">
     <span class='ocr_line' id='line_1_23' title="bbox 350 1931 1959 2028; baseline 0.018 -40"><span class='ocrx_word' id='word_1_158' title='bbox 350 1931 609 2007; x_wconf 88' lang='lat' dir='ltr'>Cumque</span> <span class='ocrx_word' id='word_1_159' title='bbox 624 1937 806 1997; x_wconf 87' lang='lat' dir='ltr'>adesse</span> <span class='ocrx_word' id='word_1_160' title='bbox 822 1945 1182 2014; x_wconf 88' lang='lat' dir='ltr'>postulationi</span> <span class='ocrx_word' id='word_1_161' title='bbox 1198 1952 1470 2010; x_wconf 82' lang='lat' dir='ltr'>auxilium</span> <span class='ocrx_word' id='word_1_162' title='bbox 1494 1956 1783 2028; x_wconf 72' lang='lat' dir='ltr'>quaeritur,</span> <span class='ocrx_word' id='word_1_163' title='bbox 1801 1959 1848 2015; x_wconf 89' lang='lat' dir='ltr'>si</span> <span class='ocrx_word' id='word_1_164' title='bbox 1864 1976 1959 2017; x_wconf 87' lang='lat' dir='ltr'>vo-</span> 
     </span>
    </p>
   </div>
   <div class='ocr_carea' id='block_1_22' title="bbox 344 2028 1958 2111">
    <p class='ocr_par' dir='ltr' id='par_1_22' title="bbox 344 2028 1958 2111">
     <span class='ocr_line' id='line_1_24' title="bbox 344 2028 1958 2111; baseline 0.02 -36"><span class='ocrx_word' id='word_1_165' title='bbox 344 2038 474 2077; x_wconf 88' lang='lat' dir='ltr'>cem</span> <span class='ocrx_word' id='word_1_166' title='bbox 498 2040 608 2080; x_wconf 91' lang='lat' dir='ltr'>non</span> <span class='ocrx_word' id='word_1_167' title='bbox 629 2028 808 2085; x_wconf 87' lang='lat' dir='ltr'>statim</span> <span class='ocrx_word' id='word_1_168' title='bbox 828 2036 1098 2106; x_wconf 87' lang='lat' dir='ltr'>sequitur,</span> <span class='ocrx_word' id='word_1_169' title='bbox 1121 2039 1252 2111; x_wconf 90' lang='lat' dir='ltr'>quia</span> <span class='ocrx_word' id='word_1_170' title='bbox 1280 2040 1423 2098; x_wconf 90' lang='lat' dir='ltr'>desit</span> <span class='ocrx_word' id='word_1_171' title='bbox 1444 2045 1767 2103; x_wconf 69' lang='lat' dir='ltr'>aestimatur.</span> <span class='ocrx_word' id='word_1_172' title='bbox 1801 2049 1958 2107; x_wconf 87' lang='lat' dir='ltr'>Unde</span> 
     </span>
    </p>
   </div>
   <div class='ocr_carea' id='block_1_23' title="bbox 346 2113 1957 2207">
    <p class='ocr_par' dir='ltr' id='par_1_23' title="bbox 346 2113 1957 2207">
     <span class='ocr_line' id='line_1_25' title="bbox 346 2113 1957 2207; baseline 0.02 -43"><span class='ocrx_word' id='word_1_173' title='bbox 346 2126 501 2168; x_wconf 89' lang='lat' dir='ltr'>nunc</span> <span class='ocrx_word' id='word_1_174' title='bbox 529 2113 763 2173; x_wconf 87' lang='lat' dir='ltr'>dicitur:</span> <span class='ocrx_word' id='word_1_175' title='bbox 796 2122 872 2178; x_wconf 85' lang='lat' dir='ltr'>Et</span> <span class='ocrx_word' id='word_1_176' title='bbox 896 2141 1003 2180; x_wconf 85' lang='lat' dir='ltr'>non</span> <span class='ocrx_word' id='word_1_177' title='bbox 1029 2126 1141 2198; x_wconf 81' lang='lat' dir='ltr'>fuit</span> <span class='ocrx_word' id='word_1_178' title='bbox 1165 2130 1294 2200; x_wconf 87' lang='lat' dir='ltr'>quia</span> <span class='ocrx_word' id='word_1_179' title='bbox 1320 2131 1489 2203; x_wconf 80' lang='lat' dir='ltr'>ferret</span> <span class='ocrx_word' id='word_1_180' title='bbox 1514 2137 1804 2194; x_wconf 69' lang='lat' dir='ltr'>auxilium.</span> <span class='ocrx_word' id='word_1_181' title='bbox 1838 2139 1957 2207; x_wconf 89' lang='lat' dir='ltr'>Qua</span> 
     </span>
    </p>
   </div>
   <div class='ocr_carea' id='block_1_24' title="bbox 348 2199 1956 2300">
    <p class='ocr_par' dir='ltr' id='par_1_24' title="bbox 348 2199 1956 2300">
     <span class='ocr_line' id='line_1_26' title="bbox 348 2199 1956 2300; baseline 0.021 -48"><span class='ocrx_word' id='word_1_182' title='bbox 348 2199 609 2260; x_wconf 82' lang='lat' dir='ltr'>videlicet</span> <span class='ocrx_word' id='word_1_183' title='bbox 636 2205 695 2262; x_wconf 90' lang='lat' dir='ltr'>in</span> <span class='ocrx_word' id='word_1_184' title='bbox 724 2225 857 2267; x_wconf 90' lang='lat' dir='ltr'>voce</span> <span class='ocrx_word' id='word_1_185' title='bbox 886 2212 1004 2285; x_wconf 90' lang='lat' dir='ltr'>ipsa</span> <span class='ocrx_word' id='word_1_186' title='bbox 1033 2216 1120 2273; x_wconf 89' lang='lat' dir='ltr'>vis</span> <span class='ocrx_word' id='word_1_187' title='bbox 1148 2199 1421 2290; x_wconf 81' lang='lat' dir='ltr'>passionis</span> <span class='ocrx_word' id='word_1_188' title='bbox 1440 2224 1794 2296; x_wconf 82' lang='lat' dir='ltr'>exprimitur,</span> <span class='ocrx_word' id='word_1_189' title='bbox 1827 2228 1956 2300; x_wconf 89' lang='lat' dir='ltr'>quia</span> 
     </span>
    </p>
   </div>
   <div class='ocr_carea' id='block_1_25' title="bbox 343 2298 1954 2382">
    <p class='ocr_par' dir='ltr' id='par_1_25' title="bbox 343 2298 1954 2382">
     <span class='ocr_line' id='line_1_27' title="bbox 343 2298 1954 2382; baseline 0.02 -40"><span class='ocrx_word' id='word_1_190' title='bbox 343 2303 645 2360; x_wconf 85' lang='lat' dir='ltr'>supernum</span> <span class='ocrx_word' id='word_1_191' title='bbox 661 2298 958 2381; x_wconf 85' lang='lat' dir='ltr'>auxilium,</span> <span class='ocrx_word' id='word_1_192' title='bbox 975 2304 1079 2360; x_wconf 90' lang='lat' dir='ltr'>etsi</span> <span class='ocrx_word' id='word_1_193' title='bbox 1099 2305 1252 2364; x_wconf 89' lang='lat' dir='ltr'>adest</span> <span class='ocrx_word' id='word_1_194' title='bbox 1266 2319 1534 2382; x_wconf 90' lang='lat' dir='ltr'>quantum</span> <span class='ocrx_word' id='word_1_195' title='bbox 1545 2314 1615 2369; x_wconf 90' lang='lat' dir='ltr'>ad</span> <span class='ocrx_word' id='word_1_196' title='bbox 1643 2298 1954 2373; x_wconf 75' lang='lat' dir='ltr'>ordinatam</span> 
     </span>
    </p>
   </div>
   <div class='ocr_carea' id='block_1_26' title="bbox 342 2370 1955 2465">
    <p class='ocr_par' dir='ltr' id='par_1_26' title="bbox 342 2370 1955 2465">
     <span class='ocr_line' id='line_1_28' title="bbox 342 2370 1955 2465; baseline 0.011 -19"><span class='ocrx_word' id='word_1_197' title='bbox 342 2370 755 2447; x_wconf 60' lang='grc' dir='ltr'>Ρῗονὶάθηῐὶἃιὴ</span> <span class='ocrx_word' id='word_1_198' title='bbox 786 2370 947 2453; x_wconf 10' lang='lat' dir='ltr'>662V</span> <span class='ocrx_word' id='word_1_199' title='bbox 971 2370 1322 2465; x_wconf 73' lang='lat' dir='ltr'>protectoris,</span> <span class='ocrx_word' id='word_1_200' title='bbox 1367 2399 1552 2458; x_wconf 87' lang='lat' dir='ltr'>deesse</span> <span class='ocrx_word' id='word_1_201' title='bbox 1607 2370 1793 2461; x_wconf 86' lang='lat' dir='ltr'>tamen</span> <span class='ocrx_word' id='word_1_202' title='bbox 1826 2422 1955 2462; x_wconf 86' lang='lat' dir='ltr'>cre-</span> 
     </span>
    </p>
   </div>
   <div class='ocr_carea' id='block_1_27' title="bbox 340 2471 1950 2573">
    <p class='ocr_par' dir='ltr' id='par_1_27' title="bbox 340 2471 1950 2573">
     <span class='ocr_line' id='line_1_29' title="bbox 340 2471 1950 2573; baseline 0.019 -45"><span class='ocrx_word' id='word_1_203' title='bbox 340 2471 497 2553; x_wconf 84' lang='lat' dir='ltr'>ditur</span> <span class='ocrx_word' id='word_1_204' title='bbox 524 2491 795 2555; x_wconf 89' lang='lat' dir='ltr'>quantum</span> <span class='ocrx_word' id='word_1_205' title='bbox 824 2486 895 2543; x_wconf 90' lang='lat' dir='ltr'>ad</span> <span class='ocrx_word' id='word_1_206' title='bbox 923 2490 1140 2549; x_wconf 87' lang='lat' dir='ltr'>concita</span> <span class='ocrx_word' id='word_1_207' title='bbox 1187 2503 1318 2551; x_wconf 88' lang='lat' dir='ltr'>vota</span> <span class='ocrx_word' id='word_1_208' title='bbox 1344 2497 1625 2568; x_wconf 87' lang='lat' dir='ltr'>patientis.</span> <span class='ocrx_word' id='word_1_209' title='bbox 1659 2500 1950 2573; x_wconf 87' lang='lat' dir='ltr'>Sequitur:</span> 
     </span>
    </p>
   </div>
   <div class='ocr_carea' id='block_1_28' title="bbox 586 2639 1707 2732">
    <p class='ocr_par' dir='ltr' id='par_1_28' title="bbox 586 2639 1707 2732">
     <span class='ocr_line' id='line_1_30' title="bbox 586 2639 1707 2732; baseline 0.017 -36"><span class='ocrx_word' id='word_1_210' title='bbox 586 2639 817 2699; x_wconf 81' lang='lat' dir='ltr'><strong>CAPUT</strong></span> <span class='ocrx_word' id='word_1_211' title='bbox 844 2646 1008 2704; x_wconf 85' lang='lat' dir='ltr'>xxv</span> <span class='ocrx_word' id='word_1_212' title='bbox 1039 2647 1180 2722; x_wconf 82' lang='lat' dir='ltr'>[Vet.</span> <span class='ocrx_word' id='word_1_213' title='bbox 1201 2653 1387 2719; x_wconf 83' lang='lat' dir='ltr'><strong>XXII,</strong></span> <span class='ocrx_word' id='word_1_214' title='bbox 1407 2656 1526 2712; x_wconf 76' lang='lat' dir='ltr'>nec.</span> <span class='ocrx_word' id='word_1_215' title='bbox 1558 2657 1707 2732; x_wconf 80' lang='lat' dir='ltr'><strong>XX].</strong></span> 
     </span>
    </p>
   </div>
   <div class='ocr_carea' id='block_1_29' title="bbox 398 2760 1948 2851">
    <p class='ocr_par' dir='ltr' id='par_1_29' title="bbox 398 2760 1948 2851">
     <span class='ocr_line' id='line_1_31' title="bbox 398 2760 1948 2851; baseline 0.017 -34"><span class='ocrx_word' id='word_1_216' title='bbox 398 2760 581 2818; x_wconf 70' lang='lat' dir='ltr'>Vnus.</span> <span class='ocrx_word' id='word_1_217' title='bbox 601 2763 939 2834; x_wconf 68' lang='lat' dir='ltr'>14.—Quasi</span> <span class='ocrx_word' id='word_1_218' title='bbox 955 2778 1112 2843; x_wconf 86' lang='lat' dir='ltr'>rupto</span> <span class='ocrx_word' id='word_1_219' title='bbox 1127 2791 1281 2831; x_wconf 85' lang='lat' dir='ltr'>muro</span> <span class='ocrx_word' id='word_1_220' title='bbox 1300 2783 1349 2832; x_wconf 93' lang='lat' dir='ltr'>et</span> <span class='ocrx_word' id='word_1_221' title='bbox 1365 2786 1552 2850; x_wconf 81' lang='lat' dir='ltr'>aperta</span> <span class='ocrx_word' id='word_1_222' title='bbox 1560 2781 1737 2851; x_wconf 84' lang='lat' dir='ltr'>janua</span> <span class='ocrx_word' id='word_1_223' title='bbox 1756 2783 1948 2843; x_wconf 86' lang='lat' dir='ltr'>irrue-</span> 
     </span>
    </p>
   </div>
   <div class='ocr_carea' id='block_1_30' title="bbox 329 2856 1821 2932">
    <p class='ocr_par' dir='ltr' id='par_1_30' title="bbox 329 2856 1821 2932">
     <span class='ocr_line' id='line_1_32' title="bbox 329 2856 1821 2932; baseline 0.019 -30"><span class='ocrx_word' id='word_1_224' title='bbox 329 2856 464 2905; x_wconf 83' lang='lat' dir='ltr'>runt</span> <span class='ocrx_word' id='word_1_225' title='bbox 490 2866 655 2922; x_wconf 79' lang='lat' dir='ltr'>super</span> <span class='ocrx_word' id='word_1_226' title='bbox 678 2869 779 2919; x_wconf 86' lang='lat' dir='ltr'>me,</span> <span class='ocrx_word' id='word_1_227' title='bbox 801 2861 853 2910; x_wconf 83' lang='lat' dir='ltr'>et</span> <span class='ocrx_word' id='word_1_228' title='bbox 874 2858 949 2913; x_wconf 88' lang='lat' dir='ltr'>ad</span> <span class='ocrx_word' id='word_1_229' title='bbox 973 2877 1116 2918; x_wconf 89' lang='lat' dir='ltr'>meas</span> <span class='ocrx_word' id='word_1_230' title='bbox 1142 2865 1387 2922; x_wconf 76' lang='lat' dir='ltr'>miserias</span> <span class='ocrx_word' id='word_1_231' title='bbox 1415 2868 1651 2927; x_wconf 73' lang='lat' dir='ltr'>devoluti</span> <span class='ocrx_word' id='word_1_232' title='bbox 1678 2881 1821 2932; x_wconf 87' lang='lat' dir='ltr'>sunt.</span> 
     </span>
    </p>
   </div>
   <div class='ocr_carea' id='block_1_31' title="bbox 400 2957 1943 3045">
    <p class='ocr_par' dir='ltr' id='par_1_31' title="bbox 400 2957 1943 3045">
     <span class='ocr_line' id='line_1_33' title="bbox 400 2957 1943 3045; baseline 0.019 -34"><span class='ocrx_word' id='word_1_233' title='bbox 400 2957 491 3014; x_wconf 81' lang='grc'>53.</span> <span class='ocrx_word' id='word_1_234' title='bbox 520 2958 801 3031; x_wconf 85' lang='lat' dir='ltr'>Lugendus</span> <span class='ocrx_word' id='word_1_235' title='bbox 837 2964 1035 3022; x_wconf 70' lang='lat' dir='ltr'>animle</span> <span class='ocrx_word' id='word_1_236' title='bbox 1054 2975 1245 3038; x_wconf 82' lang='lat' dir='ltr'>status,</span> <span class='ocrx_word' id='word_1_237' title='bbox 1284 2976 1497 3045; x_wconf 83' lang='lat' dir='ltr'>quando</span> <span class='ocrx_word' id='word_1_238' title='bbox 1526 2976 1584 3033; x_wconf 87' lang='lat' dir='ltr'>in</span> <span class='ocrx_word' id='word_1_239' title='bbox 1617 2997 1734 3036; x_wconf 91' lang='lat' dir='ltr'>eam</span> <span class='ocrx_word' id='word_1_240' title='bbox 1773 2982 1943 3041; x_wconf 80' lang='lat' dir='ltr'>hostes</span> 
     </span>
    </p>
   </div>
   <div class='ocr_carea' id='block_1_32' title="bbox 330 3051 1938 3140">
    <p class='ocr_par' dir='ltr' id='par_1_32' title="bbox 330 3051 1938 3140">
     <span class='ocr_line' id='line_1_34' title="bbox 330 3051 1938 3140; baseline 0.016 -40"><span class='ocrx_word' id='word_1_241' title='bbox 330 3054 571 3115; x_wconf 61' lang='lat' dir='ltr'>irruunt,</span> <span class='ocrx_word' id='word_1_242' title='bbox 590 3056 748 3121; x_wconf 81' lang='lat' dir='ltr'>rupto</span> <span class='ocrx_word' id='word_1_243' title='bbox 768 3051 894 3124; x_wconf 86' lang='lat' dir='ltr'>ﬁdei</span> <span class='ocrx_word' id='word_1_244' title='bbox 923 3061 1186 3124; x_wconf 86' lang='lat' dir='ltr'>muro,vel</span> <span class='ocrx_word' id='word_1_245' title='bbox 1212 3062 1477 3120; x_wconf 83' lang='lat' dir='ltr'>destructa</span> <span class='ocrx_word' id='word_1_246' title='bbox 1507 3066 1802 3140; x_wconf 73' lang='lat' dir='ltr'>disciplina:</span> <span class='ocrx_word' id='word_1_247' title='bbox 1828 3091 1938 3131; x_wconf 82' lang='lat' dir='ltr'>ma-</span> 
     </span>
    </p>
   </div>
   <div class='ocr_carea' id='block_1_33' title="bbox 2077 522 2891 595">
    <p class='ocr_par' dir='ltr' id='par_1_33' title="bbox 2077 522 2891 595">
     <span class='ocr_line' id='line_1_35' title="bbox 2077 522 2891 595; baseline 0.02 -17"><span class='ocrx_word' id='word_1_248' title='bbox 2077 522 2203 580; x_wconf 88' lang='lat' dir='ltr'>dam</span> <span class='ocrx_word' id='word_1_249' title='bbox 2243 527 2406 585; x_wconf 90' lang='lat' dir='ltr'>nobis</span> <span class='ocrx_word' id='word_1_250' title='bbox 2426 531 2615 589; x_wconf 89' lang='lat' dir='ltr'>unitos</span> <span class='ocrx_word' id='word_1_251' title='bbox 2642 534 2891 595; x_wconf 89' lang='lat' dir='ltr'>trahunt.</span> 
     </span>
    </p>
   </div>
   <div class='ocr_carea' id='block_1_34' title="bbox 2145 615 3688 709">
    <p class='ocr_par' dir='ltr' id='par_1_34' title="bbox 2145 615 3688 709">
     <span class='ocr_line' id='line_1_36' title="bbox 2145 615 3688 709; baseline 0.025 -39"><span class='ocrx_word' id='word_1_252' title='bbox 2145 615 2234 671; x_wconf 80' lang='grc'>54.</span> <span class='ocrx_word' id='word_1_253' title='bbox 2268 618 2453 677; x_wconf 90' lang='lat' dir='ltr'>Potest</span> <span class='ocrx_word' id='word_1_254' title='bbox 2478 640 2697 697; x_wconf 91' lang='lat' dir='ltr'>quoque</span> <span class='ocrx_word' id='word_1_255' title='bbox 2738 628 2975 704; x_wconf 90' lang='lat' dir='ltr'>intelligi</span> <span class='ocrx_word' id='word_1_256' title='bbox 3008 636 3151 692; x_wconf 89' lang='lat' dir='ltr'>muri</span> <span class='ocrx_word' id='word_1_257' title='bbox 3182 642 3407 698; x_wconf 88' lang='lat' dir='ltr'>nomine</span> <span class='ocrx_word' id='word_1_258' title='bbox 3448 652 3688 709; x_wconf 88' lang='lat' dir='ltr'>munitio</span> 
     </span>
    </p>
   </div>
   <div class='ocr_carea' id='block_1_35' title="bbox 2074 702 3688 807">
    <p class='ocr_par' dir='ltr' id='par_1_35' title="bbox 2074 702 3688 807">
     <span class='ocr_line' id='line_1_37' title="bbox 2074 702 3688 807; baseline 0.024 -49"><span class='ocrx_word' id='word_1_259' title='bbox 2074 702 2415 778; x_wconf 71' lang='lat' dir='ltr'>disciplinae;</span> <span class='ocrx_word' id='word_1_260' title='bbox 2440 711 2733 773; x_wconf 91' lang='lat' dir='ltr'>Salomone</span> <span class='ocrx_word' id='word_1_261' title='bbox 2749 702 3064 792; x_wconf 79' lang='lat' dir='ltr'>attestante,</span> <span class='ocrx_word' id='word_1_262' title='bbox 3095 727 3190 799; x_wconf 90' lang='lat' dir='ltr'>qui</span> <span class='ocrx_word' id='word_1_263' title='bbox 3218 728 3296 784; x_wconf 89' lang='lat' dir='ltr'>ait</span> <span class='ocrx_word' id='word_1_264' title='bbox 3329 748 3341 785; x_wconf 90' lang='lat'><strong><em>:</em></strong></span> <span class='ocrx_word' id='word_1_265' title='bbox 3374 702 3688 807; x_wconf 83' lang='lat' dir='ltr'>Per</span> 
     </span>
    </p>
   </div>
   <div class='ocr_carea' id='block_1_36' title="bbox 2073 793 3689 887">
    <p class='ocr_par' dir='ltr' id='par_1_36' title="bbox 2073 793 3689 887">
     <span class='ocr_line' id='line_1_38' title="bbox 2073 793 3689 887; baseline 0.022 -40"><span class='ocrx_word' id='word_1_266' title='bbox 2073 793 2300 851; x_wconf 88' lang='lat' dir='ltr'>hominis</span> <span class='ocrx_word' id='word_1_267' title='bbox 2313 798 2463 870; x_wconf 76' lang='lat' dir='ltr'>pigri</span> <span class='ocrx_word' id='word_1_268' title='bbox 2478 805 2725 875; x_wconf 75' lang='lat' dir='ltr'>transivi,</span> <span class='ocrx_word' id='word_1_269' title='bbox 2746 814 2795 863; x_wconf 90' lang='lat' dir='ltr'>et</span> <span class='ocrx_word' id='word_1_270' title='bbox 2807 826 2907 881; x_wconf 87' lang='lat' dir='ltr'>per</span> <span class='ocrx_word' id='word_1_271' title='bbox 2933 793 3140 870; x_wconf 75' lang='lat' dir='ltr'>vineam</span> <span class='ocrx_word' id='word_1_272' title='bbox 3168 816 3276 873; x_wconf 88' lang='lat' dir='ltr'>viri</span> <span class='ocrx_word' id='word_1_273' title='bbox 3303 822 3491 887; x_wconf 86' lang='lat' dir='ltr'>stulti;</span> <span class='ocrx_word' id='word_1_274' title='bbox 3509 793 3558 879; x_wconf 66' lang='lat' dir='ltr'>el</span> <span class='ocrx_word' id='word_1_275' title='bbox 3583 793 3689 885; x_wconf 72' lang='lat' dir='ltr'>ecce</span> 
     </span>
    </p>
   </div>
   <div class='ocr_carea' id='block_1_37' title="bbox 2077 887 3688 988">
    <p class='ocr_par' dir='ltr' id='par_1_37' title="bbox 2077 887 3688 988">
     <span class='ocr_line' id='line_1_39' title="bbox 2077 887 3688 988; baseline 0.024 -52"><span class='ocrx_word' id='word_1_276' title='bbox 2077 887 2240 940; x_wconf 87' lang='lat' dir='ltr'>totum</span> <span class='ocrx_word' id='word_1_277' title='bbox 2266 890 2600 959; x_wconf 81' lang='lat' dir='ltr'>repleverant</span> <span class='ocrx_word' id='word_1_278' title='bbox 2626 896 2832 967; x_wconf 73' lang='lat' dir='ltr'>urticae,</span> <span class='ocrx_word' id='word_1_279' title='bbox 2864 912 3185 972; x_wconf 85' lang='lat' dir='ltr'>aperuerant</span> <span class='ocrx_word' id='word_1_280' title='bbox 3216 911 3544 983; x_wconf 78' lang='lat' dir='ltr'>superﬁciem</span> <span class='ocrx_word' id='word_1_281' title='bbox 3571 917 3688 988; x_wconf 85' lang='lat' dir='ltr'>ejus</span> 
     </span>
    </p>
   </div>
   <div class='ocr_carea' id='block_1_38' title="bbox 2074 973 3682 1078">
    <p class='ocr_par' dir='ltr' id='par_1_38' title="bbox 2074 973 3682 1078">
     <span class='ocr_line' id='line_1_40' title="bbox 2074 973 3682 1078; baseline 0.024 -52"><span class='ocrx_word' id='word_1_282' title='bbox 2074 973 2260 1043; x_wconf 71' lang='lat' dir='ltr'>spina,</span> <span class='ocrx_word' id='word_1_283' title='bbox 2275 982 2323 1031; x_wconf 91' lang='lat' dir='ltr'>et</span> <span class='ocrx_word' id='word_1_284' title='bbox 2348 981 2582 1038; x_wconf 81' lang='lat' dir='ltr'>maceria</span> <span class='ocrx_word' id='word_1_285' title='bbox 2604 984 2845 1056; x_wconf 86' lang='lat' dir='ltr'>lapidum</span> <span class='ocrx_word' id='word_1_286' title='bbox 2864 990 3131 1051; x_wconf 84' lang='lat' dir='ltr'>destructa</span> <span class='ocrx_word' id='word_1_287' title='bbox 3159 973 3501 1069; x_wconf 45' lang='lat' dir='ltr'>erat-(Prov.</span> <span class='ocrx_word' id='word_1_288' title='bbox 3522 973 3682 1078; x_wconf 56' lang='lat' dir='ltr'>xxiv,</span> 
     </span>
    </p>
   </div>
   <div class='ocr_carea' id='block_1_39' title="bbox 2074 1059 3684 1162">
    <p class='ocr_par' dir='ltr' id='par_1_39' title="bbox 2074 1059 3684 1162">
     <span class='ocr_line' id='line_1_41' title="bbox 2074 1059 3684 1162; baseline 0.024 -47"><span class='ocrx_word' id='word_1_289' title='bbox 2074 1059 2190 1161; x_wconf 42' lang='lat'>39)..</span> <span class='ocrx_word' id='word_1_290' title='bbox 2213 1063 2316 1120; x_wconf 91' lang='lat' dir='ltr'>Per</span> <span class='ocrx_word' id='word_1_291' title='bbox 2327 1081 2518 1139; x_wconf 88' lang='lat' dir='ltr'>agrum</span> <span class='ocrx_word' id='word_1_292' title='bbox 2548 1071 2695 1162; x_wconf 84' lang='lat' dir='ltr'>enim</span> <span class='ocrx_word' id='word_1_293' title='bbox 2725 1073 2969 1135; x_wconf 91' lang='lat' dir='ltr'>hominis</span> <span class='ocrx_word' id='word_1_294' title='bbox 2988 1080 3129 1155; x_wconf 89' lang='lat' dir='ltr'>pigri</span> <span class='ocrx_word' id='word_1_295' title='bbox 3150 1059 3317 1160; x_wconf 79' lang='lat' dir='ltr'>atque</span> <span class='ocrx_word' id='word_1_296' title='bbox 3333 1105 3430 1162; x_wconf 90' lang='lat' dir='ltr'>per</span> 
     </span>
    </p>
   </div>
   <div class='ocr_carea' id='block_1_40' title="bbox 2074 1150 3684 1257">
    <p class='ocr_par' dir='ltr' id='par_1_40' title="bbox 2074 1150 3684 1257">
     <span class='ocr_line' id='line_1_42' title="bbox 2074 1150 3684 1257; baseline 0.025 -53"><span class='ocrx_word' id='word_1_297' title='bbox 2074 1150 2180 1206; x_wconf 89' lang='lat' dir='ltr'>viri</span> <span class='ocrx_word' id='word_1_298' title='bbox 2210 1155 2367 1211; x_wconf 90' lang='lat' dir='ltr'>stulti</span> <span class='ocrx_word' id='word_1_299' title='bbox 2395 1160 2649 1232; x_wconf 89' lang='lat' dir='ltr'>transire,</span> <span class='ocrx_word' id='word_1_300' title='bbox 2680 1173 2762 1221; x_wconf 90' lang='lat' dir='ltr'>est</span> <span class='ocrx_word' id='word_1_301' title='bbox 2789 1150 3083 1240; x_wconf 70' lang='lat' dir='ltr'>cujuslibet</span> <span class='ocrx_word' id='word_1_302' title='bbox 3102 1150 3273 1234; x_wconf 78' lang='lat' dir='ltr'>vitam</span> <span class='ocrx_word' id='word_1_303' title='bbox 3305 1150 3684 1257; x_wconf 45' lang='lat' dir='ltr'>8‘negligentis</span> 
     </span>
    </p>
   </div>
   <div class='ocr_carea' id='block_1_41' title="bbox 2073 1237 3682 1336">
    <p class='ocr_par' dir='ltr' id='par_1_41' title="bbox 2073 1237 3682 1336">
     <span class='ocr_line' id='line_1_43' title="bbox 2073 1237 3682 1336; baseline 0.025 -42"><span class='ocrx_word' id='word_1_304' title='bbox 2073 1237 2364 1314; x_wconf 84' lang='lat' dir='ltr'>inspicere,</span> <span class='ocrx_word' id='word_1_305' title='bbox 2413 1247 2639 1323; x_wconf 89' lang='lat' dir='ltr'>ejusque</span> <span class='ocrx_word' id='word_1_306' title='bbox 2684 1270 2847 1327; x_wconf 90' lang='lat' dir='ltr'>opera</span> <span class='ocrx_word' id='word_1_307' title='bbox 2874 1261 3239 1323; x_wconf 89' lang='lat' dir='ltr'>considerare.</span> <span class='ocrx_word' id='word_1_308' title='bbox 3273 1237 3457 1336; x_wconf 57' lang='lat' dir='ltr'>Quan:</span> <span class='ocrx_word' id='word_1_309' title='bbox 3490 1237 3682 1334; x_wconf 51' lang='lat' dir='ltr'>grtiae</span> 
     </span>
    </p>
   </div>
   <div class='ocr_carea' id='block_1_42' title="bbox 2075 1332 3681 1439">
    <p class='ocr_par' dir='ltr' id='par_1_42' title="bbox 2075 1332 3681 1439">
     <span class='ocr_line' id='line_1_44' title="bbox 2075 1332 3681 1439; baseline 0.025 -55"><span class='ocrx_word' id='word_1_310' title='bbox 2075 1332 2161 1386; x_wconf 91' lang='lat' dir='ltr'>vel</span> <span class='ocrx_word' id='word_1_311' title='bbox 2191 1332 2363 1405; x_wconf 68' lang='lat' dir='ltr'>spina)</span> <span class='ocrx_word' id='word_1_312' title='bbox 2393 1339 2627 1410; x_wconf 91' lang='lat' dir='ltr'>replent,</span> <span class='ocrx_word' id='word_1_313' title='bbox 2659 1344 2790 1417; x_wconf 89' lang='lat' dir='ltr'>quia</span> <span class='ocrx_word' id='word_1_314' title='bbox 2818 1346 2877 1403; x_wconf 92' lang='lat' dir='ltr'>in</span> <span class='ocrx_word' id='word_1_315' title='bbox 2907 1352 3071 1408; x_wconf 90' lang='lat' dir='ltr'>corde</span> <span class='ocrx_word' id='word_1_316' title='bbox 3110 1332 3511 1430; x_wconf 75' lang='lat' dir='ltr'>negligentium</span> <span class='ocrx_word' id='word_1_317' title='bbox 3538 1332 3681 1439; x_wconf 42' lang='lat' dir='ltr'>pm;</span> 
     </span>
    </p>
   </div>
   <div class='ocr_carea' id='block_1_43' title="bbox 2074 1420 3683 1521">
    <p class='ocr_par' dir='ltr' id='par_1_43' title="bbox 2074 1420 3683 1521">
     <span class='ocr_line' id='line_1_45' title="bbox 2074 1420 3683 1521; baseline 0.025 -47"><span class='ocrx_word' id='word_1_318' title='bbox 2074 1420 2273 1478; x_wconf 89' lang='lat' dir='ltr'>rientia</span> <span class='ocrx_word' id='word_1_319' title='bbox 2304 1431 2517 1484; x_wconf 90' lang='lat' dir='ltr'>terrena</span> <span class='ocrx_word' id='word_1_320' title='bbox 2543 1428 2816 1491; x_wconf 90' lang='lat' dir='ltr'>desideria</span> <span class='ocrx_word' id='word_1_321' title='bbox 2844 1444 2899 1492; x_wconf 91' lang='lat' dir='ltr'>et</span> <span class='ocrx_word' id='word_1_322' title='bbox 2926 1420 3558 1521; x_wconf 44' lang='lat' dir='ltr'>punctionvesvpallulan;</span> <span class='ocrx_word' id='word_1_323' title='bbox 3583 1457 3683 1513; x_wconf 88' lang='lat' dir='ltr'>vi-</span> 
     </span>
    </p>
   </div>
   <div class='ocr_carea' id='block_1_44' title="bbox 2075 1509 3681 1604">
    <p class='ocr_par' dir='ltr' id='par_1_44' title="bbox 2075 1509 3681 1604">
     <span class='ocr_line' id='line_1_46' title="bbox 2075 1509 3681 1604; baseline 0.025 -40"><span class='ocrx_word' id='word_1_324' title='bbox 2075 1509 2301 1581; x_wconf 91' lang='lat' dir='ltr'>tiorum,</span> <span class='ocrx_word' id='word_1_325' title='bbox 2331 1516 2534 1591; x_wconf 88' lang='lat' dir='ltr'>quippe</span> <span class='ocrx_word' id='word_1_326' title='bbox 2563 1521 2692 1592; x_wconf 89' lang='lat' dir='ltr'>quia</span> <span class='ocrx_word' id='word_1_327' title='bbox 2717 1509 2987 1598; x_wconf 80' lang='lat' dir='ltr'>scriptum</span> <span class='ocrx_word' id='word_1_328' title='bbox 3013 1538 3095 1587; x_wconf 87' lang='lat' dir='ltr'>est</span> <span class='ocrx_word' id='word_1_329' title='bbox 3128 1550 3140 1588; x_wconf 90' lang='lat'><strong>:</strong></span> <span class='ocrx_word' id='word_1_330' title='bbox 3174 1536 3241 1591; x_wconf 83' lang='lat' dir='ltr'>In</span> <span class='ocrx_word' id='word_1_331' title='bbox 3600 1509 3681 1604; x_wconf 71' lang='lat' dir='ltr'>est</span> 
     </span>
    </p>
   </div>
   <div class='ocr_carea' id='block_1_45' title="bbox 2073 1604 3679 1705">
    <p class='ocr_par' dir='ltr' id='par_1_45' title="bbox 2073 1604 3679 1705">
     <span class='ocr_line' id='line_1_47' title="bbox 2073 1604 3679 1705; baseline 0.026 -50"><span class='ocrx_word' id='word_1_332' title='bbox 2073 1604 2244 1660; x_wconf 84' lang='lat' dir='ltr'>omnis</span> <span class='ocrx_word' id='word_1_333' title='bbox 2262 1606 2461 1663; x_wconf 83' lang='lat' dir='ltr'>otiosus</span> <span class='ocrx_word' id='word_1_334' title='bbox 2497 1610 2683 1681; x_wconf 84' lang='lat' dir='ltr'>(Prov.</span> <span class='ocrx_word' id='word_1_335' title='bbox 2732 1632 2938 1687; x_wconf 86' lang='lat' dir='ltr'>xxvm,</span> <span class='ocrx_word' id='word_1_336' title='bbox 2971 1622 3059 1692; x_wconf 83' lang='lat' dir='ltr'>l9,</span> <span class='ocrx_word' id='word_1_337' title='bbox 3090 1641 3187 1682; x_wconf 88' lang='lat' dir='ltr'>sec.</span> <span class='ocrx_word' id='word_1_338' title='bbox 3218 1629 3409 1705; x_wconf 84' lang='lat' dir='ltr'><strong>LXX).</strong></span> <span class='ocrx_word' id='word_1_339' title='bbox 3444 1633 3679 1697; x_wconf 82' lang='lat' dir='ltr'>Maceria</span> 
     </span>
    </p>
   </div>
   <div class='ocr_carea' id='block_1_46' title="bbox 2075 1690 3677 1794">
    <p class='ocr_par' dir='ltr' id='par_1_46' title="bbox 2075 1690 3677 1794">
     <span class='ocr_line' id='line_1_48' title="bbox 2075 1690 3677 1794; baseline 0.024 -48"><span class='ocrx_word' id='word_1_340' title='bbox 2075 1690 2322 1764; x_wconf 91' lang='lat' dir='ltr'>lapidum</span> <span class='ocrx_word' id='word_1_341' title='bbox 2352 1696 2630 1757; x_wconf 89' lang='lat' dir='ltr'>destructa</span> <span class='ocrx_word' id='word_1_342' title='bbox 2655 1714 2791 1776; x_wconf 91' lang='lat' dir='ltr'>erat,</span> <span class='ocrx_word' id='word_1_343' title='bbox 2815 1707 2872 1764; x_wconf 92' lang='lat' dir='ltr'>id</span> <span class='ocrx_word' id='word_1_344' title='bbox 2900 1718 3002 1779; x_wconf 91' lang='lat' dir='ltr'>est,</span> <span class='ocrx_word' id='word_1_345' title='bbox 3034 1690 3330 1789; x_wconf 86' lang='lat' dir='ltr'>disciplina</span> <span class='ocrx_word' id='word_1_346' title='bbox 3358 1690 3677 1794; x_wconf 72' lang='lat' dir='ltr'>patrum</span> 
     </span>
    </p>
   </div>
   <div class='ocr_carea' id='block_1_47' title="bbox 1991 1778 3677 1874">
    <p class='ocr_par' dir='ltr' id='par_1_47' title="bbox 1991 1778 3677 1874">
     <span class='ocr_line' id='line_1_49' title="bbox 1991 1778 3677 1874; baseline 0.024 -40"><span class='ocrx_word' id='word_1_347' title='bbox 1991 1788 2039 1849; x_wconf 84' lang='grc' dir='ltr'>Β</span> <span class='ocrx_word' id='word_1_348' title='bbox 2073 1778 2383 1874; x_wconf 73' lang='lat' dir='ltr'>ejus_corde</span> <span class='ocrx_word' id='word_1_349' title='bbox 2412 1787 2696 1849; x_wconf 90' lang='lat' dir='ltr'>dissoluta.</span> <span class='ocrx_word' id='word_1_350' title='bbox 2726 1796 2748 1830; x_wconf 74' lang='grc'>⁸</span> <span class='ocrx_word' id='word_1_351' title='bbox 2793 1797 2929 1854; x_wconf 91' lang='lat' dir='ltr'>Nam</span> <span class='ocrx_word' id='word_1_352' title='bbox 2961 1778 3091 1873; x_wconf 87' lang='lat' dir='ltr'>quia</span> <span class='ocrx_word' id='word_1_353' title='bbox 3131 1778 3408 1867; x_wconf 62' lang='lat' dir='ltr'>destrucia</span> 
     </span>
    </p>
   </div>
   <div class='ocr_carea' id='block_1_48' title="bbox 2071 1869 3676 1972">
    <p class='ocr_par' dir='ltr' id='par_1_48' title="bbox 2071 1869 3676 1972">
     <span class='ocr_line' id='line_1_50' title="bbox 2071 1869 3676 1972; baseline 0.024 -49"><span class='ocrx_word' id='word_1_354' title='bbox 2071 1869 2341 1972; x_wconf 74' lang='lat' dir='ltr'>lapidum,</span> <span class='ocrx_word' id='word_1_355' title='bbox 2370 1874 2694 1936; x_wconf 87' lang='lat' dir='ltr'>dissolutam</span> <span class='ocrx_word' id='word_1_356' title='bbox 2723 1898 2839 1941; x_wconf 89' lang='lat' dir='ltr'>esse</span> <span class='ocrx_word' id='word_1_357' title='bbox 2867 1869 3218 1961; x_wconf 72' lang='lat' dir='ltr'>disciplinam</span> <span class='ocrx_word' id='word_1_358' title='bbox 3230 1897 3395 1968; x_wconf 89' lang='lat' dir='ltr'>vidit,</span> 
     </span>
    </p>
   </div>
   <div class='ocr_carea' id='block_1_49' title="bbox 2068 1957 3673 2062">
    <p class='ocr_par' dir='ltr' id='par_1_49' title="bbox 2068 1957 3673 2062">
     <span class='ocr_line' id='line_1_51' title="bbox 2068 1957 3673 2062; baseline 0.024 -50"><span class='ocrx_word' id='word_1_359' title='bbox 2068 1957 2187 2017; x_wconf 92' lang='lat' dir='ltr'>illic</span> <span class='ocrx_word' id='word_1_360' title='bbox 2213 1972 2431 2021; x_wconf 85' lang='lat' dir='ltr'>secutus</span> <span class='ocrx_word' id='word_1_361' title='bbox 2459 1967 2716 2040; x_wconf 85' lang='lat' dir='ltr'>adjunxit</span> <span class='ocrx_word' id='word_1_362' title='bbox 2748 1991 2761 2029; x_wconf 86' lang='grc'>;</span> <span class='ocrx_word' id='word_1_363' title='bbox 2798 1977 2949 2043; x_wconf 84' lang='lat' dir='ltr'>Quod</span> <span class='ocrx_word' id='word_1_364' title='bbox 2972 1957 3090 2035; x_wconf 57' lang='lat' dir='ltr'>at...</span> <span class='ocrx_word' id='word_1_365' title='bbox 3116 1957 3394 2058; x_wconf 63' lang='lat' dir='ltr'>vidissem,</span> <span class='ocrx_word' id='word_1_366' title='bbox 3417 1957 3673 2062; x_wconf 52' lang='lat' dir='ltr'>posuit;</span> 
     </span>
    </p>
   </div>
   <div class='ocr_carea' id='block_1_50' title="bbox 2067 2050 3669 2155">
    <p class='ocr_par' dir='ltr' id='par_1_50' title="bbox 2067 2050 3669 2155">
     <span class='ocr_line' id='line_1_52' title="bbox 2067 2050 3669 2155; baseline 0.024 -53"><span class='ocrx_word' id='word_1_367' title='bbox 2067 2050 2223 2106; x_wconf 89' lang='lat' dir='ltr'>corde</span> <span class='ocrx_word' id='word_1_368' title='bbox 2248 2069 2379 2122; x_wconf 87' lang='lat' dir='ltr'>meo,</span> <span class='ocrx_word' id='word_1_369' title='bbox 2410 2061 2459 2110; x_wconf 88' lang='lat' dir='ltr'>et</span> <span class='ocrx_word' id='word_1_370' title='bbox 2482 2061 2717 2130; x_wconf 70' lang='lat' dir='ltr'>exemplo</span> <span class='ocrx_word' id='word_1_371' title='bbox 2743 2062 2913 2121; x_wconf 82' lang='lat' dir='ltr'>didici</span> <span class='ocrx_word' id='word_1_372' title='bbox 2928 2067 3265 2141; x_wconf 82' lang='lat' dir='ltr'>disciplinam</span> <span class='ocrx_word' id='word_1_373' title='bbox 3277 2050 3473 2147; x_wconf 55' lang='lat' dir='ltr'>(Proh.</span> <span class='ocrx_word' id='word_1_374' title='bbox 3506 2098 3669 2155; x_wconf 80' lang='lat' dir='ltr'>xxrv,</span> 
     </span>
    </p>
   </div>
   <div class='ocr_carea' id='block_1_51' title="bbox 2066 2137 3667 2239">
    <p class='ocr_par' dir='ltr' id='par_1_51' title="bbox 2066 2137 3667 2239">
     <span class='ocr_line' id='line_1_53' title="bbox 2066 2137 3667 2239; baseline 0.024 -45"><span class='ocrx_word' id='word_1_375' title='bbox 2066 2137 2183 2213; x_wconf 78' lang='lat'>32).</span> <span class='ocrx_word' id='word_1_376' title='bbox 2216 2140 2383 2208; x_wconf 87' lang='lat' dir='ltr'>Quasi</span> <span class='ocrx_word' id='word_1_377' title='bbox 2410 2154 2573 2218; x_wconf 89' lang='lat' dir='ltr'>rupto</span> <span class='ocrx_word' id='word_1_378' title='bbox 2601 2165 2730 2223; x_wconf 90' lang='lat' dir='ltr'>ergo</span> <span class='ocrx_word' id='word_1_379' title='bbox 2758 2170 2917 2210; x_wconf 92' lang='lat' dir='ltr'>muro</span> <span class='ocrx_word' id='word_1_380' title='bbox 2956 2137 3130 2217; x_wconf 75' lang='lat' dir='ltr'>hostis</span> <span class='ocrx_word' id='word_1_381' title='bbox 3167 2137 3498 2239; x_wconf 74' lang='lat' dir='ltr'>ingreditur,</span> <span class='ocrx_word' id='word_1_382' title='bbox 3540 2137 3667 2231; x_wconf 72' lang='lat' dir='ltr'>cuni</span> 
     </span>
    </p>
   </div>
   <div class='ocr_carea' id='block_1_52' title="bbox 2065 2229 3667 2321">
    <p class='ocr_par' dir='ltr' id='par_1_52' title="bbox 2065 2229 3667 2321">
     <span class='ocr_line' id='line_1_54' title="bbox 2065 2229 3667 2321; baseline 0.024 -39"><span class='ocrx_word' id='word_1_383' title='bbox 2065 2229 2153 2284; x_wconf 90' lang='lat' dir='ltr'>vel</span> <span class='ocrx_word' id='word_1_384' title='bbox 2185 2231 2551 2303; x_wconf 87' lang='lat' dir='ltr'>malignorum</span> <span class='ocrx_word' id='word_1_385' title='bbox 2578 2238 2896 2313; x_wconf 89' lang='lat' dir='ltr'>spirituum,</span> <span class='ocrx_word' id='word_1_386' title='bbox 2929 2247 3016 2302; x_wconf 89' lang='lat' dir='ltr'>vel</span> <span class='ocrx_word' id='word_1_387' title='bbox 3046 2264 3343 2321; x_wconf 89' lang='lat' dir='ltr'>pravorum</span> <span class='ocrx_word' id='word_1_388' title='bbox 3374 2256 3667 2321; x_wconf 90' lang='lat' dir='ltr'>hominum</span> 
     </span>
    </p>
   </div>
   <div class='ocr_carea' id='block_1_53' title="bbox 2064 2321 3666 2409">
    <p class='ocr_par' dir='ltr' id='par_1_53' title="bbox 2064 2321 3666 2409">
     <span class='ocr_line' id='line_1_55' title="bbox 2064 2321 3666 2409; baseline 0.023 -37"><span class='ocrx_word' id='word_1_389' title='bbox 2064 2321 2416 2389; x_wconf 88' lang='lat' dir='ltr'>persuasione</span> <span class='ocrx_word' id='word_1_390' title='bbox 2463 2326 2684 2397; x_wconf 90' lang='lat' dir='ltr'>callida,</span> <span class='ocrx_word' id='word_1_391' title='bbox 2713 2330 3022 2405; x_wconf 83' lang='lat' dir='ltr'>disciplinae</span> <span class='ocrx_word' id='word_1_392' title='bbox 3051 2342 3363 2401; x_wconf 89' lang='lat' dir='ltr'>munimina</span> <span class='ocrx_word' id='word_1_393' title='bbox 3400 2347 3459 2404; x_wconf 89' lang='lat' dir='ltr'>in</span> <span class='ocrx_word' id='word_1_394' title='bbox 3501 2351 3666 2409; x_wconf 88' lang='lat' dir='ltr'>corde</span> 
     </span>
    </p>
   </div>
   <div class='ocr_carea' id='block_1_54' title="bbox 2063 2405 3665 2509">
    <p class='ocr_par' dir='ltr' id='par_1_54' title="bbox 2063 2405 3665 2509">
     <span class='ocr_line' id='line_1_56' title="bbox 2063 2405 3665 2509; baseline 0.022 -48"><span class='ocrx_word' id='word_1_395' title='bbox 2063 2405 2423 2483; x_wconf 88' lang='lat' dir='ltr'>dissipantur.</span> <span class='ocrx_word' id='word_1_396' title='bbox 2470 2414 2576 2471; x_wconf 90' lang='lat' dir='ltr'>Sed</span> <span class='ocrx_word' id='word_1_397' title='bbox 2622 2433 2748 2474; x_wconf 92' lang='lat' dir='ltr'>cum</span> <span class='ocrx_word' id='word_1_398' title='bbox 2792 2420 3036 2492; x_wconf 88' lang='lat' dir='ltr'>ejusdem</span> <span class='ocrx_word' id='word_1_399' title='bbox 3079 2426 3388 2502; x_wconf 64' lang='lat' dir='ltr'>disciplina:</span> <span class='ocrx_word' id='word_1_400' title='bbox 3418 2405 3665 2509; x_wconf 84' lang='lat' dir='ltr'>vigor</span> 
     </span>
    </p>
   </div>
   <div class='ocr_carea' id='block_1_55' title="bbox 2062 2498 3667 2586">
    <p class='ocr_par' dir='ltr' id='par_1_55' title="bbox 2062 2498 3667 2586">
     <span class='ocr_line' id='line_1_57' title="bbox 2062 2498 3667 2586; baseline 0.022 -34"><span class='ocrx_word' id='word_1_401' title='bbox 2062 2498 2226 2554; x_wconf 90' lang='lat' dir='ltr'>corde</span> <span class='ocrx_word' id='word_1_402' title='bbox 2253 2502 2612 2573; x_wconf 90' lang='lat' dir='ltr'>reproborum</span> <span class='ocrx_word' id='word_1_403' title='bbox 2638 2507 2894 2580; x_wconf 88' lang='lat' dir='ltr'>solvitur,</span> <span class='ocrx_word' id='word_1_404' title='bbox 2924 2522 3051 2571; x_wconf 88' lang='lat' dir='ltr'>ante</span> <span class='ocrx_word' id='word_1_405' title='bbox 3078 2498 3269 2576; x_wconf 78' lang='lat' dir='ltr'>eorum</span> <span class='ocrx_word' id='word_1_406' title='bbox 3298 2498 3667 2586; x_wconf 50' lang='lat' dir='ltr'>oculosvcun-</span> 
     </span>
    </p>
   </div>
   <div class='ocr_carea' id='block_1_56' title="bbox 2060 2586 3664 2687">
    <p class='ocr_par' dir='ltr' id='par_1_56' title="bbox 2060 2586 3664 2687">
     <span class='ocr_line' id='line_1_58' title="bbox 2060 2586 3664 2687; baseline 0.022 -46"><span class='ocrx_word' id='word_1_407' title='bbox 2060 2593 2149 2642; x_wconf 90' lang='lat' dir='ltr'>cta</span> <span class='ocrx_word' id='word_1_408' title='bbox 2174 2586 2450 2647; x_wconf 90' lang='lat' dir='ltr'>honorum</span> <span class='ocrx_word' id='word_1_409' title='bbox 2480 2610 2643 2665; x_wconf 88' lang='lat' dir='ltr'>opera</span> <span class='ocrx_word' id='word_1_410' title='bbox 2654 2596 2934 2670; x_wconf 88' lang='lat' dir='ltr'>despectui</span> <span class='ocrx_word' id='word_1_411' title='bbox 2963 2601 3258 2679; x_wconf 89' lang='lat' dir='ltr'>habentur,</span> <span class='ocrx_word' id='word_1_412' title='bbox 3278 2610 3532 2687; x_wconf 89' lang='lat' dir='ltr'>nihilque</span> <span class='ocrx_word' id='word_1_413' title='bbox 3546 2634 3664 2676; x_wconf 90' lang='lat' dir='ltr'>esse</span> 
     </span>
    </p>
   </div>
   <div class='ocr_carea' id='block_1_57' title="bbox 2058 2677 3659 2766">
    <p class='ocr_par' dir='ltr' id='par_1_57' title="bbox 2058 2677 3659 2766">
     <span class='ocr_line' id='line_1_59' title="bbox 2058 2677 3659 2766; baseline 0.022 -35"><span class='ocrx_word' id='word_1_414' title='bbox 2058 2677 2335 2737; x_wconf 69' lang='lat' dir='ltr'>sesumam</span> <span class='ocrx_word' id='word_1_415' title='bbox 2363 2683 2634 2759; x_wconf 90' lang='lat' dir='ltr'>quidquid</span> <span class='ocrx_word' id='word_1_416' title='bbox 2662 2687 2730 2744; x_wconf 88' lang='lat' dir='ltr'>de</span> <span class='ocrx_word' id='word_1_417' title='bbox 2758 2688 3058 2752; x_wconf 86' lang='lat' dir='ltr'>virtutibus</span> <span class='ocrx_word' id='word_1_418' title='bbox 3097 2677 3397 2760; x_wconf 86' lang='lat' dir='ltr'>electorum</span> <span class='ocrx_word' id='word_1_419' title='bbox 3440 2677 3659 2766; x_wconf 67' lang='lat' dir='ltr'>vident.</span> 
     </span>
    </p>
   </div>
   <div class='ocr_carea' id='block_1_58' title="bbox 2056 2765 2591 2833">
    <p class='ocr_par' dir='ltr' id='par_1_58' title="bbox 2056 2765 2591 2833">
     <span class='ocr_line' id='line_1_60' title="bbox 2056 2765 2591 2833; baseline 0.021 -11"><span class='ocrx_word' id='word_1_420' title='bbox 2056 2765 2212 2825; x_wconf 90' lang='lat' dir='ltr'>Unde</span> <span class='ocrx_word' id='word_1_421' title='bbox 2236 2777 2292 2827; x_wconf 91' lang='lat' dir='ltr'>et</span> <span class='ocrx_word' id='word_1_422' title='bbox 2306 2771 2591 2833; x_wconf 90' lang='lat' dir='ltr'>subditur:</span> 
     </span>
    </p>
   </div>
   <div class='ocr_carea' id='block_1_59' title="bbox 2614 2870 3089 2937">
    <p class='ocr_par' dir='ltr' id='par_1_59' title="bbox 2614 2870 3089 2937">
     <span class='ocr_line' id='line_1_61' title="bbox 2614 2870 3089 2937; baseline 0.023 -10"><span class='ocrx_word' id='word_1_423' title='bbox 2614 2870 2844 2930; x_wconf 86' lang='lat' dir='ltr'>CAPUT</span> <span class='ocrx_word' id='word_1_424' title='bbox 2881 2877 3089 2937; x_wconf 85' lang='lat' dir='ltr'><strong>XXVI.</strong></span> 
     </span>
    </p>
   </div>
   <div class='ocr_carea' id='block_1_60' title="bbox 2123 2967 3316 3048">
    <p class='ocr_par' dir='ltr' id='par_1_60' title="bbox 2123 2967 3316 3048">
     <span class='ocr_line' id='line_1_62' title="bbox 2123 2967 3316 3048; baseline 0.018 -23"><span class='ocrx_word' id='word_1_425' title='bbox 2123 2967 2294 3028; x_wconf 69' lang='lat' dir='ltr'>Vnus.</span> <span class='ocrx_word' id='word_1_426' title='bbox 2337 2973 2422 3029; x_wconf 78' lang='lat' dir='ltr'>i5.</span> <span class='ocrx_word' id='word_1_427' title='bbox 2454 3003 2526 3017; x_wconf 89' lang='lat'><strong><em>—</em></strong></span> <span class='ocrx_word' id='word_1_428' title='bbox 2552 2977 2813 3036; x_wconf 77' lang='lat' dir='ltr'>Reductus</span> <span class='ocrx_word' id='word_1_429' title='bbox 2838 2999 2956 3039; x_wconf 87' lang='lat' dir='ltr'>sum</span> <span class='ocrx_word' id='word_1_430' title='bbox 2986 2984 3042 3040; x_wconf 86' lang='lat' dir='ltr'>in</span> <span class='ocrx_word' id='word_1_431' title='bbox 3066 2987 3316 3048; x_wconf 80' lang='lat' dir='ltr'>nihilum.</span> 
     </span>
    </p>
   </div>
   <div class='ocr_carea' id='block_1_61' title="bbox 2120 3057 3659 3155">
    <p class='ocr_par' dir='ltr' id='par_1_61' title="bbox 2120 3057 3659 3155">
     <span class='ocr_line' id='line_1_63' title="bbox 2120 3057 3659 3155; baseline 0.021 -44"><span class='ocrx_word' id='word_1_432' title='bbox 2120 3057 2210 3115; x_wconf 78' lang='lat'>55.</span> <span class='ocrx_word' id='word_1_433' title='bbox 2240 3059 2503 3132; x_wconf 85' lang='lat' dir='ltr'>Despectis</span> <span class='ocrx_word' id='word_1_434' title='bbox 2516 3065 2657 3119; x_wconf 83' lang='lat' dir='ltr'>veris</span> <span class='ocrx_word' id='word_1_435' title='bbox 2685 3067 2851 3138; x_wconf 85' lang='lat' dir='ltr'>bonis,</span> <span class='ocrx_word' id='word_1_436' title='bbox 2874 3074 3115 3130; x_wconf 80' lang='lat' dir='ltr'>carnales</span> <span class='ocrx_word' id='word_1_437' title='bbox 3139 3078 3324 3148; x_wconf 70' lang='lat' dir='ltr'>ﬂuxis,</span> <span class='ocrx_word' id='word_1_438' title='bbox 3338 3096 3455 3137; x_wconf 88' lang='lat' dir='ltr'>cum</span> <span class='ocrx_word' id='word_1_439' title='bbox 3470 3086 3659 3155; x_wconf 87' lang='lat' dir='ltr'>quibus</span> 
     </span>
    </p>
   </div>
   <div class='ocr_carea' id='block_1_62' title="bbox 327 3134 3657 3250">
    <p class='ocr_par' dir='ltr' id='par_1_62' title="bbox 327 3134 3657 3250">
     <span class='ocr_line' id='line_1_64' title="bbox 327 3134 3657 3250; baseline 0.011 -61"><span class='ocrx_word' id='word_1_440' title='bbox 327 3134 491 3191; x_wconf 75' lang='lat' dir='ltr'>seria.</span> <span class='ocrx_word' id='word_1_441' title='bbox 512 3167 581 3179; x_wconf 89' lang='lat'><em>—</em></span> <span class='ocrx_word' id='word_1_442' title='bbox 609 3137 755 3207; x_wconf 90' lang='lat' dir='ltr'>Quid</span> <span class='ocrx_word' id='word_1_443' title='bbox 776 3140 885 3199; x_wconf 94' lang='lat' dir='ltr'>hoc</span> <span class='ocrx_word' id='word_1_444' title='bbox 908 3144 1029 3202; x_wconf 93' lang='lat' dir='ltr'>loco</span> <span class='ocrx_word' id='word_1_445' title='bbox 1045 3148 1191 3204; x_wconf 90' lang='lat' dir='ltr'>muri</span> <span class='ocrx_word' id='word_1_446' title='bbox 1221 3152 1449 3209; x_wconf 91' lang='lat' dir='ltr'>nomine</span> <span class='ocrx_word' id='word_1_447' title='bbox 1474 3155 1585 3211; x_wconf 89' lang='lat' dir='ltr'>nisi</span> <span class='ocrx_word' id='word_1_448' title='bbox 1612 3134 1952 3234; x_wconf 59' lang='lat' dir='ltr'>Iledemptor</span> <span class='ocrx_word' id='word_1_449' title='bbox 1984 3156 2027 3217; x_wconf 76' lang='grc' dir='ltr'>ο</span> <span class='ocrx_word' id='word_1_450' title='bbox 2056 3154 2299 3250; x_wconf 66' lang='lat' dir='ltr'>pereunt,</span> <span class='ocrx_word' id='word_1_451' title='bbox 2348 3149 2670 3250; x_wconf 70' lang='lat' dir='ltr'>innituntur.</span> <span class='ocrx_word' id='word_1_452' title='bbox 2702 3161 2963 3250; x_wconf 53' lang='lat' dir='ltr'>—_npud</span> <span class='ocrx_word' id='word_1_453' title='bbox 2991 3164 3410 3227; x_wconf 55' lang='lat' dir='ltr'>aestimationem</span> <span class='ocrx_word' id='word_1_454' title='bbox 3455 3176 3657 3250; x_wconf 79' lang='lat' dir='ltr'>quippe</span> 
     </span>
     <span class='ocr_line' id='line_1_65' title="bbox 330 3222 1247 3250; baseline 0 0"><span class='ocrx_word' id='word_1_455' title='bbox 330 3222 556 3250; x_wconf 70' lang='lat' dir='ltr'>L....~.-..:</span> <span class='ocrx_word' id='word_1_456' title='bbox 594 3228 800 3250; x_wconf 74' lang='lat'>..-_-_.:-</span> <span class='ocrx_word' id='word_1_457' title='bbox 836 3233 1065 3250; x_wconf 25' lang='lat' dir='ltr'>_Annn,.</span> <span class='ocrx_word' id='word_1_458' title='bbox 1158 3236 1247 3250; x_wconf 59' lang='lat' dir='ltr'>ﬂ“</span> 
     </span>
    </p>
   </div>
   <div class='ocr_carea' id='block_1_63' title="bbox 329 3222 1936 3315">
    <p class='ocr_par' dir='ltr' id='par_1_63' title="bbox 329 3222 1936 3315">
     <span class='ocr_line' id='line_1_66' title="bbox 329 3222 1936 3315; baseline 0.02 -38"><span class='ocrx_word' id='word_1_459' title='bbox 329 3222 560 3281; x_wconf 88' lang='lat' dir='ltr'>humani</span> <span class='ocrx_word' id='word_1_460' title='bbox 589 3228 803 3299; x_wconf 88' lang='lat' dir='ltr'>generis</span> <span class='ocrx_word' id='word_1_461' title='bbox 830 3233 1186 3304; x_wconf 79' lang='lat' dir='ltr'>appellatur?</span> <span class='ocrx_word' id='word_1_462' title='bbox 1206 3239 1286 3294; x_wconf 91' lang='lat' dir='ltr'>De</span> <span class='ocrx_word' id='word_1_463' title='bbox 1314 3255 1424 3313; x_wconf 92' lang='lat' dir='ltr'>quo</span> <span class='ocrx_word' id='word_1_464' title='bbox 1453 3258 1553 3315; x_wconf 91' lang='lat' dir='ltr'>pro</span> <span class='ocrx_word' id='word_1_465' title='bbox 1581 3254 1786 3304; x_wconf 77' lang='lat' dir='ltr'>sach</span> <span class='ocrx_word' id='word_1_466' title='bbox 1815 3222 1936 3309; x_wconf 62' lang='lat' dir='ltr'>iic-</span> 
     </span>
    </p>
   </div>
   <div class='ocr_carea' id='block_1_64' title="bbox 326 3312 1936 3399">
    <p class='ocr_par' dir='ltr' id='par_1_64' title="bbox 326 3312 1936 3399">
     <span class='ocr_line' id='line_1_67' title="bbox 326 3312 1936 3399; baseline 0.019 -30"><span class='ocrx_word' id='word_1_467' title='bbox 326 3312 508 3371; x_wconf 70' lang='lat' dir='ltr'>clesia:</span> <span class='ocrx_word' id='word_1_468' title='bbox 537 3315 901 3376; x_wconf 76' lang='lat' dir='ltr'>aediﬁcatione</span> <span class='ocrx_word' id='word_1_469' title='bbox 930 3338 1029 3395; x_wconf 90' lang='lat' dir='ltr'>per</span> <span class='ocrx_word' id='word_1_470' title='bbox 1059 3312 1384 3399; x_wconf 87' lang='lat' dir='ltr'>prophetam</span> <span class='ocrx_word' id='word_1_471' title='bbox 1415 3312 1653 3392; x_wconf 80' lang='lat' dir='ltr'>dicitur:</span> <span class='ocrx_word' id='word_1_472' title='bbox 1698 3340 1936 3399; x_wconf 80' lang='lat' dir='ltr'>Ponetur</span> 
     </span>
    </p>
   </div>
   <div class='ocr_carea' id='block_1_65' title="bbox 322 3406 1934 3500">
    <p class='ocr_par' dir='ltr' id='par_1_65' title="bbox 322 3406 1934 3500">
     <span class='ocr_line' id='line_1_68' title="bbox 322 3406 1934 3500; baseline 0.019 -41"><span class='ocrx_word' id='word_1_473' title='bbox 322 3406 383 3460; x_wconf 85' lang='lat' dir='ltr'>in</span> <span class='ocrx_word' id='word_1_474' title='bbox 414 3422 471 3461; x_wconf 86' lang='lat' dir='ltr'>ea</span> <span class='ocrx_word' id='word_1_475' title='bbox 498 3424 685 3464; x_wconf 83' lang='lat' dir='ltr'>murus</span> <span class='ocrx_word' id='word_1_476' title='bbox 713 3417 761 3465; x_wconf 90' lang='lat' dir='ltr'>et</span> <span class='ocrx_word' id='word_1_477' title='bbox 786 3417 1117 3471; x_wconf 87' lang='lat' dir='ltr'>antemurale</span> <span class='ocrx_word' id='word_1_478' title='bbox 1134 3418 1299 3489; x_wconf 85' lang='lat' dir='ltr'>(Isai.</span> <span class='ocrx_word' id='word_1_479' title='bbox 1332 3437 1491 3491; x_wconf 80' lang='lat' dir='ltr'>xxvr,</span> <span class='ocrx_word' id='word_1_480' title='bbox 1524 3425 1602 3497; x_wconf 87' lang='grc'>1).</span> <span class='ocrx_word' id='word_1_481' title='bbox 1636 3428 1757 3500; x_wconf 90' lang='lat' dir='ltr'>Ipse</span> <span class='ocrx_word' id='word_1_482' title='bbox 1784 3433 1934 3491; x_wconf 90' lang='lat' dir='ltr'>enim</span> 
     </span>
    </p>
   </div>
   <div class='ocr_carea' id='block_1_66' title="bbox 322 3494 1933 3589">
    <p class='ocr_par' dir='ltr' id='par_1_66' title="bbox 322 3494 1933 3589">
     <span class='ocr_line' id='line_1_69' title="bbox 322 3494 1933 3589; baseline 0.018 -40"><span class='ocrx_word' id='word_1_483' title='bbox 322 3494 488 3552; x_wconf 90' lang='lat' dir='ltr'>nobis</span> <span class='ocrx_word' id='word_1_484' title='bbox 517 3513 709 3555; x_wconf 91' lang='lat' dir='ltr'>murus</span> <span class='ocrx_word' id='word_1_485' title='bbox 736 3508 838 3570; x_wconf 90' lang='lat' dir='ltr'>est,</span> <span class='ocrx_word' id='word_1_486' title='bbox 863 3502 957 3575; x_wconf 90' lang='lat' dir='ltr'>qui</span> <span class='ocrx_word' id='word_1_487' title='bbox 987 3502 1059 3559; x_wconf 86' lang='lat' dir='ltr'>ad</span> <span class='ocrx_word' id='word_1_488' title='bbox 1087 3506 1253 3564; x_wconf 90' lang='lat' dir='ltr'>corda</span> <span class='ocrx_word' id='word_1_489' title='bbox 1266 3519 1454 3568; x_wconf 89' lang='lat' dir='ltr'>nostra</span> <span class='ocrx_word' id='word_1_490' title='bbox 1481 3515 1791 3589; x_wconf 87' lang='lat' dir='ltr'>pertingere</span> <span class='ocrx_word' id='word_1_491' title='bbox 1821 3538 1933 3578; x_wconf 91' lang='lat' dir='ltr'>ma-</span> 
     </span>
    </p>
   </div>
   <div class='ocr_carea' id='block_1_67' title="bbox 322 3583 1934 3683">
    <p class='ocr_par' dir='ltr' id='par_1_67' title="bbox 322 3583 1934 3683">
     <span class='ocr_line' id='line_1_70' title="bbox 322 3583 1934 3683; baseline 0.019 -46"><span class='ocrx_word' id='word_1_492' title='bbox 322 3583 606 3656; x_wconf 84' lang='lat' dir='ltr'>lignorum</span> <span class='ocrx_word' id='word_1_493' title='bbox 641 3588 934 3659; x_wconf 89' lang='lat' dir='ltr'>spirituum</span> <span class='ocrx_word' id='word_1_494' title='bbox 965 3609 1188 3652; x_wconf 89' lang='lat' dir='ltr'>cursum</span> <span class='ocrx_word' id='word_1_495' title='bbox 1215 3606 1383 3655; x_wconf 89' lang='lat' dir='ltr'>vetat.</span> <span class='ocrx_word' id='word_1_496' title='bbox 1416 3583 1522 3669; x_wconf 76' lang='lat' dir='ltr'>Qui</span> <span class='ocrx_word' id='word_1_497' title='bbox 1552 3583 1755 3665; x_wconf 60' lang='lat' dir='ltr'>nostra;</span> <span class='ocrx_word' id='word_1_498' title='bbox 1786 3626 1934 3683; x_wconf 89' lang='lat' dir='ltr'>quo-</span> 
     </span>
    </p>
   </div>
   <div class='ocr_carea' id='block_1_68' title="bbox 319 3671 1931 3771">
    <p class='ocr_par' dir='ltr' id='par_1_68' title="bbox 319 3671 1931 3771">
     <span class='ocr_line' id='line_1_71' title="bbox 319 3671 1931 3771; baseline 0.022 -49"><span class='ocrx_word' id='word_1_499' title='bbox 319 3687 434 3744; x_wconf 86' lang='lat' dir='ltr'>que</span> <span class='ocrx_word' id='word_1_500' title='bbox 464 3671 600 3727; x_wconf 81' lang='lat' dir='ltr'>ﬁdei</span> <span class='ocrx_word' id='word_1_501' title='bbox 649 3676 811 3733; x_wconf 89' lang='lat' dir='ltr'>etiam</span> <span class='ocrx_word' id='word_1_502' title='bbox 840 3685 1176 3740; x_wconf 89' lang='lat' dir='ltr'>antemurale</span> <span class='ocrx_word' id='word_1_503' title='bbox 1213 3687 1418 3758; x_wconf 90' lang='lat' dir='ltr'>posuit,</span> <span class='ocrx_word' id='word_1_504' title='bbox 1449 3691 1581 3763; x_wconf 86' lang='lat' dir='ltr'>quia</span> <span class='ocrx_word' id='word_1_505' title='bbox 1607 3671 1931 3771; x_wconf 76' lang='lat' dir='ltr'>priusquam</span> 
     </span>
    </p>
   </div>
   <div class='ocr_carea' id='block_1_69' title="bbox 314 3771 1930 3859">
    <p class='ocr_par' dir='ltr' id='par_1_69' title="bbox 314 3771 1930 3859">
     <span class='ocr_line' id='line_1_72' title="bbox 314 3771 1930 3859; baseline 0.02 -45"><span class='ocrx_word' id='word_1_506' title='bbox 314 3777 377 3817; x_wconf 90' lang='lat' dir='ltr'>se</span> <span class='ocrx_word' id='word_1_507' title='bbox 412 3776 514 3833; x_wconf 90' lang='lat' dir='ltr'>per</span> <span class='ocrx_word' id='word_1_508' title='bbox 540 3779 757 3823; x_wconf 86' lang='lat' dir='ltr'>carnem</span> <span class='ocrx_word' id='word_1_509' title='bbox 788 3771 1094 3831; x_wconf 86' lang='lat' dir='ltr'>ostenderet</span> <span class='ocrx_word' id='word_1_510' title='bbox 1120 3776 1508 3848; x_wconf 84' lang='lat' dir='ltr'>praedicatores</span> <span class='ocrx_word' id='word_1_511' title='bbox 1554 3784 1641 3839; x_wconf 92' lang='lat' dir='ltr'>sui</span> <span class='ocrx_word' id='word_1_512' title='bbox 1677 3790 1930 3859; x_wconf 85' lang='lat' dir='ltr'>mysterii</span> 
     </span>
    </p>
   </div>
   <div class='ocr_carea' id='block_1_70' title="bbox 316 3851 1930 3938">
    <p class='ocr_par' dir='ltr' id='par_1_70' title="bbox 316 3851 1930 3938">
     <span class='ocr_line' id='line_1_73' title="bbox 316 3851 1930 3938; baseline 0.02 -33"><span class='ocrx_word' id='word_1_513' title='bbox 316 3851 620 3925; x_wconf 88' lang='lat' dir='ltr'>prophetas</span> <span class='ocrx_word' id='word_1_514' title='bbox 656 3856 827 3914; x_wconf 88' lang='lat' dir='ltr'>misit.</span> <span class='ocrx_word' id='word_1_515' title='bbox 866 3860 1032 3918; x_wconf 86' lang='lat' dir='ltr'>Recte</span> <span class='ocrx_word' id='word_1_516' title='bbox 1079 3865 1281 3938; x_wconf 89' lang='lat' dir='ltr'>quippe</span> <span class='ocrx_word' id='word_1_517' title='bbox 1310 3873 1672 3930; x_wconf 88' lang='lat' dir='ltr'>antemuralis</span> <span class='ocrx_word' id='word_1_518' title='bbox 1700 3851 1930 3937; x_wconf 77' lang='lat' dir='ltr'>nomine</span> 
     </span>
    </p>
   </div>
   <div class='ocr_carea' id='block_1_71' title="bbox 319 3948 1929 4035">
    <p class='ocr_par' dir='ltr' id='par_1_71' title="bbox 319 3948 1929 4035">
     <span class='ocr_line' id='line_1_74' title="bbox 319 3948 1929 4035; baseline 0.02 -39"><span class='ocrx_word' id='word_1_519' title='bbox 319 3952 610 4016; x_wconf 87' lang='lat' dir='ltr'>vocantur,</span> <span class='ocrx_word' id='word_1_520' title='bbox 668 3948 799 4021; x_wconf 89' lang='lat' dir='ltr'>quia</span> <span class='ocrx_word' id='word_1_521' title='bbox 843 3949 974 4008; x_wconf 90' lang='lat' dir='ltr'>dum</span> <span class='ocrx_word' id='word_1_522' title='bbox 1023 3953 1445 4030; x_wconf 90' lang='lat' dir='ltr'>subsequentem</span> <span class='ocrx_word' id='word_1_523' title='bbox 1487 3964 1929 4035; x_wconf 68' lang='lat' dir='ltr'>praedicaverunt</span> 
     </span>
    </p>
   </div>
   <div class='ocr_carea' id='block_1_72' title="bbox 316 4032 1926 4132">
    <p class='ocr_par' dir='ltr' id='par_1_72' title="bbox 316 4032 1926 4132">
     <span class='ocr_line' id='line_1_75' title="bbox 316 4032 1926 4132; baseline 0.018 -44"><span class='ocrx_word' id='word_1_524' title='bbox 316 4032 641 4106; x_wconf 89' lang='lat' dir='ltr'>Dominum,</span> <span class='ocrx_word' id='word_1_525' title='bbox 673 4040 830 4112; x_wconf 91' lang='lat' dir='ltr'>quasi</span> <span class='ocrx_word' id='word_1_526' title='bbox 859 4050 987 4100; x_wconf 90' lang='lat' dir='ltr'>ante</span> <span class='ocrx_word' id='word_1_527' title='bbox 1014 4061 1236 4103; x_wconf 90' lang='lat' dir='ltr'>murum</span> <span class='ocrx_word' id='word_1_528' title='bbox 1273 4032 1564 4111; x_wconf 80' lang='lat' dir='ltr'>steterunt.</span> <span class='ocrx_word' id='word_1_529' title='bbox 1611 4056 1717 4113; x_wconf 87' lang='lat' dir='ltr'>Sed</span> <span class='ocrx_word' id='word_1_530' title='bbox 1769 4047 1926 4132; x_wconf 89' lang='lat' dir='ltr'>quasi</span> 
     </span>
    </p>
   </div>
   <div class='ocr_carea' id='block_1_73' title="bbox 316 4128 1926 4212">
    <p class='ocr_par' dir='ltr' id='par_1_73' title="bbox 316 4128 1926 4212">
     <span class='ocr_line' id='line_1_76' title="bbox 316 4128 1926 4212; baseline 0.018 -35"><span class='ocrx_word' id='word_1_531' title='bbox 316 4137 509 4181; x_wconf 90' lang='lat' dir='ltr'>murus</span> <span class='ocrx_word' id='word_1_532' title='bbox 536 4128 818 4200; x_wconf 89' lang='lat' dir='ltr'>rumpitur</span> <span class='ocrx_word' id='word_1_533' title='bbox 840 4148 968 4189; x_wconf 91' lang='lat' dir='ltr'>cum</span> <span class='ocrx_word' id='word_1_534' title='bbox 987 4150 1287 4207; x_wconf 90' lang='lat' dir='ltr'>pravorum</span> <span class='ocrx_word' id='word_1_535' title='bbox 1309 4142 1762 4212; x_wconf 88' lang='lat' dir='ltr'>persuasionibus</span> <span class='ocrx_word' id='word_1_536' title='bbox 1788 4147 1926 4206; x_wconf 84' lang='lat' dir='ltr'>ﬁdes</span> 
     </span>
    </p>
   </div>
   <div class='ocr_carea' id='block_1_74' title="bbox 314 4213 1924 4303">
    <p class='ocr_par' dir='ltr' id='par_1_74' title="bbox 314 4213 1924 4303">
     <span class='ocr_line' id='line_1_77' title="bbox 314 4213 1924 4303; baseline 0.019 -38"><span class='ocrx_word' id='word_1_537' title='bbox 314 4226 437 4283; x_wconf 67' lang='lat' dir='ltr'>quae</span> <span class='ocrx_word' id='word_1_538' title='bbox 464 4213 524 4269; x_wconf 93' lang='lat' dir='ltr'>in</span> <span class='ocrx_word' id='word_1_539' title='bbox 547 4214 913 4292; x_wconf 85' lang='lat' dir='ltr'>Redemptore</span> <span class='ocrx_word' id='word_1_540' title='bbox 942 4230 1133 4281; x_wconf 89' lang='lat' dir='ltr'>nostro</span> <span class='ocrx_word' id='word_1_541' title='bbox 1162 4234 1245 4283; x_wconf 91' lang='lat' dir='ltr'>est</span> <span class='ocrx_word' id='word_1_542' title='bbox 1273 4227 1333 4284; x_wconf 93' lang='lat' dir='ltr'>in</span> <span class='ocrx_word' id='word_1_543' title='bbox 1359 4232 1728 4303; x_wconf 89' lang='lat' dir='ltr'>quorumdam</span> <span class='ocrx_word' id='word_1_544' title='bbox 1757 4238 1924 4294; x_wconf 89' lang='lat' dir='ltr'>corde</span> 
     </span>
    </p>
   </div>
   <div class='ocr_carea' id='block_1_75' title="bbox 313 4298 1924 4397">
    <p class='ocr_par' dir='ltr' id='par_1_75' title="bbox 313 4298 1924 4397">
     <span class='ocr_line' id='line_1_78' title="bbox 313 4298 1924 4397; baseline 0.018 -42"><span class='ocrx_word' id='word_1_545' title='bbox 313 4298 635 4374; x_wconf 85' lang='lat' dir='ltr'>dissipatur.</span> <span class='ocrx_word' id='word_1_546' title='bbox 684 4305 937 4382; x_wconf 90' lang='lat' dir='ltr'>Cumque</span> <span class='ocrx_word' id='word_1_547' title='bbox 983 4314 1256 4384; x_wconf 90' lang='lat' dir='ltr'>perversis</span> <span class='ocrx_word' id='word_1_548' title='bbox 1286 4316 1346 4373; x_wconf 93' lang='lat' dir='ltr'>in</span> <span class='ocrx_word' id='word_1_549' title='bbox 1374 4298 1479 4378; x_wconf 81' lang='lat' dir='ltr'>hac</span> <span class='ocrx_word' id='word_1_550' title='bbox 1519 4320 1637 4378; x_wconf 90' lang='lat' dir='ltr'>vita</span> <span class='ocrx_word' id='word_1_551' title='bbox 1681 4332 1924 4397; x_wconf 87' lang='lat' dir='ltr'>potestas</span> 
     </span>
    </p>
   </div>
   <div class='ocr_carea' id='block_1_76' title="bbox 311 4388 1924 4484">
    <p class='ocr_par' dir='ltr' id='par_1_76' title="bbox 311 4388 1924 4484">
     <span class='ocr_line' id='line_1_79' title="bbox 311 4388 1924 4484; baseline 0.018 -40"><span class='ocrx_word' id='word_1_552' title='bbox 311 4388 601 4463; x_wconf 88' lang='lat' dir='ltr'>tribuitur,</span> <span class='ocrx_word' id='word_1_553' title='bbox 632 4395 768 4468; x_wconf 87' lang='lat' dir='ltr'>quid</span> <span class='ocrx_word' id='word_1_554' title='bbox 811 4398 965 4456; x_wconf 91' lang='lat' dir='ltr'>aliud</span> <span class='ocrx_word' id='word_1_555' title='bbox 994 4417 1158 4475; x_wconf 87' lang='lat' dir='ltr'>quam</span> <span class='ocrx_word' id='word_1_556' title='bbox 1195 4403 1366 4476; x_wconf 90' lang='lat' dir='ltr'>janua</span> <span class='ocrx_word' id='word_1_557' title='bbox 1394 4410 1598 4466; x_wconf 89' lang='lat' dir='ltr'>erroris</span> <span class='ocrx_word' id='word_1_558' title='bbox 1630 4388 1875 4484; x_wconf 75' lang='lat' dir='ltr'>aperitur</span> <span class='ocrx_word' id='word_1_559' title='bbox 1894 4416 1924 4475; x_wconf 78' lang='lat'><strong><em>?</em></strong></span> 
     </span>
    </p>
   </div>
   <div class='ocr_carea' id='block_1_77' title="bbox 2048 3237 3656 3340">
    <p class='ocr_par' dir='ltr' id='par_1_77' title="bbox 2048 3237 3656 3340">
     <span class='ocr_line' id='line_1_80' title="bbox 2048 3237 3656 3340; baseline 0.021 -49"><span class='ocrx_word' id='word_1_560' title='bbox 2048 3237 2319 3295; x_wconf 89' lang='lat' dir='ltr'>malorum</span> <span class='ocrx_word' id='word_1_561' title='bbox 2349 3239 2407 3296; x_wconf 92' lang='lat' dir='ltr'>in</span> <span class='ocrx_word' id='word_1_562' title='bbox 2436 3242 2678 3302; x_wconf 89' lang='lat' dir='ltr'>nihilum</span> <span class='ocrx_word' id='word_1_563' title='bbox 2710 3247 3031 3323; x_wconf 87' lang='lat' dir='ltr'>redigimur,</span> <span class='ocrx_word' id='word_1_564' title='bbox 3059 3257 3279 3328; x_wconf 89' lang='lat' dir='ltr'>quando</span> <span class='ocrx_word' id='word_1_565' title='bbox 3306 3254 3369 3317; x_wconf 90' lang='lat' dir='ltr'>ea</span> <span class='ocrx_word' id='word_1_566' title='bbox 3397 3237 3518 3337; x_wconf 58' lang='lat' dir='ltr'>quin</span> <span class='ocrx_word' id='word_1_567' title='bbox 3549 3266 3656 3340; x_wconf 90' lang='lat' dir='ltr'>ipsi</span> 
     </span>
    </p>
   </div>
   <div class='ocr_carea' id='block_1_78' title="bbox 2046 3327 3651 3415">
    <p class='ocr_par' dir='ltr' id='par_1_78' title="bbox 2046 3327 3651 3415">
     <span class='ocr_line' id='line_1_81' title="bbox 2046 3327 3651 3415; baseline 0.02 -34"><span class='ocrx_word' id='word_1_568' title='bbox 2046 3327 2203 3399; x_wconf 90' lang='lat' dir='ltr'>quasi</span> <span class='ocrx_word' id='word_1_569' title='bbox 2220 3345 2435 3387; x_wconf 90' lang='lat' dir='ltr'>summa</span> <span class='ocrx_word' id='word_1_570' title='bbox 2464 3331 2705 3407; x_wconf 88' lang='lat' dir='ltr'>diligunt</span> <span class='ocrx_word' id='word_1_571' title='bbox 2731 3336 2875 3394; x_wconf 92' lang='lat' dir='ltr'>bona</span> <span class='ocrx_word' id='word_1_572' title='bbox 2900 3327 3225 3415; x_wconf 88' lang='lat' dir='ltr'>temporalia</span> <span class='ocrx_word' id='word_1_573' title='bbox 3238 3364 3350 3405; x_wconf 92' lang='lat' dir='ltr'>non</span> <span class='ocrx_word' id='word_1_574' title='bbox 3378 3327 3651 3413; x_wconf 74' lang='lat' dir='ltr'>tenemus.</span> 
     </span>
    </p>
   </div>
   <div class='ocr_carea' id='block_1_79' title="bbox 2044 3417 3655 3510">
    <p class='ocr_par' dir='ltr' id='par_1_79' title="bbox 2044 3417 3655 3510">
     <span class='ocr_line' id='line_1_82' title="bbox 2044 3417 3655 3510; baseline 0.019 -39"><span class='ocrx_word' id='word_1_575' title='bbox 2044 3417 2322 3490; x_wconf 87' lang='lat' dir='ltr'>Despectis</span> <span class='ocrx_word' id='word_1_576' title='bbox 2362 3437 2597 3497; x_wconf 91' lang='lat' dir='ltr'>namque</span> <span class='ocrx_word' id='word_1_577' title='bbox 2625 3429 2877 3501; x_wconf 89' lang='lat' dir='ltr'>supernis</span> <span class='ocrx_word' id='word_1_578' title='bbox 2913 3433 3393 3510; x_wconf 90' lang='lat' dir='ltr'>promissionibus,</span> <span class='ocrx_word' id='word_1_579' title='bbox 3437 3449 3655 3504; x_wconf 88' lang='lat' dir='ltr'>terrena</span> 
     </span>
    </p>
   </div>
   <div class='ocr_carea' id='block_1_80' title="bbox 2044 3504 3652 3604">
    <p class='ocr_par' dir='ltr' id='par_1_80' title="bbox 2044 3504 3652 3604">
     <span class='ocr_line' id='line_1_83' title="bbox 2044 3504 3652 3604; baseline 0.02 -43"><span class='ocrx_word' id='word_1_580' title='bbox 2044 3504 2378 3579; x_wconf 88' lang='lat' dir='ltr'>desiderant,</span> <span class='ocrx_word' id='word_1_581' title='bbox 2410 3521 2465 3569; x_wconf 91' lang='lat' dir='ltr'>et</span> <span class='ocrx_word' id='word_1_582' title='bbox 2492 3513 2538 3570; x_wconf 90' lang='lat' dir='ltr'>si</span> <span class='ocrx_word' id='word_1_583' title='bbox 2569 3518 2789 3589; x_wconf 89' lang='lat' dir='ltr'>quando</span> <span class='ocrx_word' id='word_1_584' title='bbox 2818 3520 2878 3575; x_wconf 92' lang='lat' dir='ltr'>in</span> <span class='ocrx_word' id='word_1_585' title='bbox 2905 3504 3096 3581; x_wconf 86' lang='lat' dir='ltr'>eorum</span> <span class='ocrx_word' id='word_1_586' title='bbox 3126 3536 3309 3585; x_wconf 89' lang='lat' dir='ltr'>mente</span> <span class='ocrx_word' id='word_1_587' title='bbox 3338 3504 3553 3604; x_wconf 87' lang='lat' dir='ltr'>aliquid</span> <span class='ocrx_word' id='word_1_588' title='bbox 3583 3534 3652 3592; x_wconf 88' lang='lat' dir='ltr'>de</span> 
     </span>
    </p>
   </div>
   <div class='ocr_carea' id='block_1_81' title="bbox 2041 3599 3741 3684">
    <p class='ocr_par' dir='ltr' id='par_1_81' title="bbox 2041 3599 3741 3684">
     <span class='ocr_line' id='line_1_84' title="bbox 2041 3599 3741 3684; baseline 0.02 -33"><span class='ocrx_word' id='word_1_589' title='bbox 2041 3599 2287 3669; x_wconf 90' lang='lat' dir='ltr'>appetitu</span> <span class='ocrx_word' id='word_1_590' title='bbox 2315 3604 2636 3662; x_wconf 84' lang='lat' dir='ltr'>aeternitatis</span> <span class='ocrx_word' id='word_1_591' title='bbox 2664 3609 2861 3680; x_wconf 90' lang='lat' dir='ltr'>oritur,</span> <span class='ocrx_word' id='word_1_592' title='bbox 2891 3612 3115 3670; x_wconf 88' lang='lat' dir='ltr'>suborta</span> <span class='ocrx_word' id='word_1_593' title='bbox 3141 3616 3308 3675; x_wconf 90' lang='lat' dir='ltr'>citius</span> <span class='ocrx_word' id='word_1_594' title='bbox 3334 3599 3656 3684; x_wconf 81' lang='lat' dir='ltr'>transitoria</span> <span class='ocrx_word' id='word_1_595' title='bbox 3736 3641 3741 3645; x_wconf 74' lang='lat'><em>‘</em></span> 
     </span>
    </p>
   </div>
   <div class='ocr_carea' id='block_1_82' title="bbox 2042 3691 3650 3792">
    <p class='ocr_par' dir='ltr' id='par_1_82' title="bbox 2042 3691 3650 3792">
     <span class='ocr_line' id='line_1_85' title="bbox 2042 3691 3650 3792; baseline 0.018 -42"><span class='ocrx_word' id='word_1_596' title='bbox 2042 3691 2188 3750; x_wconf 85' lang='lat'>663</span> <span class='ocrx_word' id='word_1_597' title='bbox 2217 3698 2577 3759; x_wconf 87' lang='lat' dir='ltr'>delectatione</span> <span class='ocrx_word' id='word_1_598' title='bbox 2606 3703 2924 3778; x_wconf 89' lang='lat' dir='ltr'>dissipatur.</span> <span class='ocrx_word' id='word_1_599' title='bbox 2948 3711 3104 3769; x_wconf 89' lang='lat' dir='ltr'>Unde</span> <span class='ocrx_word' id='word_1_600' title='bbox 3130 3720 3186 3770; x_wconf 89' lang='lat' dir='ltr'>et</span> <span class='ocrx_word' id='word_1_601' title='bbox 3213 3717 3402 3774; x_wconf 89' lang='lat' dir='ltr'>statim</span> <span class='ocrx_word' id='word_1_602' title='bbox 3423 3719 3650 3792; x_wconf 88' lang='lat' dir='ltr'>subjun-</span> 
     </span>
    </p>
   </div>
   <div class='ocr_carea' id='block_1_83' title="bbox 2075 3782 2233 3842">
    <p class='ocr_par' dir='ltr' id='par_1_83' title="bbox 2075 3782 2233 3842">
     <span class='ocr_line' id='line_1_86' title="bbox 2075 3782 2233 3842; baseline 0.025 -4"><span class='ocrx_word' id='word_1_603' title='bbox 2075 3782 2187 3840; x_wconf 89' lang='lat' dir='ltr'>itur</span> <span class='ocrx_word' id='word_1_604' title='bbox 2221 3804 2233 3842; x_wconf 90' lang='lat'><strong><em>:</em></strong></span> 
     </span>
    </p>
   </div>
   <div class='ocr_carea' id='block_1_84' title="bbox 2040 3800 3642 3952">
    <p class='ocr_par' dir='ltr' id='par_1_84' title="bbox 2040 3800 3642 3952">
     <span class='ocr_line' id='line_1_87' title="bbox 2075 3800 2233 3842; baseline 0.032 -5"><span class='ocrx_word' id='word_1_605' title='bbox 2075 3800 2092 3837; x_wconf 87' lang='lat'>1</span> <span class='ocrx_word' id='word_1_606' title='bbox 2160 3803 2187 3840; x_wconf 93' lang='lat' dir='ltr'>r</span> <span class='ocrx_word' id='word_1_607' title='bbox 2221 3804 2233 3842; x_wconf 90' lang='lat'><strong>:</strong></span> 
     </span>
     <span class='ocr_line' id='line_1_88' title="bbox 2040 3800 3642 3952; baseline 0.017 -28"><span class='ocrx_word' id='word_1_608' title='bbox 2040 3800 2072 3855; x_wconf 73' lang='lat' dir='ltr'>g</span> <span class='ocrx_word' id='word_1_609' title='bbox 2097 3800 2247 3927; x_wconf 61' lang='grc' dir='ltr'>Ἕω).</span> <span class='ocrx_word' id='word_1_610' title='bbox 2280 3877 2386 3914; x_wconf 72' lang='grc' dir='ltr'>-δ</span> <span class='ocrx_word' id='word_1_611' title='bbox 2417 3875 2700 3933; x_wconf 82' lang='lat' dir='ltr'>Abstulisti</span> <span class='ocrx_word' id='word_1_612' title='bbox 2723 3881 3072 3950; x_wconf 84' lang='lat' dir='ltr'>quasiventus</span> <span class='ocrx_word' id='word_1_613' title='bbox 3100 3886 3424 3945; x_wconf 84' lang='lat' dir='ltr'>desiderium</span> <span class='ocrx_word' id='word_1_614' title='bbox 3448 3908 3642 3952; x_wconf 86' lang='lat' dir='ltr'>meum.</span> 
     </span>
    </p>
   </div>
   <div class='ocr_carea' id='block_1_85' title="bbox 2110 3958 3650 4053">
    <p class='ocr_par' dir='ltr' id='par_1_85' title="bbox 2110 3958 3650 4053">
     <span class='ocr_line' id='line_1_89' title="bbox 2110 3958 3650 4053; baseline 0.018 -39"><span class='ocrx_word' id='word_1_615' title='bbox 2110 3958 2314 4017; x_wconf 88' lang='lat' dir='ltr'>Fidelis</span> <span class='ocrx_word' id='word_1_616' title='bbox 2342 3962 2544 4037; x_wconf 90' lang='lat' dir='ltr'>quippe</span> <span class='ocrx_word' id='word_1_617' title='bbox 2572 3968 2810 4039; x_wconf 89' lang='lat' dir='ltr'>populus</span> <span class='ocrx_word' id='word_1_618' title='bbox 2829 3984 2885 4025; x_wconf 90' lang='lat' dir='ltr'>se</span> <span class='ocrx_word' id='word_1_619' title='bbox 2913 3972 3027 4043; x_wconf 91' lang='lat' dir='ltr'>pati</span> <span class='ocrx_word' id='word_1_620' title='bbox 3044 3972 3359 4048; x_wconf 89' lang='lat' dir='ltr'>denuntiat,</span> <span class='ocrx_word' id='word_1_621' title='bbox 3381 3981 3527 4053; x_wconf 90' lang='lat' dir='ltr'>quod</span> <span class='ocrx_word' id='word_1_622' title='bbox 3556 4000 3650 4041; x_wconf 91' lang='lat' dir='ltr'>eos</span> 
     </span>
    </p>
   </div>
   <div class='ocr_carea' id='block_1_86' title="bbox 2037 4051 3645 4146">
    <p class='ocr_par' dir='ltr' id='par_1_86' title="bbox 2037 4051 3645 4146">
     <span class='ocr_line' id='line_1_90' title="bbox 2037 4051 3645 4146; baseline 0.016 -41"><span class='ocrx_word' id='word_1_623' title='bbox 2037 4065 2174 4124; x_wconf 91' lang='lat' dir='ltr'>quos</span> <span class='ocrx_word' id='word_1_624' title='bbox 2188 4051 2371 4125; x_wconf 89' lang='lat' dir='ltr'>diligit</span> <span class='ocrx_word' id='word_1_625' title='bbox 2390 4055 2503 4127; x_wconf 91' lang='lat' dir='ltr'>pati</span> <span class='ocrx_word' id='word_1_626' title='bbox 2532 4055 2700 4115; x_wconf 91' lang='lat' dir='ltr'>dolet.</span> <span class='ocrx_word' id='word_1_627' title='bbox 2733 4059 2946 4118; x_wconf 85' lang='lat' dir='ltr'>Ventus</span> <span class='ocrx_word' id='word_1_628' title='bbox 2966 4078 3094 4138; x_wconf 90' lang='lat' dir='ltr'>ergo</span> <span class='ocrx_word' id='word_1_629' title='bbox 3110 4051 3446 4127; x_wconf 81' lang='lat' dir='ltr'>desiderium</span> <span class='ocrx_word' id='word_1_630' title='bbox 3476 4073 3645 4146; x_wconf 90' lang='lat' dir='ltr'>tollit,</span> 
     </span>
    </p>
   </div>
   <div class='ocr_carea' id='block_1_87' title="bbox 2034 4144 3644 4235">
    <p class='ocr_par' dir='ltr' id='par_1_87' title="bbox 2034 4144 3644 4235">
     <span class='ocr_line' id='line_1_91' title="bbox 2034 4144 3644 4235; baseline 0.016 -39"><span class='ocrx_word' id='word_1_631' title='bbox 2034 4157 2161 4197; x_wconf 89' lang='lat' dir='ltr'>cum</span> <span class='ocrx_word' id='word_1_632' title='bbox 2201 4159 2288 4199; x_wconf 89' lang='lat' dir='ltr'>res</span> <span class='ocrx_word' id='word_1_633' title='bbox 2324 4144 2583 4217; x_wconf 85' lang='lat' dir='ltr'>quaelibet</span> <span class='ocrx_word' id='word_1_634' title='bbox 2614 4150 2933 4209; x_wconf 89' lang='lat' dir='ltr'>transitoria</span> <span class='ocrx_word' id='word_1_635' title='bbox 2970 4153 3295 4215; x_wconf 67' lang='lat' dir='ltr'>aeternitatis</span> <span class='ocrx_word' id='word_1_636' title='bbox 3340 4144 3644 4235; x_wconf 86' lang='lat' dir='ltr'>appetitum</span> 
     </span>
    </p>
   </div>
   <div class='ocr_carea' id='block_1_88' title="bbox 2034 4230 3347 4316">
    <p class='ocr_par' dir='ltr' id='par_1_88' title="bbox 2034 4230 3347 4316">
     <span class='ocr_line' id='line_1_92' title="bbox 2034 4230 3347 4316; baseline 0.016 -30"><span class='ocrx_word' id='word_1_637' title='bbox 2034 4230 2286 4290; x_wconf 88' lang='lat' dir='ltr'>destruit.</span> <span class='ocrx_word' id='word_1_638' title='bbox 2318 4234 2473 4292; x_wconf 91' lang='lat' dir='ltr'>Unde</span> <span class='ocrx_word' id='word_1_639' title='bbox 2492 4236 2676 4297; x_wconf 89' lang='lat' dir='ltr'>adhuc</span> <span class='ocrx_word' id='word_1_640' title='bbox 2702 4258 2941 4316; x_wconf 88' lang='lat' dir='ltr'>congrue</span> <span class='ocrx_word' id='word_1_641' title='bbox 2959 4245 3303 4306; x_wconf 89' lang='lat' dir='ltr'>subinfertur</span> <span class='ocrx_word' id='word_1_642' title='bbox 3334 4269 3347 4308; x_wconf 93' lang='lat'>:</span> 
     </span>
    </p>
   </div>
   <div class='ocr_carea' id='block_1_89' title="bbox 2102 4323 3461 4404">
    <p class='ocr_par' dir='ltr' id='par_1_89' title="bbox 2102 4323 3461 4404">
     <span class='ocr_line' id='line_1_93' title="bbox 2102 4323 3461 4404; baseline 0.017 -27"><span class='ocrx_word' id='word_1_643' title='bbox 2102 4323 2239 4380; x_wconf 76' lang='lat' dir='ltr'>Iam.</span> <span class='ocrx_word' id='word_1_644' title='bbox 2271 4355 2342 4368; x_wconf 89' lang='lat'><strong>—</strong></span> <span class='ocrx_word' id='word_1_645' title='bbox 2365 4327 2441 4382; x_wconf 92' lang='lat' dir='ltr'>Et</span> <span class='ocrx_word' id='word_1_646' title='bbox 2456 4330 2596 4385; x_wconf 86' lang='lat' dir='ltr'>velut</span> <span class='ocrx_word' id='word_1_647' title='bbox 2614 4331 2772 4387; x_wconf 88' lang='lat' dir='ltr'>nubes</span> <span class='ocrx_word' id='word_1_648' title='bbox 2793 4336 3114 4404; x_wconf 85' lang='lat' dir='ltr'>pertransiit</span> <span class='ocrx_word' id='word_1_649' title='bbox 3139 4339 3288 4395; x_wconf 85' lang='lat' dir='ltr'>salus</span> <span class='ocrx_word' id='word_1_650' title='bbox 3324 4358 3461 4401; x_wconf 89' lang='lat' dir='ltr'>mea.</span> 
     </span>
    </p>
   </div>
   <div class='ocr_carea' id='block_1_90' title="bbox 2102 4411 3721 4494">
    <p class='ocr_par' dir='ltr' id='par_1_90' title="bbox 2102 4411 3721 4494">
     <span class='ocr_line' id='line_1_94' title="bbox 2102 4411 3721 4494; baseline 0.017 -27"><span class='ocrx_word' id='word_1_651' title='bbox 2102 4411 2284 4468; x_wconf 87' lang='lat' dir='ltr'>Nubes</span> <span class='ocrx_word' id='word_1_652' title='bbox 2312 4414 2516 4488; x_wconf 91' lang='lat' dir='ltr'>quippe</span> <span class='ocrx_word' id='word_1_653' title='bbox 2543 4417 2603 4473; x_wconf 91' lang='lat' dir='ltr'>in</span> <span class='ocrx_word' id='word_1_654' title='bbox 2631 4419 2743 4475; x_wconf 90' lang='lat' dir='ltr'>alto</span> <span class='ocrx_word' id='word_1_655' title='bbox 2771 4422 2997 4493; x_wconf 91' lang='lat' dir='ltr'>eminet,</span> <span class='ocrx_word' id='word_1_656' title='bbox 3029 4425 3125 4481; x_wconf 89' lang='lat' dir='ltr'>sed</span> <span class='ocrx_word' id='word_1_657' title='bbox 3152 4425 3300 4486; x_wconf 90' lang='lat' dir='ltr'>hanc</span> <span class='ocrx_word' id='word_1_658' title='bbox 3325 4430 3643 4494; x_wconf 84' lang='lat' dir='ltr'>adcursum</span> <span class='ocrx_word' id='word_1_659' title='bbox 3718 4472 3721 4477; x_wconf 95' lang='lat'><strong><em>-</em></strong></span> 
     </span>
    </p>
   </div>
   <div class='ocr_carea' id='block_1_91' title="bbox 310 4474 3637 4591">
    <p class='ocr_par' dir='ltr' id='par_1_91' title="bbox 310 4474 3637 4591">
     <span class='ocr_line' id='line_1_95' title="bbox 310 4474 3637 4591; baseline 0.015 -58"><span class='ocrx_word' id='word_1_660' title='bbox 310 4474 482 4544; x_wconf 85' lang='lat' dir='ltr'>Quasi</span> <span class='ocrx_word' id='word_1_661' title='bbox 526 4490 688 4552; x_wconf 86' lang='lat' dir='ltr'>rupto</span> <span class='ocrx_word' id='word_1_662' title='bbox 716 4500 843 4559; x_wconf 87' lang='lat' dir='ltr'>ergo</span> <span class='ocrx_word' id='word_1_663' title='bbox 872 4474 1057 4561; x_wconf 81' lang='lat' dir='ltr'>muro,</span> <span class='ocrx_word' id='word_1_664' title='bbox 1095 4501 1150 4550; x_wconf 90' lang='lat' dir='ltr'>et</span> <span class='ocrx_word' id='word_1_665' title='bbox 1177 4474 1365 4566; x_wconf 80' lang='lat' dir='ltr'>aperta</span> <span class='ocrx_word' id='word_1_666' title='bbox 1385 4495 1579 4568; x_wconf 89' lang='lat' dir='ltr'>janua,</span> <span class='ocrx_word' id='word_1_667' title='bbox 1611 4474 1775 4573; x_wconf 72' lang='lat' dir='ltr'>super</span> <span class='ocrx_word' id='word_1_668' title='bbox 1806 4474 1917 4560; x_wconf 54' lang='lat' dir='ltr'>bo;</span> <span class='ocrx_word' id='word_1_669' title='bbox 1951 4529 2001 4591; x_wconf 82' lang='lat' dir='ltr'><strong>D</strong></span> <span class='ocrx_word' id='word_1_670' title='bbox 2031 4496 2194 4555; x_wconf 88' lang='lat' dir='ltr'>ﬂatus</span> <span class='ocrx_word' id='word_1_671' title='bbox 2222 4474 2479 4591; x_wconf 40' lang='lat' dir='ltr'>impellit:</span> <span class='ocrx_word' id='word_1_672' title='bbox 2511 4506 2601 4562; x_wconf 90' lang='lat' dir='ltr'>Sic</span> <span class='ocrx_word' id='word_1_673' title='bbox 2621 4474 3010 4580; x_wconf 70' lang='lat' dir='ltr'>nimirum,sic</span> <span class='ocrx_word' id='word_1_674' title='bbox 3037 4523 3169 4571; x_wconf 90' lang='lat' dir='ltr'>sunt</span> <span class='ocrx_word' id='word_1_675' title='bbox 3186 4522 3511 4591; x_wconf 89' lang='lat' dir='ltr'>temporalia</span> <span class='ocrx_word' id='word_1_676' title='bbox 3530 4523 3637 4582; x_wconf 88' lang='lat' dir='ltr'>ini-</span> 
     </span>
    </p>
   </div>
   <div class='ocr_carea' id='block_1_92' title="bbox 309 4566 1919 4662">
    <p class='ocr_par' dir='ltr' id='par_1_92' title="bbox 309 4566 1919 4662">
     <span class='ocr_line' id='line_1_96' title="bbox 309 4566 1919 4662; baseline 0.019 -43"><span class='ocrx_word' id='word_1_677' title='bbox 309 4579 412 4621; x_wconf 89' lang='lat' dir='ltr'>nos</span> <span class='ocrx_word' id='word_1_678' title='bbox 440 4566 672 4628; x_wconf 91' lang='lat' dir='ltr'>irruunt</span> <span class='ocrx_word' id='word_1_679' title='bbox 700 4576 849 4648; x_wconf 89' lang='lat' dir='ltr'>mali,</span> <span class='ocrx_word' id='word_1_680' title='bbox 883 4596 1032 4650; x_wconf 90' lang='lat' dir='ltr'>cum,</span> <span class='ocrx_word' id='word_1_681' title='bbox 1062 4590 1287 4655; x_wconf 89' lang='lat' dir='ltr'>accepta</span> <span class='ocrx_word' id='word_1_682' title='bbox 1321 4566 1704 4658; x_wconf 73' lang='lat' dir='ltr'>temporaliter</span> <span class='ocrx_word' id='word_1_683' title='bbox 1749 4599 1919 4662; x_wconf 91' lang='lat' dir='ltr'>pote-</span> 
     </span>
    </p>
   </div>
   <div class='ocr_carea' id='block_1_93' title="bbox 308 4660 1914 4745">
    <p class='ocr_par' dir='ltr' id='par_1_93' title="bbox 308 4660 1914 4745">
     <span class='ocr_line' id='line_1_97' title="bbox 308 4660 1914 4745; baseline 0.019 -37"><span class='ocrx_word' id='word_1_684' title='bbox 308 4660 467 4726; x_wconf 89' lang='lat' dir='ltr'>state,</span> <span class='ocrx_word' id='word_1_685' title='bbox 497 4663 742 4731; x_wconf 84' lang='lat' dir='ltr'>perversi</span> <span class='ocrx_word' id='word_1_686' title='bbox 762 4664 881 4737; x_wconf 88' lang='lat' dir='ltr'>ipsa</span> <span class='ocrx_word' id='word_1_687' title='bbox 907 4685 1126 4744; x_wconf 90' lang='lat' dir='ltr'>quoque</span> <span class='ocrx_word' id='word_1_688' title='bbox 1156 4670 1216 4727; x_wconf 91' lang='lat' dir='ltr'>in</span> <span class='ocrx_word' id='word_1_689' title='bbox 1245 4675 1611 4745; x_wconf 91' lang='lat' dir='ltr'>quorumdam</span> <span class='ocrx_word' id='word_1_690' title='bbox 1641 4660 1805 4735; x_wconf 87' lang='lat' dir='ltr'>corde</span> <span class='ocrx_word' id='word_1_691' title='bbox 1825 4681 1914 4737; x_wconf 91' lang='lat' dir='ltr'>de-</span> 
     </span>
    </p>
   </div>
   <div class='ocr_carea' id='block_1_94' title="bbox 307 4749 1919 4843">
    <p class='ocr_par' dir='ltr' id='par_1_94' title="bbox 307 4749 1919 4843">
     <span class='ocr_line' id='line_1_98' title="bbox 307 4749 1919 4843; baseline 0.019 -45"><span class='ocrx_word' id='word_1_692' title='bbox 307 4749 519 4802; x_wconf 87' lang='lat' dir='ltr'>struere</span> <span class='ocrx_word' id='word_1_693' title='bbox 548 4752 865 4812; x_wconf 89' lang='lat' dir='ltr'>munimina</span> <span class='ocrx_word' id='word_1_694' title='bbox 911 4757 1042 4816; x_wconf 87' lang='lat' dir='ltr'>ﬁdei</span> <span class='ocrx_word' id='word_1_695' title='bbox 1085 4769 1378 4818; x_wconf 89' lang='lat' dir='ltr'>conantur.</span> <span class='ocrx_word' id='word_1_696' title='bbox 1427 4764 1507 4819; x_wconf 89' lang='lat' dir='ltr'>De</span> <span class='ocrx_word' id='word_1_697' title='bbox 1550 4765 1753 4838; x_wconf 90' lang='lat' dir='ltr'>quibus</span> <span class='ocrx_word' id='word_1_698' title='bbox 1793 4779 1919 4843; x_wconf 91' lang='lat' dir='ltr'>apte</span> 
     </span>
    </p>
   </div>
   <div class='ocr_carea' id='block_1_95' title="bbox 306 4830 1919 4929">
    <p class='ocr_par' dir='ltr' id='par_1_95' title="bbox 306 4830 1919 4929">
     <span class='ocr_line' id='line_1_99' title="bbox 306 4830 1919 4929; baseline 0.019 -42"><span class='ocrx_word' id='word_1_699' title='bbox 306 4830 546 4893; x_wconf 85' lang='lat' dir='ltr'>dicitur:</span> <span class='ocrx_word' id='word_1_700' title='bbox 577 4841 652 4897; x_wconf 86' lang='lat' dir='ltr'>Et</span> <span class='ocrx_word' id='word_1_701' title='bbox 667 4843 741 4898; x_wconf 89' lang='lat' dir='ltr'>ad</span> <span class='ocrx_word' id='word_1_702' title='bbox 766 4861 908 4902; x_wconf 88' lang='lat' dir='ltr'>meas</span> <span class='ocrx_word' id='word_1_703' title='bbox 926 4848 1171 4906; x_wconf 86' lang='lat' dir='ltr'>miserias</span> <span class='ocrx_word' id='word_1_704' title='bbox 1186 4850 1417 4908; x_wconf 86' lang='lat' dir='ltr'>devoluti</span> <span class='ocrx_word' id='word_1_705' title='bbox 1443 4830 1586 4925; x_wconf 63' lang='lat' dir='ltr'>sunt;</span> <span class='ocrx_word' id='word_1_706' title='bbox 1603 4856 1734 4929; x_wconf 90' lang='lat' dir='ltr'>quia</span> <span class='ocrx_word' id='word_1_707' title='bbox 1754 4830 1919 4916; x_wconf 81' lang='lat' dir='ltr'>vide-</span> 
     </span>
    </p>
   </div>
   <div class='ocr_carea' id='block_1_96' title="bbox 304 4919 1917 5017">
    <p class='ocr_par' dir='ltr' id='par_1_96' title="bbox 304 4919 1917 5017">
     <span class='ocr_line' id='line_1_100' title="bbox 304 4919 1917 5017; baseline 0.019 -41"><span class='ocrx_word' id='word_1_708' title='bbox 304 4919 438 4978; x_wconf 89' lang='lat' dir='ltr'>licet</span> <span class='ocrx_word' id='word_1_709' title='bbox 462 4926 617 4998; x_wconf 88' lang='lat' dir='ltr'>prius</span> <span class='ocrx_word' id='word_1_710' title='bbox 645 4930 715 4987; x_wconf 87' lang='lat' dir='ltr'>ad</span> <span class='ocrx_word' id='word_1_711' title='bbox 745 4949 864 4992; x_wconf 87' lang='lat' dir='ltr'>sua.</span> <span class='ocrx_word' id='word_1_712' title='bbox 909 4937 1028 4994; x_wconf 89' lang='lat' dir='ltr'>Nisi</span> <span class='ocrx_word' id='word_1_713' title='bbox 1076 4939 1225 4996; x_wconf 89' lang='lat' dir='ltr'>enim</span> <span class='ocrx_word' id='word_1_714' title='bbox 1255 4956 1508 5013; x_wconf 87' lang='lat' dir='ltr'>perverse</span> <span class='ocrx_word' id='word_1_715' title='bbox 1551 4944 1814 5017; x_wconf 90' lang='lat' dir='ltr'>vivendo,</span> <span class='ocrx_word' id='word_1_716' title='bbox 1848 4949 1917 5007; x_wconf 90' lang='lat' dir='ltr'>ad</span> 
     </span>
    </p>
   </div>
   <div class='ocr_carea' id='block_1_97' title="bbox 302 5020 1918 5111">
    <p class='ocr_par' dir='ltr' id='par_1_97' title="bbox 302 5020 1918 5111">
     <span class='ocr_line' id='line_1_101' title="bbox 302 5020 1918 5111; baseline 0.019 -44"><span class='ocrx_word' id='word_1_717' title='bbox 302 5027 432 5069; x_wconf 83' lang='lat' dir='ltr'>suas</span> <span class='ocrx_word' id='word_1_718' title='bbox 458 5024 586 5074; x_wconf 90' lang='lat' dir='ltr'>ante</span> <span class='ocrx_word' id='word_1_719' title='bbox 602 5020 854 5080; x_wconf 88' lang='lat' dir='ltr'>miserias</span> <span class='ocrx_word' id='word_1_720' title='bbox 882 5026 1159 5097; x_wconf 86' lang='lat' dir='ltr'>caderent,</span> <span class='ocrx_word' id='word_1_721' title='bbox 1189 5045 1537 5105; x_wconf 87' lang='lat' dir='ltr'>nequaquam</span> <span class='ocrx_word' id='word_1_722' title='bbox 1554 5034 1621 5092; x_wconf 90' lang='lat' dir='ltr'>ad</span> <span class='ocrx_word' id='word_1_723' title='bbox 1651 5050 1742 5095; x_wconf 88' lang='lat' dir='ltr'>eas</span> <span class='ocrx_word' id='word_1_724' title='bbox 1770 5047 1918 5111; x_wconf 91' lang='lat' dir='ltr'>post-</span> 
     </span>
    </p>
   </div>
   <div class='ocr_carea' id='block_1_98' title="bbox 302 5103 1916 5201">
    <p class='ocr_par' dir='ltr' id='par_1_98' title="bbox 302 5103 1916 5201">
     <span class='ocr_line' id='line_1_102' title="bbox 302 5103 1916 5201; baseline 0.018 -43"><span class='ocrx_word' id='word_1_725' title='bbox 302 5103 532 5163; x_wconf 90' lang='lat' dir='ltr'>modum</span> <span class='ocrx_word' id='word_1_726' title='bbox 562 5115 617 5165; x_wconf 89' lang='lat' dir='ltr'>et</span> <span class='ocrx_word' id='word_1_727' title='bbox 658 5111 798 5170; x_wconf 89' lang='lat' dir='ltr'>alios</span> <span class='ocrx_word' id='word_1_728' title='bbox 843 5115 1156 5177; x_wconf 89' lang='lat' dir='ltr'>suaderent.</span> <span class='ocrx_word' id='word_1_729' title='bbox 1196 5103 1297 5177; x_wconf 87' lang='lat' dir='ltr'>Sed</span> <span class='ocrx_word' id='word_1_730' title='bbox 1350 5103 1476 5195; x_wconf 80' lang='lat' dir='ltr'>post</span> <span class='ocrx_word' id='word_1_731' title='bbox 1518 5141 1646 5183; x_wconf 90' lang='lat' dir='ltr'>suas</span> <span class='ocrx_word' id='word_1_732' title='bbox 1691 5103 1916 5201; x_wconf 75' lang='lat' dir='ltr'>reprobi</span> 
     </span>
    </p>
   </div>
   <div class='ocr_carea' id='block_1_99' title="bbox 300 5192 1917 5287">
    <p class='ocr_par' dir='ltr' id='par_1_99' title="bbox 300 5192 1917 5287">
     <span class='ocr_line' id='line_1_103' title="bbox 300 5192 1917 5287; baseline 0.019 -41"><span class='ocrx_word' id='word_1_733' title='bbox 300 5198 357 5246; x_wconf 85' lang='lat' dir='ltr'>et</span> <span class='ocrx_word' id='word_1_734' title='bbox 383 5192 454 5250; x_wconf 89' lang='lat' dir='ltr'>ad</span> <span class='ocrx_word' id='word_1_735' title='bbox 499 5206 717 5257; x_wconf 89' lang='lat' dir='ltr'>nostras</span> <span class='ocrx_word' id='word_1_736' title='bbox 766 5203 1019 5263; x_wconf 89' lang='lat' dir='ltr'>miserias</span> <span class='ocrx_word' id='word_1_737' title='bbox 1058 5192 1455 5283; x_wconf 79' lang='lat' dir='ltr'>devolvuntur,</span> <span class='ocrx_word' id='word_1_738' title='bbox 1488 5213 1710 5287; x_wconf 91' lang='lat' dir='ltr'>quando</span> <span class='ocrx_word' id='word_1_739' title='bbox 1752 5192 1823 5274; x_wconf 75' lang='lat' dir='ltr'>ad</span> <span class='ocrx_word' id='word_1_740' title='bbox 1851 5234 1917 5276; x_wconf 91' lang='lat' dir='ltr'>ea</span> 
     </span>
    </p>
   </div>
   <div class='ocr_carea' id='block_1_100' title="bbox 377 5389 1917 5486">
    <p class='ocr_par' dir='ltr' id='par_1_100' title="bbox 377 5389 1917 5486">
     <span class='ocr_line' id='line_1_104' title="bbox 377 5389 1917 5486; baseline 0.018 -41"><span class='ocrx_word' id='word_1_741' title='bbox 377 5389 426 5486; x_wconf 41' lang='grc' dir='ltr'><strong>ξ.</strong></span> <span class='ocrx_word' id='word_1_742' title='bbox 437 5390 614 5486; x_wconf 48' lang='grc' dir='ltr'>Ιξξιιτη</span> <span class='ocrx_word' id='word_1_743' title='bbox 628 5397 854 5486; x_wconf 71' lang='lat' dir='ltr'>pupillis</span> <span class='ocrx_word' id='word_1_744' title='bbox 881 5400 1308 5486; x_wconf 43' lang='lat' dir='ltr'>dominiﬂMelius</span> <span class='ocrx_word' id='word_1_745' title='bbox 1327 5408 1576 5486; x_wconf 81' lang='lat' dir='ltr'>dominis,</span> <span class='ocrx_word' id='word_1_746' title='bbox 1600 5429 1726 5470; x_wconf 90' lang='lat' dir='ltr'>cum</span> <span class='ocrx_word' id='word_1_747' title='bbox 1753 5414 1917 5486; x_wconf 90' lang='lat' dir='ltr'>paulo</span> 
     </span>
    </p>
   </div>
   <div class='ocr_carea' id='block_1_101' title="bbox 301 5463 1485 5620">
    <p class='ocr_par' dir='ltr' id='par_1_101' title="bbox 301 5463 1485 5620">
     <span class='ocr_line' id='line_1_105' title="bbox 301 5463 1485 5545; baseline 0.019 -30"><span class='ocrx_word' id='word_1_748' title='bbox 301 5468 429 5532; x_wconf 88' lang='lat' dir='ltr'>post</span> <span class='ocrx_word' id='word_1_749' title='bbox 458 5463 792 5535; x_wconf 47' lang='lat' dir='ltr'>legamus—ut</span> <span class='ocrx_word' id='word_1_750' title='bbox 854 5473 1209 5545; x_wconf 82' lang='lat' dir='ltr'>roﬁcienlibus</span> <span class='ocrx_word' id='word_1_751' title='bbox 1236 5463 1485 5539; x_wconf 73' lang='lat' dir='ltr'>dominis.</span> 
     </span>
     <span class='ocr_line' id='line_1_106' title="bbox 375 5488 1341 5620; baseline 0.02 -33"><span class='ocrx_word' id='word_1_752' title='bbox 375 5532 401 5620; x_wconf 69' lang='grc' dir='ltr'><strong>ξ</strong></span> <span class='ocrx_word' id='word_1_753' title='bbox 440 5534 683 5620; x_wconf 59' lang='lat' dir='ltr'>Xindoc.</span> <span class='ocrx_word' id='word_1_754' title='bbox 714 5548 769 5596; x_wconf 91' lang='lat' dir='ltr'>et</span> <span class='ocrx_word' id='word_1_755' title='bbox 797 5488 918 5620; x_wconf 49' lang='grc' dir='ltr'>ἕω.</span> <span class='ocrx_word' id='word_1_756' title='bbox 947 5544 1058 5620; x_wconf 89' lang='lat' dir='ltr'>C_l.,</span> <span class='ocrx_word' id='word_1_757' title='bbox 1085 5548 1341 5620; x_wconf 85' lang='lat' dir='ltr'>depressi.</span> 
     </span>
    </p>
   </div>
   <div class='ocr_carea' id='block_1_102' title="bbox 376 5600 1916 5783">
    <p class='ocr_par' dir='ltr' id='par_1_102' title="bbox 376 5600 1916 5783">
     <span class='ocr_line' id='line_1_107' title="bbox 377 5600 1341 5638; baseline 0 0"><span class='ocrx_word' id='word_1_758' title='bbox 377 5600 399 5638; x_wconf 67' lang='lat'><strong>8</strong></span> <span class='ocrx_word' id='word_1_759' title='bbox 840 5615 851 5626; x_wconf 84' lang='lat'><strong>-</strong></span> <span class='ocrx_word' id='word_1_760' title='bbox 980 5616 990 5629; x_wconf 86' lang='lat'><strong><em>-</em></strong></span> <span class='ocrx_word' id='word_1_761' title='bbox 1041 5600 1057 5616; x_wconf 84' lang='lat'><strong><em>&#39;</em></strong></span> <span class='ocrx_word' id='word_1_762' title='bbox 1224 5600 1341 5607; x_wconf 62' lang='grc'>⁷”“”</span> 
     </span>
     <span class='ocr_line' id='line_1_108' title="bbox 376 5604 1916 5783; baseline 0 0"><span class='ocrx_word' id='word_1_763' title='bbox 1109 5689 1587 5783; x_wconf 55' lang='grc' dir='ltr'>Τέἒῖίῖθτςθλιέθυέυ</span> <span class='ocrx_word' id='word_1_764' title='bbox 1632 5698 1756 5783; x_wconf 74' lang='lat' dir='ltr'>Val:</span> <span class='ocrx_word' id='word_1_765' title='bbox 1805 5699 1916 5783; x_wconf 63' lang='lat'>(3.1-:</span> 
     </span>
    </p>
   </div>
   <div class='ocr_carea' id='block_1_103' title="bbox 300 5743 1917 5842">
    <p class='ocr_par' dir='ltr' id='par_1_103' title="bbox 300 5743 1917 5842">
     <span class='ocr_line' id='line_1_109' title="bbox 300 5743 1917 5842; baseline 0.017 -39"><span class='ocrx_word' id='word_1_766' title='bbox 300 5743 472 5808; x_wconf 85' lang='lat' dir='ltr'>Corb.</span> <span class='ocrx_word' id='word_1_767' title='bbox 505 5749 694 5811; x_wconf 88' lang='lat' dir='ltr'>Germ.</span> <span class='ocrx_word' id='word_1_768' title='bbox 720 5743 979 5817; x_wconf 74' lang='lat' dir='ltr'>etNorm.</span> <span class='ocrx_word' id='word_1_769' title='bbox 1004 5743 1084 5817; x_wconf 14' lang='lat' dir='ltr'>’A&#39;t</span> <span class='ocrx_word' id='word_1_770' title='bbox 1109 5743 1464 5835; x_wconf 39' lang='lat' dir='ltr'>prius—Elim“,</span> <span class='ocrx_word' id='word_1_771' title='bbox 1472 5743 1631 5826; x_wconf 40' lang='lat' dir='ltr'>didm</span> <span class='ocrx_word' id='word_1_772' title='bbox 1653 5743 1786 5842; x_wconf 53' lang='lat' dir='ltr'>alia</span> <span class='ocrx_word' id='word_1_773' title='bbox 1807 5743 1917 5830; x_wconf 62' lang='lat' dir='ltr'><em>T131</em></span> 
     </span>
    </p>
   </div>
   <div class='ocr_carea' id='block_1_104' title="bbox 587 5848 1174 5920">
    <p class='ocr_par' dir='ltr' id='par_1_104' title="bbox 587 5848 1174 5920">
     <span class='ocr_line' id='line_1_110' title="bbox 587 5848 1174 5920; baseline 0.017 -12"><span class='ocrx_word' id='word_1_774' title='bbox 587 5848 809 5913; x_wconf 70' lang='lat' dir='ltr'>Par-nor.</span> <span class='ocrx_word' id='word_1_775' title='bbox 830 5855 890 5916; x_wconf 81' lang='lat'><strong>??</strong></span> <span class='ocrx_word' id='word_1_776' title='bbox 926 5857 1174 5920; x_wconf 81' lang='lat' dir='ltr'>LXXVI.</span> 
     </span>
    </p>
   </div>
   <div class='ocr_carea' id='block_1_105' title="bbox 2031 4589 3635 4678">
    <p class='ocr_par' dir='ltr' id='par_1_105' title="bbox 2031 4589 3635 4678">
     <span class='ocr_line' id='line_1_111' title="bbox 2031 4589 3635 4678; baseline 0.021 -37"><span class='ocrx_word' id='word_1_777' title='bbox 2031 4602 2269 4660; x_wconf 89' lang='lat' dir='ltr'>quorum</span> <span class='ocrx_word' id='word_1_778' title='bbox 2294 4589 2458 4648; x_wconf 91' lang='lat' dir='ltr'>bona.</span> <span class='ocrx_word' id='word_1_779' title='bbox 2488 4593 2657 4651; x_wconf 83' lang='lat' dir='ltr'>Velut</span> <span class='ocrx_word' id='word_1_780' title='bbox 2684 4596 2744 4653; x_wconf 93' lang='lat' dir='ltr'>in</span> <span class='ocrx_word' id='word_1_781' title='bbox 2764 4597 2877 4656; x_wconf 90' lang='lat' dir='ltr'>alto</span> <span class='ocrx_word' id='word_1_782' title='bbox 2905 4600 3131 4674; x_wconf 90' lang='lat' dir='ltr'>quidem</span> <span class='ocrx_word' id='word_1_783' title='bbox 3154 4622 3251 4678; x_wconf 90' lang='lat' dir='ltr'>per</span> <span class='ocrx_word' id='word_1_784' title='bbox 3271 4589 3502 4669; x_wconf 79' lang='lat' dir='ltr'>honoris</span> <span class='ocrx_word' id='word_1_785' title='bbox 3529 4616 3635 4673; x_wconf 87' lang='lat' dir='ltr'>cel-</span> 
     </span>
    </p>
   </div>
   <div class='ocr_carea' id='block_1_106' title="bbox 2027 4676 3634 4775">
    <p class='ocr_par' dir='ltr' id='par_1_106' title="bbox 2027 4676 3634 4775">
     <span class='ocr_line' id='line_1_112' title="bbox 2027 4676 3634 4775; baseline 0.016 -41"><span class='ocrx_word' id='word_1_786' title='bbox 2027 4676 2329 4734; x_wconf 89' lang='lat' dir='ltr'>situdinem</span> <span class='ocrx_word' id='word_1_787' title='bbox 2355 4679 2547 4753; x_wconf 87' lang='lat' dir='ltr'>degere</span> <span class='ocrx_word' id='word_1_788' title='bbox 2577 4683 2864 4756; x_wconf 90' lang='lat' dir='ltr'>videntur;</span> <span class='ocrx_word' id='word_1_789' title='bbox 2898 4690 2993 4747; x_wconf 92' lang='lat' dir='ltr'>sed</span> <span class='ocrx_word' id='word_1_790' title='bbox 3022 4692 3091 4749; x_wconf 90' lang='lat' dir='ltr'>ad</span> <span class='ocrx_word' id='word_1_791' title='bbox 3107 4676 3332 4753; x_wconf 83' lang='lat' dir='ltr'>cursum</span> <span class='ocrx_word' id='word_1_792' title='bbox 3350 4700 3479 4758; x_wconf 82' lang='lat' dir='ltr'>vitae</span> <span class='ocrx_word' id='word_1_793' title='bbox 3502 4702 3634 4775; x_wconf 67' lang='lat' dir='ltr'>quoi</span> 
     </span>
    </p>
   </div>
   <div class='ocr_carea' id='block_1_107' title="bbox 2026 4765 3633 4846">
    <p class='ocr_par' dir='ltr' id='par_1_107' title="bbox 2026 4765 3633 4846">
     <span class='ocr_line' id='line_1_113' title="bbox 2026 4765 3633 4846; baseline 0.016 -25"><span class='ocrx_word' id='word_1_794' title='bbox 2026 4765 2184 4836; x_wconf 89' lang='lat' dir='ltr'>tidie,</span> <span class='ocrx_word' id='word_1_795' title='bbox 2242 4769 2397 4841; x_wconf 89' lang='lat' dir='ltr'>quasi</span> <span class='ocrx_word' id='word_1_796' title='bbox 2453 4772 2781 4845; x_wconf 87' lang='lat' dir='ltr'>quibusdam</span> <span class='ocrx_word' id='word_1_797' title='bbox 2835 4781 3188 4841; x_wconf 86' lang='lat' dir='ltr'>mortalitatis</span> <span class='ocrx_word' id='word_1_798' title='bbox 3242 4804 3355 4844; x_wconf 75' lang='lat' dir='ltr'>suae</span> <span class='ocrx_word' id='word_1_799' title='bbox 3411 4765 3633 4846; x_wconf 74' lang='lat' dir='ltr'>ﬂatibus</span> 
     </span>
    </p>
   </div>
   <div class='ocr_carea' id='block_1_108' title="bbox 2027 4854 3632 4949">
    <p class='ocr_par' dir='ltr' id='par_1_108' title="bbox 2027 4854 3632 4949">
     <span class='ocr_line' id='line_1_114' title="bbox 2027 4854 3632 4949; baseline 0.016 -40"><span class='ocrx_word' id='word_1_800' title='bbox 2027 4854 2408 4928; x_wconf 90' lang='lat' dir='ltr'>impelluntur.</span> <span class='ocrx_word' id='word_1_801' title='bbox 2438 4860 2601 4919; x_wconf 88' lang='lat' dir='ltr'>Salus</span> <span class='ocrx_word' id='word_1_802' title='bbox 2628 4878 2756 4938; x_wconf 89' lang='lat' dir='ltr'>ergo</span> <span class='ocrx_word' id='word_1_803' title='bbox 2784 4874 2847 4924; x_wconf 91' lang='lat' dir='ltr'>ut</span> <span class='ocrx_word' id='word_1_804' title='bbox 2873 4869 3048 4928; x_wconf 90' lang='lat' dir='ltr'>nubes</span> <span class='ocrx_word' id='word_1_805' title='bbox 3078 4875 3296 4943; x_wconf 90' lang='lat' dir='ltr'>transit,</span> <span class='ocrx_word' id='word_1_806' title='bbox 3327 4876 3456 4948; x_wconf 90' lang='lat' dir='ltr'>quia</span> <span class='ocrx_word' id='word_1_807' title='bbox 3495 4893 3632 4949; x_wconf 89' lang='lat' dir='ltr'>per-</span> 
     </span>
    </p>
   </div>
   <div class='ocr_carea' id='block_1_109' title="bbox 2027 4950 3629 5028">
    <p class='ocr_par' dir='ltr' id='par_1_109' title="bbox 2027 4950 3629 5028">
     <span class='ocr_line' id='line_1_115' title="bbox 2027 4950 3629 5028; baseline 0.015 -30"><span class='ocrx_word' id='word_1_808' title='bbox 2027 4959 2311 5003; x_wconf 87' lang='lat' dir='ltr'>versorum</span> <span class='ocrx_word' id='word_1_809' title='bbox 2361 4950 2555 5021; x_wconf 88' lang='lat' dir='ltr'>gloria,</span> <span class='ocrx_word' id='word_1_810' title='bbox 2585 4954 2607 4989; x_wconf 78' lang='grc'><strong><em>⁸</em></strong></span> <span class='ocrx_word' id='word_1_811' title='bbox 2636 4970 2744 5027; x_wconf 90' lang='lat' dir='ltr'>quo</span> <span class='ocrx_word' id='word_1_812' title='bbox 2781 4956 2891 5014; x_wconf 88' lang='lat' dir='ltr'>alta</span> <span class='ocrx_word' id='word_1_813' title='bbox 2919 4965 3022 5028; x_wconf 92' lang='lat' dir='ltr'>est,</span> <span class='ocrx_word' id='word_1_814' title='bbox 3070 4959 3185 5016; x_wconf 85' lang='lat' dir='ltr'>ﬁxa</span> <span class='ocrx_word' id='word_1_815' title='bbox 3226 4978 3339 5017; x_wconf 91' lang='lat' dir='ltr'>non</span> <span class='ocrx_word' id='word_1_816' title='bbox 3377 4971 3478 5021; x_wconf 90' lang='lat' dir='ltr'>est.</span> <span class='ocrx_word' id='word_1_817' title='bbox 3522 4966 3629 5024; x_wconf 91' lang='lat' dir='ltr'>Sed</span> 
     </span>
    </p>
   </div>
   <div class='ocr_carea' id='block_1_110' title="bbox 2026 5034 3627 5122">
    <p class='ocr_par' dir='ltr' id='par_1_110' title="bbox 2026 5034 3627 5122">
     <span class='ocr_line' id='line_1_116' title="bbox 2026 5034 3627 5122; baseline 0.016 -35"><span class='ocrx_word' id='word_1_818' title='bbox 2026 5034 2259 5106; x_wconf 85' lang='lat' dir='ltr'>expletis</span> <span class='ocrx_word' id='word_1_819' title='bbox 2314 5036 2600 5098; x_wconf 87' lang='lat' dir='ltr'>desideriis</span> <span class='ocrx_word' id='word_1_820' title='bbox 2667 5044 2989 5118; x_wconf 89' lang='lat' dir='ltr'>actibusque</span> <span class='ocrx_word' id='word_1_821' title='bbox 3063 5048 3488 5122; x_wconf 87' lang='lat' dir='ltr'>inﬁrmantium,</span> <span class='ocrx_word' id='word_1_822' title='bbox 3557 5055 3627 5111; x_wconf 88' lang='lat' dir='ltr'>ad</span> 
     </span>
    </p>
   </div>
   <div class='ocr_carea' id='block_1_111' title="bbox 2024 5121 3626 5213">
    <p class='ocr_par' dir='ltr' id='par_1_111' title="bbox 2024 5121 3626 5213">
     <span class='ocr_line' id='line_1_117' title="bbox 2024 5121 3626 5213; baseline 0.016 -37"><span class='ocrx_word' id='word_1_823' title='bbox 2024 5121 2327 5183; x_wconf 87' lang='lat' dir='ltr'>electorum</span> <span class='ocrx_word' id='word_1_824' title='bbox 2368 5144 2560 5189; x_wconf 90' lang='lat' dir='ltr'>vocem</span> <span class='ocrx_word' id='word_1_825' title='bbox 2590 5148 2771 5191; x_wconf 88' lang='lat' dir='ltr'>sermo</span> <span class='ocrx_word' id='word_1_826' title='bbox 2799 5133 3165 5205; x_wconf 87' lang='lat' dir='ltr'>convertitur,</span> <span class='ocrx_word' id='word_1_827' title='bbox 3198 5154 3323 5196; x_wconf 92' lang='lat' dir='ltr'>cum</span> <span class='ocrx_word' id='word_1_828' title='bbox 3372 5143 3626 5213; x_wconf 89' lang='lat' dir='ltr'>protinus</span> 
     </span>
    </p>
   </div>
   <div class='ocr_carea' id='block_1_112' title="bbox 2022 5212 2406 5277">
    <p class='ocr_par' dir='ltr' id='par_1_112' title="bbox 2022 5212 2406 5277">
     <span class='ocr_line' id='line_1_118' title="bbox 2022 5212 2406 5277; baseline 0.023 -10"><span class='ocrx_word' id='word_1_829' title='bbox 2022 5212 2368 5275; x_wconf 84' lang='lat' dir='ltr'>subinfertur</span> <span class='ocrx_word' id='word_1_830' title='bbox 2393 5237 2406 5277; x_wconf 90' lang='lat'>:</span> 
     </span>
    </p>
   </div>
   <div class='ocr_carea' id='block_1_113' title="bbox 2025 5417 3643 5519">
    <p class='ocr_par' dir='ltr' id='par_1_113' title="bbox 2025 5417 3643 5519">
     <span class='ocr_line' id='line_1_119' title="bbox 2025 5417 3643 5519; baseline 0 0"><span class='ocrx_word' id='word_1_831' title='bbox 2025 5417 3216 5519; x_wconf 48' lang='grc' dir='ltr'>δίέέιξξίέὲητξιαοέῖζίξιξξιεωξὲιέηάίξξίίιξξρίιυει</span> <span class='ocrx_word' id='word_1_832' title='bbox 3244 5438 3410 5519; x_wconf 70' lang='grc' dir='ltr'>ειοε..</span> <span class='ocrx_word' id='word_1_833' title='bbox 3603 5460 3643 5519; x_wconf 79' lang='grc'>,-</span> 
     </span>
    </p>
   </div>
   <div class='ocr_carea' id='block_1_114' title="bbox 2023 5484 3620 5647">
    <p class='ocr_par' dir='ltr' id='par_1_114' title="bbox 2023 5484 3620 5647">
     <span class='ocr_line' id='line_1_120' title="bbox 2096 5484 3620 5576; baseline 0.017 -37"><span class='ocrx_word' id='word_1_834' title='bbox 2096 5485 2118 5519; x_wconf 79' lang='grc'><strong><em>⁵</em></strong></span> <span class='ocrx_word' id='word_1_835' title='bbox 2148 5484 2371 5542; x_wconf 82' lang='lat' dir='ltr'>Recent.</span> <span class='ocrx_word' id='word_1_836' title='bbox 2404 5489 2633 5559; x_wconf 85' lang='lat' dir='ltr'>Excusi,</span> <span class='ocrx_word' id='word_1_837' title='bbox 2663 5484 2901 5563; x_wconf 76' lang='lat' dir='ltr'>abstulit,</span> <span class='ocrx_word' id='word_1_838' title='bbox 2935 5505 3126 5555; x_wconf 88' lang='lat' dir='ltr'>contra</span> <span class='ocrx_word' id='word_1_839' title='bbox 3162 5484 3525 5576; x_wconf 30' lang='lat' dir='ltr'>Mssf‘ﬁdem,</span> <span class='ocrx_word' id='word_1_840' title='bbox 3565 5514 3620 5564; x_wconf 88' lang='lat' dir='ltr'>et</span> 
     </span>
     <span class='ocr_line' id='line_1_121' title="bbox 2023 5558 3619 5647; baseline 0.017 -38"><span class='ocrx_word' id='word_1_841' title='bbox 2023 5558 2454 5647; x_wconf 63' lang='lat' dir='ltr'>repugnantibus</span> <span class='ocrx_word' id='word_1_842' title='bbox 2508 5568 2619 5616; x_wconf 90' lang='lat' dir='ltr'>vet.</span> <span class='ocrx_word' id='word_1_843' title='bbox 2650 5563 2756 5621; x_wconf 90' lang='lat' dir='ltr'>Ed.</span> <span class='ocrx_word' id='word_1_844' title='bbox 2801 5582 3014 5625; x_wconf 90' lang='lat' dir='ltr'>necnon</span> <span class='ocrx_word' id='word_1_845' title='bbox 3061 5577 3215 5630; x_wconf 88' lang='lat' dir='ltr'>textu</span> <span class='ocrx_word' id='word_1_846' title='bbox 3260 5573 3527 5647; x_wconf 83' lang='lat' dir='ltr'>Hebraico</span> <span class='ocrx_word' id='word_1_847' title='bbox 3564 5586 3619 5635; x_wconf 90' lang='lat' dir='ltr'>et</span> 
     </span>
    </p>
   </div>
   <div class='ocr_carea' id='block_1_115' title="bbox 2024 5628 3616 5792">
    <p class='ocr_par' dir='ltr' id='par_1_115' title="bbox 2024 5628 3616 5792">
     <span class='ocr_line' id='line_1_122' title="bbox 2024 5628 3616 5792; baseline 0.023 -53"><span class='ocrx_word' id='word_1_848' title='bbox 2024 5628 2285 5784; x_wconf 35' lang='lat' dir='ltr'>Valgia:</span> <span class='ocrx_word' id='word_1_849' title='bbox 2309 5718 2425 5792; x_wconf 72' lang='lat' dir='ltr'>qua:</span> <span class='ocrx_word' id='word_1_850' title='bbox 2450 5704 2563 5761; x_wconf 88' lang='lat' dir='ltr'>alta</span> <span class='ocrx_word' id='word_1_851' title='bbox 2592 5713 2685 5792; x_wconf 65' lang='lat' dir='ltr'>est,</span> <span class='ocrx_word' id='word_1_852' title='bbox 2715 5709 3018 5792; x_wconf 65' lang='lat' dir='ltr'>elegantius</span> <span class='ocrx_word' id='word_1_853' title='bbox 3038 5712 3309 5788; x_wconf 89' lang='lat' dir='ltr'>legiturin</span> <span class='ocrx_word' id='word_1_854' title='bbox 3324 5720 3453 5779; x_wconf 81' lang='lat' dir='ltr'>Mss.</span> <span class='ocrx_word' id='word_1_855' title='bbox 3478 5735 3616 5792; x_wconf 90' lang='lat' dir='ltr'>quos</span> 
     </span>
    </p>
   </div>
   <div class='ocr_carea' id='block_1_116' title="bbox 2025 5780 3439 5862">
    <p class='ocr_par' dir='ltr' id='par_1_116' title="bbox 2025 5780 3439 5862">
     <span class='ocr_line' id='line_1_123' title="bbox 2025 5780 3439 5862; baseline 0.015 -36"><span class='ocrx_word' id='word_1_856' title='bbox 2025 5780 2412 5844; x_wconf 84' lang='lat' dir='ltr'>expressimus,</span> <span class='ocrx_word' id='word_1_857' title='bbox 2443 5793 2546 5847; x_wconf 85' lang='lat' dir='ltr'>quo</span> <span class='ocrx_word' id='word_1_858' title='bbox 2573 5780 2686 5837; x_wconf 87' lang='lat' dir='ltr'>alta</span> <span class='ocrx_word' id='word_1_859' title='bbox 2715 5780 3028 5857; x_wconf 52' lang='lat' dir='ltr'>est.&#39;Germ.,</span> <span class='ocrx_word' id='word_1_860' title='bbox 3059 5780 3164 5859; x_wconf 67' lang='lat' dir='ltr'>quo</span> <span class='ocrx_word' id='word_1_861' title='bbox 3191 5796 3319 5862; x_wconf 87' lang='lat' dir='ltr'>apta</span> <span class='ocrx_word' id='word_1_862' title='bbox 3346 5797 3439 5847; x_wconf 87' lang='lat' dir='ltr'>est.</span> 
     </span>
    </p>
   </div>
   <div class='ocr_carea' id='block_1_117' title="bbox 3298 5886 3332 5942">
    <p class='ocr_par' dir='ltr' id='par_1_117' title="bbox 3298 5886 3332 5942">
     <span class='ocr_line' id='line_1_124' title="bbox 3298 5886 3332 5942; baseline 0 0"><span class='ocrx_word' id='word_1_863' title='bbox 3298 5886 3332 5942; x_wconf 84' lang='lat'><strong>6</strong></span> 
     </span>
    </p>
   </div>
  </div>
