4162 6184
521 295 618 352 171

1061 419 1288 480 CAPUT
1312 419 1547 481 XXVII.

1717 289 1967 348 SANC’I‘I
2012 289 2356 351 GREGORII
2393 290 2620 352 MAGNI

2138 428 2191 488 Α
2217 424 2507 482 debautur.
2539 425 2634 482 Ait
2661 441 2789 499 ergo
2822 443 2834 482 :
2867 425 3025 486 Nocte
3051 442 3108 482 os
3138 441 3306 484 meum
3329 427 3648 500 perforatur
3675 428 3820 486 dolo-

3712 297 3814 358 172

587 515 758 574 Vsus.
802 513 886 570 16.
918 541 990 554 -
1033 511 1186 570 Nunc
1221 517 1395 568 autem
1422 512 1480 566 in
1517 511 1813 584 memetipso
1840 512 2111 570 marcescit
2216 514 2386 572 ribus.
2440 517 2522 572 Ac
2558 515 2602 572 si
2649 524 2833 588 aperte
2877 517 3024 574 dicat
3069 535 3082 574 :
3127 516 3522 575 Tribulationis
3574 517 3818 575 tenebris

516 608 698 666 anima
712 623 846 672 mea,
877 611 924 660 et
944 603 1215 677 possident
1240 620 1321 659 me
1347 603 1458 660 dies
1495 604 1815 677 a/ﬂictionis.

585 699 675 756 56.
701 697 854 754 Nunc
881 695 940 750 in
967 711 1021 750 se
1050 699 1375 749 marcescunt
1409 693 1573 762 electi,
1602 695 1691 749 sed
1718 693 1775 748 in
1787 696 1895 750 Deo
1917 694 2106 749 virent.

514 819 585 831 —
611 786 927 843 Electorum
958 783 1160 856 quippe
1179 783 1364 840 anima
1392 798 1541 840 nunc
1560 782 1867 852 marcescit,
1890 782 2019 856 quia
2049 781 2109 838 in

515 875 612 932 illa
638 871 988 948 postmodum
1019 879 1221 928 aterna
1235 871 1604 929 exsultatione
1624 871 1926 928 viridescit.
1950 871 2112 928 Modo

515 983 608 1023 eos
635 965 752 1022 dies
780 963 1098 1021 aﬂlictionis
1125 962 1427 1036 possident,
1460 961 1591 1033 quia
1619 961 1738 1017 dies
1768 961 1974 1016 latitia
1993 969 2114 1034 post

515 1063 836 1131 sequuntur.
860 1053 1136 1126 Scriptum
1152 1052 1353 1126 quippe
1381 1059 1494 1107 est:
1519 1053 1534 1087 ¹
1573 1052 1796 1108 T-imenti
1809 1051 1976 1106 Deum
1997 1052 2118 1108 bene

515 1148 616 1204 erit
641 1147 700 1203 in
726 1143 972 1202 extremis
999 1144 1195 1216 (Eccli.
1228 1160 1270 1212 ι,
1305 1142 1391 1211 13,
1425 1142 1538 1216 19).
1570 1144 1642 1200 Et
1670 1158 1889 1199 rursum
1919 1141 1986 1198 de
2015 1143 2114 1199 Ec-

514 1235 681 1295 clesia
695 1233 900 1291 dicitur
923 1248 936 1288 :
953 1231 1162 1288 Ridebit
1175 1229 1233 1286 in
1246 1231 1330 1286 die
1345 1231 1803 1303 novissimo(Prov
1813 1231 2090 1305 .xxxr,25)
2101 1275 2114 1287 .

515 1327 674 1383 Nunc
704 1322 852 1380 enim
882 1330 1098 1396 tempus
1123 1321 1439 1380 aﬂlictionis
1457 1331 1540 1380 est
1566 1323 1749 1394 bonis,
1772 1331 1834 1380 ut
1858 1330 2121 1398 sequatur

515 1434 610 1475 eos
636 1413 935 1474 exsultatio
965 1413 1294 1489 quandoque
1321 1415 1440 1472 sine
1471 1423 1732 1488 tempore.
1765 1414 1908 1471 Hinc
1945 1413 2012 1470 ab
2041 1413 2120 1469 eis

514 1507 652 1566 alias
704 1505 910 1564 dicitur
972 1519 988 1562 :
1044 1503 1356 1561 Humiliasti
1406 1521 1503 1560 nos
1553 1505 1613 1558 in
1669 1505 1778 1560 loco
1823 1503 2121 1576 afﬂictionis

517 1597 694 1670 (Psal.
724 1613 882 1666 XLIII,
912 1593 1029 1668 20).
1060 1595 1239 1652 Locus
1265 1607 1502 1666 namque
1530 1591 1847 1648 aﬂlictiouis
1889 1599 1971 1648 est
2005 1593 2124 1649 vita

515 1701 772 1760 prasens.
799 1683 964 1758 [Iusti
1013 1698 1141 1755 ergo
1187 1681 1301 1750 hic,
1349 1679 1408 1736 id
1435 1688 1516 1736 est
1543 1679 1604 1736 in
1633 1680 1754 1740 loco
1781 1680 2121 1753 aﬂlictionis,

2218 605 2410 674 pressi,
2443 604 2519 660 ita
2551 603 2848 662 aﬂlictione
2879 609 2900 642 ⁶
2929 607 3294 677 terebrantur,
3327 615 3388 665 ut
3415 615 3471 664 et
3498 608 3602 681 ipsi
3635 609 3728 682 qui
3764 608 3822 665 in

2221 713 2307 752 me
2317 696 2591 756 habebant
2611 698 2854 772 vigorem
2872 699 3393 773 fortitudinis,quasi
3405 699 3521 772 jam
3542 699 3822 774 quoddam

2221 786 2458 843 habeant
2484 786 2731 843 foramen
2761 788 2994 845 timoris.
3040 790 3185 845 Bene
3226 797 3406 845 autem
3445 789 3650 845 dicitur
3696 806 3708 845 :
3751 789 3827 844 Et

2221 875 2314 946 qui
2339 892 2422 931 me
2447 878 2716 932 comedunt
2733 895 2836 932 non
2865 877 3153 946 dormiunt,
3175 877 3302 950 quia
3323 876 3549 948 maligni
3577 875 3828 948 spiritus,

2223 966 2317 1039 qui
2365 967 2610 1024 carnales
2643 984 2858 1041 quoque
2900 967 2966 1022 de
2996 966 3240 1024 Ecclesia
3269 973 3623 1029 consumunt,
3673 972 3828 1020 tanto

2225 1057 2397 1130 magis
2425 1057 2701 1130 quiescere
2729 1073 2761 1113 a
2789 1056 3086 1112 tentatione
3115 1057 3392 1124 nesciunt,
3422 1063 3630 1129 quanto
3673 1055 3828 1111 nullo

2224 1146 2405 1203 carnis
2431 1147 2670 1220 pondere
2718 1153 3032 1218 gravantur.
3083 1146 3188 1202 Sed
3216 1152 3587 1218 persecutores
3629 1151 3828 1200 sancta

2225 1237 2484 1295 Ecclesia
2532 1238 2661 1312 quia
2699 1239 2858 1297 valde
2899 1237 3140 1312 perversi
3186 1244 3336 1307 sunt,
3376 1245 3557 1295 essent
3612 1237 3822 1294 utinam

2229 1328 2388 1399 pauci
2410 1329 2422 1385 l
2455 1329 2716 1403 Sequitur
2751 1346 2764 1386 :

2603 1436 2832 1495 CAPUT
2860 1437 3049 1494 xxrx
3081 1434 3227 1512 [Rec.
3259 1433 3472 1510 XXII].

2303 1541 2475 1600 Vnus.
2502 1543 2587 1601 18.
2617 1575 2689 1587 -
2716 1545 2782 1601 In
2801 1546 3137 1603 multitudine
3173 1562 3354 1602 eorum
3383 1544 3708 1603 consumitur
3734 1560 3832 1600 ve-

2229 1632 2529 1692 stimentum
2547 1652 2742 1704 meum,
2770 1642 2819 1694 et
2843 1637 3001 1710 quasi
3023 1637 3217 1710 capitio
3247 1637 3432 1695 tunica:
3457 1636 3829 1694 succinxerunt

513 1742 966 1878 humiliatisunt,
987 1742 1118 1885 quia
1131 1771 1192 1828 in
1210 1742 1412 1828 atema
1426 1770 1564 1841 vita,
1584 1769 1643 1827 id
1670 1779 1752 1830 est
1781 1771 1840 1873 in
1856 1742 2123 1885 Iocojgau:
2156 1793 2204 1857 B
2231 1742 2392 1874 mags.
2430 1814 2535 1885 om.
2559 1815 2806 1874 Ecclesia?
2832 1817 2974 1874 velut
2999 1815 3354 1874 vestimentum
3380 1815 3673 1884 adhaerent,
3701 1832 3827 1874 nam

513 1867 595 1928 dii
621 1865 1014 1925 sublimantur.
1044 1863 1184 1924 Cum
1213 1879 1344 1921 vero
1360 1878 1689 1921 marcescere
1709 1861 1951 1920 animam
1970 1863 2124 1924 dice-

515 1963 620 2028 ret,
667 1962 812 2016 recte
857 1955 1022 2014 etiam
1070 1952 1356 2029 pramisit,
1401 1953 1468 2009 In
1506 1952 1824 2028 ntemetipso,
1879 1952 2010 2028 quia
2063 1953 2124 2012 in

516 2045 927 2123 nobismetipsis
972 2044 1195 2120 quidem
1226 2044 1248 2081 ²
1277 2041 1536 2113 afﬁcitur,
1575 2042 1672 2102 sed
1712 2043 1771 2100 in
1811 2046 1926 2101 Deo
1967 2060 2124 2102 mens

516 2145 705 2196 nostra
729 2137 1047 2204 refovetur;
1079 2141 1342 2208 tantoque
1369 2149 1401 2190 a
1429 2132 1714 2190 viriditate
1742 2131 1929 2207 gaudii
1957 2134 2120 2206 longe

516 2226 600 2296 tit,
630 2231 836 2300 quanto
863 2223 1046 2282 adhuc
1072 2223 1142 2282 ab
1168 2222 1408 2281 auctoris
1430 2223 1646 2296 repulsa
1675 2221 1889 2280 lumine
1919 2224 1940 2259 ³
1969 2222 2039 2279 ad
2065 2236 2124 2279 se

514 2315 742 2374 recedit.
775 2315 928 2372 Tunc
959 2330 1090 2372 vero
1117 2313 1187 2372 ad
1215 2330 1358 2371 vera
1387 2313 1592 2370 latitia
1621 2313 1962 2370 viriditatem
1990 2329 2124 2387 per-

516 2405 692 2476 venit,
739 2405 960 2480 quando
1004 2421 1104 2479 per
1133 2411 1350 2462 aterna
1378 2404 1862 2478 contemplationis
1892 2402 2124 2477 gratiam

514 2495 800 2555 sublevata
845 2495 1014 2552 etiam
1059 2495 1408 2567 semetipsam
1453 2493 1671 2550 transit.
1706 2493 1812 2550 Sed
1840 2493 1959 2550 hac
2005 2509 2126 2566 qua

513 2583 808 2658 allegorica
843 2582 1193 2654 indagatione
1220 2581 1671 2650 transcurrimus,
1703 2589 1919 2654 oportet
1941 2591 2003 2638 ut
2032 2598 2128 2654 per

516 2673 706 2732 omnia
731 2672 897 2730 etiam
925 2671 1085 2745 juxta
1111 2670 1401 2727 historiam
1429 2677 1732 2727 teneamus.
1776 2672 1907 2738 Qua
1941 2678 2126 2727 tamen

515 2777 668 2819 nunc
712 2760 920 2819 idcirco
949 2766 1234 2834 pratereo,
1265 2757 1395 2833 quia
1422 2759 1541 2817 hac
1568 2765 1754 2832 aperta
1781 2775 1897 2816 esse
1933 2760 2128 2832 legen-

515 2851 668 2910 tibus
685 2867 798 2909 non
819 2851 1032 2924 ignoro.
1051 2849 1257 2907 Diebus
1269 2857 1452 2906 autem
1473 2849 1871 2923 persecutionis
1891 2850 2125 2921 ultima,

517 2942 650 3018 quia
681 2943 703 2980 ‘
719 2941 884 3000 multi
911 2949 1042 2999 sunt
1069 2940 1166 3014 qui
1185 2947 1436 3014 pereunt,
1459 2947 1513 2997 et
1528 2939 1687 3014 pauci
1707 2941 1802 3015 qui
1821 2942 2123 3010 salvantur;

518 3032 730 3100 idcirco
756 3031 848 3090 vir
873 3037 1097 3090 sanctus
1123 3029 1394 3106 passionis
1422 3047 1536 3086 sua
1581 3037 1829 3104 tempore
1859 3039 1913 3089 et
1956 3047 2129 3105 pauca

519 3123 594 3180 de
635 3123 821 3193 bonis,
865 3129 920 3179 et
949 3122 1123 3178 multa
1150 3119 1218 3177 de
1256 3119 1528 3194 perversis
1573 3120 1838 3195 loquitur.
1889 3121 2045 3180 Unde
2073 3131 2128 3179 et

522 3227 656 3270 mox
684 3211 754 3269 ad
783 3227 978 3268 eorum
1007 3225 1295 3283 personam
1325 3210 1420 3284 qui
1461 3217 1751 3282 corruunt,
1796 3211 1962 3268 verba
1999 3228 2128 3270 con-

521 3304 727 3372 vertit;
759 3303 948 3377 sicque
975 3318 1074 3358 sua
1101 3301 1370 3369 insinuat,
1400 3303 1421 3337 ⁶
1465 3309 1528 3359 ut
1565 3302 1888 3362 cadentibus
1915 3304 2128 3378 possint

521 3408 820 3466 congruere
846 3408 969 3466 qua
998 3399 1203 3448 narrat.
1236 3392 1372 3448 Nam
1398 3391 1650 3466 sequitur
1681 3411 1693 3450 :

689 3519 918 3580 CAPUT
943 3517 1184 3578 XXVIII
1213 3517 1358 3594 [Rec.
1391 3519 1542 3588 XXI,
1580 3519 1686 3581 γει.
1718 3518 1957 3596 XXIII].

590 3627 764 3691 Vnus.
797 3629 884 3688 17.
913 3659 985 3673 --
1013 3628 1171 3688 Nocte
1196 3645 1253 3684 os
1282 3645 1452 3684 meum
1477 3628 1798 3702 perforatur
1830 3628 2125 3699 doloribus,

521 3728 570 3777 et
591 3722 684 3794 qui
709 3737 790 3776 me
814 3719 1087 3776 comedunt
1121 3735 1228 3774 non
1255 3718 1544 3774 dor-miunt.

593 3812 684 3869 57.
743 3811 994 3867 Swviente
1031 3811 1408 3882 persecutione,
1441 3807 1605 3878 fortes
1632 3807 1787 3880 etqui
1826 3807 1885 3863 in
1913 3825 2131 3882 corpore

522 3899 771 3958 Ecclesia
795 3906 918 3957 sunt
952 3901 1093 3956 velut
1120 3916 1237 3956 ossa
1275 3897 1540 3971 deﬁciunt.
1563 3928 1634 3939 —
1664 3896 1721 3954 Si
1751 3896 1854 3970 ipsi
1885 3897 2130 3956 historia

523 3988 884 4058 intendimus,
915 3996 1062 4062 patet
1089 4004 1274 4055 causa,
1307 3985 1568 4058 quoniam
1593 3986 1766 4042 sancti
1797 3986 1904 4041 viri
1933 4003 2132 4060 corpus

526 4094 622 4150 per
649 4077 804 4133 sinus
831 4080 1080 4134 ulcerum
1098 4074 1406 4134 scaturiens
1419 4074 1696 4130 vermium
1740 4077 2042 4134 multitudo
2057 4080 2129 4134 la-

523 4165 760 4222 eerabat.
779 4165 835 4221 Si
861 4181 992 4220 vero
1015 4164 1292 4235 allegoria
1313 4162 1644 4234 mysterium
1693 4173 2127 4238 perscrutamur,

525 4252 659 4327 quid
687 4268 784 4325 per
810 4269 931 4309 ossa
959 4250 1067 4307 nisi
1097 4251 1267 4307 fortes
1297 4250 1501 4325 quique
1530 4249 1588 4307 in
1617 4260 1820 4310 sancta
1866 4254 2128 4312 Ecclesiae

523 4367 750 4424 corpore
802 4350 1202 4424 designantur?
1248 4347 1395 4406 664
1422 4348 1528 4418 Qui
1575 4349 1731 4424 quasi
1787 4367 1887 4408 suo
1934 4351 2128 4410 robore

529 4441 771 4498 membra
789 4441 1094 4512 continent,
1124 4441 1256 4499 dum
1288 4457 1467 4498 mores
1495 4439 1897 4499 inﬁrmantium
1921 4443 2128 4501 stabili-

2230 1922 2503 1979 nunquam
2529 1907 2595 1963 ab
2628 1923 2711 1973 ea,
2740 1907 2794 1963 vi
2827 1913 3225 1977 tormentorum,
3264 1912 3606 1982 separantur.
3653 1938 3725 1950 —
3768 1907 3826 1965 Si

2231 1994 2474 2053 historia
2503 1994 2863 2068 intendimus,
2893 1997 3029 2072 quid
3047 1997 3203 2055 aliud
3243 1999 3637 2056 vestimentum
3683 1996 3829 2054 beati

2231 2085 2331 2143 Job
2360 2102 2524 2160 quam
2545 2084 2662 2159 ejus
2690 2103 2888 2160 corpus
2906 2086 3208 2161 accipimus
3225 2087 3426 2160 ?cujus
3451 2087 3712 2145 videlicet
3739 2102 3830 2143 ve-

2231 2176 2552 2234 stimentum
2593 2178 2938 2235 consumitur
2979 2177 3111 2235 dum
3134 2193 3262 2235 caro
3312 2177 3613 2234 cruciatur.
3663 2177 3833 2234 Juxta

2231 2267 2504 2340 allegoria
2533 2284 2662 2325 vero
2709 2268 3057 2342 mysterium,
3088 2267 3480 2324 vestimentum
3509 2274 3593 2323 est
3629 2273 3831 2323 sancta

2232 2359 2490 2417 Ecclesia
2510 2359 2757 2416 ﬁdelium
2785 2360 2918 2416 vita.
2941 2361 3076 2418 Nam
3092 2360 3234 2416 sicut
3263 2366 3376 2414 tota
3395 2357 3560 2414 simul
3583 2357 3833 2414 Ecclesia

2234 2449 2622 2506 vestimentum
2653 2449 2880 2517 Christi,
2911 2449 2987 2505 ita
3013 2449 3202 2506 fideles
3232 2448 3435 2522 quique
3455 2445 3699 2519 ejusdem
3730 2447 3834 2502 Ec-

2234 2539 2414 2596 clesia
2437 2538 2764 2594 vestimenta
2784 2537 3198 2610 deputantur.Si
3214 2538 3361 2592 enim
3379 2545 3568 2593 sancta
3586 2535 3835 2593 Ecclesia

2236 2629 2628 2684 vestimentum
2659 2625 2866 2684 Christi
2893 2643 3003 2682 non
3029 2634 3190 2694 esset,
3219 2626 3421 2681 Paulus
3449 2627 3694 2697 profecto
3719 2641 3834 2681 non

2235 2717 2441 2774 diceret
2474 2735 2485 2772 :
2525 2718 2588 2774 Ut
2615 2717 2877 2772 exhiberet
2914 2716 3016 2772 sibi
3057 2715 3346 2788 gloriosam
3391 2715 3700 2783 Ecclesiam,
3729 2730 3833 2770 non

2235 2811 2502 2866 habentem
2520 2811 2783 2865 maculam
2815 2811 2834 2845 ⁷
2866 2826 3029 2880 neque
3057 2826 3245 2882 rugam
3268 2809 3491 2880 (Ephes.
3524 2825 3580 2874 v,
3612 2808 3702 2882 27)
3729 2827 3742 2877 ;
3776 2807 3834 2866 id

2235 2908 2339 2966 est,
2370 2915 2471 2956 nec
2500 2916 2596 2972 per
2624 2905 2906 2972 peccatum
2960 2897 3252 2954 habentem
3284 2898 3575 2966 maculam,
3607 2913 3709 2954 nec
3737 2914 3832 2971 per

2237 2987 2618 3060 duplicitatem
2636 3004 2850 3060 rugam,
2869 2985 2998 3061 quia
3013 2993 3066 3042 et
3083 3003 3178 3060 per
3199 2984 3473 3058 justitiam
3503 2984 3708 3040 munda
3724 2993 3826 3061 est,

2237 3083 2289 3134 et
2315 3057 2427 3150 per
2454 3057 2760 3149 simplicem
2803 3057 3168 3132 intentionem
3205 3057 3240 3110 γε
3282 3081 3452 3130 tensa.
3503 3072 3631 3142 Qua
3662 3057 3833 3148 igitur

2159 3163 2203 3225 Ο
2232 3165 2420 3223 abluta
2445 3174 2528 3223 est
2574 3183 2642 3223 ne
2673 3165 2869 3222 habeat
2914 3165 3208 3234 maculam,
3237 3172 3391 3221 tensa
3418 3169 3498 3220 est
3525 3179 3594 3219 ne
3636 3162 3834 3220 habeat

2237 3273 2452 3329 rugam,
2484 3254 2674 3329 utique
2705 3255 2875 3312 vestis
2922 3263 3024 3313 est.
3075 3255 3229 3312 Sicut
3269 3270 3396 3326 ergo
3443 3250 3831 3309 indumentum

2237 3349 2441 3408 Christi
2470 3355 2584 3404 tota
2630 3347 2954 3421 generaliter
3007 3347 3256 3404 Ecclesia
3291 3344 3516 3414 dicitur,
3558 3345 3638 3401 sic
3675 3344 3836 3401 indu-

2237 3446 2482 3496 mentum
2513 3443 2641 3492 sunt
2681 3436 2940 3493 Ecclesia
2968 3436 3310 3509 singulorum
3351 3433 3571 3506 anima,
3618 3450 3738 3507 qua
3767 3432 3836 3488 ab

2236 3543 2419 3584 errore
2448 3541 2724 3584 conversa
2751 3525 3002 3582 eamdem
3037 3525 3341 3583 Ecclesiam
3369 3522 3642 3582 credendo
3671 3523 3833 3597 eique

2237 3613 2473 3671 ﬁdeliter
2518 3613 2843 3671 inharendo
2879 3614 3244 3672 circumdant.
3287 3615 3365 3670 De
3411 3613 3614 3689 quibus
3657 3610 3834 3668 eidem

2236 3704 2494 3762 Ecclesia
2521 3721 2619 3778 per
2646 3704 2970 3778 prophetam
3011 3705 3284 3763 Dominus
3328 3703 3510 3762 dicit:
3557 3703 3680 3763 Vivo
3725 3718 3833 3775 ego,

2235 3796 2364 3866 quia
2390 3796 2631 3852 omnibus
2657 3795 2738 3851 his
2767 3797 2904 3853 velut
2930 3802 3238 3850 ornamento
3263 3793 3497 3849 vestieris
3509 3793 3836 3864 (Isai.xr.rx,

2242 3887 2354 3958 18).
2387 3884 2492 3941 Sed
2519 3901 2643 3942 cum
2673 3879 2907 3957 procella
2933 3897 3090 3939 sava
3136 3881 3534 3956 persecutionis
3563 3880 3836 3949 oboritur,

2238 3974 2493 4048 plerique
2523 3973 2771 4030 ﬁdelium
2800 3962 2869 4029 ab
2898 3970 3016 4044 ejus
3045 3987 3232 4029 amore
3271 3979 3618 4045 separantur,
3666 3967 3760 4042 qui
3811 3985 3842 4023 e

2239 4063 2429 4120 sedulo
2455 4063 2721 4121 inharere
2742 4061 3083 4120 videbantur.
3117 4061 3276 4119 Dicat
3302 4078 3433 4135 ergo
3466 4079 3479 4118 :
3505 4061 3570 4118 In
3597 4059 3840 4116 multitu-

2239 4152 2359 4209 dine
2390 4171 2571 4210 eorum
2599 4153 2922 4210 consumitur
2947 4151 3300 4208 vestimentum
3327 4167 3523 4218 meum,
3545 4149 3675 4224 quia
3699 4148 3833 4206 dum

2242 4242 2404 4300 multi
2433 4250 2565 4300 sunt
2599 4242 2696 4317 qui
2721 4241 3000 4313 cruciant,
3042 4241 3403 4300 destruuntur
3430 4238 3661 4314 plurimi
3691 4237 3787 4312 qui
3817 4254 3846 4293 e

2238 4333 2581 4390 connexione
2609 4333 2814 4390 amoris
2841 4331 3198 4390 inharebant.

2307 4424 2396 4480 59.
2432 4423 2658 4496 Reprobi
2706 4423 2865 4479 vitam
2883 4423 3008 4496 ﬁdei
3051 4429 3100 4479 et
3123 4419 3524 4496 pradicationis
3551 4435 3746 4489 vocem,
3781 4413 3840 4472 in

526 4539 610 4587 ter
625 4539 862 4604 portant.
883 4531 989 4588 Sed
1015 4507 1142 4589 cum
1172 4531 1548 4589 tribulationis
1563 4533 1772 4589 ultima
1803 4541 1996 4591 contra
2011 4551 2125 4590 eam

2239 4514 2474 4571 Ecclesia
2503 4515 2832 4586 exstinguere
2859 4519 3137 4570 comatur.
3175 4541 3246 4554 —
3266 4511 3412 4568 Bene
3441 4517 3625 4568 autem
3654 4507 3840 4565 subdi-

527 4621 712 4678 fervor
736 4623 1064 4694 excreverit,
1096 4623 1154 4680 in
1184 4632 1344 4682 nocte
1373 4641 1434 4680 os
1461 4623 1614 4680 illius
1629 4623 1938 4696 perforatur
1965 4624 2133 4682 dolo-

525 4711 702 4783 ribus,
733 4714 863 4788 quia
891 4729 1291 4786 nonnunquam
1321 4713 1612 4770 tormentis
1641 4712 1800 4782 victi,
1831 4713 1998 4769 etiam
2029 4713 2134 4786 ipsi

527 4803 595 4862 ad
627 4803 914 4878 perﬁdiam
944 4801 1218 4871 deﬂuunt,
1253 4801 1348 4875 qui
1378 4800 1448 4857 ad
1479 4800 1642 4856 ﬁdem
1673 4799 1810 4856 alios
1838 4807 2024 4858 tenere
2052 4801 2135 4858 vi-

606 5002 622 5036 ¹
665 4997 848 5072 Becc.,
877 4994 1102 5072 Utic._et
1115 4993 1299 5072 plura,
1328 4991 1530 5072 timenti
1557 4989 1868 5072 Dominum.

603 5072 626 5106 ³
663 5073 756 5128 Sic
783 5066 956 5142 Prat.,
1004 5066 1171 5142 Corb.
1213 5069 1425 5142 Germ.,
1457 5066 1699 5142 Ge_met._,_
1720 5066 2132 5142 _’_I'uroni.,_Val.

532 5142 617 5201 Cl.
638 5150 694 5198 et
721 5143 906 5200 Germ.
926 5136 989 5200 In
1009 5141 1209 5211 Laud.,
1230 5139 1502 5214 afﬂigitur.
1524 5136 1829 5209 Vet.Editi,
1851 5139 2132 5212 alﬁcimur;

533 5220 734 5286 poster.
747 5257 762 5282 ,
783 5215 1092 5286 afﬂigimur.

607 5287 628 5321 ³
667 5279 755 5357 [ta
775 5279 915 5341 Mss:
935 5293 988 5342 et
1019 5284 1195 5357 antiq.
1227 5279 1456 5342 Excusi.
1479 5284 1554 5339 At
1568 5290 1774 5341 recent.
1807 5280 2032 5352 habent,
2067 5284 2139 5340 ad

536 5373 590 5412 se
608 5357 963 5510 cﬁdnnulli,
983 5426 1516 5510 multinquipereunt,
1535 5427 1696 5510 pauci
1723 5433 1866 5496 sunt,
1876 5434 2005 5510 etc.

607 5501 630 5536 ⁶
673 5499 905 5571 Excusi,
952 5505 1012 5554 ut
1037 5499 1392 5556 audientibus.
1439 5499 1603 5559 Corb.
1635 5501 1844 5571 Germ.,
1876 5499 2138 5568 Vindoc.,

535 5567 770 5641 'l‘uron.,
799 5567 1011 5640 Germ.,
1033 5571 1230 5640 Laud.,
1253 5572 1378 5630 Val.
1409 5572 1518 5642 Cl.,
1546 5574 1761 5642 Norm.,
1778 5567 2023 5628 nostram
2052 5567 2142 5627 le?-

536 5645 777 5701 ctionem
786 5659 903 5771 pra
917 5659 974 5699 se
993 5643 1196 5710 ferunt;
1219 5659 1381 5716 quam
1399 5645 1457 5700 in
1470 5661 1639 5717 marg.
1655 5642 2136 5701 Gilot.annotavit.

609 5719 633 5753 ⁸
663 5717 743 5771 Ita
834 5715 1026 5771 uelim.
1077 5713 1200 5771 Val.
1234 5715 1342 5771 CL.
1389 5716 1614 5771 Pratell.
1647 5723 1701 5771 et
1746 5715 1843 5771 alii
1872 5714 2136 5771 plurimi:

609 5719 633 5753 ⁸
663 5717 766 5798 Ita_
786 5713 1026 5798 Anglic,
1077 5713 1351 5798 ValaCl,
1389 5713 1614 5798 Pratell'.
1647 5723 1701 5771 et
1733 5715 1843 5798 'al‘ii
1872 5714 2136 5798 plurimi;

537 5788 724 5863 sicque
751 5783 1043 5861 legendum
1071 5793 1306 5856 constat,
1335 5793 1454 5844 tum
1487 5803 1558 5844 ex
1582 5788 1704 5844 loco
1727 5786 1829 5843 Job
1844 5783 1938 5858 qui
1968 5783 2141 5858 expli-

2242 4611 2334 4660 tur
2361 4622 2372 4660 :
2406 4605 2481 4660 Et
2497 4602 2653 4675 quasi
2679 4604 2872 4676 capitio
2891 4603 3076 4659 tunicae
3089 4603 3462 4659 succinxerunt
3487 4617 3584 4656 me.
3617 4597 3840 4654 Tunica

2243 4694 2443 4768 quippe
2459 4693 2722 4767 capitium
2739 4693 2944 4750 collum
2973 4692 3279 4750 circumdat
3297 4688 3595 4748 induentis.
3621 4686 3843 4746 Collum

2245 4800 2374 4842 vero
2393 4785 2439 4843 si
2456 4784 2767 4860 stringitur,
2781 4783 2934 4842 vocis
2961 4798 3095 4842 usus
3123 4791 3178 4841 et
3199 4781 3383 4840 vitalis
3411 4781 3572 4839 ﬂatus
3591 4785 3842 4838 necatur.

2244 4991 2398 5062 catur
2429 5004 2442 5044 :
2466 5002 2524 5062 os
2535 5001 2708 5062 meum
2721 4984 3062 5062 perforatur,
3084 4991 3210 5062 tum
3224 4999 3296 5041 ex
3310 4980 3400 5062 his
3427 4977 3621 5062 verbis,
3645 4996 3657 5038 :
3687 4975 3848 5062 quasi

2235 5060 2355 5131 jam
2382 5060 2647 5131 quoddam
2665 5051 2888 5115 habeant
2905 5051 3395 5131 foramentimoris.
3413 5053 3629 5111 Alludit
3650 5051 3848 5131 videli-

2245 5123 2331 5189 cet
2355 5123 2576 5204 sanctus
2591 5123 2965 5204 Gregorius
2982 5129 3316 5204 superiorem
3333 5143 3533 5204 vocem
3553 5123 3852 5204 terebratur

2245 5220 2342 5260 seu
2374 5193 2798 5276 perforaturfln
2827 5203 2979 5259 Edit.
3014 5193 3264 5276 Bai-the].
3293 5199 3453 5267 1494,
3481 5196 3658 5276 _Paris.
3687 5193 3848 5276 149.5,

2251 5265 2446 5345 Gilot.,
2487 5276 2695 5343 Vatic.,
2738 5275 3036 5345 Gussanv.,
3089 5273 3323 5345 legimus
3365 5265 3740 5345 tenebrantur._
3785 5265 3848 5320 In

2251 5337 2443 5404 Parisf
2460 5347 2597 5403 1518
2615 5337 2862 5402 θι’ΒειεὶΙ.
2890 5337 3049 5415 1514,
3071 5337 3328 5402 crassiori
3349 5357 3552 5415 errore,
3585 5337 3850 5394 terreban-

2253 5425 2359 5476 tur.
2392 5419 2579 5476 Germ.
2615 5425 2671 5474 et
2701 5416 2863 5474 Corb.
2897 5413 3084 5475 Germ.
3117 5415 3322 5472 habent
3353 5413 3715 5470 tenebrantur.

2321 5492 2342 5528 ⁷
2383 5489 2498 5561 AL,
2529 5494 2623 5545 aut
2647 5505 2858 5561 rugam.

2324 5562 2349 5636 ξ
2383 5549 2699 5636 Sic'legitur
2717 5549 2847 5636 bon,
2865 5560 3044 5618 solum
3074 5559 3133 5616 in
3148 5560 3302 5629 Mss,
3324 5556 3418 5615 sed
3435 5556 3602 5614 etiam
3721 5549 3853 5611 γει.

2248 5632 2424 5700 Edit.,
2453 5626 2580 5687 aliis
2606 5632 2938 5690 habentibus
2968 5640 3125 5701 tersa,
3147 5649 3250 5690 nec
3265 5626 3434 5698 recte,
3463 5637 3526 5686 ut
3539 5643 3609 5685 ex
3625 5626 3855 5701 his_ver-

2248 5703 2334 5762 bis
2361 5697 2511 5778 patet
2543 5722 2555 5762 :
2589 5721 2706 5776 qua:
2724 5706 2893 5778 igitur
2919 5697 3232 5771 abluta'est,
3261 5721 3326 5759 ne
3353 5697 3541 5759 habeat
3566 5697 3854 5778 maculam,

2251 5775 2392 5842 tensa
2409 5792 2482 5843 est
2497 5801 2557 5842 ne
2572 5775 2763 5842 habeat
2768 5803 2977 5858 rugam,
2994 5785 3082 5841 ubi
3091 5782 3151 5839 τὸ
3171 5790 3307 5839 tersa
3330 5782 3562 5840 minime
3578 5775 3854 5849 congruit.
