4162 6184
366 230 467 287 173

1161 228 1532 290 MORALIUM
1570 230 1703 290 LIB.
1746 230 1875 291 XX.
1918 261 1989 277 —
2027 235 2097 292 IN
2134 233 2362 293 CAPUT
2400 234 2562 293 XXX
2603 239 2664 294 B.
2706 240 2852 297 JOB.

3576 249 3694 325 174,

367 356 633 413 Sanctam
661 368 783 427 ergo
811 351 1115 411 Ecclesiam
1144 354 1361 429 reprobi
1389 356 1545 431 quasi
1573 358 1781 432 capitio
1810 358 1974 418 tuni-
1999 366 2051 427 Α
2080 359 2268 418 diendi
2301 377 2453 419 mora
2482 378 2613 418 mox
2640 362 2917 432 subditur,
2937 379 3064 421 cum
3085 366 3203 425 illic
3218 370 3475 441 protinus
3499 373 3687 431 subin‘

372 464 453 504 cae
486 444 887 518 constringunt,
918 444 1047 517 quia
1075 444 1132 501 in
1162 462 1226 502 ea
1251 446 1729 519 persecutionibus
1757 450 1871 508 suis
1900 450 1979 507 vi-

378 547 490 595 tam
520 536 666 606 ﬁdei,
689 544 744 592 et
758 535 1168 609 przedicationis
1189 555 1378 595 vocem
1399 540 1752 613 exstinguere
1777 558 1977 598 conan-

379 637 483 683 tur.
517 628 631 684 Hoc
659 626 863 701 quippe
892 626 1082 684 conari
1109 637 1483 701 persecutores
1520 628 1639 703 ejus
1669 631 1979 704 specialiter

371 720 567 787 solent,
599 726 663 774 ut
690 718 760 774 ab
805 734 868 774 ea
908 726 1035 774 ante
1071 720 1257 789 omnia
1300 721 1531 778 verbum
1568 721 1979 794 praedicationis

370 810 591 866 tollant.
622 808 781 866 Unde
810 818 863 865 et
884 808 945 864 hi
975 808 1070 882 qui
1100 818 1300 869 sanctae
1326 811 1454 868 ﬁdei
1471 812 1792 884 primordiis
1822 813 1978 869 resis-

368 899 580 968 tebant,
610 899 770 957 caesis
797 900 1079 971 Apostolis
1094 900 1517 971 denuntiabant,
1547 901 1809 959 dicentes:
1833 903 1978 959 Prte-

367 990 608 1062 cipiemlu
631 991 982 1062 pru'repimus
1007 990 1151 1046 vobis
1178 1009 1242 1047 ne
1269 993 1519 1049 (loceretis
1540 992 1593 1048 in
1623 993 1830 1049 nomine
1858 994 1978 1059 ista,

369 1088 417 1135 et
446 1087 592 1146 665
620 1099 729 1136 ecce
744 1081 984 1153 replestis
995 1083 1291 1139 Jerusalem
1311 1084 1553 1141 doctrina
1570 1091 1745 1141 vestra
1759 1085 1901 1158 (Act.
1921 1102 1978 1153 v,

369 1183 487 1255 28).
522 1181 735 1255 Corpus
762 1196 892 1252 ergo
921 1186 1123 1236 sanctae
1151 1180 1409 1238 Ecclesiae
1427 1182 1583 1256 quasi
1604 1182 1807 1257 capitio
1836 1181 1981 1239 tuni-

372 1290 452 1331 cae
479 1272 791 1341 cinxerant,
822 1268 918 1344 qui
948 1268 1266 1328 constrictis
1306 1272 1786 1346 praedicatoribus,
1828 1275 1983 1331 velut

372 1365 494 1438 ejus
522 1362 728 1420 collum
759 1368 1091 1435 prementes,
1122 1360 1180 1419 in
1209 1377 1273 1419 ea
1299 1363 1552 1421 claudere
1567 1364 1673 1421 iter
1701 1363 1854 1422 vocis
1874 1380 1983 1420 vo-

374 1454 580 1512 lebant.
614 1451 720 1510 Sed
748 1450 908 1509 electi
937 1450 1142 1525 quique
1170 1453 1569 1526 persecutionis
1598 1471 1709 1512 suae
1737 1461 1982 1527 tempore

373 1544 679 1620 paratiores
706 1549 838 1599 sunt
866 1541 1009 1599 mori
1039 1558 1204 1616 quam
1224 1550 1424 1601 tacere.
1448 1544 1554 1614 Qui
1574 1544 1709 1602 dum
1729 1544 1789 1600 in
1808 1551 1983 1602 morte

373 1634 739 1710 corporaliter
765 1640 1055 1704 corruunt,
1084 1650 1116 1691 a
1142 1634 1330 1691 stultis
1357 1634 1666 1710 quibusque
1681 1643 1734 1692 et
1748 1634 1979 1694 carnali-

2089 452 2298 509 fertur:
2332 453 2406 508 Et
2431 469 2537 507 non
2554 452 2625 508 ad
2652 452 3013 525 insipientiam
3038 455 3169 511 mihi
3187 458 3357 528 (Ibid.
3364 462 3410 530 ).
3442 461 3529 519 Ad
3550 464 3689 520 mul-

2090 542 2447 615 tiplicandam
2495 542 2698 617 quippe
2742 551 3060 600 sanctorum
3103 546 3424 618 sapientiam
3474 554 3693 624 proﬁcit

2092 633 2239 706 quod
2284 634 2559 707 postulata
2612 633 2764 691 tarde
2811 634 3143 707 percipiunt,
3199 644 3262 693 ut
3311 654 3382 694 ex
3426 639 3690 701 dilatione

2092 733 2298 781 crescat
2324 724 2682 794 desiderium,
2704 742 2773 781 ex
2789 724 3062 782 desiderio
3075 725 3392 784 intellectus
3409 739 3687 801 augeatur.

2092 816 2407 872 Intellectus
2438 834 2567 873 vero
2596 834 2721 873 cum
2770 816 3102 887 intenditur,
3147 816 3265 890 ejus
3306 818 3365 875 in
3391 821 3566 876 Deum
3596 838 3695 878 ar-

2093 904 2311 961 dentior
2338 906 2565 962 allectus
2593 906 2856 980 aperitur.
2890 907 3135 965 Allectus
3162 915 3345 964 autem
3376 908 3443 965 ad
3482 926 3694 982 prome-

2093 994 2263 1051 renda
2291 995 2533 1052 coelestia
2558 1003 2713 1052 tanto
2743 996 2806 1052 ﬁt
2834 1012 3028 1069 capax,
3058 1007 3266 1071 quanto
3291 998 3460 1055 fuerit
3488 1016 3694 1075 exspe-

2092 1084 2292 1142 ctando
2323 1086 2678 1158 longanimis.
2708 1086 2814 1143 Sed
2843 1095 3025 1145 tamen
3056 1089 3201 1146 inter
3234 1089 3353 1148 haec
3379 1097 3693 1149 sanctorum

2093 1176 2414 1249 patientiam
2445 1178 2603 1234 dolor
2634 1186 2792 1251 urget
2819 1179 2887 1238 ad
2916 1196 3129 1251 vocem,
3159 1190 3213 1239 et
3240 1200 3367 1241 cum
3387 1184 3547 1241 dilati
3574 1202 3694 1258 pro-

2092 1266 2310 1336 ﬁciunt,
2342 1274 2599 1325 metuunt
2653 1285 2722 1325 ne
2764 1269 3153 1330 deﬁcientibus
3193 1271 3407 1333 viribus
3454 1274 3695 1349 despecti

2093 1357 2474 1431 reprobentur.
2507 1359 2769 1433 Sequitur
2792 1378 2805 1418 :
3400 1386 3405 1395 ’

2405 1467 2635 1525 CAPUT
2689 1470 2907 1528 xxxn
2967 1468 3111 1546 [Rea
3151 1471 3391 1550 XXIII].

2165 1571 2337 1631 Vens.
2364 1561 2469 1631 ξι.
2502 1606 2573 1618 --
2601 1578 2838 1635 Mutatus
2885 1594 2936 1635 es
2981 1580 3113 1637 mihi
3156 1580 3210 1637 in
3251 1583 3532 1652 crudelem,
3566 1588 3614 1641 et
3640 1582 3697 1640 in

2096 1662 2305 1719 duritia
2330 1680 2521 1721 manus
2551 1671 2652 1722 ture
2675 1668 2987 1724 adversaria
3013 1669 3162 1726 mihi.

380 1725 485 1784 bus
511 1724 753 1835 demeti
797 1724 1041 1835 ξεινξιθε
1076 1724 1757 1835 ῗξιῇηἱαηιιξιχξῐξξίῇευιιξ
1789 1724 1981 1835 videte
2021 1733 2068 1794 B
2170 1752 2257 1809 62.
2292 1753 2368 1808 De
2395 1754 2502 1809 Deo
2531 1754 2667 1812 nihil
2691 1756 2909 1829 dignum
2937 1724 3219 1816 dicereaut
3245 1758 3473 1832 cogitare
3494 1778 3695 1835 possu-

382 1816 603 1892 reprobi
619 1823 898 1890 nequeunt
924 1831 1046 1890 qua;
1065 1815 1224 1873 electi
1244 1815 1390 1874 bona
1404 1815 1727 1889 spiritaliter
1740 1824 1984 1887 teneant,

382 1921 529 1981 quos
556 1903 842 1964 carnaliter
868 1901 1149 1980 exstingui
1164 1904 1533 1979 conspiciunt,
1562 1905 1817 1964 infelices
1844 1905 1986 1964 arbi-

386 2002 627 2054 trantur.
657 1995 806 2055 Unde
833 2003 887 2055 et
906 1994 1196 2055 subditur:

946 2103 1177 2163 CAPUT
1221 2102 1410 2162 XXX.

455 2208 626 2271 Vens.
659 2209 748 2270 19.
777 2242 845 2255 -
875 2210 1231 2287 Comparatus
1258 2229 1376 2270 sum
1407 2210 1539 2278 luto,
1585 2217 1632 2269 et
1659 2208 1988 2268 assimilatas

384 2316 502 2357 sum
529 2300 740 2372 favilla
763 2306 813 2358 et
837 2300 1020 2358 cineri.

453 2390 543 2448 60.
576 2392 729 2448 Hanc
759 2398 1010 2463 tanquam
1038 2391 1229 2461 lutum,
1261 2389 1512 2463 favillam
1531 2396 1580 2447 et
1604 2390 1830 2446 cinerem
1857 2405 1991 2444 con-

380 2481 613 2538 calcant.
642 2511 716 2523 —
742 2481 806 2536 In
850 2479 1213 2552 reproborum
1268 2480 1473 2553 quippe
1522 2477 1756 2551 judicio,
1808 2484 1993 2535 sancta

377 2570 694 2628 electorum
723 2567 971 2624 Ecclesia
996 2567 1117 2623 luto
1154 2574 1526 2639 comparatur,
1565 2566 1693 2640 quia
1727 2573 1991 2639 tempora-

375 2660 522 2716 liter
550 2657 873 2714 conculcata
910 2654 1229 2728 despicitur.
1278 2656 1503 2713 Favillae
1554 2655 1884 2711 assimilatur
1936 2664 1990 2712 et

334 2792 341 2801 .
377 2745 585 2816 cineri,
617 2745 749 2820 quia
776 2745 907 2802 dum
928 2745 1073 2801 bona
1096 2743 1214 2817 ejus
1240 2744 1507 2802 interiora
1534 2761 1645 2802 non
1674 2744 1889 2815 vident,
1920 2745 1989 2803 ad

382 2838 502 2895 sola
526 2832 673 2892 hanc
701 2835 844 2891 mala
870 2834 1184 2908 pervenisse
1227 2833 1523 2904 aestimant,
1555 2851 1675 2908 quae
1704 2834 1763 2891 in
1793 2850 1854 2892 ea
1879 2853 1988 2893 ex-

384 2924 568 2984 hiberi
595 2923 956 2998 corporaliter
1008 2922 1218 2980 vident.
1247 2925 1263 2959 ¹
1319 2922 1525 2981 Fidelis
1561 2931 1746 2981 autem
1775 2926 1988 2983 electo-

387 3033 510 3075 rum
538 3017 795 3091 populus,
839 3031 967 3073 cum
998 3015 1203 3073 multos
1245 3031 1315 3073 ex
1351 3031 1409 3073 se
1450 3015 1642 3073 cadere
1690 3018 1985 3090 conspicit,

2095 1858 2233 1899 mus.
2264 1872 2335 1884 —
2353 1842 2539 1917 Longe
2567 1843 2635 1901 ab
2661 1843 2765 1903 hac
2792 1847 3065 1904 sententia
3084 1855 3243 1905 vetus
3270 1849 3559 1908 translatio
3588 1852 3696 1910 dis-

2096 1940 2275 2002 sonat,
2308 1934 2436 2007 quia
2465 1935 2614 2008 quod
2642 1935 2700 1992 in
2729 1936 2834 1995 hac
2873 1937 2940 1995 de
2982 1940 3095 1995 Deo
3124 1939 3349 2011 dicitur,
3380 1940 3486 2000 hoc
3514 1943 3573 2000 in
3602 1944 3699 2002 illa

2097 2020 2164 2079 de
2210 2021 2544 2081 adversariis
2600 2041 2665 2083 ac
2708 2028 3153 2101 persecutoribus
3191 2039 3545 2090 memoratur.
3592 2035 3695 2093 Sed

2095 2121 2282 2170 tamen
2339 2114 2469 2188 quia
2513 2115 2631 2175 haec
2663 2134 2808 2176 nova
2863 2120 3150 2179 translatio
3181 2138 3250 2178 ex
3280 2122 3508 2181 Hebraeo
3537 2125 3697 2183 nobis

2096 2205 2118 2239 ³
2148 2203 2495 2278 Arabicoque
2525 2206 2745 2282 eloquio
2773 2218 2971 2267 cuncta
2990 2211 3177 2269 verius
3204 2213 3565 2271 transfudisse
3580 2231 3697 2289 per-

2097 2291 2343 2363 hibetur,
2374 2294 2708 2354 credendum
2737 2307 2818 2356 est
2853 2299 3126 2374 quidquid
3179 2299 3237 2357 in
3266 2317 3329 2357 ea
3375 2302 3601 2373 dicitur,
3641 2310 3697 2361 et

2099 2389 2317 2456 oportet
2352 2392 2415 2441 ut
2460 2386 2627 2443 verba
2675 2387 2827 2445 illius
2854 2397 3045 2446 nostra
3089 2388 3363 2464 expositio
3419 2390 3699 2449 subtiliter

2095 2472 2349 2531 rimetur.
2384 2473 2478 2532 Ait
2508 2491 2663 2549 ergo:
2695 2478 2933 2536 Mutatus
2961 2496 3013 2534 es
3039 2480 3170 2535 mihi
3188 2479 3243 2535 in
3259 2482 3540 2552 crudelem,
3571 2482 3699 2539 etin

2096 2564 2303 2621 duritia
2330 2583 2522 2624 manus
2545 2573 2646 2623 tua:
2662 2569 2967 2626 aduersaris
2985 2570 3131 2626 mihi.
3164 2576 3308 2636 666
3337 2572 3399 2628 In
3415 2569 3699 2646 Scriptura

2096 2672 2283 2724 sancta
2312 2684 2437 2724 cum
2468 2666 2535 2724 de
2570 2668 2684 2727 Deo
2704 2668 2915 2744 aliquid
2940 2669 3229 2745 indignum
3258 2670 3484 2742 dicitur,
3516 2689 3697 2730 move-

2097 2764 2189 2813 tur
2209 2758 2441 2831 legentis
2469 2760 2711 2831 animus,
2742 2763 2895 2820 velut
2923 2761 2969 2819 si
2999 2762 3297 2837 aliquando
3324 2762 3391 2819 de
3407 2764 3521 2819 Deo
3551 2764 3572 2799 ‘
3602 2763 3699 2820 ali-

2095 2845 2232 2921 quid
2263 2848 2491 2922 dignum
2521 2848 2757 2909 dicatur.
2816 2852 2959 2908 Pene
2992 2868 3154 2908 omne
3198 2850 3400 2924 quippe
3438 2851 3586 2925 quod
3631 2849 3697 2909 de

2092 2937 2206 2993 Deo
2236 2937 2462 3008 dicitur,
2494 2956 2558 2996 eo
2593 2940 2713 3013 ipso
2748 2939 2863 3011 jam
2894 2940 3189 3013 indignum
3231 2944 3335 3008 est,
3376 2950 3485 3012 quo
3517 2940 3697 3014 potuit

2095 3026 2226 3084 dici.
2250 3028 2387 3085 Nam
2418 3029 2575 3102 cujus
2594 3029 2745 3086 laudi
2774 3047 2886 3087 non
2916 3030 3119 3087 sufﬁcit
3148 3028 3537 3105 obstupescens
3554 3049 3697 3090 con-

390 3115 562 3182 optat,
591 3106 637 3164 si
665 3105 916 3196 obtinere
953 3107 1155 3196 valeat,
1198 3105 1547 3196 adversitatis
1576 3123 1687 3164 suae
1734 3115 1982 3181 tempora
2016 3104 2065 3166 G
2090 3116 2340 3187 scientia,
2368 3118 2588 3192 quando
2625 3120 2861 3177 sufﬁciet
2900 3121 3132 3196 loquens
3188 3104 3421 3195 lingua?
3467 3123 3697 3182 Sanctus

389 3196 610 3254 mutari.
644 3194 820 3268 Hujus
838 3196 969 3269 quia
987 3195 1163 3253 oratio
1181 3195 1453 3266 diﬁ‘ertur,
1476 3196 1711 3269 gemitus
1730 3205 1977 3271 augetur.

388 3286 541 3344 Unde
568 3284 747 3344 adhuc
770 3285 1054 3344 subditur:

707 3393 938 3453 CAPUT
992 3392 1184 3451 xxxr
1232 3388 1370 3468 [νει.
1425 3391 1651 3469 XXIV].

462 3483 634 3545 Vens.
665 3482 754 3542 20.
783 3515 855 3526 —
875 3484 898 3519 ²
936 3483 1188 3542 Clamabo
1207 3484 1280 3542 ad
1308 3490 1374 3551 te,
1394 3489 1559 3541 etnon
1587 3482 1862 3551 exaudies;
1879 3488 1979 3551 sto,

384 3581 436 3631 et
465 3592 571 3630 non
595 3575 807 3646 respicis
833 3590 931 3631 me.

466 3666 533 3721 61
546 3708 558 3719 .
588 3664 831 3721 Ecclesia:
852 3664 1065 3722 liberari
1076 3665 1400 3740 postulantis
1419 3665 1594 3722 oratio
1612 3682 1718 3720 non
1737 3663 1980 3720 continuo

384 3753 702 3812 exauditur.
752 3755 867 3823 Qua
908 3755 1129 3811 ratione.
1158 3784 1230 3797 —
1257 3755 1454 3812 Sancta
1490 3754 1690 3828 quippe
1734 3753 1983 3811 Ecclesia

384 3843 789 3922 persecutionis
835 3860 945 3903 suae
983 3850 1226 3921 tempore
1254 3845 1361 3903 ﬁde
1390 3852 1516 3916 stat,
1547 3842 1834 3927 desideriis
1860 3844 1983 3902 cla-

386 3942 520 3993 mat.
552 3932 658 3992 Sed
704 3935 853 3992 dolet
879 3952 936 3992 se
969 3936 1125 4010 quasi
1152 3952 1265 3993 non
1292 3935 1512 4009 respici,
1543 3934 1675 3992 dum
1704 3952 1799 3992 sua
1830 3934 1983 3992 videt

387 4023 445 4081 in
473 4023 925 4082 tribulationibus
938 4031 1069 4081 vota
1087 4024 1315 4081 diﬁerri.
1338 4025 1468 4082 Alto
1487 4041 1724 4099 namque
1748 4024 1981 4082 consilio

388 4112 735 4189 omnipotens
788 4117 957 4186 Deus,
1014 4131 1138 4173 cum
1171 4114 1346 4172 sancti
1383 4114 1501 4189 ejus
1539 4114 1978 4172 adversariorum

388 4202 863 4278 persecutionibus
891 4205 1356 4280 comprimuntur,
1396 4221 1630 4280 eumque
1656 4203 1893 4263 assiduis
1920 4211 1983 4261 ut

389 4293 691 4352 liberentur
724 4293 1261 4370 interpellationibus
1307 4295 1568 4364 clamant,
1595 4294 1815 4351 differre
1843 4292 1981 4350 solet

386 4398 555 4442 voces
604 4385 934 4458 petentium,
991 4393 1056 4442 ut
1101 4383 1298 4441 merita
1351 4383 1676 4456 patientium
1712 4389 1978 4451 crescant,

2091 3216 2272 3265 autem
2303 3208 2541 3282 Spiritus
2570 3210 2676 3269 hoc
2705 3209 2886 3286 ipsum
2916 3211 3698 3287 hominibusintelligentibus

2092 3297 2406 3371 insinuans,
2441 3317 2602 3375 quam
2635 3302 2747 3360 sint
2775 3301 3076 3361 ineffabilia
3108 3319 3322 3360 summa
3352 3304 3372 3336 ⁵
3402 3312 3456 3361 et
3484 3303 3695 3377 divina,

2091 3386 2180 3447 his
2208 3391 2373 3448 etiam
2429 3392 2612 3450 verbis
2662 3410 3063 3468 nonnunquam
3110 3392 3177 3449 de
3212 3396 3324 3451 Deo
3366 3394 3546 3451 utitur
3575 3410 3695 3469 qua:

2090 3479 2235 3552 apud
2258 3481 2512 3539 homines
2562 3483 2837 3540 habentur
2889 3484 2948 3540 in
2995 3483 3157 3554 vitio,
3215 3491 3277 3540 ut
3332 3500 3403 3540 ex
3450 3484 3540 3540 his
3569 3501 3690 3558 qum

2089 3568 2320 3643 indigna
2347 3572 2606 3630 videntur
2633 3572 2975 3644 hominibus,
3020 3581 3071 3630 et
3123 3581 3305 3633 tamen
3334 3573 3599 3632 dicuntur
3628 3575 3696 3632 de

2088 3664 2221 3732 Deo,
2253 3664 2653 3719 admoneantur
2680 3664 2819 3721 scire
2854 3664 3108 3721 homines
3139 3664 3289 3737 quod
3317 3681 3421 3723 nec
3450 3664 3549 3721 illa
3571 3664 3690 3737 jam

2090 3753 2203 3808 Deo
2232 3752 2398 3824 digna
2425 3755 2537 3809 sint
2571 3769 2713 3825 quae,
2745 3752 2878 3809 dum
2906 3753 3073 3824 digna
3102 3751 3377 3807 habentur
3403 3752 3550 3824 apud
3578 3751 3693 3808 ho-

2090 3839 2289 3909 mines,
2321 3840 2487 3911 digna
2516 3846 2781 3912 putantur
2809 3843 2943 3897 Deo.

2159 3930 2248 3986 63.
2257 3930 2369 3997 Quo
2380 3946 2533 3985 sensu
2545 3929 2757 3986 dicatur
2771 3924 3692 4002 zelari,irasci,pwnitere,misereri,

2085 4019 2355 4093 praescire.
2380 4019 2487 4076 Deo
2504 4020 2639 4078 nihil
2647 4022 2980 4094 praeteritum
2995 4026 3069 4079 est
3082 4029 3177 4079 aut
3190 4021 3454 4095 futurum.
3475 4024 3576 4083 Res
3589 4042 3696 4082 non

2091 4110 2204 4166 ideo
2233 4110 2480 4167 videntur
2506 4129 2540 4167 a
2568 4111 2677 4168 Deo
2707 4111 2835 4184 quia
2865 4119 3008 4183 sunt,
3038 4111 3129 4169 sed
3156 4109 3270 4169 ideo
3300 4120 3423 4169 sunt
3455 4114 3585 4186 quia
3614 4115 3696 4172 vi-

2082 4196 2299 4258 ‘dentur.
2331 4230 2402 4243 —-
2428 4199 2646 4259 Dicitur
2677 4201 2824 4259 enim
2856 4205 3003 4261 Deus
3031 4203 3233 4273 zelans,
3265 4202 3408 4261 sicut
3428 4204 3695 4278 scriptum

2089 4299 2207 4349 est:
2239 4291 2501 4349 Dominus
2530 4294 2718 4348 zelotes
2744 4310 2932 4348 nomen
2960 4291 3073 4363 ejus
3108 4292 3311 4366 (Exod.
3344 4310 3544 4363 xxxrv,
3579 4294 3692 4368 14).

2087 4381 2304 4438 Dicitur
2323 4380 2516 4450 iratus,
2538 4382 2685 4439 unde
2706 4381 2971 4453 scriptum
2995 4387 3106 4439 est:
3133 4382 3317 4437 Iratus
3340 4390 3416 4439 est
3434 4383 3695 4439 Dominus

386 4485 665 4552 quatenus
691 4495 754 4536 eo
804 4478 980 4553 magis
1034 4477 1403 4535 exaudiantur
1447 4476 1516 4534 ad
1566 4475 1848 4545 meritum,
1879 4491 1988 4548 quo
2017 4474 2067 4534 D
2096 4476 2281 4527 contra
2309 4472 2482 4527 Israel
2523 4470 2707 4543 (Num.
2740 4487 2924 4540 xxxn,
2954 4470 3067 4544 13).
3090 4470 3308 4529 Dicitur
3334 4474 3480 4529 Deus
3507 4473 3696 4545 pumi-

386 4566 556 4623 citius
584 4583 697 4624 non
727 4568 1099 4627 exaudiuntur
1126 4567 1195 4624 ad
1224 4574 1434 4623 votum.
1465 4564 1621 4623 Unde
1640 4565 1776 4621 alias
1802 4561 1985 4636 scrip-

388 4662 505 4714 tum
535 4666 649 4717 est:
680 4659 823 4718 Deus
842 4677 1005 4728 meus,
1027 4657 1262 4717 clamabo
1285 4673 1385 4730 per
1411 4656 1568 4727 diem,
1597 4672 1687 4712 nec
1714 4653 1984 4723 exaudies,

387 4752 439 4803 et
465 4754 607 4808 nocte
638 4750 813 4825 (Psal.
854 4766 977 4823 xxr,
1007 4749 1087 4825 3).
1118 4750 1301 4824 Atque
1328 4746 1446 4823 ipsa
1473 4744 1685 4805 utilitas
1712 4743 1778 4802 de
1807 4761 1986 4803 exau-

465 4939 481 4981 ¹
514 4941 595 5004 Ila
627 4938 828 5005 melius
864 4942 996 5008 Mss.
1040 4959 1204 5021 quam
1250 4940 1424 5015 Editi,
1472 4940 1531 5002 in
1561 4939 1762 5018 quibus
1788 4938 1988 5015 legitur

389 5016 563 5090 ﬁdelis
593 5025 783 5077 tamen.
1581 5087 1616 5090 _A
1703 5088 1724 5090 _
1845 5086 1854 5090 _

518 5025 563 5073 is
593 5025 783 5077 tamen.

464 5090 485 5124 ³
521 5091 746 5148 Recent.
797 5090 905 5148 Ed.
934 5091 1169 5148 clamo...
1202 5094 1262 5161 et
1288 5105 1393 5144 non
1421 5087 1661 5161 exaudis.
1695 5086 1987 5161 Sequimur

389 5160 516 5217 Mss.
550 5162 766 5231 Germ.,
794 5164 1035 5232 Bellov.,
1065 5160 1262 5230 Laud.,
1293 5161 1416 5219 Val.
1450 5158 1799 5229 Cl.,Norm.,‘
1818 5158 1981 5216 Corb.

606 5250 672 5291 ac
689 5234 851 5308 AEdit.
888 5233 1314 5308 antiquissimas.

461 5306 483 5385 ξ
515 5305 659 5385 _Hinc
687 5306 865 5385 liquet
890 5306 959 5363 ad
995 5301 1458 5385 mentem__sancti
1499 5302 1749 5385 Gregorii
1780 5301 1984 5385 librum

388 5374 492 5456 {ob
512 5376 661 5456 inter
686 5373 895 5434 Arabes
911 5377 1300 5456 commorantis
1320 5373 1704 5456 priusarabice
1718 5373 1985 5456 scriptum

386 5446 582 5505 fuisse.
615 5447 890 5507 Caeterum
915 5450 1017 5507 Job
1045 5450 1105 5506 in
1132 5445 1338 5504 Arabia
1360 5447 1565 5504 vixisse
1592 5445 1988 5514 constat;'hinc

389 5519 565 5595 _v_icini
594 5520 772 5578 Sabaei
805 5521 1032 5595 inhejus
1067 5520 1291 5577 domum
1320 5519 1765 5595 irruerunttdob
1804 5535 1844 5587 I,
1897 5518 1983 5595 15ἷ

387 5590 610 5671 Moyses
629 5600 814 5651 autem
844 5589 955 5650 diu'
967 5597 1348 5671 commoratus
1365 5590 1509 5671 apud
1522 5589 1984 5671 Mad.ianitas,'qui

388 5658 673 5735 Arabibus
688 5673 1068 5735 accensentur,
1092 5670 1263 5735 totam
1292 5658 1577 5719 historiam
1599 5661 1815 5735 didicit.
1846 5658 1987 5719 Vide
2022 5658 2035 5675 ‘

392 5734 561 5805 infra,
582 5735 625 5794 l.
665 5753 846 5808 xxxv,
874 5754 995 5811 cap.
1018 5732 1151 5799 olim
1182 5734 1272 5805 13,
1303 5748 1451 5791 nunc
1478 5748 1633 5791 num.
1665 5732 1754 5789 43.

2094 4567 2236 4630 tens,
2258 4560 2402 4617 sicut
2429 4554 2695 4634 scriptum
2717 4567 2799 4617 est
2823 4579 2835 4616 :
2869 4560 3090 4619 Paenitet
3116 4578 3196 4617 me
3228 4561 3411 4633 fecisse
3437 4562 3694 4620 hominem

2095 4651 2117 4686 θ
2145 4667 2303 4723 super
2332 4656 2532 4707 terram
2568 4650 2777 4724 (Genes.
2800 4666 2880 4721 vr,
2904 4650 2983 4724 7).
3015 4650 3088 4707 Et
3115 4665 3334 4709 rursus:
3364 4651 3588 4709 Paenitet
3614 4668 3693 4707 me

2093 4741 2235 4812 quod
2261 4739 2623 4800 constituerim
2654 4741 2786 4798 Saul
2815 4742 2834 4775 ⁷
2866 4755 3037 4814 regem
3065 4738 3121 4797 in
3151 4740 3322 4799 Israel
3353 4742 3412 4814 (Ι
3434 4743 3559 4814 Reg.
3590 4754 3689 4808 xv,

2164 4937 2187 4975 ‘
2215 4934 2579 5013 Restituimus
2593 4934 2744 4994 hunc
2763 4933 2949 4994 locum
2969 4951 3042 5013 ex
3060 4933 3189 5013 Mss.
3214 4929 3457 5013 Anglic.,
3471 4929 3687 5013 liora)”

2092 5009 2293 5077 Laud.,
2323 5010 2559 5079 Bellov.,
2590 5016 2721 5077 etc.,
2752 5025 2877 5064 cum
2908 5007 3061 5079 prius
3091 5003 3381 5079 legeretur,
3405 5004 3463 5059 in
3489 5003 3685 5079 Gilot.,

2094 5075 2299 5150 Vatia,
2322 5075 2620 5149 Gussanv.,
2641 5075 2848 5150 aliquid
2868 5075 3162 5150 indignum.
3187 5076 3266 5129 Ita
3287 5080 3469 5130 tamen
3489 5075 3689 5150 legitur

2093 5152 2151 5209 in
2172 5146 2356 5209 Germ.
2382 5160 2435 5208 et
2466 5146 2627 5209 Corb.
2652 5146 2836 5207 Germ.
2862 5148 3178 5204 Lectionem
3201 5152 3443 5202 nostram
3476 5146 3689 5202 conﬁr-

2094 5232 2207 5281 mat
2234 5226 2445 5296 integer
2472 5229 2783 5296 contextus,
2812 5236 2882 5274 ex
2911 5234 3025 5296 quo
3049 5216 3489 5296 liqu_et__ment_em
3512 5218 3688 5296 sancti

2094 5288 2488 5354 Doctoris'esse
2518 5293 2802 5351 ostendere
2831 5288 3089 5364 mortales
3108 5288 3261 5364 nihil
3293 5290 3359 5345 de
3388 5293 3501 5347 Deo
3526 5290 3689 5364 cogi-

2095 5377 2208 5425 tare
2236 5368 2325 5423 vel
2349 5366 2506 5438 loqui
2536 5380 2691 5438 posse
2719 5369 2873 5438 tanta
2899 5360 3192 5438 majestate
3209 5361 3457 5438 dignum.

2167 5441 2188 5475 ⁵
2237 5433 2923 5507 Οωὶῐῐῆιιι·ὀοιιῇιιῐιοιίνει
2963 5433 3229 5506 particula
3257 5433 3316 5488 in
3344 5434 3514 5507 plur.,
3544 5433 3690 5507 legi-

2094 5521 2313 5586 turque,
2353 5526 2558 5565 summa
2602 5505 2803 5586 dicina.
2833 5505 3063 5586 _GerIn.,_
3092 5522 3298 5562 summa
3338 5505 3493 5562 etiam
3530 5505 3687 5562 verba

2095 5579 2304 5653 divina,
2328 5596 2709 5653 nonnunquam
2737 5579 2799 5635 de
2825 5579 3152 5653 Deokutitur.

2168 5659 2190 5695 ⁶
2226 5649 2389 5713 Deest
2414 5649 2574 5726 super
2604 5651 2888 5726 terramin
2918 5650 3129 5708 Gemet.
3163 5656 3217 5705 et
3246 5649 3541 5722 plerisque.

2166 5732 2187 5764 ⁷
2227 5726 2425 5797 Laud.,
2451 5724 2618 5798 regem
2651 5724 2841 5782 Israel.
