4162 6184
483 213 588 270 175

1685 203 1926 262 SANCTl
1968 200 2306 262 GREGORII
2343 200 2571 263 MAGNI

3675 206 3777 262 176

456 341 573 414 11).
604 336 821 396 Dicitur
842 334 1176 403 misericors,
1206 335 1349 390 sicut
1376 330 1645 405 scriptum
1674 338 1791 387 est:
1826 330 2054 390 Miseri-
2082 332 2134 392 Α
2166 329 2428 387 videntur
2470 328 2601 402 quia
2643 336 2793 400 sunt,
2833 328 2929 386 sed
2970 328 3095 387 ideo
3123 336 3275 398 sunt,
3314 329 3446 402 quia
3484 327 3772 387 videntur.

455 445 571 485 cors
592 433 641 483 et
664 425 950 482 miserator
974 422 1256 489 Dominus,
1273 422 1483 494 patiens
1511 428 1559 477 et
1585 422 1810 478 multum
1837 420 2058 475 miseri—

455 533 573 574 cors
603 516 785 588 (Psal.
832 529 1042 581 Lxxxv,
1077 512 1189 584 l5).
1221 511 1438 568 Dicitur
1478 510 1759 583 praescius,
1801 509 1947 566 sicut
1990 509 2059 565 de

455 605 556 662 illo
596 605 674 662 ait
718 604 1043 676 Apostolus:
1092 604 1233 671 Quos
1267 601 1552 674 praesciuit,
1580 608 1628 657 et
1661 599 2061 673 praedestinavit

456 695 751 767 confomes
770 693 891 766 ﬁeri
907 692 1155 764 imaginis
1174 692 1305 749 Filii
1323 692 1409 747 sui
1440 690 1615 762 (Rom.
1637 707 1764 759 vm,
1780 690 1898 762 29),
1925 689 2058 745 dum

457 801 561 844 nec
586 785 758 853 zelus,
778 798 882 839 nec
907 782 1011 850 ira,
1033 798 1135 839 nec
1162 780 1510 855 poenitentia,
1537 796 1639 837 nec
1658 781 1880 853 proprie
1900 779 2058 835 mise-

456 875 715 945 ricordia,
758 890 860 932 nec
906 873 1250 948 praescientia
1290 889 1405 931 esse
1449 872 1621 946 possit
1658 871 1717 926 in
1762 872 1896 926 Deo.
1932 870 2060 925 Haec

457 981 698 1039 namque
739 962 928 1021 omnia
971 962 1040 1018 ab
1087 962 1348 1019 humanis
1389 961 1448 1016 in
1490 960 1651 1015 illum
1698 957 2062 1031 qualitatibus

458 1063 631 1113 tracta
670 1062 822 1122 sunt,
862 1052 995 1110 dum
1035 1052 1104 1109 ad
1144 1059 1346 1108 nostra
1389 1048 1731 1106 inﬁrmitatis
1759 1048 1926 1104 verba
1954 1047 2063 1103 de—

455 1144 761 1212 scenditur,
782 1150 865 1211 ut,
888 1141 1044 1215 quasi
1069 1138 1399 1215 quibusdam
1418 1138 1580 1195 nobis
1600 1136 1861 1211 gradibus
1875 1136 2059 1205 factis,

456 1241 513 1290 et
534 1232 697 1305 juxta
736 1248 839 1288 nos
866 1230 1083 1304 positis,
1113 1245 1210 1303 per
1236 1245 1300 1286 ea
1341 1245 1463 1303 quae
1492 1227 1654 1285 nobis
1690 1226 1878 1284 vicina
1918 1242 2063 1283 con-

457 1321 723 1395 spicimus
766 1319 837 1377 ad
871 1335 1089 1376 summa
1134 1316 1254 1391 ejus
1280 1317 1572 1375 ascendere
1599 1316 1929 1390 quandoque
1955 1331 2065 1371 va-

458 1411 689 1467 leamus.
734 1412 754 1445 ⁴
812 1409 989 1466 Zelari
1038 1408 1186 1464 enim
1230 1407 1435 1465 dicitur
1489 1406 1584 1480 qui
1637 1422 1763 1464 cum
1814 1403 2065 1461 cruciatu

459 1500 663 1556 mentis
690 1500 995 1575 castitatem
1023 1497 1269 1556 custodit
1295 1496 1509 1554 uxoris.
1542 1494 1707 1551 Irasci
1734 1493 1941 1550 dicitur
1968 1491 2065 1565 qui

460 1587 677 1644 fervore
701 1586 873 1643 animi
902 1594 1095 1644 contra
1119 1585 1460 1659 puniendum
1492 1582 1694 1638 vitium
1719 1581 2062 1638 accenditur.

459 1675 730 1732 Poenitere
777 1675 981 1732 dicitur
1021 1674 1112 1732 cui
1154 1673 1213 1729 id
1258 1672 1406 1745 quod
1448 1670 1582 1727 fecit
1624 1669 1901 1743 displicet,
1944 1676 1999 1725 et
2038 1685 2066 1725 e

459 1773 653 1825 contra
672 1763 939 1821 mutando
958 1761 1171 1836 aliquid
1188 1760 1342 1818 aliud
1362 1760 1512 1818 facit.
1535 1759 1847 1817 Misericors
1860 1759 2068 1816 dicitur

463 1855 560 1930 qui
587 1855 789 1929 pietate
819 1855 890 1912 ad
932 1852 1250 1928 proximum
1282 1857 1651 1924 permovetur.
1689 1848 2069 1907 Misericordia

462 1952 645 2003 autem
675 1962 707 2001 a
730 1944 931 2001 misero
961 1942 1124 2000 corde
1153 1948 1347 1999 vocata
1374 1948 1477 2010 est,
1499 1957 1563 1999 eo
1596 1938 1743 2013 quod
1773 1938 2068 2012 unusquis-

463 2053 570 2110 que
599 2035 880 2093 intueatur
908 2034 1221 2109 quempiam
1250 2034 1535 2103 miserum,
1577 2038 1741 2105 atque
1769 2032 1819 2088 ei
1849 2047 2066 2105 compa-

464 2126 628 2195 tiens,
659 2126 792 2182 dum
821 2125 1010 2182 dolore
1038 2123 1210 2180 animi
1240 2123 1504 2195 tangitur,
1535 2122 1650 2196 ipse
1678 2138 1774 2178 cor
1801 2121 2065 2177 miserum

464 2214 620 2284 facit,
642 2222 705 2270 ut
732 2231 859 2271 eum
887 2230 921 2270 a
948 2213 1170 2270 miseria
1197 2212 1393 2269 liberet
1411 2212 1502 2269 cui
1523 2210 1785 2268 intendit.
1806 2210 2068 2268 Praescire

464 2301 672 2360 dicitur
713 2302 808 2377 qui
861 2318 1306 2376 unamquamque
1360 2318 1477 2358 rem
1527 2308 1821 2374 antequam
1879 2299 2068 2355 veniat

463 2391 637 2460 videt,
685 2399 742 2449 et
777 2391 835 2448 id
882 2392 1030 2465 quod
1073 2392 1326 2448 futurum
1365 2399 1447 2448 est
1481 2390 1801 2464 priusquam
1831 2404 2068 2462 praesens

463 2480 562 2537 ﬁat
605 2478 893 2552 praevidet.
934 2481 1080 2537 Deus
1126 2496 1253 2554 ergo
1300 2480 1577 2554 quomodo
1620 2480 1801 2537 zelans
1838 2486 1941 2548 est,
1972 2477 2069 2552 qui

465 2570 525 2626 in
553 2568 914 2627 custodienda
937 2568 1186 2627 castitate
1214 2576 1403 2625 nostra
1430 2570 1587 2625 nullo
1615 2569 1819 2625 mentis
1848 2567 2071 2625 crucia-

465 2668 528 2717 tu
554 2659 843 2732 tangitur?
871 2658 1159 2727 Quomodo
1187 2658 1465 2728 irascitur,
1507 2659 1603 2731 qui
1650 2658 1709 2713 in
1739 2657 2071 2714 ulciscendis

466 2749 622 2807 vitiis
637 2748 842 2806 nostris
861 2749 1016 2805 nulla
1035 2746 1446 2821 perturbatione
1466 2746 1638 2803 animi
1651 2745 2071 2803 commovetur?

466 2839 756 2911 Quomodo
783 2847 867 2896 est
895 2837 1191 2913 paenitens,
1215 2836 1310 2912 qui
1335 2836 1394 2894 id
1424 2836 1572 2910 quod
1600 2836 1767 2893 semel
1799 2835 1991 2893 fecerit
2016 2851 2072 2893 se

466 2930 664 2988 fecisse
690 2944 1037 3004 nequaquam
1080 2927 1277 2985 dolet?
1309 2927 1595 2996 Quomodo
1632 2925 1799 2983 habet
1846 2926 2075 2983 miseri-

468 3020 736 3092 cordiam,
776 3019 873 3095 qui
914 3036 1011 3080 cor
1049 3034 1335 3093 nunquam
1365 3016 1627 3074 miserum
1657 3016 1872 3073 habet?
1915 3016 2075 3084 Quo-

471 3111 638 3168 modo
666 3118 749 3167 est
774 3110 1057 3182 praescius,
1086 3110 1219 3166 dum
1248 3109 1404 3165 nulla
1431 3106 1540 3163 nisi
1571 3123 1691 3181 quae
1720 3106 1911 3163 futura
1942 3113 2073 3163 sunt

471 3199 876 3274 prmsciantur?
905 3200 978 3254 Et
997 3197 1203 3254 scimus
1231 3197 1360 3269 quia
1384 3199 1497 3253 Deo
1525 3196 1775 3253 futurum
1802 3196 1946 3253 nihil
1967 3203 2070 3266 est,

472 3295 599 3346 ante
618 3284 780 3358 cujus
798 3286 988 3343 oculos
1007 3284 1283 3359 praeterita
1302 3285 1458 3341 nulla
1478 3292 1628 3354 sunt,
1650 3286 1941 3358 praesentia
1958 3300 2073 3341 non

472 3383 782 3445 transeunt,
827 3375 1014 3432 futura
1058 3391 1171 3430 non
1218 3373 1473 3443 veniunt,
1504 3374 1705 3448 quippe
1739 3374 1870 3449 quia
1909 3389 2074 3431 omne

473 3467 623 3543 quod
651 3465 813 3523 nobis
833 3465 940 3522 fuit
963 3472 1017 3521 et
1039 3464 1166 3534 erit,
1193 3463 1253 3519 in
1275 3461 1394 3536 ejus
1412 3473 1709 3536 conspectu
1727 3471 1926 3538 praesto
1955 3471 2036 3521 est
2055 3480 2069 3532 ;

472 3566 529 3615 et
564 3572 728 3614 omne
774 3554 921 3629 quod
972 3570 1209 3628 praesens
1254 3562 1356 3624 est,
1408 3555 1430 3589 ³
1476 3554 1617 3612 scire
1668 3562 1848 3628 potest
1892 3554 2076 3626 potius

474 3661 641 3720 quam
689 3645 964 3717 praescire.
1009 3644 1082 3699 Et
1126 3650 1312 3699 tamen
1357 3642 1563 3700 dicitur
1615 3643 1820 3712 zelans,
1870 3641 2077 3698 dicitur

475 3737 672 3806 iratus,
714 3736 921 3794 dicitur
966 3735 1260 3809 paenitens,
1303 3741 1449 3800 667
1489 3735 1697 3793 dicitur
1743 3733 2074 3801 misericors,

473 3839 681 3898 dicitur
706 3838 991 3914 praescius,
1014 3845 1077 3893 ut
1104 3835 1235 3911 quia
1262 3825 1569 3894 castitatem
1590 3833 1788 3890 animae
1816 3833 2076 3890 uniuscu-

467 3927 671 4003 jusque
725 3927 990 3997 custodit,
1046 3926 1291 3983 humano
1350 3924 1515 3982 modo
1574 3924 1755 3980 zelans
1827 3930 2076 3992 vocetur,

475 4017 730 4091 quamvis
785 4017 987 4074 mentis
1035 4016 1285 4072 cruciatu
1335 4029 1449 4069 non
1497 4020 1772 4083 tangatur.
1825 4013 1897 4067 Et
1950 4013 2080 4086 quia

474 4106 668 4178 culpas
694 4106 957 4176 percutit,
987 4102 1195 4158 dicitur
1223 4100 1407 4168 irasci,
1440 4099 1695 4172 quamvis
1722 4100 1877 4155 nulla
1904 4100 2079 4156 animi

476 4192 889 4267 perturbatione
927 4196 1235 4246 moveatur.
1275 4190 1348 4244 Et
1384 4188 1515 4260 quia
1553 4187 1670 4259 ipse
1715 4187 2082 4244 immutabilis

476 4284 537 4341 id
578 4282 727 4357 quod
770 4280 1012 4339 voluerit
1048 4286 1245 4348 mutat,
1274 4278 1541 4352 paenitere
1581 4278 1788 4336 dicitur
1829 4279 2081 4352 quamvis

477 4387 596 4430 rem
639 4378 836 4440 mutet,
867 4368 1164 4429 consilium
1206 4384 1319 4424 non
1362 4374 1557 4425 mutet.
1589 4369 1663 4425 Et
1690 4384 1817 4424 cum
1847 4366 2080 4424 miserias

2165 421 2309 475 Dum
2330 435 2458 491 ergo
2478 418 2548 476 ad
2576 418 2741 475 verba
2762 418 3150 475 mutabilitatis
3169 425 3370 475 nostrae
3398 417 3773 487 descenditur,

2167 526 2237 564 ex
2266 508 2347 565 eis
2374 509 2705 581 quibusdam
2736 509 2995 581 gradibus
3023 509 3183 565 factis
3201 507 3458 564 ascendat
3478 508 3575 580 qui
3597 514 3776 580 potest

2168 599 2238 654 ad
2279 598 2891 654 incommutabilitatem
2930 598 3053 667 Dei,
3082 605 3145 653 ut
3182 596 3368 653 videat
3395 596 3514 653 sine
3539 597 3657 653 zelo
3683 610 3780 651 ze-

2168 688 2395 756 lantem,
2428 687 2546 744 sine
2573 687 2654 743 ira
2685 688 3030 755 irascentem,
3057 687 3177 742 sine
3205 685 3394 742 dolore
3422 693 3477 742 et
3505 686 3780 759 poeniten-

2167 776 2246 832 tia
2285 775 2669 849 poenitentem,
2713 775 2832 832 sine
2881 775 3083 831 misero
3129 774 3293 831 corde
3337 773 3775 844 misericordem,

2170 866 2191 902 ⁴
2229 865 2346 921 sine
2375 865 2803 938 prmvisionihus
2830 865 3227 938 praescientem.
3279 863 3343 917 In
3371 862 3470 917 illo
3497 863 3646 917 enim
3674 878 3780 920 nec

2168 954 2463 1028 praeterita,
2510 972 2614 1012 nec
2658 954 2847 1012 futura
2888 953 3118 1026 reperiri
3165 958 3396 1024 queunt,
3440 950 3536 1007 sed
3578 957 3780 1009 cuncta

2170 1044 2461 1100 mutabilia
2489 1043 2914 1100 immutabiliter
2941 1043 3166 1109 durant,
3195 1046 3250 1095 et
3278 1056 3399 1113 quae
3428 1042 3449 1075 ⁵
3496 1040 3555 1095 in
3583 1040 3779 1114 seipsis

2170 1132 2336 1190 simul
2365 1132 2604 1190 existere
2632 1149 2747 1190 non
2776 1139 3029 1206 possunt,
3073 1130 3158 1186 illi
3188 1128 3355 1185 simul
3389 1129 3578 1185 omnia
3604 1131 3778 1187 assis—

2171 1229 2321 1292 tunt,
2351 1222 2606 1296 nihilque
2635 1223 2694 1278 in
2723 1222 2824 1279 illo
2850 1219 3095 1296 praeterit
3123 1216 3272 1292 quod
3299 1216 3520 1287 transit,
3551 1219 3681 1291 quia
3716 1219 3776 1275 in

2172 1312 2477 1369 mternitate
2522 1311 2642 1386 ejus
2686 1311 2852 1369 modo
2906 1309 3147 1385 quodam
3202 1306 3776 1380 incomprehensibili,

2174 1409 2373 1460 cuncta
2412 1402 2702 1459 volumina
2753 1402 3084 1459 saeculorum
3136 1399 3485 1458 transeuntia
3531 1406 3778 1470 manent,

2174 1491 2454 1549 canentia
2483 1498 2653 1548 stant.

2248 1580 2388 1655 [Vet.
2437 1580 2635 1655 XXV.]
2679 1580 2768 1637 64.
2813 1582 2955 1636 Deus
2998 1579 3227 1636 crudelis
3267 1579 3496 1646 videtur,
3544 1579 3777 1650 quando,

2095 1697 2142 1758 Β
2176 1673 2271 1729 etsi
2289 1671 2434 1743 juste
2457 1671 2719 1744 feriendo,
2736 1688 2842 1727 non
2854 1672 3053 1744 parcit.
3074 1703 3146 1713 —
3159 1671 3460 1743 Sicutergo
3477 1669 3780 1743 accipimus

2175 1764 2295 1822 sine
2322 1767 2441 1821 zelo
2466 1764 2760 1831 zelantem,
2789 1764 2910 1820 sine
2938 1763 3021 1820 ira
3051 1762 3399 1831 irascentem,
3432 1761 3510 1818 ita
3533 1777 3565 1817 a
3588 1767 3779 1818 sancto

2179 1853 2301 1910 viro
2329 1854 2495 1910 etiam
2524 1854 2645 1910 sine
2674 1853 3001 1911 crudelitate
3021 1852 3134 1910 dici
3158 1853 3339 1926 potuit
3362 1851 3622 1909 crudelis.
3645 1850 3780 1908 Cru-

2177 1940 2318 1998 delis
2338 1943 2539 2016 quippe
2560 1943 2768 2000 dicitur
2787 1943 2882 2016 qui
2905 1942 3154 1999 districte
3173 1941 3422 1998 feriendo
3449 1956 3561 1998 non
3582 1939 3779 2014 parcit,

2176 2039 2239 2089 ut
2266 2033 2527 2090 videlicet
2555 2033 2661 2090 hoc
2689 2034 2810 2090 loco
2840 2032 3081 2090 crudelis
3104 2032 3353 2089 districte
3379 2031 3583 2087 feriens
3608 2029 3783 2103 possit

2175 2122 2436 2195 intelligi,
2480 2130 2537 2178 et
2576 2122 2906 2180 ulciscendas
2951 2121 3125 2194 culpae
3165 2137 3278 2178 non
3322 2135 3570 2193 parcens.
3622 2118 3778 2175 Unde

2175 2211 2342 2268 Isaias
2380 2227 2597 2285 quoque
2627 2229 2753 2270 cum
2783 2211 2997 2268 videret
3025 2210 3208 2267 ultimi
3232 2208 3434 2282 judicii
3476 2207 3625 2265 diem
3666 2224 3780 2266 non

2169 2301 2285 2375 jam
2315 2319 2440 2359 cum
2470 2302 2652 2371 venia,
2669 2302 2764 2359 sed
2791 2319 2917 2360 cum
2948 2302 3293 2359 districtione
3314 2316 3430 2358 esse
3456 2308 3780 2368 venturum,

2175 2391 2284 2448 ait:
2335 2395 2463 2448 Ecce
2509 2391 2618 2447 dies
2658 2391 2876 2449 Domini
2919 2391 3088 2447 veniet
3114 2389 3364 2457 crudelis,
3396 2391 3418 2425 θ
3446 2395 3495 2444 et
3520 2388 3783 2459 indigna-

2178 2480 2336 2536 tionis
2367 2482 2578 2553 plenus,
2621 2488 2670 2537 et
2696 2483 2793 2538 ira:
2837 2483 3144 2553 furorisque
3190 2481 3325 2552 ejus,
3372 2480 3443 2536 ad
3482 2480 3784 2553 ponendam

2180 2575 2379 2626 terram
2408 2571 2427 2605 "
2460 2570 2519 2624 in
2552 2570 2858 2637 solitudine,
2891 2577 2940 2625 et
2962 2576 3257 2642 peccatores
3298 2567 3411 2637 ejus
3449 2567 3785 2623 conterendos

2178 2660 2241 2714 de
2268 2676 2328 2714 ea
2359 2658 2517 2730 (Isai.
2541 2676 2670 2727 xm,
2691 2659 2771 2732 9).
2805 2660 3040 2715 Sanctus
3067 2658 3239 2730 igitur
3257 2658 3347 2713 vir
3372 2664 3435 2713 ut
3462 2655 3607 2713 hanc
3626 2672 3785 2712 eam-

2180 2748 2305 2805 dem
2361 2747 2745 2805 crudelitatem
2786 2748 2892 2804 sibi
2937 2749 3122 2821 potius
3167 2754 3433 2804 assereret
3483 2761 3784 2818 congruere

2181 2854 2359 2912 posse,
2390 2854 2553 2911 quam
2592 2839 2728 2907 Deo,
2758 2837 2872 2893 ait:
2904 2839 3144 2897 Mutatus
3178 2853 3230 2891 es
3252 2836 3385 2890 mihi
3412 2835 3470 2890 in
3495 2836 3782 2895 crudelem.

2181 2929 2263 2985 Ac
2301 2928 2349 2984 si
2390 2936 2574 3002 aperte
2603 2928 2751 2986 dicat
2779 2946 2790 2984 :
2830 2928 2937 2997 Qui
2964 2927 3024 2984 in
3055 2928 3228 3001 teipso
3259 2924 3604 2984 crudelitatis
3635 2926 3782 2983 nihil

2181 3017 2372 3087 habes,
2392 3018 2532 3074 mihi
2555 3020 2718 3092 quem
2734 3018 3002 3091 respirare
3024 3018 3045 3053 ⁸
3064 3034 3097 3074 a
3118 3015 3469 3090 percussione
3489 3031 3601 3072 non
3621 3015 3783 3086 sinis,

2181 3108 2420 3166 crudelis
2438 3108 2664 3165 videris.
2694 3109 2775 3164 Ita
2801 3108 2950 3165 enim
2981 3109 3127 3165 Deus
3154 3106 3392 3165 crudelis
3419 3123 3534 3163 esse
3558 3124 3670 3163 non
3691 3123 3786 3180 po-

2182 3206 2310 3268 test,
2335 3199 2481 3255 sicut
2507 3215 2610 3256 nec
2637 3199 2841 3256 mutari
2868 3198 3143 3256 ullatenus
3168 3205 3365 3271 potest.
3388 3196 3494 3254 Sed
3521 3197 3785 3271 quoniam

2183 3286 2241 3342 in
2266 3290 2379 3343 Deo
2402 3304 2504 3344 nec
2524 3288 2843 3357 crudelitas,
2865 3305 2967 3345 nec
2987 3287 3329 3345 mutabilitas
3349 3303 3592 3360 unquam
3608 3287 3785 3357 venit,

2183 3375 2316 3432 dum
2352 3375 2492 3431 mihi
2525 3375 2682 3445 dicit,
2716 3376 2865 3449 quod
2897 3377 2961 3443 in,
2985 3377 3279 3449 semetipso
3305 3378 3481 3433 Deum
3514 3392 3619 3434 nec
3647 3392 3788 3434 cru-

2184 3464 2362 3521 delem
2408 3481 2510 3521 nec
2554 3465 2878 3522 mutabilem
2921 3465 3122 3522 sentiat
3165 3464 3429 3523 ostendit.
3469 3466 3608 3525 Nam
3652 3464 3786 3521 dum

2183 3554 2332 3612 circa
2357 3570 2459 3610 nos
2488 3554 2738 3627 quaedam
2768 3572 3026 3628 prospera
3050 3563 3105 3612 et
3131 3555 3362 3612 adversa
3390 3554 3696 3623 variantur,
3726 3553 3786 3608 in

2184 3659 2249 3701 eo
2270 3645 2420 3718 quod
2447 3660 2549 3701 nos
2578 3654 2861 3703 mutamur
2882 3646 3039 3720 quasi
3069 3645 3188 3719 ejus
3215 3646 3363 3703 circa
3387 3662 3489 3703 nos
3511 3650 3785 3701 mutatum

2185 3734 2435 3792 animum
2466 3736 2830 3808 suspicamur.
2863 3738 2982 3809 Ipse
3004 3753 3136 3793 vero
3161 3736 3219 3792 in
3235 3753 3292 3793 se
3315 3730 3788 3792 incommutabilis

2186 3840 2534 3898 permanens,
2556 3827 2717 3884 aliter
2740 3834 2902 3898 atque
2929 3827 3089 3882 aliter
3114 3825 3173 3884 in
3196 3824 3529 3896 cogitatione
3551 3823 3789 3879 sentitur

2187 3914 2501 3983 hominum,
2550 3931 2650 3987 pro
2698 3914 2963 3986 qualitate
3000 3913 3343 3969 meritorum.
3391 3913 3529 3969 Nam
3579 3919 3634 3968 et
3686 3911 3788 3966 lux

2186 4003 2320 4060 solis
2347 4018 2473 4059 cum
2503 4017 2849 4075 nequaquam
2878 4010 2961 4058 est
2985 4001 3317 4073 sibimetipsi
3346 3999 3656 4069 dissimilis,
3687 3997 3789 4055 in-

2188 4092 2365 4150 ﬁrmis
2391 4108 2601 4165 aspera,
2632 4091 2780 4148 sanis
2806 4099 2990 4149 autem
3019 4091 3197 4148 oculis
3225 4092 3367 4148 lenis
3402 4090 3650 4159 videtur,
3681 4106 3786 4147 eo-

2189 4199 2311 4239 rum
2341 4180 2601 4238 videlicet
2623 4180 3028 4252 immutatione,
3057 4197 3170 4238 non
3204 4197 3319 4239 sua.
3353 4180 3531 4251 Unde,
3553 4189 3617 4238 ut
3636 4197 3790 4254 pra:-

2189 4271 2455 4339 diximus,
2474 4269 2701 4328 dicens:
2729 4272 2969 4331 Mutatus
2995 4286 3068 4337 es,
3094 4268 3371 4343 adjunxit,
3401 4270 3557 4338 Mihi,
3578 4278 3641 4327 ut
3669 4270 3789 4343 ipsa

2190 4361 2308 4418 haec
2333 4360 2631 4418 crudelitas
2657 4368 2820 4436 atque
2848 4360 3169 4419 immutatio
3196 4376 3309 4417 non
3336 4359 3410 4417 sit
3431 4359 3492 4416 in
3520 4358 3785 4434 qualitate

480 4468 682 4520 nostrae
710 4460 990 4531 subvenit,
1021 4459 1332 4517 misericors
1361 4465 1610 4528 vocatur,
1641 4458 1894 4533 quamvis
1922 4459 2080 4516 mise—
2109 4427 2158 4485 D
2182 4448 2410 4523 judicis,
2442 4450 2538 4507 sed
2565 4450 2625 4506 in
2654 4458 2837 4507 mente
2865 4448 3146 4523 patientis.
3170 4449 3331 4518 Quod
3357 4449 3542 4506 verbis
3568 4464 3784 4524 quoque

480 4551 558 4608 ris
584 4549 897 4620 subveniat,
928 4557 982 4607 et
1018 4567 1113 4607 cor
1141 4550 1401 4607 miserum
1431 4564 1714 4622 nunquam
1745 4546 1963 4604 habeat.
2009 4548 2082 4604 Et

481 4638 613 4713 quia
640 4654 704 4694 ea
733 4654 855 4712 quae
884 4638 1046 4696 nobis
1068 4638 1255 4696 futura
1281 4644 1412 4695 sunt
1438 4637 1611 4704 videt,
1628 4654 1748 4710 quae
1768 4643 1950 4692 tamen
1976 4634 2083 4708 ipsi

480 4743 697 4802 semper
723 4736 921 4803 praesto
964 4734 1114 4798 sunt,
1153 4727 1412 4800 praescius
1439 4727 1664 4794 dicitur,
1696 4726 1949 4798 quamvis
1975 4741 2084 4781 ne-

482 4834 757 4893 quaquam
806 4818 1060 4876 futurum
1097 4816 1416 4890 praevideat,
1449 4815 1597 4889 quod
1638 4830 1876 4887 praesens
1907 4814 2079 4871 videt.

482 4911 621 4969 Nam
660 4918 717 4969 et
744 4926 976 4986 quaeque
1000 4915 1152 4978 sunt,
1184 4909 1206 4945 ³
1235 4923 1349 4964 non
1376 4906 1437 4963 in
1465 4904 1771 4962 aeternitate
1799 4903 1918 4979 ejus
1958 4904 2083 4962 ideo

561 5177 579 5249 ξ
618 5173 773 5249 Editi
800 5184 1005 5249 poster.
1038 5189 1166 5233 cum
1196 5172 1383 5249 Germ.
1393 5214 1409 5243 ,
1439 5172 1636 5230 zelare.

562 5247 584 5282 ³
603 5242 823 5328 ,Ιλόηά.;
860 5248 989 5304 sciri
1020 5252 1193 5319 potest
1211 5246 1393 5318 potius
1426 5242 1873 5375 fammpmsciri.
1909 5243 2084 5312 Quam

562 5324 783 5375 itionem
812 5333 1086 5375 sequerer.
1117 5318 1164 5374 si
1192 5318 1251 5374 in
1283 5319 1428 5375 nluri
1469 5334 1534 5375 us
1618 5333 1692 5374 ss.
1720 5323 1978 5374 exstaret.

489 5319 783 5375 lectionem
812 5333 1086 5391 sequerer,
1117 5319 1164 5374 si
1192 5319 1251 5374 in
1320 5319 1534 5375 luribus
1562 5319 1692 5374 Mss.
1720 5323 1978 5374 exstaret.

562 5389 587 5427 ³
620 5390 703 5445 Ita
732 5388 895 5459 Corb.
928 5389 1139 5459 Germ.,
1166 5336 1397 5447 Vingoc.
1435 5398 1489 5446 et
1518 5389 1638 5447 Val.
1674 5388 1756 5447 Cl.
1801 5388 2089 5446 Consentit

627 5458 799 5540 Paris.
834 5459 1096 5540 1495:1In
1124 5460 1476 5540 aliis_l_eg_i_tur
1505 5461 1571 5518 ab
1599 5461 1905 5531 wtemitate,
1937 5460 2087 5535 quod

490 5531 699 5588 habent
724 5530 934 5590 Germ.,
969 5530 1109 5588 Utic.
1139 5539 1194 5587 et
1221 5533 1318 5588 alii
1332 5530 1535 5590 'Norm.

526 5674 540 5687 .
564 5603 863 5734 mmet,
894 5574 1057 5662 ἐστι).
1092 5574 1303 5674 Germ.,
1524 5576 1592 5663 .et
1618 5604 1740 5675 alii,
1769 5605 1881 5662 sine
1902 5604 2085 5677 provi-

492 5691 570 5734 sio
733 5717 747 5733 .

2187 4539 2313 4596 aliis
2340 4540 2561 4610 retexit,
2593 4541 2813 4599 dicens:
2854 4542 2929 4597 Et
2966 4540 3026 4597 in
3053 4540 3261 4596 duritia
3290 4544 3436 4604 668
3463 4555 3653 4597 mnus
3685 4546 3787 4594 tua:

2189 4638 2495 4695 aduersaris
2530 4639 2681 4695 mihi.
2714 4640 2736 4676 θ
2776 4639 2973 4696 Manus
3012 4638 3217 4695 etenim
3250 4637 3351 4694 Dei
3379 4636 3516 4693 dura
3542 4633 3786 4692 creditur

2189 4746 2341 4796 cum,
2371 4729 2646 4787 voluntati
2668 4737 2868 4787 nostra;
2895 4730 3189 4799 contraria,
3220 4727 3326 4785 hoc
3353 4725 3500 4799 quod
3526 4725 3578 4782 ei
3605 4724 3665 4780 in
3690 4741 3785 4782 no-

2188 4820 2277 4879 bis
2303 4820 2558 4894 displicet
2583 4820 2832 4879 feriendo
2861 4818 3206 4894 persequitur
3222 4824 3278 4875 et
3304 4815 3518 4889 ﬂagella
3542 4813 3786 4888 ingemi-

2191 4917 2287 4969 nat
2314 4927 2441 4969 cum
2469 4910 2710 4970 dolentis
2735 4910 2922 4969 anima
2948 4907 3298 4968 clementiam
3322 4912 3622 4980 exspectat.
3655 4904 3785 4974 Quae

2264 5172 2286 5245 εξ
2316 5169 2643 5245 Yindoc.,a
2660 5171 2872 5245 seipsis.

2234 5243 2289 5374 ιο
2319 5243 2532 5313 Germ.,
2563 5236 2829 5302 'Uticfet
2878 5240 2974 5298 alii
3026 5241 3244 5311 Norm.,
3289 5245 3337 5298 et
3388 5236 3789 5312 indignatione;

2252 5332 2400 5373 enus.

2188 5331 2400 5387 plenus.

2271 5389 2291 5424 ⁷
2323 5388 2534 5457 Germ.,
2577 5385 2841 5455 Vindoc.,
2887 5386 3088 5444 Pratel.
3121 5393 3176 5442 et
3202 5385 3311 5457 pl.,
3342 5383 3403 5439 in
3431 5381 3788 5457 solitudinem.

2268 5460 2290 5496 ⁸
2319 5452 2543 5530 Vulgati
2566 5476 2605 5532 a_
2624 5452 3001 5532 persecutione,
3022 5458 3172 5532 quod
3192 5452 3387 5532 durius
3403 5462 3563 5532 sonat
3583 5452 3651 5511 de
3675 5453 3790 5509 Deo

2194 5526 2557 5600 dictum,inec
2591 5526 2650 5586 in
2679 5529 3015 5588 membranis
3037 5526 3250 5586 nostris
3281 5526 3572 5600 reperitur.

2265 5603 2286 5637 ⁹
2317 5599 2580 5670 Vindoc.,
2606 5617 2797 5659 manus
2823 5603 3009 5660 etenim
3036 5600 3157 5668 Dei,
3188 5600 3275 5658 ira
3296 5598 3413 5656 Dei.
