4162 6184
337 384 433 443 177

1111 375 1484 436 MORALIUM
1522 374 1658 436 LIB.
1699 374 1828 434 XX.
1869 405 1939 418 —
1978 375 2051 434 IN
2089 372 2319 434 CAPUT
2355 371 2522 432 XXX
2559 375 2623 433 B.
2664 374 2807 433 JOB.

3536 382 3641 441 178

345 523 516 570 tamen
529 506 681 579 juxta
699 503 973 577 allegorias
994 504 1319 578 mysterium
1336 503 1475 562 bene
1494 511 1696 562 sancta
1715 504 1919 563 Eccle-
1946 511 1999 572 Α
2032 502 2387 575 negligimus,
2432 501 2563 576 quia
2608 502 2665 558 in
2708 517 2771 558 ea
2806 501 2922 575 jam
2969 501 3302 563 sufﬁcienter
3348 506 3643 581 probatum

340 601 430 657 size
455 597 623 654 verbis
664 602 977 667 congruunt
1020 610 1090 649 ex
1134 593 1365 651 vocibus
1408 594 1781 664 inﬁrmorum,
1824 594 1921 667 qui

335 690 639 763 plerumque
668 701 725 741 se
756 684 882 758 plus
908 682 1060 739 feriri
1090 683 1363 740 aestimant
1391 699 1557 758 quam
1593 682 1792 741 mereri
1822 700 1923 756 pu-

334 784 460 844 tant,
486 782 539 831 et
558 774 716 848 quasi
737 772 1120 832 crudelitatem
1139 773 1478 831 arbitrantur
1500 772 1707 847 judicia
1732 773 1916 830 distri-

332 865 553 924 ctionem
595 862 974 938 aequissimam
1004 862 1285 932 sectionis,
1319 863 1449 937 quia
1475 870 1529 919 et
1558 879 1684 920 cum
1714 864 1920 919 vulnus

331 955 446 1029 agri
496 954 816 1012 medicinali
871 953 1204 1009 ferramento
1255 952 1622 1023 abscinditur,
1679 952 1930 1010 medicus

328 1043 552 1102 crudelis
606 1049 863 1110 vocatur,
921 1041 1017 1115 qui
1063 1046 1247 1098 tamen
1304 1058 1402 1114 per
1447 1040 1684 1099 secantis
1731 1056 1930 1097 manus

329 1133 577 1191 duritiam
607 1133 937 1191 adversatur
981 1130 1225 1201 vulneri,
1272 1130 1368 1189 sed
1411 1129 1710 1190 concordat
1738 1130 1926 1191 saluti.

329 1223 576 1299 Sequitur
603 1240 617 1280 :

663 1310 895 1370 CAPUT
922 1310 1165 1368 XXXIII
1193 1308 1338 1388 [Rea
1370 1309 1597 1386 XXIV].

392 1404 562 1462 Vnus.
613 1404 709 1461 22.
751 1432 823 1445 —
853 1402 1096 1459 Elevasti
1121 1418 1221 1467 me,
1269 1407 1317 1457 et
1344 1401 1500 1473 quasi
1540 1417 1701 1474 super
1726 1407 1934 1458 sentum

322 1509 540 1566 ponens,
568 1492 765 1550 elisisti
789 1509 871 1548 me
898 1491 1094 1549 valide.

396 1583 483 1640 65.
516 1583 691 1655 Super
718 1589 927 1637 ventum
952 1582 1108 1649 sedet,
1139 1583 1233 1654 qui
1263 1582 1595 1639 transitoriis
1623 1579 1933 1637 successibus

333 1676 557 1732 testatur.
580 1674 896 1732 Adversitas
922 1690 1028 1730 non
1057 1674 1259 1746 dejicit,
1294 1690 1446 1745 quem
1466 1670 1800 1746 prosperitas
1828 1685 1935 1726 non

332 1765 643 1837 corrumpit.
681 1794 752 1807 —
779 1763 921 1831 Quia
959 1762 1245 1836 praesentis
1288 1763 1417 1819 vitae
1474 1761 1651 1834 gloria
1682 1758 1839 1835 quasi
1874 1758 1934 1814 in

2040 599 2318 665 putamus.
2349 592 2466 649 Hoc
2497 608 2624 664 ergo
2653 590 2801 665 quod
2846 590 3054 649 dicitur
3084 610 3096 649 :
3129 594 3245 651 Scio
3301 596 3431 666 quia
3480 599 3645 656 morti

2040 682 2216 736 trades
2236 699 2337 747 me,
2357 682 2448 736 ubi
2474 681 2759 737 constituta
2778 681 2963 743 domus
2986 687 3061 736 est
3087 683 3230 737 omni
3257 683 3471 754 viventi,
3496 697 3644 747 recte

2036 770 2197 827 beato
2225 769 2328 827 Job
2357 770 2524 827 etiam
2547 769 2712 843 juxta
2759 770 3045 828 historiam
3075 772 3354 845 congruit,
3384 773 3518 831 dum
3542 777 3643 832 ni-

2040 858 2245 916 mirum
2290 864 2507 917 constat
2554 859 2683 932 quia
2716 867 2843 917 ante
2876 859 3259 933 Redemptoris
3301 862 3531 935 gratiam
3575 864 3646 922 ad

2040 947 2246 1032 inferni
2276 946 2515 1005 claustra
2539 947 2705 1004 etiam
2726 951 2748 984 5
2765 948 2902 1022 justi
2922 950 3273 1008 ducerentur.
3302 951 3424 1025 Ipsa
3443 952 3647 1027 quippe

2038 1036 2245 1092 inferni
2276 1037 2515 1111 receptio
2552 1036 2750 1095 domus
2788 1036 3039 1096 omnium
3068 1040 3378 1096 viventium
3407 1039 3637 1111 dicitur,

2040 1122 2170 1198 quia
2196 1124 2389 1181 nullus
2408 1125 2517 1183 huc
2543 1125 2700 1182 venit
2727 1126 2822 1200 qui
2852 1133 2980 1184 ante
3003 1127 3320 1186 Mediatoris
3347 1128 3647 1187 adventum

2039 1241 2152 1281 non
2203 1220 2349 1279 669
2391 1222 2528 1280 illuc
2574 1222 2694 1296 ipsa
2746 1225 3118 1298 corruptionis
3166 1243 3279 1284 suae
3325 1223 3646 1285 conditione

2040 1311 2377 1387 pertransiit,
2408 1312 2597 1369 nullus
2624 1312 2736 1369 huc
2763 1313 2917 1370 venit
2945 1314 3041 1387 qui
3094 1313 3163 1371 ad
3190 1316 3371 1373 carnis
3412 1324 3650 1375 mortem

2040 1402 2285 1476 ejusdem
2314 1401 2686 1476 corruptionis
2704 1419 2817 1461 sua)
2837 1404 3114 1477 gressibus
3139 1422 3251 1462 non
3278 1407 3534 1464 tetendit.
3569 1409 3651 1464 De

2040 1508 2149 1567 qua
2176 1492 2437 1550 videlicet
2476 1499 2654 1550 morte
2700 1509 2797 1566 per
2843 1493 3192 1552 Psalmistam
3231 1495 3437 1552 dicitur
3472 1513 3484 1552 :
3521 1496 3653 1565 Quis

2041 1588 2119 1638 est
2152 1581 2304 1637 homo
2352 1580 2446 1652 qui
2489 1581 2641 1648 vivit,
2701 1588 2749 1637 et
2800 1598 2909 1637 non
2954 1582 3149 1639 videbit
3196 1590 3416 1639 mortem
3472 1584 3649 1657 (Psal.

2043 1686 2327 1735 Lxxxvm,
2352 1667 2445 1741 49)
2479 1669 2508 1726 τ
2535 1671 2674 1727 Nam
2704 1668 2809 1727 etsi
2831 1669 2900 1728 ad
2929 1672 3130 1729 cmlum
3160 1680 3348 1745 raptus
3375 1672 3661 1731 Eliasesse

2044 1758 2385 1833 perhibetur,
2420 1764 2654 1814 mortem
2695 1764 2882 1816 tamen
2925 1759 3166 1831 distulit,
3198 1776 3310 1818 non
3350 1760 3545 1818 evasit.
3574 1762 3657 1818 De

333 1855 441 1910 alto
473 1853 741 1921 cernitur,
780 1852 874 1909 sed
919 1852 1075 1909 nulla
1110 1851 1411 1909 stabilitate
1452 1851 1745 1919 solidatur,
1776 1847 1932 1904 velut
1965 1872 2012 1933 Β
2045 1850 2166 1923 ipso
2195 1849 2397 1923 quippe
2420 1864 2519 1906 ore
2548 1848 2797 1906 veritatis
2827 1850 3032 1907 dicitur
3061 1868 3074 1907 :
3105 1850 3264 1909 Elius
3290 1852 3501 1923 quidem
3527 1869 3657 1909 ven-

332 1945 584 2000 elevatus
628 1960 785 2016 super
834 1951 1064 2000 ventum
1119 1942 1366 2016 ponitur,
1424 1943 1518 2017 qui
1572 1940 1933 2016 prosperitate

330 2032 655 2090 transitoria
690 2034 921 2103 lzetatur,
957 2036 973 2069 ¹
1005 2034 1267 2107 quoniam
1314 2031 1384 2090 ad
1425 2032 1533 2090 hoc
1573 2033 1752 2089 solum
1782 2030 1937 2087 hunc

330 2122 581 2195 fugitiva:
599 2123 881 2180 felicitatis
910 2139 1044 2179 aura
1066 2123 1338 2192 sublevat,
1367 2129 1432 2179 ut
1459 2128 1680 2195 repente
1696 2118 1938 2176 deterius

330 2209 386 2267 in
411 2210 626 2268 inﬁmis
652 2218 877 2269 sternat.
912 2212 1054 2281 Quia
1072 2211 1220 2269 enim
1249 2219 1437 2269 sancta
1455 2209 1707 2269 Ecclesia
1723 2206 1939 2266 cunctis

328 2300 385 2356 in
413 2299 631 2359 honore
659 2308 761 2371 est,
810 2300 1023 2357 inﬁrmi
1051 2301 1255 2375 quique
1298 2300 1357 2356 in
1386 2316 1450 2357 ea
1477 2298 1574 2374 qui
1601 2296 1938 2356 transitoriis

330 2388 351 2424 ³
375 2389 823 2448 successionibus
841 2390 1120 2459 laetantur,
1142 2406 1252 2463 quo
1265 2389 1377 2446 nisi
1398 2405 1562 2462 super
1579 2395 1809 2444 ventum
1828 2401 1939 2459 po—

324 2477 416 2535 siti
445 2479 716 2536 videntur
740 2479 939 2535 elevati
958 2480 988 2536 ?
1009 2478 1139 2552 quia
1157 2479 1526 2552 subsequente
1546 2474 1942 2549 persecutionis

320 2577 607 2641 tempore,
647 2569 780 2624 dum
819 2567 1201 2640 prosperitatis
1231 2583 1368 2623 aura
1393 2566 1709 2640 pertransit,
1752 2581 1939 2621 eorum

318 2656 598 2731 protinus
625 2655 861 2712 elevatio
909 2655 1139 2725 corruit,
1186 2662 1242 2712 et
1287 2661 1511 2727 repente
1538 2654 1790 2711 cadentes
1816 2654 1940 2711 dis-

320 2751 484 2812 cunt,
519 2743 657 2816 quia
685 2743 884 2800 elevati
912 2742 1069 2815 prius
1099 2746 1120 2779 ³
1150 2743 1209 2799 in
1242 2750 1469 2798 ventum
1496 2742 1771 2799 sederunt.
1805 2743 1938 2811 Quae

324 2832 593 2891 videlicet
621 2831 789 2888 verba
817 2832 981 2887 etiam
1009 2830 1185 2889 sancti
1223 2831 1334 2886 viri
1364 2847 1605 2903 personae
1630 2830 1940 2905 specialiter

326 2928 665 2997 congruunt,
690 2936 804 2977 non
836 2920 905 2977 ad
934 2918 993 2977 id
1021 2919 1169 2993 quod
1191 2927 1328 2989 erat,
1358 2919 1453 2977 sed
1473 2920 1542 2977 ad
1566 2919 1624 2976 id
1653 2920 1803 2994 quod
1822 2937 1939 2977 esse

330 3011 644 3069 videbatur.
694 3010 882 3083 Neque
929 3008 1079 3065 enim
1120 3014 1363 3064 mentem
1414 3008 1567 3065 illius
1609 3010 1944 3082 prosperitas

335 3101 575 3174 fugitiva
604 3099 907 3167 levaverat,
936 3113 1105 3171 quam
1135 3098 1281 3154 inter
1305 3103 1392 3154 tot
1420 3114 1606 3153 rerum
1634 3098 1944 3157 aﬂluentias

332 3191 469 3247 miro
499 3203 718 3261 semper
755 3186 984 3243 virtutis
1012 3185 1253 3259 pondere
1304 3186 1584 3259 premebat
1615 3205 1630 3255 ;
1662 3187 1758 3244 sed
1781 3187 1945 3260 juxta

333 3281 439 3340 hoc
464 3280 619 3356 quod
644 3278 824 3335 videri
851 3278 1095 3335 exterius
1122 3276 1325 3349 potuit,
1347 3278 1442 3352 qui
1470 3278 1530 3335 in
1558 3278 1673 3336 suis
1691 3279 1944 3358 humilis,

336 3371 393 3426 in
416 3369 616 3427 alienis
632 3368 811 3426 oculis
838 3368 1084 3424 elevatus
1111 3366 1241 3435 fuit,
1263 3373 1318 3422 et
1344 3366 1502 3440 quasi
1522 3384 1687 3439 super
1714 3376 1944 3425 ventum

334 3460 569 3533 positus,
605 3458 772 3514 elisus
808 3462 891 3512 est
936 3454 1141 3524 valide,
1188 3454 1320 3529 quia
1364 3456 1531 3513 rebus
1577 3455 1946 3515 exterioribus

336 3548 534 3617 fultus,
587 3547 732 3604 unde
777 3545 1155 3604 aestimabatur
1200 3560 1442 3617 surgere,
1488 3546 1782 3602 videbatur
1816 3546 1979 3603 inde

338 3636 627 3693 cecidisse.
654 3636 824 3702 Quem
838 3633 1097 3692 videlicet
1114 3649 1303 3690 casum
1318 3641 1544 3691 sanctus
1564 3632 1653 3688 vir
1672 3632 1731 3690 in
1760 3642 1944 3691 mente

340 3741 457 3781 non
476 3722 723 3797 pertulit,
745 3724 871 3797 quia
887 3724 1038 3781 nulla
1057 3722 1361 3779 adversitas
1388 3721 1601 3793 dejicit,
1623 3737 1785 3794 quem
1807 3738 1945 3795 pro-

337 3814 573 3888 speritas
599 3813 754 3870 nulla
774 3813 1100 3887 corrumpit.
1135 3809 1243 3880 Qui
1264 3810 1413 3867 enim
1433 3809 1657 3867 veritati
1684 3810 1939 3883 inhaeret,

338 3903 572 3959 vanitati
593 3902 749 3959 nullo
777 3902 941 3960 modo
968 3899 1310 3969 succumbit,
1332 3899 1461 3973 quia
1488 3898 1620 3956 dum
1648 3899 1779 3957 forti
1807 3900 1943 3975 pede

339 3992 688 4065 cogitationis
729 3993 881 4049 intus
922 3990 1290 4048 intentionem
1332 3988 1541 4059 ﬁxerit,
1580 4006 1743 4046 omne
1795 3990 1944 4064 quod

343 4080 485 4139 foras
512 4081 859 4138 mutabiliter
906 4080 1109 4155 agitur,
1140 4079 1207 4136 ad
1245 4095 1426 4135 arcem
1476 4078 1680 4135 mentis
1712 4079 1943 4136 minime

344 4171 619 4245 pertingit.
651 4172 914 4244 Sequitur
945 4189 958 4227 :

478 4264 706 4322 CAPUT
758 4262 1001 4321 XXXIV
1030 4261 1170 4337 [Vet.
1203 4262 1402 4331 XXVI,
1431 4262 1550 4320 Rec.
1599 4262 1795 4337 XXV].

414 4353 580 4421 Vnus.
610 4354 701 4411 23.
731 4383 805 4396 —
833 4353 950 4410 Scio
978 4353 1107 4425 quia
1132 4352 1294 4409 morti
1322 4354 1345 4389 ⁴
1377 4352 1550 4410 trades
1574 4369 1676 4425 me,
1706 4353 1798 4410 ubi
1824 4369 1943 4409 cou-

345 4442 527 4498 stituta
554 4448 627 4498 est
652 4443 834 4499 domus
870 4442 1014 4498 omni
1048 4442 1261 4499 viventi.

415 4531 505 4588 66.
536 4532 698 4589 Nemo
748 4537 968 4588 mortem
1021 4531 1201 4602 effugit
1229 4547 1251 4596 ;
1291 4530 1455 4603 pauci
1482 4530 1812 4601 voluptatum
1844 4528 1941 4600 fo-

347 4636 487 4676 ueam
512 4626 562 4677 et
588 4621 877 4679 interitum.
908 4622 1066 4679 Elius
1111 4626 1333 4676 mortem
1362 4621 1591 4687 distulit,
1618 4637 1727 4676 non
1753 4620 1936 4676 evasit.

350 4737 416 4749 —
444 4711 504 4766 In
531 4712 802 4784 superiori
841 4711 1009 4784 hujus
1047 4709 1230 4783 operis
1260 4716 1413 4783 parte
1453 4709 1680 4781 (Supra,
1712 4708 1801 4764 lib.
1832 4720 1937 4778 XII,

349 4814 459 4869 cap.
482 4799 537 4865 6,
555 4801 704 4856 Edit.
726 4801 986 4858 Gussanv.
1005 4818 1174 4866 novre,
1192 4817 1247 4856 η.
1271 4799 1360 4872 13)
1384 4805 1677 4855 tractatum
1697 4804 1778 4853 est
1794 4797 1941 4871 quod

349 4895 467 4943 ante
493 4888 793 4945 adventum
824 4889 1048 4947 Domini
1073 4890 1143 4946 ad
1167 4887 1374 4945 inferni
1403 4887 1748 4960 receptacula
1774 4886 1940 4943 etiam

343 4968 472 5041 iusti
492 4978 907 5050 descenderent,
929 4979 1181 5054 quamvis
1208 4994 1321 5035 non
1348 4978 1407 5033 in
1427 4976 1735 5050 suppliciis,
1758 4974 1853 5032 sed
1881 4975 1941 5033 in

349 5068 531 5141 requie
560 5075 931 5125 servarentur.
973 5067 1132 5137 Quod
1174 5082 1324 5124 nunc
1351 5066 1687 5124 testimoniis
1713 5065 1941 5124 edocere

418 5261 433 5295 ¹
463 5260 639 5334 Magis
662 5259 873 5334 placuit
897 5266 1102 5334 recent.
1130 5256 1554 5334 Edit._quaudo,
1585 5255 1778 5315 invitis
1805 5256 1935 5317 Mss.

348 5330 729 5404 Germ.,hubd
758 5332 941 5404 cretum
969 5332 1061 5386 hoc
1089 5332 1259 5404 solum
1287 5330 1445 5398 hunc,
1477 5335 1582 5404 etc.

419 5405 442 5439 ²
466 5398 560 5462 Sic
592 5398 840 5471 'Turon.,
888 5402 1072 5460 Germ.
1116 5408 1170 5456 et
1202 5403 1418 5470 Norm.,
1449 5398 1609 5472 cujus
1641 5398 1762 5456 loco
1790 5398 1944 5456 Editi

348 5474 553 5532 habent
575 5474 909 5532 successibus.
942 5475 1024 5529 Ita
1050 5488 1264 5545 quoque
1304 5472 1543 5545 secunda
1580 5486 1749 5527 manu
1798 5472 1947 5545 scri-

349 5554 501 5676 pgpg
530 5547 591 5604 in
621 5546 787 5607 Corb.
819 5545 1029 5613 Germ.,
1059 5543 1155 5601 ubi
1177 5543 1335 5617 prius
1355 5543 1633 5616 legebatur
1659 5543 1946 5600 successio-

350 5636 385 5673 η
510 5665 522 5676 .

350 5636 501 5676 ηιωις
510 5665 522 5676 .

419 5692 441 5727 ³
474 5693 593 5762 AL,
625 5693 682 5748 in
716 5700 866 5750 vetuo
895 5691 1156 5749 sederunt.
1180 5685 1349 5745 Gilot.
1382 5695 1436 5744 et
1464 5688 1688 5760 plurimi
1718 5689 1946 5758 Excusi,

354 5780 409 5819 ιη
438 5771 645 5821 uentum
673 5782 726 5821 se
752 5766 1024 5822 dederunt.

425 5838 445 5871 ³
476 5836 689 5907 Germ.,
716 5837 891 5897 Laud.
922 5843 977 5894 et
1001 5834 1124 5895 Val.
1149 5832 1258 5902 CL,
1291 5831 1474 5889 tradas
1502 5848 1600 5903 me,
1631 5841 1684 5890 et
1708 5832 1786 5891 ita
1813 5848 1948 5892 sem-

2050 1947 2203 1996 turus
2231 1946 2327 2006 est,
2350 1944 2401 1995 et
2426 1940 2664 1996 restituet
2679 1940 2859 1996 omnia
2889 1938 3102 2012 (Matth.
3127 1957 3270 2009 xvu,
3303 1941 3417 2014 11).
3452 1941 3657 1999 Veniet

2042 2028 2199 2087 enim
2228 2028 2586 2085 restituturus
2604 2030 2814 2098 omnia,
2836 2028 2966 2102 quia
2993 2029 3063 2086 ad
3092 2028 3199 2087 hoc
3223 2030 3491 2088 nimirum
3521 2031 3657 2091 huic

2049 2118 2259 2176 mundo
2289 2118 2622 2188 restituitur,
2653 2126 2718 2175 ut
2746 2125 2801 2175 et
2847 2117 3255 2192 praedicationis
3283 2136 3511 2177 munera
3539 2120 3659 2192 im-;

2048 2210 2215 2282 pleat,
2254 2215 2309 2265 et
2335 2209 2517 2266 carnis
2545 2208 2792 2267 debitum
2831 2191 3028 2265 solvat.
3078 2208 3210 2277 Qua:
3250 2215 3437 2265 tamen
3479 2191 3659 2268 saneti

2048 2298 2159 2354 viri
2187 2298 2461 2354 sententia
2482 2297 2647 2371 juxta
2669 2297 2946 2371 allegoria;
2974 2296 3300 2370 mysterium
3320 2305 3523 2355 sanctae
3549 2299 3657 2355 Ec-

2048 2386 2227 2444 clesiae
2254 2387 2487 2444 vocibus
2514 2404 2585 2443 ex
2611 2403 2846 2460 persona
2873 2385 3129 2458 congruit
3156 2384 3529 2455 inﬁrmorum,
3560 2387 3658 2460 qui

2048 2477 2217 2535 ﬁdem
2245 2476 2417 2534 verbo
2446 2482 2610 2534 tenus
2640 2482 2855 2545 tenent,
2884 2474 2980 2533 sed
3009 2482 3202 2532 contra
3230 2483 3500 2549 praecepta
3525 2474 3657 2533 ﬁdei

2050 2567 2166 2625 suis
2207 2566 2497 2624 desideriis
2534 2565 2895 2623 famulantur.
2926 2564 3023 2621 Ait
3060 2563 3265 2622 etenim
3311 2580 3325 2621 :
3371 2563 3490 2622 Scio
3529 2564 3660 2636 quia

2048 2661 2210 2717 morti
2235 2662 2411 2717 trades
2429 2678 2530 2727 me,
2560 2660 2650 2716 ubi
2667 2659 2950 2716 constituta
2977 2658 3163 2714 domus
3177 2663 3250 2713 est
3269 2657 3413 2713 omni
3436 2655 3654 2714 viventi.

2050 2748 2190 2816 Quia
2218 2749 2368 2806 enim
2399 2752 2421 2786 °
2455 2748 2660 2806 multos
2686 2747 2745 2804 in
2774 2764 2831 2805 se
2858 2745 3240 2821 voluptatibus
3267 2745 3484 2803 deditos
3513 2761 3659 2804 con-

2051 2838 2235 2911 spicit,
2266 2854 2567 2912 eorumque
2576 2836 2691 2910 jam
2713 2837 3003 2894 interitum
3023 2836 3261 2909 praescit,
3290 2841 3481 2907 pensat
3507 2834 3660 2907 quod

2052 2927 2113 2983 in
2130 2927 2221 2982 via
2240 2927 2370 2983 vita;
2392 2927 2677 2999 praesentis
2695 2926 2811 2982 suis
2831 2926 3056 2998 quidem
3076 2922 3365 2980 desideriis
3383 2926 3657 2993 serviunt,

2054 3016 2149 3073 sed
2178 3023 2360 3072 tamen
2390 3015 2460 3071 ad
2490 3016 2685 3070 mortis
2711 3014 2939 3071 domum
2981 3011 3312 3086 perveniunt
3342 3028 3534 3069 omnes
3561 3011 3659 3086 qui

2054 3105 2113 3162 in
2141 3121 2205 3161 ea
2232 3103 2526 3162 carnaliter
2561 3103 2781 3159 vivunt.
2827 3102 2969 3158 Sunt
3008 3117 3141 3157 vero
3187 3101 3444 3157 nonnulli
3474 3100 3570 3175 qui
3599 3100 3659 3158 in

2053 3194 2401 3267 voluptatum
2428 3209 2651 3250 suarum
2670 3192 2888 3249 foveam
2917 3190 3205 3261 corruunt,
3227 3190 3323 3248 sed
3349 3198 3532 3248 tamen
3563 3205 3661 3264 per

2054 3282 2295 3341 lamenta
2323 3283 2663 3357 pmnitentiae
2696 3282 2764 3339 ab
2795 3280 2927 3338 imis
2954 3281 3122 3339 citius
3148 3280 3342 3353 pedem
3362 3280 3658 3350 reducunt,

2054 3390 2191 3448 quos
2222 3391 2471 3449 supernae
2509 3371 2879 3447 percussionis
2921 3371 3157 3428 verbera
3185 3370 3255 3428 ad
3291 3370 3658 3427 eruditionem

2053 3463 2239 3535 potius
2285 3480 2451 3537 quam
2498 3462 2569 3519 ad
2602 3459 3033 3519 exstinctionem
3062 3467 3266 3519 secant.
3316 3459 3405 3517 Ex
3458 3458 3663 3534 quibus

2052 3558 2177 3625 apte
2205 3551 2594 3625 subjungitur:

2603 3640 2831 3698 CAPUT
2861 3639 3100 3698 XXXV.

2053 3795 2059 3802 _
2123 3731 2295 3788 Vens.
2327 3729 2417 3786 24.
2448 3759 2520 3770 -
2555 3730 2920 3788 Verumtamen
2951 3743 3059 3784 non
3102 3726 3176 3781 ad
3214 3725 3662 3796 consumptionem

2053 3835 2234 3875 eorum
2261 3818 2452 3873 emittis
2472 3832 2690 3873 mnum
2718 3823 2862 3872 tuam
2878 3832 2897 3871 :
2925 3822 2976 3871 et
2995 3815 3043 3869 si
3066 3812 3389 3879 comerint,
3413 3811 3524 3882 ipse
3550 3813 3660 3869 sal'

2053 3907 2223 3966 vobis.

2122 3997 2212 4054 67.
2238 3996 2500 4053 Nonnulli
2526 4013 2560 4052 a
2588 3995 2696 4052 Deo
2711 3992 2948 4068 percussi
2973 3993 3046 4049 ad
3073 3990 3442 4059 eruditionem,
3463 4004 3571 4045 non
3588 3988 3662 4046 ad

2051 4087 2443 4145 exstinctionem
2469 4105 2504 4142 a
2527 4091 2734 4159 peccato
2767 4084 3079 4141 liberantur.
3094 4111 3182 4159 ν-
3209 4082 3272 4137 In
3292 4079 3495 4153 quibus
3521 4094 3661 4163 pro-

2050 4177 2195 4234 fecto
2220 4175 2404 4233 verbis
2431 4174 2537 4233 hoc
2564 4175 2795 4232 solerter
2821 4172 2983 4229 debet
3003 4170 3261 4243 intelligi,
3291 4168 3441 4243 quod
3468 4169 3661 4227 beatus

2050 4266 2174 4335 Job,
2206 4266 2339 4322 dum
2368 4282 2467 4322 sua
2494 4271 2701 4333 narrat,
2743 4264 2800 4319 in
2831 4278 2889 4319 se
2917 4261 3056 4318 alios
3083 4258 3458 4332 transﬁgurat.
3491 4258 3660 4317 Velut

2052 4355 2201 4411 enim
2217 4354 2285 4410 de
2304 4370 2362 4410 se
2388 4354 2698 4427 specialiter
2716 4351 2936 4409 dicebat
2960 4368 2971 4407 :
2996 4348 3238 4407 Eleoasti
3255 4365 3357 4418 me,
3378 4355 3426 4404 et
3452 4349 3474 4384 ⁷
3504 4346 3662 4418 quasi

2050 4460 2210 4515 super
2224 4449 2433 4499 ventum
2444 4459 2645 4515 ponens
2669 4442 2856 4498 elisisti
2876 4458 2959 4496 me
2974 4439 3146 4496 valide
3165 4455 3187 4505 ;
3204 4438 3310 4494 scio
3337 4436 3467 4509 quia
3493 4436 3662 4492 morti

2054 4535 2230 4592 trades
2259 4551 2361 4600 me,
2389 4534 2479 4589 ubi
2525 4533 2808 4589 constituta
2839 4538 2914 4588 est
2942 4531 3129 4587 domus
3163 4530 3309 4586 omni
3343 4527 3536 4584 viventi
3557 4544 3579 4593 ,°
3605 4532 3662 4583 et

2053 4630 2237 4679 tamen
2259 4637 2371 4679 non
2402 4621 2470 4678 de
2498 4638 2576 4691 se,
2602 4621 2698 4678 sed
2721 4620 2788 4677 de
2803 4619 2929 4677 aliis
2953 4618 3039 4692 adj
3050 4619 3210 4692 ungit
3240 4636 3252 4676 :
3295 4619 3661 4679 Verumtamen

2048 4729 2157 4770 non
2186 4712 2259 4768 ad
2293 4711 2737 4784 consumptionem
2768 4726 2951 4766 eorum
2990 4710 3182 4766 emittis
3228 4724 3447 4763 manum
3492 4712 3656 4759 tuam.

2049 4805 2193 4861 Dum
2220 4803 2370 4859 enim
2400 4803 2468 4859 de
2488 4817 2545 4858 se
2573 4802 2804 4874 loquens
2823 4799 3208 4858 ratiocinando
3237 4813 3429 4854 causas
3447 4794 3515 4849 de
3534 4792 3659 4847 aliis

2049 4891 2257 4961 subdit,
2299 4893 2320 4928 ⁸
2350 4908 2515 4966 quam
2546 4892 2845 4948 multorum
2884 4905 3143 4963 personas
3184 4886 3243 4941 in
3284 4901 3340 4940 se
3384 4878 3662 4953 signiﬁcet

2050 4980 2312 5037 ostendit.
2341 4981 2565 5038 Manum
2594 4980 2779 5053 itaque
2807 4995 2962 5037 suam
3004 4974 3276 5033 Dominus
3303 4970 3372 5027 ad
3401 4983 3659 5027 consum-

2049 5069 2295 5144 ptionem
2316 5070 2667 5145 peccantium
2693 5086 2805 5128 non
2821 5066 3050 5137 emittit,
3066 5079 3193 5123 cum
3212 5059 3465 5118 feriendo
3483 5075 3516 5116 a
3533 5075 3658 5134 pec.

2047 5277 2146 5335 per
2172 5262 2401 5320 aﬁ‘ertur
2425 5270 2613 5320 textus
2641 5260 2734 5317 hic
2757 5259 2817 5317 in
2844 5254 3331 5330 consequentibus.

2124 5334 2146 5368 ⁵
2176 5333 2305 5390 Post
2331 5334 2483 5390 Editi
2509 5349 2636 5390 cum
2666 5332 2877 5400 Germ.,
2909 5328 3309 5400 descenderent,-
3339 5324 3487 5400 quod
3510 5324 3658 5400 idem

2177 5370 2201 5388 ι
2219 5370 2305 5390 νυ..
2331 5370 2483 5390 nam
2509 5370 2636 5390 ea...
2667 5370 2851 5389 υνιμ..
2909 5370 3165 5386 "ww"...
3184 5370 3269 5383 ν...
3381 5370 3487 5383 ..νυ
3510 5370 3656 5382 ην...

2053 5411 2212 5463 sonat
2243 5421 2256 5471 ;
2291 5403 2410 5476 ejus
2435 5412 2621 5460 tamen
2639 5404 2773 5476 loco
2802 5374 3186 5476 reponendum
3216 5370 3538 5456 cens‘iiimus
3563 5397 3656 5454 du-

2054 5472 2334 5543 cerentur,‘
2348 5483 2570 5549 propter
2595 5475 2725 5549 Mss.
2752 5481 2806 5531 et
2829 5472 2945 5549 vet.
2974 5472 3126 5549 Edit.
3159 5486 3513 5549 consensum.

2129 5549 2150 5584 ⁶
2164 5540 2367 5621 Deest;
2385 5540 2615 5621 in’setin
2635 5546 2872 5621 E_xcusis
2895 5561 3005 5602 rec.
3029 5542 3419 5621 Supplevimus
3435 5557 3506 5597 ex
3524 5540 3653 5621 Mss.

2057 5619 2218 5678 Corb.
2277 5610 2486 5688 Germ.,
2517 5610 2742 5688 'Laud.,
2809 5610 3399 5685 Bellovac.,"Norm.,
3457 5610 3659 5686 quibus

2056 5690 2358 5750 ooncinunt
2387 5699 2498 5748 vet.
2533 5691 2778 5763 Vulgati.

2130 5766 2149 5799 ⁷
2173 5765 2352 5836 Deest,
2383 5765 2560 5835 quasi,
2581 5763 2640 5819 in
2669 5764 2804 5836 pler.
2836 5763 3027 5821 Norm.

2132 5837 2153 5872 ⁸
2181 5835 2296 5905 AL,
2326 5835 2454 5909 quia
2481 5835 2789 5894 multorum.
