4162 6184
447 333 551 392 179

1653 332 1904 395 SANCTI
1936 334 2279 400 GREGORII
2325 337 2554 402 MAGNI

3655 355 3756 414 180

443 459 580 518 catis
607 457 857 531 corripit,
887 466 942 514 et
973 466 1288 550 corruentes
1315 458 1512 528 salvat,
1543 457 1676 518 dum
1697 460 1953 519 cadentes
1978 461 2048 518 ad
2079 462 2130 524 A
2159 463 2540 523 descendendo
2587 465 2826 526 inﬁrmis
2865 469 3078 543 intulit,
3120 473 3382 548 quoniam
3423 475 3754 550 quibusdam

445 551 664 624 culpam
695 551 752 606 in
783 551 1016 606 salutem
1031 548 1278 622 corporis
1291 551 1567 621 vulnerat,
1589 560 1653 610 ut
1678 553 1935 625 prostrati
1952 569 2046 613 ex-

446 641 635 709 terius,
667 639 898 697 interius
937 647 1182 713 surgant,
1227 648 1495 714 quatenus
1536 640 1778 713 jacentes
1819 659 2048 716 corpore

444 731 513 789 ad
541 729 860 788 interiorem
897 738 1101 788 statum
1145 729 1388 800 redeant,
1421 731 1516 806 qui
1562 739 1768 789 stantes
1796 734 2047 792 exterius

443 837 476 880 a
502 828 649 880 statu
676 819 878 880 mentis
899 820 1177 893 jacebant.
1211 820 1470 895 Sequitur
1503 839 1515 877 :

779 911 1007 971 CAPUT
1037 912 1278 970 XXXVI
1307 911 1450 986 meo.
1483 912 1708 986 XXVI].

513 1004 686 1063 Vnus.
713 1004 801 1062 25.
825 1035 895 1046 —
914 1003 1129 1061 Flebam
1155 1003 1422 1075 quondam
1442 1019 1601 1074 super
1627 1021 1683 1060 eo
1714 1004 1806 1076 qui
1823 1006 2046 1081 a/[lictus

441 1101 578 1162 erat,
601 1101 648 1153 et
665 1094 1077 1170 compatiebatur
1097 1091 1278 1150 anima
1299 1110 1412 1148 mea
1435 1093 1685 1165 pauperi.

513 1184 604 1243 68.
662 1187 1010 1254 Elcemosyna
1044 1199 1110 1238 ea;
1149 1181 1337 1238 mentis
1365 1183 1554 1253 affectu
1577 1200 1680 1255 quo
1707 1182 1789 1256 ﬁt,
1813 1184 2045 1256 potissi-

443 1291 586 1333 mum
615 1273 947 1330 assumenda.
979 1270 1311 1344 Largitorem
1340 1289 1447 1328 non
1475 1271 1646 1343 faciat
1671 1289 1854 1330 rerum
1881 1274 2045 1330 abun-

441 1363 648 1434 dantia,
691 1364 780 1420 sed
821 1363 1130 1434 compassio.
1160 1393 1232 1405 -
1260 1361 1523 1432 Quamvis
1568 1379 1697 1419 vera
1741 1366 2046 1438 compassio

439 1463 526 1514 est
552 1453 795 1529 passioni
825 1453 1066 1527 proximi
1113 1469 1184 1509 ex
1228 1451 1478 1524 largitate
1520 1468 1866 1523 concurrere,
1895 1471 2048 1510 non-

441 1560 728 1618 nunquam
758 1550 966 1612 tamen,
995 1559 1123 1600 cum
1169 1541 1443 1597 exteriora
1472 1555 1699 1613 quaeque
1728 1541 1947 1598 abunde
1976 1541 2046 1599 ad

436 1632 788 1709 largiendum
808 1638 1128 1706 suppetunt,
1161 1629 1394 1686 celerius
1417 1628 1602 1684 dantis
1627 1645 1824 1686 manus
1853 1629 2048 1688 datio-

440 1740 569 1782 nem
599 1724 820 1782 invenit
848 1739 1011 1798 quam
1041 1720 1262 1778 animus
1285 1717 1551 1776 dolorem.
1588 1718 1742 1776 Unde
1770 1720 1912 1779 scire
1941 1737 2049 1779 ne-

2157 552 2401 627 inopiam
2431 555 2572 613 ferre
2601 575 2716 615 non
2745 560 3058 620 valentibus
3087 563 3428 624 tolerabilius
3457 576 3540 625 est
3567 568 3756 628 minus

2155 643 2396 702 tribuere
2427 663 2591 720 quam
2624 657 2747 722 post
2793 651 3099 726 largitatem
3127 671 3282 714 suam
3315 673 3386 715 ex
3414 657 3615 733 inopiae
3644 677 3758 718 an-

2155 735 2334 806 gustia
2352 752 2716 796 murmurare.
2739 740 2877 798 Nam
2899 749 2961 798 ut
2979 742 3048 799 ad
3068 761 3262 820 magna
3283 745 3551 820 largiendi
3570 749 3756 808 studia

2153 824 2504 883 audientium
2553 836 2764 886 mentes
2805 832 3148 902 accenderet,
3176 835 3340 907 paulo
3377 846 3502 908 post
3538 838 3756 911 intulit,

2154 911 2342 973 dicens
2373 933 2386 972 :
2423 917 2534 973 Hoc
2560 925 2734 976 autem
2761 919 2875 976 dico
2909 939 2921 979 :
2957 921 3060 991 Qui
3073 939 3233 995 parre
3259 925 3504 997 seminat,
3529 944 3692 999 parce
3710 935 3758 986 et

2153 1011 2301 1092 metet
2331 1007 2421 1080 (II
2443 1008 2570 1066 Cor.
2613 1027 2694 1078 rx,
2723 1010 2804 1082 6).
2838 1011 2969 1068 Plus
2997 1020 3182 1069 autem
3210 1029 3613 1092 nonnunquam
3641 1034 3756 1078 esse

2153 1091 2392 1152 dicimus
2419 1097 2658 1172 compati
2681 1115 2751 1156 ex
2779 1100 2964 1170 corde,
2980 1118 3144 1176 quam
3174 1102 3324 1174 dare,
3347 1091 3478 1180 quia
3505 1106 3757 1182 quisquis

2153 1185 2390 1257 perfecte
2416 1187 2689 1261 indigenti
2732 1191 3087 1264 compatitur,
3118 1193 3304 1252 minus
3330 1195 3570 1254 mstimat
3593 1214 3756 1258 omne

2155 1275 2303 1348 quod
2331 1276 2444 1334 dat.
2473 1277 2593 1336 Nisi
2635 1279 2785 1337 enim
2830 1280 3014 1339 dantis
3059 1297 3285 1341 manum
3321 1283 3467 1342 bona
3497 1287 3756 1346 voluntas

2156 1366 2402 1438 vincere,
2448 1367 2595 1426 idem
2643 1371 2970 1444 praedicator
3018 1373 3268 1446 egregius
3308 1373 3596 1450 discipulis
3641 1393 3756 1436 non

2155 1453 2388 1512 dixisset
2420 1473 2433 1514 :
2469 1458 2572 1526 Qui
2597 1476 2704 1516 non
2749 1461 2920 1517 solum
2945 1460 3142 1533 facere,
3171 1463 3259 1520 sed
3293 1470 3343 1521 et
3374 1465 3504 1522 velle
3530 1466 3756 1539 capiatis

2155 1547 2221 1604 ab
2249 1564 2390 1604 anno
2417 1549 2598 1621 priori
2628 1550 2717 1623 (II
2735 1552 2860 1610 Cor.
2882 1569 3010 1618 vm,
3033 1553 3146 1626 10).
3167 1553 3349 1612 Facile
3373 1554 3574 1630 quippe
3593 1563 3676 1614 est
3695 1555 3756 1614 in

2155 1639 2302 1696 bono
2322 1655 2483 1714 opere
2501 1640 2725 1700 obedire
2745 1643 2766 1680 ‘
2786 1641 2952 1700 etiam
2972 1644 3271 1702 nolentem.
3303 1645 3410 1704 Sed
3423 1645 3541 1706 hac
3560 1663 3760 1722 magna

2156 1728 2217 1786 in
2246 1729 2536 1806 discipulis
2561 1732 2742 1790 virtus
2767 1733 3078 1804 exstiterat,
3108 1751 3201 1792 eos
3229 1734 3440 1794 bonum
3469 1735 3619 1814 quod
3646 1736 3760 1798 illis

442 1830 591 1874 cesse
623 1823 704 1872 est
733 1815 861 1890 quia
881 1813 975 1870 ille
1005 1812 1242 1886 perfecte
1270 1809 1488 1879 tribuit,
1519 1809 1615 1884 qui
1653 1828 1779 1870 cum
1808 1829 1874 1870 eo
1899 1816 2048 1888 quod
2079 1833 2127 1894 Β
2157 1829 2492 1894 praeceptum
2529 1829 2612 1879 est
2631 1829 2685 1880 et
2712 1831 2838 1880 ante
2867 1823 3129 1884 voluisse.

445 1904 656 1964 aﬂlicto
687 1904 919 1980 porrigit
945 1903 1137 1961 aﬂlicti
1165 1918 1381 1976 quoque
1408 1901 1468 1958 in
1496 1917 1552 1958 se
1581 1899 1829 1960 animum
1857 1905 2050 1977 sumit,

441 2003 506 2054 ut
533 1995 687 2069 prius
710 1995 769 2051 in
795 2011 853 2052 se
881 1993 1128 2051 dolentis
1156 1994 1468 2067 passionem
1498 1993 1808 2063 transferat,
1838 2001 1892 2051 et
1917 2002 2052 2054 tunc

443 2091 634 2143 contra
649 2083 895 2142 dolorem
913 2083 1064 2140 illius
1084 2099 1180 2157 per
1196 2082 1568 2141 ministerium
1585 2092 1894 2142 concurrat.
1910 2085 2049 2144 Nam

443 2191 606 2250 saepe,
624 2182 686 2232 ut
713 2174 1094 2248 praediximus,
1119 2173 1438 2246 largitorem
1453 2174 1701 2232 muneris
1714 2191 1900 2232 rerum
1917 2176 2050 2234 facit

443 2265 802 2336 abundantia,
837 2273 892 2323 et
931 2282 1045 2322 non
1090 2264 1271 2322 virtus
1309 2265 1728 2340 compassionis.
1763 2266 1870 2336 Qui
1898 2268 2048 2324 enim

443 2363 649 2423 aﬁlicto
676 2365 913 2438 perfecte
943 2365 1298 2438 compatitur,
1332 2361 1477 2420 8'70
1508 2366 1830 2440 plerumque
1857 2373 1915 2422 et
1941 2365 2050 2424 hoc

444 2453 717 2528 indigenti
745 2453 964 2525 tribuit,
999 2456 1016 2490 ¹
1047 2455 1106 2513 in
1133 2472 1242 2530 quo
1262 2457 1378 2531 ipse
1393 2457 1439 2513 si
1459 2454 1672 2512 dederit
1699 2463 2043 2529 angustatur.

442 2544 516 2600 Et
541 2551 675 2602 tunc
704 2545 866 2618 plena
893 2551 977 2602 est
1003 2545 1186 2601 cordis
1213 2546 1389 2602 nostri
1417 2545 1748 2618 compassio,
1778 2562 1906 2603 cum
1935 2562 2048 2603 ma-

443 2635 561 2692 lum
583 2633 784 2707 inopia:
810 2651 910 2708 pro
929 2633 1185 2708 proximo
1212 2634 1488 2709 suscipere
1512 2650 1624 2692 non
1645 2634 1966 2705 metuimus,
1984 2643 2048 2692 ut

446 2723 607 2783 illum
643 2742 676 2782 a
703 2723 956 2797 passione
985 2722 1302 2779 liberemus.

513 2815 604 2873 69.
633 2813 858 2872 Pietatis
893 2812 1126 2885 [omam
1158 2811 1402 2871 Christus
1428 2811 1578 2868 nobis
1605 2812 1768 2881 dedit,
1797 2820 1846 2870 et
1871 2814 2048 2870 docuit

445 2906 670 2964 Paulus.
701 2935 774 2946 —
799 2903 973 2973 Quam
998 2902 1258 2961 videlicet
1284 2901 1504 2976 pietatis
1525 2901 1759 2960 formam
1780 2903 2048 2962 Mediator

448 2997 610 3054 nobis
634 2997 734 3054 Dei
762 3004 817 3055 et
844 2995 1136 3054 hominum
1168 2995 1341 3053 dedit.
1373 2995 1480 3064 Qui
1517 3012 1646 3054 cum
1673 3003 1857 3068 posset
1885 2996 2046 3054 nobis

447 3088 614 3145 etiam
657 3103 769 3144 non
810 3085 1098 3143 moriendo
1139 3101 1487 3155 concurrere,
1530 3084 1824 3143 subvenire
1860 3093 2044 3144 tamen

449 3175 739 3235 moriendo
759 3173 1079 3230 hominibus
1097 3174 1298 3242 voluit,
1314 3175 1443 3249 quia
1463 3191 1562 3232 nos
1583 3174 1844 3234 videlicet
1858 3175 2045 3234 minus
2080 3201 2126 3262 ο

450 3271 704 3334 amasset,
733 3263 844 3321 nisi
871 3271 926 3320 et
959 3264 1189 3322 vulnera
1216 3273 1404 3322 nostra
1421 3265 1723 3340 susciperet
1751 3284 1765 3335 ;
1799 3282 1900 3324 nec
1929 3266 2046 3324 vim

449 3356 747 3414 nobis-suas
783 3355 1099 3414 dilectionis
1127 3356 1150 3392 ³
1178 3355 1510 3424 ostenderet,
1557 3357 1667 3414 nisi
1707 3356 1813 3414 hoc
1841 3357 1990 3430 quod
2017 3374 2051 3414 a

450 3447 611 3505 nobis
636 3448 856 3504 tolleret
881 3446 952 3504 ad
993 3454 1210 3522 tempus
1251 3447 1366 3520 ipse
1409 3448 1726 3506 sustineret.
1758 3446 2050 3505 Passibiles

450 3539 652 3612 quippe
687 3539 1051 3610 mortalesque
1079 3554 1179 3594 nos
1211 3537 1434 3610 reperit,
1464 3545 1519 3594 et
1545 3539 1642 3613 qui
1680 3554 1782 3595 nos
1814 3539 2050 3596 existere

451 3627 582 3683 fecit
610 3643 680 3683 ex
717 3626 917 3696 nihilo,
974 3643 1232 3684 revocare
1286 3626 1546 3684 videlicet
1599 3628 1765 3684 etiam
1798 3627 1918 3684 sine
1951 3645 2051 3685 sua

452 3723 629 3774 morte
656 3715 837 3790 potuit
863 3732 896 3773 a
922 3715 1194 3790 passione.
1233 3714 1340 3772 Sed
1383 3723 1446 3772 ut
1472 3724 1676 3790 quanta
1704 3725 1846 3774 esset
1871 3718 2053 3776 virtus

450 3806 846 3880 compassionis
871 3806 1202 3877 ostenderet,
1223 3805 1346 3864 ﬁeri
1377 3823 1482 3880 pro
1509 3807 1670 3866 nobis
1698 3807 1956 3882 dignatus
1970 3817 2054 3866 est

451 3899 473 3934 ³
503 3898 652 3972 quod
679 3915 794 3956 esse
821 3915 923 3955 nos
949 3899 1150 3970 noluit,
1181 3906 1245 3956 ut
1271 3899 1332 3956 in
1359 3901 1652 3974 semetipso
1679 3901 2054 3975 temporaliter

451 3995 685 4044 mortem
711 3987 1034 4059 susciperet,
1061 4004 1226 4060 quam
1255 4005 1288 4044 a
1317 3989 1478 4045 nobis
1502 3989 1561 4044 in
1591 3998 1916 4062 perpetuum
1953 3991 2054 4048 fu-

453 4083 622 4148 garet.
657 4075 746 4130 An
775 4091 885 4131 non
911 4073 970 4130 in
1000 4073 1313 4131 divinitatis
1338 4092 1450 4131 sum
1478 4075 1695 4132 divitiis
1723 4077 1883 4133 nobis
1911 4077 2053 4134 invi-

453 4165 634 4224 sibilis
649 4181 998 4237 permanens,
1015 4165 1177 4222 miris
1195 4182 1297 4222 nos
1316 4167 1496 4238 potuit
1513 4167 1815 4227 virtutibus
1829 4170 2004 4228 ditare
2024 4173 2053 4230 ?

455 4256 596 4329 [νει.
627 4255 886 4330 Χχνιι]
918 4255 1026 4312 Sed
1084 4262 1145 4312 ut
1185 4255 1256 4312 ad
1293 4254 1539 4312 internas
1582 4255 1807 4316 divitias
1851 4259 2056 4318 rediret

455 4343 644 4413 homo,
675 4343 820 4401 foras
835 4360 1092 4420 apparere
1107 4344 1364 4420 dignatus
1385 4353 1466 4401 est
1486 4361 1690 4419 pauper
1715 4348 1880 4406 Deus.
1901 4349 2056 4408 Unde

455 4445 510 4495 et
541 4435 866 4510 praedicator
895 4437 1163 4511 egregius,
1202 4445 1264 4494 ut
1295 4437 1363 4494 ad
1389 4437 1659 4512 largitatis
1687 4439 1916 4514 gratiam
1947 4442 2057 4500 vis-

2234 1909 2321 1967 70.
2353 1911 2649 1971 Exteriore:
2679 1912 2930 1985 largiens,
2961 1913 3172 1987 aliquid
3198 1913 3260 1970 de
3287 1930 3404 1985 suo,
3443 1915 3758 1988 compassio-

2157 2017 2276 2055 nem
2302 1999 2623 2073 impendens,
2652 2001 2861 2073 aliquid
2887 2003 2981 2058 dat
2999 2003 3062 2058 de
3088 1995 3275 2074 Ieipso.
3307 2033 3378 2046 —
3405 2003 3546 2072 Quia
3571 2004 3758 2078 itaque

2159 2091 2248 2147 vir
2261 2097 2483 2150 sanctus
2500 2090 2646 2164 apud
2667 2091 3102 2165 omnipotentem
3121 2094 3298 2150 Deum
3317 2093 3617 2168 aliquando
3640 2109 3755 2151 ma-

2151 2179 2245 2254 jus
2267 2179 2456 2237 datum
2483 2187 2712 2237 noverat
2732 2181 2933 2239 mentis
2954 2197 3068 2239 esse
3087 2198 3254 2257 quam
3283 2183 3550 2254 muneris,
3567 2184 3716 2244 dicat
3739 2202 3752 2242 :

2159 2270 2376 2327 Flebant
2403 2271 2668 2343 quondam
2695 2289 2856 2344 super
2883 2289 2940 2330 eo
2961 2272 3053 2346 qui
3079 2272 3300 2347 afﬂictus
3326 2279 3464 2342 erat,
3485 2281 3532 2331 et
3549 2291 3756 2349 compa-

2160 2361 2382 2417 tiebatur
2394 2361 2574 2418 anima
2586 2379 2700 2419 mea
2707 2363 2958 2436 pauperi.
2971 2363 3264 2420 Exteriore
3276 2363 3480 2422 etenim
3493 2365 3731 2439 largiens
3740 2409 3757 2435 ,

2157 2466 2274 2507 rem
2301 2459 2458 2508 extra
2478 2451 2834 2526 semetipsum
2862 2451 3116 2526 prmbuit.
3146 2452 3254 2522 Qui
3272 2460 3455 2511 autem
3484 2454 3675 2512 ﬂetum
3700 2463 3758 2513 et

2156 2541 2591 2613 compassionem
2616 2542 2874 2616 proximo
2901 2543 3120 2613 tribuit,
3154 2543 3207 2600 ei
3231 2541 3443 2618 aliquid
3461 2545 3628 2602 etiam
3645 2545 3666 2582 ³
3687 2544 3758 2604 de

2155 2631 2448 2704 semetipso
2486 2630 2658 2689 dedit.
2690 2631 2901 2690 Idcirco
2937 2639 3122 2690 autem
3150 2634 3277 2707 plus
3322 2635 3755 2708 compassionem

2155 2735 2318 2794 quam
2335 2720 2525 2777 datum
2546 2720 2806 2791 dicimus,
2825 2722 2955 2796 quia
2975 2739 3090 2780 rem
3108 2723 3414 2797 quamlibet
3430 2724 3756 2799 plerumque

2153 2808 2248 2866 dat
2257 2809 2422 2866 etiam
2433 2809 2528 2884 qui
2539 2826 2653 2867 non
2663 2811 3016 2884 compatitur,
3030 2828 3313 2886 nunquam
3323 2818 3507 2868 autem
3520 2812 3617 2886 qui
3629 2830 3758 2872 vere

2152 2898 2485 2972 compatitur
2494 2899 2640 2974 quod
2649 2901 3018 2960 necessarium
3031 2901 3752 2978 proximoconspicitnegat.

2225 2989 2314 3046 71.
2343 2990 2586 3047 Ecclesia
2602 2989 2732 3064 ﬁliis
2759 2991 2870 3047 suis
2884 2990 3249 3064 penitentibus
3291 2991 3630 3064 compatiens,
3678 2993 3755 3049 la-

2152 3095 2360 3152 crymas
2379 3085 2428 3136 et
2453 3078 2716 3137 orationes
2725 3078 2926 3154 jungit.
2948 3111 3020 3124 —
3037 3081 3168 3150 Quas
3187 3078 3454 3138 nimirum
3483 3080 3756 3138 sententia

2154 3167 2294 3226 bene
2323 3186 2540 3244 quoque
2559 3177 2760 3228 sancta
2778 3168 3040 3230 Ecclesia:
3058 3169 3289 3230 vocibus
3315 3169 3572 3244 congruit
3595 3187 3608 3227 :
3633 3187 3756 3245 quae

2157 3259 2290 3316 dum
2313 3258 2549 3318 aﬂlictos
2577 3277 2823 3335 quosque
2849 3277 2946 3334 per
2973 3261 3213 3318 lamenta
3243 3261 3583 3334 pmnitentiae
3611 3278 3757 3320 con-

2156 3349 2340 3424 spicit,
2386 3351 2408 3386 ⁶
2450 3367 2579 3410 suos
2605 3351 2656 3410 ei
2693 3351 2942 3409 oratione
2983 3351 3249 3410 continua
3278 3351 3440 3410 ﬂetus
3459 3351 3668 3426 jungit,
3705 3359 3759 3410 et

2157 3454 2321 3512 toties
2347 3469 2519 3530 egeno
2547 3447 2685 3507 671
2721 3448 3077 3522 compatitur,
3117 3449 3334 3524 quoties
3361 3450 3534 3507 menti
3569 3449 3758 3506 virtu-

2162 3543 2308 3601 tibus
2335 3543 2554 3602 nudatai
2573 3539 3000 3598 interventionis
3018 3555 3131 3597 sua
3149 3538 3404 3614 precibus
3430 3537 3754 3612 opitulatur.

2159 3634 2332 3706 Super
2395 3631 2662 3690 aﬁlictum
2717 3629 2922 3705 quippe
2977 3629 3376 3704 compatientes
3420 3629 3754 3703 plangimus,

2159 3721 2381 3796 quando
2417 3721 2598 3778 aliena
2637 3719 2838 3778 damna
2877 3720 3452 3793 nostra‘deputamus,
3490 3726 3546 3776 et
3573 3719 3759 3792 culpas

2159 3811 2603 3885 delinquentium
2613 3809 2816 3868 nostris
2826 3809 3092 3866 mundare
3103 3808 3323 3866 ﬂetibus
3334 3807 3588 3864 nitimur.
3599 3807 3758 3874 Quod

2161 3902 2421 3960 videlicet
2460 3908 2700 3973 agentes,
2742 3899 2868 3972 plus
2910 3899 3232 3971 plerumque
3272 3897 3432 3954 nobis
3474 3912 3640 3971 quam
3669 3895 3758 3954 his

2160 4009 2259 4066 pro
2287 3989 2488 4064 quibus
2507 3989 2688 4062 agitur
2712 3988 3094 4058 subvenimus,
3113 3985 3243 4060 quia
3270 3988 3289 4022 ⁷
3321 3985 3466 4058 apud
3495 3985 3758 4044 intimum

2162 4080 2430 4140 arbitrum
2446 4087 2501 4136 et
2527 4079 2759 4153 gratiam
2783 4077 3072 4136 charitatis
3088 4076 3443 4152 aspirantem,
3465 4077 3760 4136 commissa

2163 4186 2391 4245 quaeque
2429 4169 2668 4242 perfecte
2718 4169 2885 4225 diluit
2939 4167 3181 4242 propria,
3234 4166 3330 4241 qui
3371 4183 3507 4240 pure
3549 4167 3762 4240 plangit

2163 4261 2358 4318 aliena.
2395 4259 2796 4319 Persecutionis
2821 4259 2994 4332 igitur
3027 4258 3240 4315 ultimm
3281 4264 3470 4314 sancta
3513 4257 3762 4315 Ecclesia

2163 4352 2520 4411 tribulatione
2546 4351 2904 4426 deprehensa,
2931 4351 3155 4409 reducat
3177 4349 3248 4408 ad
3269 4349 3590 4407 memoriam
3611 4348 3760 4422 pacis

2165 4450 2406 4517 tempore
2438 4441 2585 4500 bona
2613 4458 2734 4516 quae
2765 4441 2949 4516 gessit,
2975 4440 3168 4498 dicens
3199 4456 3212 4497 ε
3250 4440 3466 4498 Flebam
3491 4438 3760 4512 quondam

456 4546 580 4591 cera
607 4538 807 4590 nostra:
833 4531 1228 4606 compassionis
1241 4532 1583 4602 accenderet,
1598 4532 1746 4590 dixit
1775 4551 1787 4590 :
1817 4535 2050 4608 Propter
2075 4565 2125 4626 D
2162 4549 2322 4607 super
2339 4550 2396 4589 eo
2415 4532 2508 4604 qui
2533 4532 2756 4606 afﬂictus
2778 4537 2915 4598 erat,
2941 4538 2988 4588 et
3009 4530 3424 4626 conspatiebatur
3435 4529 3626 4626 finium
3642 4545 3754 4584 mea

456 4638 552 4680 nos
585 4639 770 4696 egenus
797 4623 970 4694 factus
985 4629 1079 4691 est,
1093 4638 1211 4679 cum
1225 4623 1367 4679 dives
1386 4629 1513 4679 esset
1537 4623 1632 4695 (II
1661 4623 1786 4680 Cor.
1813 4641 1936 4694 vm,
1957 4626 2042 4697 9).

455 4711 565 4782 Qui
589 4711 670 4770 sic
695 4712 861 4770 etiam
891 4711 1029 4770 dicit
1059 4729 1072 4768 :
1101 4713 1222 4770 Non
1257 4718 1318 4768 ut
1355 4711 1482 4770 aliis
1508 4712 1578 4768 sit
1607 4713 1872 4780 remissio,
1901 4715 2046 4770 vobis

455 4809 630 4863 autem
658 4802 931 4864 tribulatio
960 4800 1150 4876 (Ibid,
1182 4801 1294 4874 13).
1329 4803 1455 4860 Haec
1488 4801 1682 4876 procul
1708 4800 1879 4861 dubio
1906 4818 2052 4864 con-

534 5131 550 5163 ί
583 5124 768 5186 Germ.
799 5137 853 5186 et
883 5124 1112 5198 Excusi,
1145 5125 1202 5183 in
1227 5141 1330 5199 quo
1366 5125 1476 5199 ipse
1501 5125 1596 5199 qui
1622 5126 1842 5185 dederit.
1865 5127 2056 5186 Muta-

460 5200 644 5272 vimus
664 5199 757 5270 qui
778 5200 928 5272 insi,
949 5206 1171 5272 propter
1194 5199 1478 5272 caetrMss.
1524 5213 1874 5272 consensum.

531 5271 553 5305 ⁸
583 5269 795 5343 gem,
823 5269 1130 5343 Gem'et.‘ac
1158 5269 1256 5328 alii
1291 5271 1508 5340 Norm.,
1548 5270 1872 5343 infunderet.

532 5343 568 5425 3‘
585 5340 798 5425 Vatic."
814 5349 869 5397 et
904 5342 984 5425 al:
1020 5351 1250 5425 recept,
1289 5343 1430 5425 quod
1457 5359 1582 5425 esse.
1605 5340 1700 5425 nos
1745 5344 1936 5425 voluit,
1963 5344 2057 5402 sed

461 5411 886 5488 reclamantibus
929 5413 1060 5488 Mss.
1109 5422 1165 5470 et
1193 5411 1382 5473 centra
1409 5413 1585 5472 sancti
1615 5415 1864 5488 Gregorii
1894 5433 2060 5474 men—

459 5491 571 5540 tem
595 5500 609 5550 ;
641 5483 720 5539 ait
743 5483 1202 5557 enimChristum
1230 5493 1484 5556 mortem,
1507 5495 1570 5544 ut
1593 5483 1971 5557 evaderemus,
2000 5489 2058 5544 in

460 5571 518 5630 se
531 5555 866 5630 suscepisse,
897 5555 1003 5630 hoc
1020 5564 1101 5630 est
1128 5557 1246 5630 ﬁeri
1274 5558 1514 5615 voluisse
1535 5560 1677 5630 quod
1699 5576 1794 5614 nos
1821 5577 1926 5616 esse
1954 5555 2060 5615 no-

465 5627 866 5702 luitLNOStram
898 5628 1273 5702 lect.habenti
1287 5630 1453 5702 etiam
1487 5627 1564 5702 pl:
1599 5639 1708 5686 vet.
1741 5631 1844 5686 Ed.

533 5699 554 5734 ‘
575 5699 782 5756 Excusi
799 5699 953 5772 etiam
969 5701 1234 5772 volentem.
1257 5701 1384 5757 Mss.
1400 5699 1562 5759 Corb.
1587 5703 1769 5758 Germ.
1781 5745 1796 5768 ,
1819 5700 2033 5772 Anglic.
2045 5745 2061 5769 ,

461 5771 674 5840 Norm.,
705 5771 902 5838 Laud.,
935 5773 1146 5838 Germ.,
1176 5771 1300 5827 Val.
1334 5772 1443 5840 CL,
1475 5773 1710 5840 Bellov.,
1746 5771 1950 5828 habent
1973 5777 2062 5828 no-

465 5842 668 5909 lentem,
687 5843 876 5916 sicque
899 5841 1188 5914 legendum
1218 5841 1451 5914 probant
1479 5843 1643 5900 verba
1667 5859 1781 5916 seq.
1811 5862 1822 5899 :
1855 5844 1943 5900 sed
1958 5846 2065 5902 haec

2149 4623 2400 4698 pauperi.
2417 4623 2550 4692 Quae
2565 4622 2796 4680 interna:
2814 4621 2956 4680 lucis
2980 4620 3180 4696 gaudia
3195 4629 3398 4678 aeterna
3419 4617 3757 4688 desiderans,

2158 4714 2256 4771 sed
2279 4721 2463 4771 tamen
2487 4712 2671 4770 adhuc
2689 4712 2881 4782 dilata,
2913 4711 3043 4786 quia
3072 4710 3233 4768 malis
3247 4707 3617 4767 exterioribus
3637 4723 3760 4780 pre-

2160 4804 2353 4874 mitur,
2381 4803 2558 4862 sancti
2577 4801 2686 4862 viri
2728 4801 2957 4862 vocibus
2985 4799 3252 4875 adjungat
3285 4815 3297 4856 :

2168 5142 2358 5201 magna
2385 5127 2440 5181 in
2465 5124 2740 5198 discipulis
2766 5123 2944 5201 virtus
2965 5122 3259 5201 exstiterat,
3291 5139 3374 5201 αρε
3401 5121 3594 5201 bonum
3607 5121 3766 5201 qugd

2166 5190 2278 5256 an;
2309 5190 2629 5269 praceptmn
2655 5201 2828 5269 est,_et
2852 5193 3264 5269 ante_voluisse.
3311 5194 3374 5250 In
3401 5191 3574 5269 Paris.
3605 5190 3759 5248 Edit.

2163 5288 2254 5328 an.
2293 5263 2430 5328 I586
2458 5263 2601 5327 lianc
2649 5266 2940 5326 lectionem
2988 5264 3160 5323 habes
3200 5265 3259 5322 in
3303 5263 3548 5339 margine
3577 5279 3763 5320 anno-

2163 5350 2409 5498 tigni.
2433 5410 2542 5480 (11.,
2570 5409 2633 5465 de
2659 5407 2946 5480 semetipso,
2961 5411 3142 5482 gratia
3170 5409 3448 5468 charitatis
3467 5407 3761 5480 aspirante,

2167 5486 2536 5638 degtlt’lurimi,
2553 5571 2675 5611 suos
2689 5553 2796 5623 eis;
2830 5553 2977 5628 quod
2995 5553 3161 5611 etiam
3200 5553 3490 5611 annotavit
3509 5553 3677 5609 Gilot.
3706 5549 3767 5607 in

2327 5645 2343 5683 1
2425 5672 2436 5684 .

2170 5644 2455 5776 φξΐὲέὶτῖρε
2487 5702 2697 5776 Germ.,
2726 5700 2896 5776 Laud.
2929 5709 2984 5776 et
3002 5701 3215 5776 Germ.,
3245 5699 3390 5776 apud
3415 5696 3659 5776 intinmrn
3677 5715 3766 5776 ar-

2171 5774 2375 5829 bitrem.
2408 5773 2530 5830 Val.
2563 5767 2842 5845 Cl.,7apud
2869 5767 3497 5845 mitissimuntarbitrem.
3531 5770 3593 5826 In
3612 5767 3764 5825 Edit.

2172 5845 2336 5904 Basil.
2375 5845 2509 5904 15M
2533 5841 2852 5904 annotatum
2880 5844 3137 5902 arbitrem
3166 5843 3223 5901 in
3247 5841 3515 5915 margine.
