4162 6184
331 296 425 354 181

592 418 807 479 CAPUT
863 418 1129 478 XXXVII
1185 420 1328 496 [Rea
1372 423 1629 498 XXVII].

406 517 564 574 Vsus.
594 513 676 570 26.
708 542 780 554 -—
807 512 1196 584 Exspectabam
1235 513 1390 581 bona,
1430 520 1478 570 et
1506 518 1760 571 venerunt
1786 515 1917 572 mihi

338 607 509 669 mala;
525 601 879 676 praestolabar
910 603 1093 671 lucem,
1122 610 1170 659 et
1196 611 1482 676 eruperunt
1513 605 1750 662 tenebraz.

400 695 475 752 72.
520 695 848 758 Electorum,
892 693 1237 766 Ecclesiteque
1281 695 1458 761 dolor,
1496 694 1654 751 etiam
1692 702 1917 767 tempore

322 784 476 860 pacis,
514 803 547 840 a
588 783 702 840 suis
744 784 1155 857 persecutionem
1196 786 1553 842 tolerantiam.
1597 817 1668 829 —
1713 786 1918 842 Fidelis

326 876 457 933 enim
502 875 742 948 populus
789 882 1069 947 exspectat
1113 875 1278 945 bona,
1329 876 1425 934 sed
1468 878 1611 934 mala
1652 877 1913 951 suscipit;

324 966 658 1041 praestolatur
713 966 918 1033 lucem,
963 971 1017 1021 et
1060 965 1312 1023 tenebras
1353 966 1610 1035 incurrit,
1654 966 1783 1040 quia
1823 983 1921 1039 per

321 1054 772 1115 remunerationis
799 1054 1031 1128 gratiam
1062 1053 1321 1112 interesse
1340 1055 1676 1131 jamjamque
1703 1056 1920 1130 angelo-

320 1162 432 1204 rum
459 1161 515 1203 se
543 1144 768 1218 gaudiis
796 1150 1000 1217 sperat,
1032 1151 1086 1200 et
1115 1152 1297 1201 tamen
1328 1145 1419 1203 hic
1448 1146 1660 1203 diutius
1689 1146 1916 1215 dilatus,

321 1252 501 1292 manus
528 1232 984 1309 persequentium
1012 1234 1244 1303 tolerat;
1276 1244 1330 1293 et
1358 1237 1453 1311 qui
1496 1253 1553 1293 se
1591 1236 1920 1310 quantocius

321 1326 541 1383 aestimat
569 1333 793 1382 aeternae
810 1322 951 1381 lucis
970 1323 1331 1382 retributione
1356 1326 1586 1399 perfrui,
1616 1325 1710 1383 hic
1737 1325 1920 1384 adhuc

320 1417 665 1490 compellitur
719 1422 1134 1489 persecutorum
1187 1433 1414 1473 suorum
1473 1416 1728 1474 tenebras
1783 1416 1916 1489 pati.

321 1506 442 1576 Quae
469 1507 734 1565 videlicet
774 1506 920 1563 mala
946 1506 1393 1579 persequentium
1432 1507 1620 1563 minus
1646 1506 1918 1575 dolerent,

319 1598 364 1655 si
392 1599 460 1656 ab
487 1597 810 1656 inﬁdelibus
830 1596 1265 1671 adversariisque
1285 1604 1698 1670 consurgerent.
1731 1596 1837 1654 Sed
1856 1611 1920 1651 eo

319 1687 554 1747 deterius
584 1696 828 1746 mentem
858 1687 1158 1743 electorum
1179 1686 1447 1756 cruciant,
1472 1703 1581 1760 quo
1601 1685 1669 1742 ab
1689 1684 1801 1741 illis
1831 1699 1919 1739 ve-

1111 290 1485 349 MORALIUM
1522 291 1656 350 LIB.
1697 292 1829 353 XX.
1866 322 1938 336 -
1975 292 2047 352 IN
2084 291 2318 352 CAPUT
2354 294 2519 354 XXX
2557 298 2620 355 B.
2661 300 2804 357 JOB.

3520 311 3622 369 182

1933 420 1986 486 Α
2013 422 2120 493 Qui
2152 424 2211 516 si,
2245 424 2315 481 ad
2344 426 2673 484 exteriorem
2701 428 3024 490 felicitatem
3064 453 3218 495 suam
3247 453 3345 497 cor
3380 456 3621 516 appone-

2024 524 2168 586 rent,
2192 515 2332 589 justi
2360 517 2606 589 profecto
2636 536 2746 575 non
2776 529 2977 580 essent.
3009 524 3115 581 Sed
3143 528 3272 601 quia
3298 549 3393 588 cor
3430 515 3622 596 huma-

2026 621 2161 661 num
2190 622 2302 662 non
2332 614 2511 679 potest
2524 606 2591 663 de
2612 608 2746 680 ipsis
2766 612 3219 684 prosperitatibus
3247 634 3430 677 rerum
3452 640 3621 696 quan-

2024 696 2357 769 tulacunque
2386 696 2559 769 gloria
2588 698 2743 754 nullo
2782 700 2948 757 modo
2976 703 3198 772 tentari,
3228 714 3420 764 contra
3448 709 3621 783 ipsam

2024 785 2440 858 prosperitatem
2462 803 2615 845 suam
2637 789 2811 846 sancti
2842 789 2950 847 viri
2981 791 3317 853 intrinsecus
3331 796 3621 868 dimicant,

2026 894 2137 934 non
2167 877 2292 936 dico
2312 894 2381 935 ne
2413 879 2472 936 in
2500 881 2757 951 elatione,
2788 883 2883 941 sed
2913 901 2981 941 ne
3001 885 3061 942 in
3076 885 3193 959 ejus
3221 889 3415 949 saltem
3439 908 3625 952 amore

2027 968 2403 1026 succumbant.
2438 969 2539 1027 Cui
2587 971 2746 1028 valde
2793 974 3146 1034 succubuisse
3192 988 3296 1050 est,
3349 982 3624 1056 captivam

2028 1066 2267 1115 mentem
2296 1058 2415 1131 ejus
2443 1058 2730 1118 desideriis
2750 1063 3078 1125 subdidisse.
3127 1068 3261 1138 Quis
3288 1079 3471 1129 autem
3504 1080 3628 1131 ter-

2026 1164 2158 1205 rena
2198 1149 2435 1222 sapiens,
2479 1153 2807 1224 temporalia
2855 1157 3212 1229 amplectens,
3244 1159 3467 1220 beatum
3522 1162 3627 1219 Job

2027 1237 2171 1295 inter
2200 1246 2283 1295 tot
2309 1255 2569 1312 prospera
2599 1240 2787 1299 laetum
2818 1259 2931 1300 non
2959 1246 3227 1318 crederet,
3257 1267 3384 1309 cum
3416 1250 3467 1307 ei
3498 1268 3627 1325 sup-

2026 1335 2231 1401 peteret
2284 1329 2431 1385 salus
2473 1329 2739 1402 corporis,
2798 1332 2912 1390 vita
2960 1334 3226 1407 ﬁliorum,
3275 1339 3630 1400 incolumitas

2026 1418 2273 1488 familiae,
2295 1417 2584 1492 integritas
2612 1436 2835 1494 gregum
2850 1422 2879 1479 ?
2900 1424 3007 1481 Sed
3036 1426 3166 1500 quia
3187 1427 3244 1485 in
3262 1428 3350 1486 his
3368 1432 3630 1490 omnibus

2026 1524 2139 1565 non
2168 1506 2446 1580 gauderet,
2478 1508 2594 1581 ipse
2640 1508 2745 1566 sibi
2774 1511 2930 1569 testis
2979 1521 3082 1582 est,
3111 1515 3206 1590 qui
3254 1517 3333 1574 ait
3364 1534 3376 1574 :
3404 1520 3631 1579 Marene

2024 1597 2341 1654 incedebam.
2374 1599 2572 1656 Sancto
2601 1600 2749 1657 enim
2780 1600 2902 1659 viro
2947 1602 3130 1663 adhuc
3158 1605 3218 1662 in
3247 1607 3351 1665 hac
3377 1609 3631 1682 peregri-

2028 1686 2251 1751 natione
2288 1687 2468 1759 posito
2497 1703 2661 1745 omne
2702 1690 2850 1763 quod
2869 1690 2988 1749 sine
3016 1694 3231 1753 visione
3258 1696 3360 1753 Dei
3388 1698 3634 1759 abundat

318 1775 495 1845 niunt,
544 1776 614 1832 de
656 1775 857 1852 quibus
895 1775 1041 1833 bona
1081 1774 1501 1850 praesumebant.
1548 1774 1702 1833 Unde
1738 1772 1921 1830 adhuc
1946 1793 1995 1854 Β
2029 1776 2218 1848 inopia
2244 1783 2349 1846 est,
2379 1776 2510 1851 quia
2537 1793 2665 1835 cum
2684 1780 2791 1837 sibi
2816 1783 3005 1840 omnia
3022 1784 3183 1844 electi
3198 1786 3387 1844 adesse
3407 1788 3629 1860 vident,

318 1866 573 1926 subditur
596 1885 610 1925 :

386 1957 564 2015 Vnus.
614 1958 701 2015 27.
740 1987 828 2010 --.
850 1955 1122 2016 Interiora
1165 1971 1281 2013 mea
1324 1955 1679 2030 eﬁ'erbuerunt
1727 1954 1921 2025 absque
1959 2033 1964 2037 .

319 2047 437 2103 ulla
465 2047 665 2119 requie.

382 2138 598 2195 Sanctae
641 2137 843 2212 quippe
890 2135 1151 2194 Ecclesiae
1195 2134 1459 2191 interiora
1504 2136 1521 2169 ¹
1571 2133 1921 2190 effervescere

316 2235 394 2283 est
420 2227 572 2299 ipsos
601 2244 818 2302 quoque
848 2244 989 2301 quos
1016 2243 1114 2299 per
1132 2241 1374 2283 amorem
1395 2223 1526 2281 ﬁdei
1546 2222 1700 2279 velut
1711 2221 1924 2277 viscera

314 2325 437 2374 ante
467 2324 778 2390 gestaverat
806 2318 867 2373 in
895 2314 1294 2388 persecutionis
1334 2313 1621 2371 atrocitate
1668 2310 1919 2368 tolerare.

314 2404 416 2472 Qui
464 2414 681 2462 secreta
708 2404 862 2479 prius
890 2404 1042 2461 illius
1070 2411 1479 2477 cognoscentes,
1510 2408 1715 2475 quanto
1742 2399 1926 2456 sciunt

313 2492 406 2551 ubi
438 2495 624 2566 magis
651 2494 856 2559 doleat,
886 2501 1041 2549 tanto
1083 2492 1327 2548 deterius
1372 2492 1442 2547 ab
1470 2489 1768 2546 aﬂlictione
1811 2486 1928 2557 ejus

308 2584 556 2641 minime
585 2584 899 2656 quiescunt.
930 2582 1079 2650 Quos
1097 2589 1283 2636 tamen
1303 2588 1358 2636 et
1377 2580 1530 2652 pacis
1555 2594 1665 2635 suae
1684 2585 1927 2649 tempore

306 2672 570 2745 graviter
606 2672 825 2740 tolerat,
875 2671 1006 2744 quia
1048 2670 1161 2726 suis
1207 2666 1688 2742 praedicationibus
1737 2681 1924 2721 eorum

310 2776 501 2818 mores
551 2759 856 2817 contrarios
901 2767 1111 2831 pensat.
1154 2759 1340 2815 Gemit
1378 2757 1547 2825 enim,
1578 2771 1704 2813 cum
1733 2771 1922 2812 eorum

313 2851 487 2907 vitam
532 2848 642 2904 sibi
687 2846 1013 2905 dissimilem
1056 2846 1346 2919 conspicit.
1376 2848 1455 2904 De
1492 2845 1693 2920 quibus
1719 2853 1774 2902 et
1799 2851 1923 2919 apte

314 2938 671 3013 subjungitur
693 2956 707 2994 :

385 3032 525 3086 IBID.
560 3059 631 3070 —
658 3029 1040 3084 Prcevenerunt
1057 3044 1138 3083 me
1164 3026 1274 3083 dies
1300 3025 1615 3100 aﬁlictionis.

388 3118 526 3192 [Vet.
601 3116 894 3192 XXVIII.]
958 3117 1073 3173 Scit
1113 3131 1351 3188 namque
1396 3123 1584 3172 sancta
1619 3115 1919 3172 electorum

322 3208 568 3267 Ecclesia
593 3207 744 3281 quod
771 3206 1153 3280 persecutione
1180 3205 1399 3274 ultima,
1431 3206 1575 3262 mala
1602 3206 1777 3262 multa
1803 3222 1920 3279 pas-

322 3314 442 3354 sura
469 3298 573 3365 sit;
604 3295 701 3353 sed
735 3295 879 3352 hanc
913 3294 1231 3352 aﬂlictionis
1268 3311 1381 3351 suae
1409 3294 1526 3352 dies
1555 3295 1925 3368 praeveniunt,

324 3389 448 3462 quia
475 3387 752 3445 malorum
781 3386 956 3441 vitam
984 3384 1130 3441 intra
1151 3399 1208 3441 se
1229 3384 1467 3456 graviter
1485 3384 1651 3441 etiam
1681 3391 1927 3456 tempore

325 3478 470 3552 pacis
497 3484 701 3552 portat.
731 3476 870 3534 Nam
891 3474 1144 3549 quamvis
1172 3474 1364 3531 diebus
1391 3472 1604 3530 ultimis
1622 3480 1809 3544 aperta
1834 3472 1928 3529 in-

327 3568 575 3625 ﬁdelium
615 3565 916 3640 persecutio
945 3572 1225 3639 sequatur,
1256 3565 1400 3621 hanc
1438 3572 1623 3620 tamen
1655 3571 1711 3619 et
1736 3565 1929 3636 prius—

330 3673 499 3729 quam
528 3663 800 3727 appareat,
818 3655 878 3711 hi
908 3654 1083 3729 quiin
1102 3671 1166 3710 ea
1192 3654 1362 3710 verbo
1389 3661 1552 3710 tenus
1566 3651 1755 3709 ﬁdeles
1774 3661 1924 3723 sunt,

332 3744 520 3818 pravis
548 3743 793 3801 moribus
818 3751 1195 3801 autecurrunt.
1223 3742 1514 3815 Sequitur:

603 3834 829 3893 CAPUT
857 3834 1150 3893 XXXVIII
1182 3831 1324 3906 [Rea
1357 3827 1647 3903 XXVIII].

398 3930 571 3987 Vsus.
602 3929 691 3986 28.
724 3959 795 3970 —
820 3929 1047 3989 Mai-ens
1071 3925 1387 3991 incedebam,
1431 3923 1543 3980 sine
1576 3922 1766 3995 furore
1792 3938 1925 3980 con-

332 4036 543 4092 surgens
570 4020 629 4074 in
653 4019 809 4075 turba
835 4018 1080 4074 clamavi.

400 4109 483 4166 73.
519 4108 701 4166 Sancti
725 4109 783 4163 in
802 4107 1018 4163 honoris
1046 4103 1269 4162 culmine
1295 4102 1663 4167 humilitatem,
1690 4103 1746 4157 in
1770 4102 1924 4158 rebus

340 4200 460 4254 lictis
488 4215 768 4254 mwrorem
787 4202 1020 4253 servant.
1051 4195 1251 4251 Contra
1264 4193 1668 4265 prosperitatem
1688 4191 1830 4247 intus
1850 4193 1929 4248 di-

338 4288 541 4345 micant.
570 4290 732 4345 Omne
764 4287 905 4359 quod
943 4286 1051 4341 sine
1077 4284 1178 4341 Dei
1201 4282 1399 4338 visione
1450 4282 1704 4351 abundat,
1745 4281 1928 4353 inopia

341 4385 425 4434 est.
448 4408 519 4420 —-
533 4378 844 4435 Notandum
866 4375 1099 4434 sollicite
1104 4374 1266 4447 juxta
1282 4372 1572 4430 historiam
1600 4372 1763 4429 video
1782 4372 1930 4447 quod

341 4476 561 4524 sanctus
600 4469 710 4538 vir,
739 4467 836 4542 qui
872 4467 1037 4540 paulo
1064 4464 1317 4538 superius
1344 4463 1523 4520 dixit:
1556 4461 1792 4518 Elevasti
1828 4478 1927 4530 me,

343 4557 574 4614 inferius
599 4556 878 4631 adjungit:
912 4557 1137 4617 Maerens
1167 4553 1475 4610 incedebam.
1507 4552 1648 4609 Miro
1675 4551 1824 4607 enim
1845 4568 1937 4608 or-

344 4656 483 4725 dine,
515 4673 629 4713 uno
669 4656 971 4728 eodemque
1012 4661 1259 4724 tempore
1304 4650 1603 4708 convenire
1637 4649 1697 4705 in
1733 4650 1944 4710 actibus

346 4747 606 4805 bonorum
636 4749 777 4805 solet
804 4755 858 4805 et
885 4747 1022 4805 foris
1050 4745 1230 4802 honor
1253 4741 1536 4809 culminis,
1561 4741 1584 4775 ²
1613 4748 1667 4797 et
1692 4740 1841 4796 intus
1868 4742 1943 4798 af-

347 4838 498 4896 ﬂictae
526 4857 730 4897 maeror
767 4836 1122 4896 humilitatis.
1165 4833 1321 4891 Unde
1348 4840 1572 4889 sanctus
1608 4848 1826 4905 quoque
1855 4833 1945 4889 vir

344 4931 580 4989 elevatus
608 4933 772 4989 rebus
800 4938 853 4987 et
880 4927 1187 4986 honoribus
1212 4940 1448 4980 mmrens
1474 4923 1781 4992 incedebat,
1815 4922 1944 4996 quia

344 5021 438 5076 etsi
460 5021 611 5079 hunc
625 5023 915 5095 praelatum
934 5016 1255 5075 hominibus
1273 5014 1445 5086 gloria
1460 5014 1748 5087 potestatis
1762 5021 1940 5070 osten-

345 5108 508 5181 derat,
555 5117 701 5175 672
748 5109 982 5166 interius
1022 5117 1207 5165 tamen
1254 5117 1486 5162 maerore
1531 5121 1631 5161 suo
1672 5110 1940 5160 secretum

344 5210 672 5268 sacriﬁcium
691 5210 933 5268 Domino
951 5208 1175 5266 contriti
1204 5208 1386 5266 cordis
1408 5204 1689 5263 offerebat.
1726 5202 1941 5275 Sacriﬁ-

345 5300 471 5355 cium
487 5302 691 5375 quippe
706 5303 816 5357 Deo
826 5307 900 5357 est
913 5299 1130 5372 spiritus
1144 5298 1527 5356 contribulatus
1546 5294 1726 5366 (Psal.
1746 5312 1797 5362 1.,
1824 5293 1937 5367 l9),

345 5389 532 5448 Sciunt
578 5399 765 5449 autem
808 5391 966 5449 electi
1013 5389 1213 5463 quique
1258 5384 1698 5446 consideratione
1744 5382 1942 5438 intima

346 5491 532 5540 contra
572 5481 865 5541 exterioris
905 5480 1243 5539 excellentim
1293 5483 1631 5535 tentamenta
1675 5488 1936 5548 pugnare.

417 5718 430 5749 ί
465 5716 676 5783 Germ.,
709 5716 919 5773 Gemet.
949 5721 1001 5768 et
1032 5709 1126 5767 alii
1154 5716 1381 5783 vetust.,
1412 5710 1749 5783 e/[erbescere

417 5788 436 5820 ³
466 5788 548 5843 Ita
574 5778 703 5845 cum
746 5787 908 5847 Corb.
943 5785 1151 5851 Germ,
1183 5782 1415 5850 Turon.,
1438 5778 1684 5850 ’Gemet.,
1714 5778 1943 5851 aliisque

1963 4521 2013 4579 D

2028 1875 2254 1941 gemunt
2281 1867 2431 1941 quod
2460 1870 2712 1927 omnium
2741 1880 3020 1931 auctorem
3048 1891 3160 1932 non
3189 1876 3418 1947 vident;
3441 1879 3632 1953 eisque

2028 1966 2211 2015 totum
2241 1957 2347 2015 hoc
2365 1958 2552 2016 minus
2579 1967 2681 2030 est,
2704 1961 2834 2035 quia
2851 1963 3034 2022 adhuc
3048 1966 3253 2038 species
3271 1967 3439 2026 unius
3457 1968 3629 2039 deest;

2030 2048 2216 2122 sicque
2233 2064 2325 2105 eos
2344 2047 2480 2105 foris
2495 2051 2699 2108 exaltat
2713 2052 2888 2124 gratia
2904 2070 3152 2128 supernae
3183 2057 3630 2131 dispensationis,

2029 2146 2093 2195 ut
2120 2146 2305 2195 tamen
2336 2137 2488 2196 intus
2524 2140 2627 2198 sub
2654 2141 2951 2217 disciplina
2977 2152 3162 2205 teneat
3190 2165 3393 2207 maeror
3419 2151 3633 2224 magis-

2032 2237 2130 2287 trae
2158 2230 2461 2289 charitatis.
2493 2233 2596 2290 Per
2623 2249 2785 2307 quam
2815 2236 3075 2296 videlicet
3102 2238 3328 2297 discunt
3354 2250 3418 2298 ut
3447 2240 3515 2298 de
3544 2242 3633 2299 his

2031 2341 2152 2398 quae
2208 2324 2451 2382 exterius
2491 2327 2807 2401 accipiunt,
2856 2331 3002 2403 apud
3054 2333 3374 2407 semetipsos
3420 2352 3634 2408 semper

2032 2416 2271 2488 amplius
2299 2415 2687 2487 humilientur,
2718 2427 2961 2476 mentem
2990 2420 3092 2477 sub
3115 2420 3250 2493 jugo
3279 2428 3505 2478 teneant
3551 2421 3632 2478 di-

2033 2505 2303 2579 sciplinze,
2331 2521 2613 2579 nunquam
2643 2524 2713 2564 ex
2743 2509 3027 2581 potestatis
3070 2509 3293 2568 licentia
3337 2511 3406 2569 ad
3462 2511 3633 2585 impa-

2032 2594 2282 2652 tientiam
2303 2603 2613 2668 erumpant.
2645 2596 2800 2654 Unde
2829 2603 2884 2654 et
2909 2606 3032 2670 apte
3079 2599 3435 2674 subjungitur
3464 2618 3478 2658 :
3512 2600 3636 2658 Sine

2030 2686 2220 2758 furore
2265 2702 2581 2759 consurgens
2621 2687 2678 2743 in
2722 2688 2877 2745 turba
2918 2688 3161 2747 clamavi.
3204 2690 3355 2764 Saepe
3396 2706 3635 2765 namque

2031 2774 2418 2833 seditiosorum
2484 2778 2756 2835 tumultus
2819 2777 3110 2836 hominum
3130 2822 3146 2850 ,
3208 2781 3630 2855 praepositorum

2031 2882 2257 2922 suorum
2287 2872 2526 2922 mentem
2556 2867 2852 2939 lacessunt,
2876 2868 3071 2945 suique
3098 2868 3311 2928 ordinis
3338 2869 3635 2927 inordina-

2030 2956 2102 3013 tis
2132 2955 2375 3012 motibus
2402 2955 2698 3014 excedunt.

2103 3044 2189 3099 74.
2223 3044 2411 3099 Amica
2450 3044 2700 3117 potestati
2747 3061 2881 3117 pene
2927 3062 3130 3118 semper
3156 3045 3490 3120 impatientia
3537 3055 3635 3112 est,

1956 3157 2000 3219 ο
2029 3150 2190 3206 quam
2217 3139 2469 3205 superant
2497 3132 2635 3190 boni.
2668 3165 2738 3176 —
2766 3135 2838 3191 Et
2865 3134 3188 3210 plerumque
3234 3136 3329 3210 qui
3358 3145 3627 3210 praesunt,

2034 3221 2144 3278 nisi
2173 3221 2232 3278 in
2260 3237 2353 3278 ore
2368 3220 2550 3279 cordis
2578 3222 2816 3296 Spiritus
2847 3223 3023 3282 sancti
3050 3224 3207 3283 freno
3235 3234 3547 3298 teneantur,
3578 3227 3637 3285 in

2036 3313 2188 3370 iratae
2216 3310 2600 3370 retributionis
2626 3314 2969 3372 atrocitatem
2989 3315 3306 3387 prosiliunt,
3331 3325 3639 3391 quantum-

2035 3419 2140 3477 que
2160 3404 2460 3477 praevalent
2470 3420 2649 3477 agere,
2672 3412 2887 3462 tantum
2909 3404 3013 3463 sibi
3031 3405 3090 3461 in
3109 3405 3348 3464 subditis
3365 3407 3641 3463 aestimant

2034 3493 2218 3550 licere.
2241 3494 2437 3551 Amica
2454 3494 2659 3551 etenim
2676 3498 2933 3568 potestati
2949 3512 3087 3569 pene
3114 3511 3331 3568 semper
3348 3495 3637 3569 impatien-

2034 3585 2112 3642 tia
2137 3591 2255 3652 est;
2288 3585 2447 3658 eique
2493 3585 2660 3643 etiam
2702 3588 2858 3644 malae
2901 3585 3161 3659 subjectae
3206 3587 3462 3661 imperat,
3507 3588 3642 3661 quia

2033 3674 2180 3749 quod
2210 3674 2329 3747 ipsa
2353 3675 2544 3744 sentit,
2566 3683 2807 3748 potestas
2826 3677 3165 3750 exsequitur.
3199 3676 3305 3733 Sed
3335 3676 3512 3733 sancti
3529 3676 3639 3732 viri

2033 3766 2157 3836 plus
2186 3780 2242 3820 se
2267 3763 2500 3820 interius
2520 3764 2799 3837 patientiae
2813 3766 2948 3839 jugo
2988 3765 3485 3837 subjiciunt,quam
3505 3765 3642 3821 foris

2033 3852 2357 3909 hominibus
2372 3859 2637 3923 praesunt;
2654 3860 2705 3908 et
2722 3869 2787 3908 eo
2811 3854 3084 3909 veriorem
3108 3853 3480 3924 principatum
3507 3852 3643 3908 foris

2033 3934 2437 4014 exhibeﬁt,quo
2457 3939 2815 3997 humiliorem
2830 3943 2947 3997 Deo
2971 3939 3305 3997 intrinsecus
3315 3939 3642 3996 famulatum

2032 4039 2257 4099 tenent;
2290 4038 2453 4104 atque
2493 4029 2702 4087 idcirco
2745 4046 2886 4103 saepe
2915 4030 3039 4103 plus
3085 4029 3350 4103 quosdam
3380 4028 3642 4098 tolerant,
3706 4058 3721 4073 ι

2035 4138 2143 4194 quo
2164 4136 2219 4176 se
2249 4119 2315 4176 de
2345 4119 2424 4176 eis
2452 4117 2647 4176 ulcisci
2674 4120 2912 4193 amplius
2934 4125 3183 4193 possunt;
3215 4135 3280 4176 ac
3311 4135 3379 4175 ne
3392 4134 3643 4193 unquam

2035 4210 2104 4267 ad
2135 4210 2329 4267 illicita
2359 4217 2663 4278 transeant,
2695 4212 3021 4284 plerumque
3041 4210 3243 4266 nolunt
3268 4226 3369 4282 pro
3406 4225 3463 4266 se
3493 4225 3643 4266 exse-

2036 4299 2132 4373 qui
2162 4300 2326 4357 etiam
2358 4301 2507 4374 quod
2536 4300 2700 4367 licet;
2747 4298 3119 4373 subjectorum
3170 4299 3430 4372 strepitus
3469 4298 3647 4355 suffe-

2038 4396 2187 4459 runt,
2210 4406 2306 4462 per
2324 4407 2566 4446 amorem
2587 4390 2873 4463 increpant
2894 4407 3031 4463 quos
3045 4406 3142 4463 per
3163 4388 3646 4447 mansuetudinem

2042 4485 2283 4550 portant.
2317 4478 2473 4534 Unde
2499 4495 2649 4536 nunc
2677 4486 2821 4535 recte
2851 4478 3061 4535 dicitur
3093 4496 3105 4535 :
3140 4479 3263 4537 Sine
3298 4479 3487 4551 furore
3514 4493 3648 4534 con-

2046 4583 2263 4639 surgens
2294 4566 2349 4621 in
2377 4568 2532 4623 turba
2562 4568 2808 4637 clamavi,
2840 4568 2971 4641 quia
2998 4567 3265 4626 nimirum
3295 4567 3428 4626 boni
3457 4575 3649 4625 contra

2052 4656 2324 4712 tumultus
2353 4655 2712 4712 insolentium
2742 4657 3038 4713 clamorem
3066 4657 3291 4728 habent,
3322 4666 3376 4716 et
3404 4658 3647 4715 furorem

2054 4762 2166 4802 non
2195 4746 2421 4814 habent,
2454 4746 2715 4820 quoniam
2745 4764 2837 4804 eos
2883 4763 3020 4821 quos
3070 4749 3369 4805 clementer
3412 4748 3651 4802 tolerant

2052 4837 2245 4894 docere
2274 4854 2385 4893 non
2414 4844 2647 4895 cessant.
2672 4836 2775 4894 Sed
2799 4837 2917 4895 haec
2941 4854 3062 4912 quae
3076 4836 3239 4910 juxta
3261 4834 3550 4892 historiam
3581 4833 3650 4890 de

2051 4942 2162 4981 uno
2202 4926 2470 4996 diximus,
2495 4926 2657 4999 juxta
2681 4927 2998 5000 allegoriam
3026 4941 3246 4983 necesse
3275 4932 3358 4980 est
3384 4929 3447 4978 ut
3474 4921 3541 4977 de
3568 4920 3649 4977 di-

2054 5017 2224 5072 versis
2269 5017 2458 5073 electis
2507 5017 2765 5073 Ecclesiae
2812 5016 3134 5073 sentiamus.
3166 5016 3290 5084 Ipsa
3334 5010 3537 5085 quippe
3591 5011 3651 5067 in

2051 5105 2238 5163 electis
2293 5107 2409 5163 suis
2462 5106 2627 5162 etiam
2679 5122 2776 5179 per
2826 5119 3088 5179 prospera
3143 5100 3351 5158 incedit
3391 5117 3650 5170 manens,

2051 5197 2181 5270 quia
2209 5196 2290 5252 nil
2319 5196 2425 5252 sibi
2455 5213 2583 5252 vere
2610 5210 2930 5268 prosperum
2967 5192 3215 5263 deputat,
3239 5207 3524 5264 quousque
3551 5189 3650 5246 bo-

2049 5302 2181 5342 num
2210 5285 2355 5359 quod
2386 5283 2739 5357 singulariter
2768 5281 2967 5356 quaerit
3013 5279 3406 5353 apprehendat.
3437 5280 3653 5337 Fideles

2050 5374 2250 5447 quippe
2270 5373 2422 5429 illius
2442 5371 2729 5443 temporali
2755 5370 2977 5445 quidem
3006 5387 3138 5444 pace
3156 5371 3536 5443 perfruuntur,
3557 5369 3653 5427 sed

2050 5470 2309 5537 perpetuo
2362 5462 2680 5535 suspirant;
2724 5460 3089 5530 honorantur,
3142 5468 3197 5517 et
3242 5459 3434 5519 amicti
3486 5467 3647 5527 sunt;

2053 5705 2237 5761 Norm.
2254 5745 2267 5770 ,
2295 5709 2402 5757 vet.
2422 5698 2572 5757 Edit.
2599 5701 2672 5756 At
2692 5699 2749 5756 in
2771 5697 3415 5773 recentlegituraﬂlictus
3437 5710 3649 5761 nueror,
