4162 6184
469 259 574 321 183

1705 269 1955 328 SANCTI
1995 271 2335 336 GREGORII
2377 277 2604 339 MAGNI

3690 301 3791 360 184

467 389 598 464 quia
627 389 957 464 plerumque
1005 392 1081 449 ibi
1112 394 1369 452 videntur
1408 397 1466 452 in
1496 397 1758 468 culmine,
1801 399 1895 456 ubi
1929 401 2080 459 cives
2107 401 2163 467 Α
2185 415 2375 464 sancta
2401 409 2649 469 Ecclesia
2675 422 2804 470 sunt
2831 415 3011 486 electi,
3043 419 3138 476 sed
3179 437 3243 477 ne
3272 421 3568 495 improbati
3599 442 3787 486 rema-

467 495 580 535 non
611 488 760 537 sunt.
787 485 930 546 673
959 483 1081 554 Ipsa
1107 484 1273 541 etiam
1303 486 1362 542 in
1392 487 1553 543 turba
1580 487 1698 544 sine
1727 488 1913 545 furore
1943 506 2072 547 con-

466 584 662 656 surgit,
694 593 748 642 et
775 586 995 652 clamat,
1015 585 1143 656 quia
1172 601 1467 657 pravorum
1498 588 1669 644 vitam
1697 589 1882 646 studio
1911 600 2070 648 recta

467 673 852 743 amulationis,
883 690 996 730 non
1043 682 1223 730 autem
1255 677 1475 733 vesania
1506 679 1709 734 furoris
1738 679 2068 752 insequitur.

467 762 727 819 Irascitur
754 769 808 818 et
853 770 1021 832 amat,
1053 764 1210 820 savit
1239 770 1291 821 et
1324 766 1625 838 tranquilla
1653 775 1756 836 est,
1801 776 2072 840 quatenus

465 850 714 908 inﬁrmos
742 869 870 908 suos
899 852 1138 927 corrigat
1157 855 1627 924 ex'amulatione,
1649 856 1829 913 faveat
1857 872 1927 912 ex
1956 859 2069 930 pie-

417 979 429 984 ς
465 944 593 997 tate.
627 939 888 1013 Sequitur
920 958 932 997 :

789 1047 1019 1106 CAPUT
1049 1049 1294 1106 XXXIX
1325 1047 1470 1123 [Rea
1503 1049 1735 1126 XXIX].

534 1134 708 1193 Vnus.
737 1135 825 1194 29.
856 1167 928 1180 —
955 1138 1149 1194 Frater
1181 1137 1267 1208 fui
1295 1138 1605 1208 draconum,
1636 1147 1684 1195 et
1723 1140 1896 1197 socius
1924 1148 2066 1198 stru-

465 1225 719 1281 thionum.

535 1312 622 1368 75.
670 1313 843 1370 Nulla
895 1330 1022 1370 vera
1079 1315 1352 1382 sanctitas,
1395 1315 1502 1373 nisi
1555 1336 1672 1390 qua;
1712 1319 1851 1375 inter
1895 1323 2066 1378 malos

455 1400 685 1472 probata
712 1401 835 1471 fuit.
879 1434 948 1444 —
975 1403 1120 1471 Quid
1149 1405 1449 1463 draconum
1479 1409 1703 1465 nomine
1756 1408 1864 1466 nisi
1895 1411 2066 1466 mali-

459 1488 728 1546 tiosorum
765 1489 1058 1549 hominum
1089 1493 1204 1549 vita
1232 1493 1480 1566 signatur
1500 1497 1528 1552 ?
1554 1499 1632 1552 De
1663 1497 1863 1571 quibus
1891 1508 1944 1556 et
1969 1516 2065 1572 per

461 1579 784 1651 prophetam
811 1581 1020 1638 dicitur
1052 1599 1063 1638 :
1106 1585 1414 1640 Traxerunt
1441 1593 1648 1641 ventum
1673 1589 1827 1658 quasi
1863 1590 2063 1647 draco-

459 1682 550 1722 nes
581 1668 794 1738 (Jerem.
819 1686 940 1738 xrv,
971 1671 1052 1741 6).
1085 1669 1334 1727 Perversi
1365 1673 1568 1728 etenim
1598 1674 1803 1748 quique
1833 1685 2059 1735 ventum

2183 502 2397 564 nerent,
2429 513 2572 555 unus
2615 500 2693 557 eis
2721 502 2990 562 admistus
3031 514 3133 575 est,
3179 508 3273 580 qui
3321 525 3412 566 eos
3456 528 3787 586 persequens

2181 585 2454 656 probaret.
2497 588 2586 644 Sic
2634 607 2870 666 namque
2911 593 3062 666 justo
3111 606 3361 669 peccator
3403 618 3528 657 cum
3575 585 3788 662 malitia

2175 673 2449 748 jungitur,
2493 678 2638 735 sicut
2679 680 2737 736 in
2774 682 2995 740 fornace
3023 701 3156 742 auro
3186 689 3338 759 palea
3366 706 3493 746 cum
3532 691 3658 764 igne
3685 711 3787 750 so-

2179 765 2376 836 ciatur,
2409 776 2470 824 ut
2499 784 2608 841 quo
2639 771 2791 828 ardet
2824 775 2996 846 palea,
3027 785 3290 849 purgetur
3317 795 3532 838 aurum.
3558 783 3626 839 Hi
3656 801 3785 857 ergo

2181 856 2447 913 veraciter
2474 857 2608 916 boni
2637 867 2786 928 sunt,
2819 862 2913 935 qui
2935 863 2992 920 in
3020 864 3265 922 bonitate
3297 867 3584 940 persistere
3617 856 3783 930 etiam

2180 944 2323 1001 inter
2351 947 2524 1004 malos
2552 956 2802 1022 possunt.
2836 951 2979 1010 Hinc
3008 955 3172 1011 etiam
3203 955 3390 1027 sponsi
3421 973 3555 1014 voce
3585 969 3784 1019 sancta
3835 1013 3843 1018 .

2179 1034 2437 1092 Ecclesia
2466 1037 2673 1095 dicitur
2698 1057 2708 1095 :
2745 1040 2893 1097 Sicut
2923 1043 3094 1099 lilium
3122 1043 3263 1100 inter
3280 1045 3483 1117 spinas,
3513 1048 3588 1104 sic
3614 1051 3785 1108 amica

2175 1141 2289 1180 mea
2317 1124 2456 1181 inter
2485 1128 2628 1199 ﬁlias
2679 1128 2861 1202 (Cant.
2911 1148 2972 1200 ιι,
3013 1132 3093 1204 2).
3143 1133 3286 1190 Hinc
3329 1133 3397 1190 ad
3439 1136 3782 1196 Ezechielem

2174 1213 2446 1272 Dominus
2474 1216 2613 1275 dicit
2637 1235 2648 1273 :
2685 1218 2795 1274 Fili
2813 1220 3061 1288 hominis,
3092 1221 3354 1280 increduli
3381 1229 3428 1280 et
3454 1227 3784 1286 subversores

2175 1310 2298 1359 sunt
2327 1311 2510 1375 tecum,
2549 1314 2597 1363 et
2642 1325 2758 1364 cum
2799 1310 3163 1382 scorpionibus
3208 1313 3414 1370 habitas
3457 1315 3670 1386 (Ezech.
3717 1336 3779 1388 II,

2176 1393 2255 1464 6).
2303 1394 2445 1450 Hinc
2463 1396 2656 1453 Petrus
2676 1397 2849 1454 vitam
2879 1398 3027 1457 beati
3058 1401 3199 1458 Loth
3232 1403 3525 1474 glorificat,
3555 1407 3776 1466 dicens:

2173 1484 2247 1539 Et
2265 1481 2474 1550 justum
2502 1486 2603 1541 Lot
2629 1504 2936 1558 oppressum
2959 1507 2994 1545 a
3012 1489 3368 1561 nefandorum
3389 1495 3410 1529 ²
3428 1494 3636 1565 injuria
3664 1515 3779 1553 con-

2171 1570 2468 1627 versatione
2502 1573 2701 1644 eripuit
2735 1575 2830 1646 (II
2872 1579 2985 1633 Pet.
3037 1596 3100 1648 ιι,
3133 1580 3210 1652 7).
3256 1580 3494 1653 Aspectu
3532 1584 3678 1642 enim
3727 1596 3782 1644 et

2170 1659 2364 1716 auditu
2393 1659 2578 1732 justus
2605 1671 2742 1732 erat,
2789 1663 3045 1724 habitans
3072 1669 3215 1740 apud
3255 1685 3346 1726 eos
3374 1671 3467 1743 qui
3505 1672 3573 1728 de
3602 1674 3691 1730 die
3717 1676 3778 1731 in

460 1755 616 1828 quasi
637 1756 901 1814 dracones
931 1758 1180 1827 trahunt,
1211 1776 1338 1817 cum
1368 1761 1643 1820 malitiosa
1670 1767 1928 1838 superbia
1963 1768 2063 1824 in—
2091 1762 2138 1822 B
2170 1748 2315 1810 diem
2337 1750 2579 1807 “limam
2595 1750 2734 1823 justi
2764 1752 2975 1827 ίηίίῖαίε
2996 1757 3253 1828 operibus
3266 1758 3603 1817 οτυοίδδὸηῑ·
3635 1763 3779 1822 Ηίηο

457 1842 682 1901 ﬁantur.
715 1844 823 1914 Qui
855 1852 1036 1903 autem
1066 1849 1446 1907 struthionum
1492 1853 1858 1924 appellatione
1886 1856 2063 1912 intel-

457 1932 580 2005 ligi,
599 1933 707 1989 nisi
736 1934 1087 1992 simulatores
1116 1938 1586 1997 solent?Struthio
1621 1943 1825 2000 etenim
1855 1961 2064 2016 pennas

458 2020 646 2091 habet,
705 2029 759 2079 et
816 2026 1064 2082 volatum
1120 2044 1232 2084 non
1288 2028 1482 2098 habet;
1529 2031 1659 2104 quia
1713 2033 2064 2092 simulatores

459 2112 664 2192 quique
721 2113 956 2186 speciem
1011 2117 1316 2175 sanctitatis
1365 2119 1590 2190 habent,
1647 2121 1740 2178 sed
1799 2124 2063 2181 virtutem

457 2203 768 2259 sanctitatis
804 2220 916 2261 non
961 2204 1186 2263 habent.
1219 2208 1376 2265 Visio
1419 2210 1619 2284 quippe
1661 2229 1753 2269 eos
1775 2213 1934 2271 bonae
1964 2231 2066 2273 ac-

458 2290 628 2347 tionis
656 2292 896 2362 decorat,
947 2294 1042 2351 sed
1089 2312 1121 2352 a
1164 2302 1310 2354 terra
1347 2298 1579 2354 minime
1624 2317 1804 2373 penna
1840 2303 2066 2359 virtutis

457 2378 622 2434 levat.
656 2380 878 2438 Electus
907 2381 1092 2456 itaque
1120 2392 1323 2444 sancta
1353 2386 1615 2445 Ecclesia
1643 2392 1903 2462 populus,
1935 2391 2065 2464 quia

456 2467 606 2540 pacis
634 2485 744 2525 suae
777 2475 1020 2542 tempore
1049 2473 1196 2532 intra
1239 2492 1296 2533 se
1337 2479 1603 2550 quosdam
1660 2482 1968 2539 malitiosos
2001 2498 2066 2540 ac

456 2556 803 2616 simulatores
829 2561 1057 2632 patitur,
1105 2564 1254 2621 dicat
1289 2583 1300 2620 :
1330 2569 1527 2623 Frater
1553 2569 1640 2638 fui
1668 2572 1985 2638 draconum,
2017 2579 2066 2628 et

455 2645 626 2702 socius
653 2650 1031 2706 struthionum.
1078 2652 1236 2719 Quod
1255 2653 1398 2710 beati
1424 2673 1640 2730 quoque
1682 2660 1784 2716 Job
1834 2661 2064 2719 vocibus

456 2733 769 2805 specialiter
795 2738 1070 2810 congruit,
1102 2739 1196 2811 qui
1241 2741 1310 2796 ad
1366 2744 1586 2800 culmen
1634 2763 1845 2818 magnae
1892 2749 2065 2805 forti-

455 2822 671 2880 tudinis
695 2823 875 2883 bonus
903 2827 1049 2884 inter
1077 2830 1250 2886 malos
1281 2830 1407 2887 fuit.
1442 2832 1580 2906 [Vet.
1614 2837 1842 2911 XXIX]
1866 2839 2063 2896 Nullus

460 2911 665 2985 quippe
698 2915 976 2986 perfectus
1005 2923 1107 2986 est,
1167 2917 1262 2991 qui
1306 2919 1450 2977 inter
1502 2923 1887 2994 proximorum
1919 2929 2062 2985 mala

455 3000 671 3073 patiens
722 3019 835 3059 non
905 3010 1009 3061 est.
1071 3005 1176 3074 Qui
1237 3009 1386 3065 enim
1441 3013 1825 3084 aequanimiter
1878 3017 2062 3074 aliena

456 3091 600 3147 mala
628 3107 739 3149 non
765 3093 984 3162 tolerat,
1015 3094 1130 3168 ipse
1174 3096 1282 3153 sibi
1330 3115 1427 3171 per
1471 3100 1875 3173 impatientiam
1906 3107 2064 3162 testis

454 3188 535 3236 est
585 3183 599 3216 ³
663 3181 794 3252 quia
827 3197 859 3236 a
912 3183 1045 3238 boni
1094 3183 1438 3256 plenitudine
1478 3189 1636 3262 longe
1677 3192 1864 3249 distat.
1923 3195 2063 3255 Abel

455 3270 660 3344 quippe
687 3285 804 3327 esse
849 3273 1034 3328 renuit
1083 3273 1161 3346 (7,
1191 3293 1244 3346 q.
1295 3277 1348 3343 1,
1392 3295 1436 3336 c.
1484 3279 1819 3349 Adversitas,
1851 3283 1878 3355 §
1910 3283 1963 3354 3,
1998 3303 2058 3357 p.

451 3360 633 3434 Abel),
689 3378 853 3434 quem
899 3362 1036 3420 Cain
1066 3365 1279 3424 malitia
1320 3384 1432 3425 non
1477 3379 1698 3429 exercet
1731 3373 1945 3446 (Genes.
1979 3393 2059 3445 ιν,

458 3447 491 3504 3
523 3449 682 3522 seq.).

528 3538 616 3595 76.
644 3538 781 3596 Mali
807 3538 947 3594 inter
993 3539 1152 3598 bonos
1187 3543 1268 3599 hic
1308 3546 1574 3617 permisti,
1604 3565 1702 3605 cur
1722 3553 1749 3608 ?
1779 3582 1849 3594 —
1877 3552 1970 3610 Sic
2000 3552 2060 3611 in

454 3625 656 3682 tritura
683 3643 823 3683 area
849 3645 1016 3701 grana
1042 3631 1145 3689 sub
1192 3633 1363 3706 paleis
1407 3645 1757 3709 premuntur,
1788 3640 1868 3698 sic
1897 3641 2061 3700 ﬂores

452 3712 599 3770 inter
648 3717 835 3788 spinas
881 3720 1174 3792 prodeunt,
1205 3730 1259 3780 et
1304 3741 1427 3782 rosa
1455 3743 1576 3800 qua
1630 3728 1840 3792 redolet
1866 3733 2064 3789 crescit

451 3819 577 3860 cum
616 3805 775 3878 spina
803 3825 924 3882 qua.
952 3811 1164 3884 pungit.
1213 3813 1362 3870 Duos
1408 3831 1644 3890 namque
1673 3818 1818 3876 ﬁlios
1868 3819 2064 3878 habuit

451 3892 665 3964 primus
701 3895 891 3967 homo,
921 3899 1016 3957 sed
1044 3917 1189 3957 unus
1233 3902 1440 3962 electus
1492 3905 1630 3961 alter
1658 3908 1925 3981 reprobus
1952 3910 2062 3966 fuit

453 3980 664 4052 (Genes.
696 4002 775 4052 ιν,
809 3987 862 4053 1,
892 3988 972 4058 2).
1007 3989 1138 4045 Tres
1167 4007 1387 4064 quoque
1415 3993 1560 4048 ﬁlios
1590 3996 1703 4049 Noe
1725 3980 1858 4053 arca
1884 3999 2062 4055 conti-

451 4070 596 4137 nuit,
625 4071 721 4126 sed
749 4072 966 4131 duobus
995 4077 1054 4131 in
1089 4078 1405 4137 humilitate
1436 4081 1880 4154 persistentibus,
1911 4105 2060 4146 unus

451 4159 520 4215 ad
541 4160 710 4231 patris
726 4161 1040 4221 irrisionem
1071 4168 1186 4222 ruit
1217 4170 1413 4240 (Ib—id,
1444 4188 1526 4236 ιιι,
1553 4173 1658 4241 18).
1691 4176 1842 4232 Duos
1872 4177 2065 4234 Abra-

451 4247 580 4302 ham
594 4247 740 4304 ﬁlios
771 4248 985 4320 habuit,
1010 4253 1104 4309 sed
1122 4271 1267 4312 unus
1294 4257 1583 4328 innocens,
1615 4260 1759 4317 alius
1795 4279 1928 4320 vero
1958 4266 2064 4322 fra-

447 4336 549 4392 tris
604 4349 920 4410 persecutor
956 4343 1062 4398 fuit
1107 4344 1295 4415 (Ibid,
1325 4363 1446 4416 ιιι-ι,
1502 4349 1602 4417 l5;
1659 4367 1780 4421 xxx,
1810 4352 1885 4426 9).
1916 4356 2067 4413 Duos

443 4441 663 4500 quoque
683 4430 833 4487 Isaac
854 4431 1000 4489 ﬁlios
1029 4433 1243 4504 habuit,
1265 4453 1410 4493 unus
1438 4438 1496 4494 in
1528 4438 1845 4500 humilitate
1873 4462 2056 4504 serva-

444 4522 557 4584 tus,
587 4519 725 4574 alter
751 4536 883 4577 vero
932 4530 986 4579 et
1013 4523 1334 4598 priusquam
1383 4539 1700 4588 nasceretur
1728 4535 2055 4607 reprobatus

445 4611 540 4696 est
559 4605 744 4696 (Ibid,
773 4627 914 4679 xxv,
935 4611 1002 4668 24
1035 4614 1191 4685 seq.).
1233 4616 1535 4675 Duodecim
1563 4621 1730 4677 Jacob
1777 4605 1923 4680 filios
1951 4641 2056 4696 ge-

445 4693 591 4763 nuit,
620 4695 714 4752 sed
742 4714 812 4754 ex
847 4699 934 4756 his
965 4717 1110 4759 unus
1139 4719 1234 4774 per
1258 4704 1630 4765 innocentiam
1663 4693 2053 4780 venditus,ca-

447 4783 549 4840 teri
600 4801 730 4842 vero
769 4804 864 4860 per
903 4789 1174 4847 malitiam
1223 4793 1538 4850 venditores
1583 4797 1769 4853 fratris
1825 4800 2052 4858 fuerunt

445 4873 650 4942 (Ibid,
678 4890 904 4947 xxxvn,
951 4878 1070 4950 27).
1113 4879 1419 4938 Duodecim
1449 4899 1665 4958 quoque
1704 4887 1940 4958 apostoli
1988 4889 2049 4946 in

1375 5080 1664 5157 lenitudine
1684 5155 1690 5157 _
1707 5085 1830 5157 legis
1859 5087 2042 5149 distat.

519 5073 536 5105 ¹
570 5072 834 5137 Vindoc..
863 5078 992 5137 auia
1037 5078 1103 5135 ab
1146 5081 1291 5137 omni

817 5121 834 5149 ,
899 5096 992 5136 ma
1037 5096 1103 5135 ao
1146 5096 1291 5137 omni
1375 5096 1660 5139 lenitudine
1682 5096 1818 5166 otegu

836 5096 901 5205 ab
920 5151 1073 5226 pmni
1095 5098 1426 5226 plenitujine
1455 5155 1600 5226 longe
1635 5156 1818 5214 distat.

445 5141 654 5215 Ge_rm.,
681 5149 810 5215 quia

516 5213 538 5246 ³
562 5213 898 5294 lta_l§l_or_m.,_
920 5213 1157 5290 Belloiu
1187 5223 1352 5282 Corb.
1383 5213 1593 5294 Germ‘i,
1624 5213 1886 5284 Laud.et
1915 5229 2040 5288 Val.

444 5281 623 5370 cum
653 5286 846 5357 Vind.,
872 5281 1155 5370 impudica.
1178 5281 1327 5354 conv.
1345 5281 1349 5282 ⁷
1369 5297 1523 5354 Editi
1553 5281 1679 5355 clum
1710 5281 2049 5370 cei-age;

437 5358 466 5422 j
472 5358 591 5408 usta
619 5358 1026 5419 conversatione.

517 5425 542 5514 il
557 5425 694 5514 ,Iiec'.
891 5432 1009 5514 hinc
1037 5435 1279 5514 Joannes
1298 5457 1396 5512 per
1409 5443 1654 5514 angelum
1668 5443 1918 5514 Pergami
1946 5448 2047 5502 Ec-

443 5496 634 5586 clesia.
668 5497 738 5586 In.
756 5496 880 5556 Mss.
912 5502 1143 5575 Turon.,
1167 5496 1631 5586 Belldv.,7Liiud.,
1662 5496 2045 5586 Cdrﬁfc'e'rﬁi,

447 5567 660 5659 Genu,
691 5575 819 5638 etc.,
851 5589 997 5659 non,
1009 5593 1106 5659 per
1127 5567 1376 5659 angelum
1389 5567 1648 5654 viauia,
1680 5586 1796 5659 sed,
1826 5567 2046 5659 angelus

431 5655 537 5710 per
564 5641 822 5722 Joannem
853 5641 1124 5723 loquitur;
1152 5641 1320 5722 idque
1367 5671 1521 5713 sacro
1551 5641 1728 5714 textui
1749 5641 1811 5715 delt

436 5727 611 5784 magis
639 5722 912 5784 congruit.
1761 5755 1770 5760 -

2170 1841 2374 1899 Paulus
2401 1839 2805 1912 discipulorum
2837 1843 3010 1912 vitam
3039 1847 3328 1918 gloriﬁcat,
3347 1855 3400 1905 et
3421 1851 3778 1922 gloriﬁcando

2173 1939 2320 1997 674
2345 1930 2659 2000 conﬁrmat,
2690 1931 2878 1989 dicens
2903 1951 2915 1990 :
2949 1937 3016 1991 In
3043 1938 3216 1994 medio
3253 1938 3486 1995 nationis
3509 1958 3693 2012 pravae
3733 1950 3780 1998 et

2165 2046 2448 2103 perversa,
2479 2029 2619 2084 inter
2642 2047 2771 2100 quos
2795 2030 2974 2086 lucetis
2999 2033 3135 2087 sicut
3166 2034 3458 2090 luminaria
3485 2035 3544 2090 in
3562 2039 3777 2109 mundo,

2171 2119 2385 2174 verbum
2414 2117 2535 2173 vita:
2581 2120 2896 2173 continentes
2939 2117 3162 2190 (Philip.
3197 2137 3260 2189 ιι,
3306 2123 3419 2195 15).
3455 2127 3476 2158 ³
3512 2125 3655 2182 Hinc
3682 2143 3781 2199 per

2171 2209 2439 2264 Joannem
2486 2207 2706 2279 angelos
2751 2208 2998 2280 Pergami
3046 2209 3304 2266 Ecclesia
3343 2218 3651 2284 attestatur,
3681 2215 3778 2271 di-

2173 2313 2334 2354 cens:
2373 2295 2489 2354 Scio
2519 2296 2610 2352 ubi
2636 2296 2863 2366 habitas,
2905 2297 2994 2353 ubi
3021 2299 3160 2354 sedes
3187 2306 3262 2354 est
3301 2302 3534 2370 Satanae,
3568 2311 3616 2359 et
3645 2310 3780 2361 tenes

2171 2402 2356 2441 nomen
2388 2402 2581 2450 meum,
2625 2391 2673 2440 et
2711 2402 2816 2441 non
2855 2387 3056 2458 negasti
3091 2388 3243 2458 ﬁdem
3277 2406 3444 2445 meam
3487 2391 3677 2463 (Apoc.
3712 2411 3776 2462 ιι,

2176 2473 2288 2545 13).
2321 2474 2522 2529 Beatus
2543 2472 2711 2544 igitur
2739 2473 2861 2542 Job,
2891 2482 2955 2530 ut
2973 2475 3223 2532 ostendat
3249 2477 3408 2550 cujus
3435 2478 3781 2537 fortitudinis

2172 2561 2365 2630 fuerit,
2388 2561 2636 2619 insinuet
2657 2580 2781 2620 cum
2804 2563 3006 2637 quibus
3034 2564 3201 2635 vixit,
3223 2566 3443 2625 dicens:
3477 2571 3668 2626 Frater
3695 2570 3784 2640 fui

2173 2651 2490 2720 draconum,
2522 2658 2571 2706 et
2596 2653 2766 2707 socius
2795 2653 3172 2710 struthionum.
3209 2656 3230 2690 ⁴
3262 2655 3402 2723 Quia
3431 2657 3614 2714 minus
3641 2666 3781 2715 esset

2173 2741 2321 2813 quod
2349 2741 2464 2814 ipse
2493 2742 2638 2798 bona
2664 2751 2869 2815 ageret,
2901 2743 3010 2799 nisi
3053 2753 3106 2799 et
3143 2745 3212 2800 ad
3240 2745 3504 2805 bonitatis
3531 2766 3642 2807 sua
3670 2767 3777 2808 cu-

2173 2831 2388 2887 mulum
2427 2831 2497 2887 ab
2524 2831 2649 2887 aliis
2679 2833 2822 2887 mala
2849 2833 3123 2888 toleraret.
3157 2834 3454 2905 Sequitur:

2588 2917 2816 2975 CAPUT
2846 2918 2943 2974 XL
2975 2918 3118 2993 [Rec.
3151 2921 3354 2994 XXX].
3410 2978 3412 2980 ,

2243 3008 2415 3066 Vnus.
2449 3007 2539 3065 30.
2570 3037 2641 3049 —
2673 3009 2821 3066 Cutis
2857 3027 2972 3066 mea
3000 3011 3277 3082 denigrata
3307 3018 3382 3068 est
3414 3029 3573 3085 super
3598 3032 3699 3082 me,
3729 3023 3780 3072 et

2099 3124 2142 3185 ρ
2173 3115 2296 3154 ossa
2322 3115 2439 3154 mea
2465 3105 2729 3154 aruerunt
2749 3117 2866 3171 prce
2893 3109 3148 3160 caumate.

2247 3187 2333 3242 77.
2366 3188 2594 3258 Propter
2622 3188 2962 3260 inﬁrmorum
2999 3207 3198 3261 casum,
3229 3192 3392 3263 fortes
3419 3194 3522 3251 zeli
3548 3197 3636 3250 sui
3661 3194 3779 3267 igne

2171 3275 2499 3332 aduruntur.
2523 3307 2594 3318 —
2621 3277 2749 3333 Hac
2771 3276 2935 3349 juxta
2963 3278 3253 3337 historiam
3282 3298 3508 3354 pensare
3537 3285 3778 3357 negligi-

2173 3382 2317 3436 mus,
2343 3366 2473 3439 quia
2501 3367 2761 3425 videlicet
2789 3369 3059 3427 sermonis
3086 3371 3267 3429 virtus
3292 3381 3441 3445 patet
3469 3375 3491 3410 ⁵
3521 3391 3593 3431 ex
3620 3391 3779 3447 pana

2171 3460 2464 3533 passionis.
2511 3462 2616 3520 Sed
2647 3463 2798 3537 quia,
2829 3471 2891 3520 ut
2918 3481 3059 3537 sape
3082 3465 3199 3538 jam
3227 3466 3496 3539 diximus,
3527 3471 3779 3543 plerum-

2173 3567 2280 3622 que
2309 3550 2502 3608 beatus
2544 3552 2646 3609 Job
2693 3553 2775 3610 sic
2811 3561 2998 3610 narrat
3026 3563 3204 3628 gesta,
3227 3558 3248 3592 δ
3277 3565 3340 3613 ut
3382 3559 3616 3630 gerenda
3645 3575 3777 3631 pra-

2172 3642 2416 3712 nuntiet,
2446 3642 2585 3700 bene
2613 3642 2722 3701 hoc
2749 3653 2950 3703 sancta
2975 3647 3235 3705 Ecclesia
3252 3650 3482 3709 vocibus
3502 3652 3775 3726 congruit,

2172 3747 2293 3804 qua
2323 3730 2572 3789 dolorem
2602 3735 3002 3806 persecutionis
3031 3737 3278 3794 ultima7
3310 3739 3369 3794 in
3397 3739 3636 3796 inﬁrmis
3665 3757 3776 3812 grao

2173 3816 2318 3873 viter
2360 3819 2550 3875 sentit.
2589 3821 2838 3893 Cumque
2865 3821 2933 3877 ab
2962 3822 3058 3877 illa
3086 3823 3181 3878 alii
3211 3831 3462 3893 pereunt,
3495 3825 3778 3881 valentio-

2171 3922 2258 3961 res
2311 3907 2514 3979 quique
2571 3923 2802 3964 marore
2870 3908 3205 3966 cruciantur.
3261 3910 3520 3966 Exterior
3575 3913 3777 3985 quippe

2172 4012 2333 4053 causa
2361 3995 2479 4067 ejus
2499 4003 2581 4052 est
2611 4004 2827 4053 terrena
2854 3998 3209 4070 dispensatio,
3232 3999 3464 4057 interior
3485 4017 3615 4058 vero
3645 4019 3778 4061 cura

2172 4086 2429 4145 caelestis.
2463 4085 2619 4144 Cutis
2647 4103 2776 4160 ergo
2809 4093 3036 4144 nomine
3083 4089 3288 4146 inﬁrmi
3332 4090 3644 4163 signantur,
3679 4094 3776 4166 qui

2174 4196 2322 4236 nunc
2348 4178 2406 4234 in
2436 4193 2498 4234 ea
2543 4177 2808 4236 exteriori
2854 4179 3084 4236 utilitati
3115 4180 3454 4238 deserviunt.
3505 4184 3607 4240 Per
3653 4202 3776 4241 ossa

2175 4284 2304 4324 vero
2332 4268 2502 4324 fortes
2528 4267 2646 4339 ejus
2675 4267 2895 4340 ﬁgurati
2925 4277 3074 4338 sunt,
3105 4270 3163 4326 in
3194 4271 3392 4343 quibus
3420 4273 3666 4345 corporis
3695 4274 3776 4328 il-

2174 4359 2282 4415 lius
2316 4364 2432 4414 tota
2477 4373 2742 4430 compago
2771 4359 3060 4415 solidatur.
3094 4360 3233 4428 Quia
3265 4360 3434 4432 igitur
3460 4371 3555 4419 aut
3583 4379 3779 4435 provo-

2086 4483 2135 4543 D
2173 4448 2280 4504 cati
2319 4447 2662 4515 muneribus,
2702 4454 2797 4503 aut
2841 4448 3314 4520 persecutionibus
3358 4449 3572 4518 aﬂlicti,
3617 4453 3781 4510 multi

2169 4537 2228 4592 in
2258 4553 2320 4593 ea
2336 4537 2404 4593 ab
2433 4545 2579 4594 statu
2609 4537 2739 4594 ﬁdei
2762 4537 2972 4594 inﬁrmi
3001 4540 3229 4607 cadunt,
3258 4557 3488 4615 eamque
3510 4543 3617 4615 ipsi
3634 4551 3780 4616 post-

2166 4644 2331 4702 quam
2357 4630 2678 4688 ceciderunt
2706 4640 3132 4705 persequuntur,
3164 4634 3301 4707 quid
3321 4635 3472 4692 aliud
3495 4653 3654 4709 quam
3685 4653 3776 4694 cu-

2162 4719 2234 4775 tis
2261 4737 2373 4776 suae
2403 4720 2756 4793 nigredinem
2785 4722 3015 4795 patitur,
3061 4731 3122 4778 ut
3163 4724 3220 4778 in
3264 4724 3397 4796 ipsis
3426 4725 3776 4796 postmodum

2159 4806 2304 4863 foeda
2341 4816 2618 4882 appareat,
2650 4810 2708 4866 in
2751 4810 2952 4884 quibus
2981 4809 3134 4884 prius
3174 4811 3405 4883 pulchra
3443 4811 3777 4870 videbatur?

2157 4897 2301 4953 Dum
2331 4897 2480 4955 enim
2523 4898 2582 4955 hi
2622 4899 2718 4973 qui
2759 4901 2912 4974 prius
2960 4900 3232 4958 exteriora
3275 4901 3415 4958 bene
3461 4901 3776 4975 dispensare

2229 5090 2248 5124 ⁴
2298 5089 2553 5163 Plerique
2601 5093 2820 5164 Norm.,
2859 5094 2988 5164 quia
3028 5094 3206 5151 minus
3248 5101 3415 5152 essent
3455 5096 3614 5162 bona,
3659 5112 3776 5166 qua:

2154 5161 2266 5234 ipse
2282 5161 2476 5234 ageret:

2231 5234 2251 5306 ἕ
2285 5233 2519 5306 Turon.,
2550 5251 2616 5291 es:
2639 5251 2866 5306 persona
2891 5235 3179 5305 passionis.

2232 5305 2253 5340 ⁶
2287 5304 2458 5362 Gilot.
2492 5313 2546 5361 et
2561 5304 2718 5388 plur.
2750 5304 2971 5388 Ed‘.,’ut
3005 5309 3249 5388 gerendo.
3282 5309 3344 5364 In
3380 5308 3650 5388 Gussanv.
3685 5310 3772 5366 le-

2160 5374 2307 5446 gitur
2330 5374 2678 5457 pronuntiet,
2698 5376 2845 5457 quod
2875 5374 3138 5462 mendum
3168 5380 3624 5462 typggraphicuiii
3657 5397 3772 5438 esse

2157 5447 2530 5515 censeremus,
2573 5447 2681 5502 nisi
2713 5447 2770 5503 in
2813 5455 2925 5504 vet.
2973 5450 3144 5507 Paris.
3179 5447 3252 5508 e't'
3275 5447 3441 5508 B'asil.
3475 5452 3638 5509 etiam
3669 5469 3772 5508 oc-

2158 5528 2420 5596 curreret.
2454 5520 2584 5596 Mss.
2618 5535 2749 5596 vero
2779 5519 2920 5576 miro
2961 5538 3234 5596 consensu
3263 5522 3469 5596 habent
3493 5540 3762 5596 praenun—

2160 5589 2355 5667 tiet,_et
2383 5589 2460 5667 ita
2489 5589 2782 5667 legendum
2814 5594 3085 5667 sermonis
3107 5595 3280 5667 series
3306 5589 3519 5667 probat.

2230 5660 2477 5740 7.Laud.,
2511 5660 2576 5742 in
2592 5663 2812 5743 inﬁmis,
2843 5664 3238 5743 sed_mendose.
3265 5660 3366 5725 li'ic
3387 5676 3609 5726 sanctus
3637 5669 3765 5725 Gre-

2160 5730 2347 5801 gorius
2377 5733 2607 5804 opponit
2638 5730 2896 5807 inﬁnitos,
2927 5737 3176 5808 fortibus.
