  <div class='ocr_page' id='page_1' title='image "/cluster/home/n/w/nwhite01/storage/ocr_20150623/76/hvd.32044052772456/100.png"; bbox 0 0 4162 6184; ppageno 0'>
   <div class='ocr_carea' id='block_1_1' title="bbox 302 314 402 373">
    <p class='ocr_par' dir='ltr' id='par_1_1' title="bbox 302 314 402 373">
     <span class='ocr_line' id='line_1_1' title="bbox 302 314 402 373; baseline 0 0"><span class='ocrx_word' id='word_1_1' title='bbox 302 314 402 373; x_wconf 75' lang='grc'><strong>185</strong></span> 
     </span>
    </p>
   </div>
   <div class='ocr_carea' id='block_1_2' title="bbox 1063 304 2756 368">
    <p class='ocr_par' dir='ltr' id='par_1_2' title="bbox 1063 304 2756 368">
     <span class='ocr_line' id='line_1_2' title="bbox 1063 304 2756 368; baseline 0.001 -2"><span class='ocrx_word' id='word_1_2' title='bbox 1063 304 1441 366; x_wconf 79' lang='lat' dir='ltr'><strong>MORALIUM</strong></span> <span class='ocrx_word' id='word_1_3' title='bbox 1479 305 1616 365; x_wconf 92' lang='lat' dir='ltr'><strong>LIB.</strong></span> <span class='ocrx_word' id='word_1_4' title='bbox 1657 305 1787 366; x_wconf 86' lang='lat' dir='ltr'><strong>XX.</strong></span> <span class='ocrx_word' id='word_1_5' title='bbox 1819 336 1890 351; x_wconf 92' lang='lat'><strong>-—-</strong></span> <span class='ocrx_word' id='word_1_6' title='bbox 1926 306 2000 367; x_wconf 90' lang='lat' dir='ltr'><strong>IN</strong></span> <span class='ocrx_word' id='word_1_7' title='bbox 2036 306 2267 367; x_wconf 85' lang='lat' dir='ltr'><strong>CAPUT</strong></span> <span class='ocrx_word' id='word_1_8' title='bbox 2306 306 2470 365; x_wconf 90' lang='lat' dir='ltr'><strong>XXX</strong></span> <span class='ocrx_word' id='word_1_9' title='bbox 2507 308 2572 366; x_wconf 91' lang='grc' dir='ltr'><strong>Β.</strong></span> <span class='ocrx_word' id='word_1_10' title='bbox 2612 310 2756 368; x_wconf 86' lang='lat' dir='ltr'><strong>JOB.</strong></span> 
     </span>
    </p>
   </div>
   <div class='ocr_carea' id='block_1_3' title="bbox 288 430 3567 511">
    <p class='ocr_par' dir='ltr' id='par_1_3' title="bbox 288 430 3567 511">
     <span class='ocr_line' id='line_1_3' title="bbox 288 430 3567 511; baseline -0.001 -11"><span class='ocrx_word' id='word_1_11' title='bbox 288 442 663 501; x_wconf 80' lang='lat' dir='ltr'><strong>consueverant</strong></span> <span class='ocrx_word' id='word_1_12' title='bbox 710 439 904 490; x_wconf 90' lang='lat' dir='ltr'><strong>contra</strong></span> <span class='ocrx_word' id='word_1_13' title='bbox 948 430 1150 489; x_wconf 87' lang='lat' dir='ltr'><strong>electos</strong></span> <span class='ocrx_word' id='word_1_14' title='bbox 1187 431 1288 489; x_wconf 90' lang='lat' dir='ltr'><strong>Dei</strong></span> <span class='ocrx_word' id='word_1_15' title='bbox 1338 432 1691 506; x_wconf 84' lang='lat' dir='ltr'><strong>postmodum</strong></span> <span class='ocrx_word' id='word_1_16' title='bbox 1745 449 1852 490; x_wconf 66' lang='lat' dir='ltr'><strong>sre-</strong></span> <span class='ocrx_word' id='word_1_17' title='bbox 1883 435 1937 496; x_wconf 79' lang='grc' dir='ltr'><strong>Α</strong></span> <span class='ocrx_word' id='word_1_18' title='bbox 1962 432 2339 491; x_wconf 83' lang='lat' dir='ltr'><strong>moderamine</strong></span> <span class='ocrx_word' id='word_1_19' title='bbox 2366 448 2619 507; x_wconf 76' lang='lat' dir='ltr'><strong>praeesse,</strong></span> <span class='ocrx_word' id='word_1_20' title='bbox 2648 441 2713 491; x_wconf 88' lang='lat' dir='ltr'><strong>ut</strong></span> <span class='ocrx_word' id='word_1_21' title='bbox 2740 442 2796 491; x_wconf 87' lang='lat' dir='ltr'><strong>et</strong></span> <span class='ocrx_word' id='word_1_22' title='bbox 2822 435 2893 493; x_wconf 89' lang='lat' dir='ltr'><strong>ad</strong></span> <span class='ocrx_word' id='word_1_23' title='bbox 2919 438 3139 511; x_wconf 86' lang='lat' dir='ltr'><strong>culpam</strong></span> <span class='ocrx_word' id='word_1_24' title='bbox 3167 458 3295 500; x_wconf 88' lang='lat' dir='ltr'><strong>caro</strong></span> <span class='ocrx_word' id='word_1_25' title='bbox 3323 458 3436 501; x_wconf 91' lang='lat' dir='ltr'><strong>non</strong></span> <span class='ocrx_word' id='word_1_26' title='bbox 3477 460 3567 501; x_wconf 91' lang='lat' dir='ltr'><strong>su.</strong></span> 
     </span>
    </p>
   </div>
   <div class='ocr_carea' id='block_1_4' title="bbox 290 520 1858 599">
    <p class='ocr_par' dir='ltr' id='par_1_4' title="bbox 290 520 1858 599">
     <span class='ocr_line' id='line_1_4' title="bbox 290 520 1858 599; baseline -0.006 -11"><span class='ocrx_word' id='word_1_27' title='bbox 290 530 465 595; x_wconf 90' lang='lat' dir='ltr'><strong>viunt,</strong></span> <span class='ocrx_word' id='word_1_28' title='bbox 487 524 627 599; x_wconf 86' lang='lat' dir='ltr'><strong>quasi</strong></span> <span class='ocrx_word' id='word_1_29' title='bbox 648 521 792 580; x_wconf 92' lang='lat' dir='ltr'><strong>cutis</strong></span> <span class='ocrx_word' id='word_1_30' title='bbox 808 520 1069 578; x_wconf 66' lang='lat' dir='ltr'><strong>Ecclesiae</strong></span> <span class='ocrx_word' id='word_1_31' title='bbox 1088 527 1349 579; x_wconf 73' lang='lat' dir='ltr'><strong>anteactae</strong></span> <span class='ocrx_word' id='word_1_32' title='bbox 1362 520 1596 594; x_wconf 83' lang='lat' dir='ltr'><strong>justitiae</strong></span> <span class='ocrx_word' id='word_1_33' title='bbox 1617 523 1858 580; x_wconf 87' lang='lat' dir='ltr'><strong>colorem</strong></span> 
     </span>
    </p>
   </div>
   <div class='ocr_carea' id='block_1_5' title="bbox 286 611 1861 696">
    <p class='ocr_par' dir='ltr' id='par_1_5' title="bbox 286 611 1861 696">
     <span class='ocr_line' id='line_1_5' title="bbox 286 611 1861 696; baseline -0.004 -19"><span class='ocrx_word' id='word_1_34' title='bbox 286 620 528 696; x_wconf 79' lang='lat' dir='ltr'><strong>perdidit,</strong></span> <span class='ocrx_word' id='word_1_35' title='bbox 554 632 669 690; x_wconf 68' lang='lat' dir='ltr'><strong>quae</strong></span> <span class='ocrx_word' id='word_1_36' title='bbox 699 613 770 670; x_wconf 88' lang='lat' dir='ltr'><strong>ad</strong></span> <span class='ocrx_word' id='word_1_37' title='bbox 799 612 1142 686; x_wconf 90' lang='lat' dir='ltr'><strong>nigredinem</strong></span> <span class='ocrx_word' id='word_1_38' title='bbox 1163 611 1475 687; x_wconf 83' lang='lat' dir='ltr'><strong>iniquitatis</strong></span> <span class='ocrx_word' id='word_1_39' title='bbox 1503 613 1675 670; x_wconf 83' lang='lat' dir='ltr'><strong>venit.</strong></span> <span class='ocrx_word' id='word_1_40' title='bbox 1698 613 1861 682; x_wconf 90' lang='lat' dir='ltr'><strong>Quod</strong></span> 
     </span>
    </p>
   </div>
   <div class='ocr_carea' id='block_1_6' title="bbox 289 702 1858 778">
    <p class='ocr_par' dir='ltr' id='par_1_6' title="bbox 289 702 1858 778">
     <span class='ocr_line' id='line_1_6' title="bbox 289 702 1858 778; baseline -0.006 -9"><span class='ocrx_word' id='word_1_41' title='bbox 289 709 524 769; x_wconf 79' lang='lat' dir='ltr'><strong>Ieremias</strong></span> <span class='ocrx_word' id='word_1_42' title='bbox 541 707 707 764; x_wconf 88' lang='lat' dir='ltr'><strong>etiam</strong></span> <span class='ocrx_word' id='word_1_43' title='bbox 728 705 832 763; x_wconf 86' lang='lat' dir='ltr'><strong>sub</strong></span> <span class='ocrx_word' id='word_1_44' title='bbox 861 702 1126 778; x_wconf 84' lang='lat' dir='ltr'><strong>praecipui</strong></span> <span class='ocrx_word' id='word_1_45' title='bbox 1146 704 1355 761; x_wconf 89' lang='lat' dir='ltr'><strong>metalli</strong></span> <span class='ocrx_word' id='word_1_46' title='bbox 1383 702 1564 778; x_wconf 82' lang='lat' dir='ltr'><strong>specie</strong></span> <span class='ocrx_word' id='word_1_47' title='bbox 1587 704 1858 777; x_wconf 82' lang='lat' dir='ltr'><strong>deplorat,</strong></span> 
     </span>
    </p>
   </div>
   <div class='ocr_carea' id='block_1_7' title="bbox 289 795 1862 867">
    <p class='ocr_par' dir='ltr' id='par_1_7' title="bbox 289 795 1862 867">
     <span class='ocr_line' id='line_1_7' title="bbox 289 795 1862 867; baseline -0.005 -9"><span class='ocrx_word' id='word_1_48' title='bbox 289 801 487 858; x_wconf 86' lang='lat' dir='ltr'><strong>dicens:</strong></span> <span class='ocrx_word' id='word_1_49' title='bbox 514 795 794 867; x_wconf 75' lang='lat' dir='ltr'><strong>Quomodo</strong></span> <span class='ocrx_word' id='word_1_50' title='bbox 825 795 1162 851; x_wconf 82' lang='lat' dir='ltr'><strong>obscuratum</strong></span> <span class='ocrx_word' id='word_1_51' title='bbox 1190 800 1265 851; x_wconf 88' lang='lat' dir='ltr'><strong>est</strong></span> <span class='ocrx_word' id='word_1_52' title='bbox 1290 812 1508 863; x_wconf 88' lang='lat' dir='ltr'><strong>aurum,</strong></span> <span class='ocrx_word' id='word_1_53' title='bbox 1528 801 1763 851; x_wconf 87' lang='lat' dir='ltr'><strong>mutatus</strong></span> <span class='ocrx_word' id='word_1_54' title='bbox 1788 800 1862 850; x_wconf 89' lang='lat' dir='ltr'><strong>est</strong></span> 
     </span>
    </p>
   </div>
   <div class='ocr_carea' id='block_1_8' title="bbox 287 883 1860 960">
    <p class='ocr_par' dir='ltr' id='par_1_8' title="bbox 287 883 1860 960">
     <span class='ocr_line' id='line_1_8' title="bbox 287 883 1860 960; baseline -0.004 -13"><span class='ocrx_word' id='word_1_55' title='bbox 287 891 411 947; x_wconf 84' lang='lat' dir='ltr'><strong>color</strong></span> <span class='ocrx_word' id='word_1_56' title='bbox 432 886 659 960; x_wconf 85' lang='lat' dir='ltr'><strong>optimus</strong></span> <span class='ocrx_word' id='word_1_57' title='bbox 687 886 913 958; x_wconf 87' lang='lat' dir='ltr'><strong>(Thren.</strong></span> <span class='ocrx_word' id='word_1_58' title='bbox 943 901 1023 953; x_wconf 81' lang='lat' dir='ltr'><strong>Iv,</strong></span> <span class='ocrx_word' id='word_1_59' title='bbox 1059 884 1157 957; x_wconf 76' lang='lat'><strong>1)?</strong></span> <span class='ocrx_word' id='word_1_60' title='bbox 1184 884 1432 942; x_wconf 89' lang='lat' dir='ltr'><strong>Perversi</strong></span> <span class='ocrx_word' id='word_1_61' title='bbox 1470 900 1599 958; x_wconf 88' lang='lat' dir='ltr'><strong>ergo</strong></span> <span class='ocrx_word' id='word_1_62' title='bbox 1628 885 1761 941; x_wconf 91' lang='lat' dir='ltr'><strong>dum</strong></span> <span class='ocrx_word' id='word_1_63' title='bbox 1791 883 1860 941; x_wconf 91' lang='lat' dir='ltr'><strong>ab</strong></span> 
     </span>
    </p>
   </div>
   <div class='ocr_carea' id='block_1_9' title="bbox 285 972 1861 1050">
    <p class='ocr_par' dir='ltr' id='par_1_9' title="bbox 285 972 1861 1050">
     <span class='ocr_line' id='line_1_9' title="bbox 285 972 1861 1050; baseline -0.003 -15"><span class='ocrx_word' id='word_1_64' title='bbox 285 977 384 1050; x_wconf 85' lang='lat' dir='ltr'><strong>ejus</strong></span> <span class='ocrx_word' id='word_1_65' title='bbox 407 974 768 1034; x_wconf 84' lang='lat' dir='ltr'><strong>sacramean</strong></span> <span class='ocrx_word' id='word_1_66' title='bbox 794 980 1024 1044; x_wconf 89' lang='lat' dir='ltr'><strong>exeunt,</strong></span> <span class='ocrx_word' id='word_1_67' title='bbox 1054 973 1378 1047; x_wconf 90' lang='lat' dir='ltr'><strong>plerumque</strong></span> <span class='ocrx_word' id='word_1_68' title='bbox 1420 972 1565 1031; x_wconf 89' lang='lat' dir='ltr'><strong>inter</strong></span> <span class='ocrx_word' id='word_1_69' title='bbox 1599 973 1861 1047; x_wconf 90' lang='lat' dir='ltr'><strong>reprobos</strong></span> 
     </span>
    </p>
   </div>
   <div class='ocr_carea' id='block_1_10' title="bbox 284 1064 1860 1138">
    <p class='ocr_par' dir='ltr' id='par_1_10' title="bbox 284 1064 1860 1138">
     <span class='ocr_line' id='line_1_10' title="bbox 284 1064 1860 1138; baseline -0.004 -11"><span class='ocrx_word' id='word_1_70' title='bbox 284 1070 443 1127; x_wconf 91' lang='lat' dir='ltr'><strong>locum</strong></span> <span class='ocrx_word' id='word_1_71' title='bbox 469 1065 704 1124; x_wconf 88' lang='lat' dir='ltr'><strong>honoris</strong></span> <span class='ocrx_word' id='word_1_72' title='bbox 723 1071 975 1134; x_wconf 92' lang='lat' dir='ltr'><strong>sumunt,</strong></span> <span class='ocrx_word' id='word_1_73' title='bbox 997 1070 1061 1121; x_wconf 88' lang='lat' dir='ltr'><strong>ut</strong></span> <span class='ocrx_word' id='word_1_74' title='bbox 1074 1064 1181 1138; x_wconf 87' lang='lat' dir='ltr'><strong>ipsi</strong></span> <span class='ocrx_word' id='word_1_75' title='bbox 1200 1071 1390 1123; x_wconf 90' lang='lat' dir='ltr'><strong>contra</strong></span> <span class='ocrx_word' id='word_1_76' title='bbox 1408 1071 1651 1123; x_wconf 90' lang='lat' dir='ltr'><strong>sanctam</strong></span> <span class='ocrx_word' id='word_1_77' title='bbox 1672 1064 1860 1121; x_wconf 88' lang='lat' dir='ltr'><strong>Eccle-</strong></span> 
     </span>
    </p>
   </div>
   <div class='ocr_carea' id='block_1_11' title="bbox 281 1154 1860 1230">
    <p class='ocr_par' dir='ltr' id='par_1_11' title="bbox 281 1154 1860 1230">
     <span class='ocr_line' id='line_1_11' title="bbox 281 1154 1860 1230; baseline -0.004 -12"><span class='ocrx_word' id='word_1_78' title='bbox 281 1160 399 1218; x_wconf 74' lang='lat' dir='ltr'><strong>sium</strong></span> <span class='ocrx_word' id='word_1_79' title='bbox 425 1174 493 1215; x_wconf 87' lang='lat' dir='ltr'><strong>ex</strong></span> <span class='ocrx_word' id='word_1_80' title='bbox 519 1158 851 1216; x_wconf 88' lang='lat' dir='ltr'><strong>auctoritate</strong></span> <span class='ocrx_word' id='word_1_81' title='bbox 879 1154 1134 1226; x_wconf 69' lang='lat' dir='ltr'><strong>saeviant,</strong></span> <span class='ocrx_word' id='word_1_82' title='bbox 1151 1156 1247 1230; x_wconf 91' lang='lat' dir='ltr'><strong>qui</strong></span> <span class='ocrx_word' id='word_1_83' title='bbox 1275 1156 1419 1216; x_wconf 90' lang='lat' dir='ltr'><strong>hanc</strong></span> <span class='ocrx_word' id='word_1_84' title='bbox 1440 1155 1684 1215; x_wconf 85' lang='lat' dir='ltr'><strong>atrocius</strong></span> <span class='ocrx_word' id='word_1_85' title='bbox 1704 1156 1860 1229; x_wconf 90' lang='lat' dir='ltr'><strong>quasi</strong></span> 
     </span>
    </p>
   </div>
   <div class='ocr_carea' id='block_1_12' title="bbox 281 1246 1862 1307">
    <p class='ocr_par' dir='ltr' id='par_1_12' title="bbox 281 1246 1862 1307">
     <span class='ocr_line' id='line_1_12' title="bbox 281 1246 1862 1307; baseline -0.003 0"><span class='ocrx_word' id='word_1_86' title='bbox 281 1247 480 1307; x_wconf 85' lang='lat' dir='ltr'><strong>sciendo</strong></span> <span class='ocrx_word' id='word_1_87' title='bbox 521 1255 911 1307; x_wconf 88' lang='lat' dir='ltr'><strong>contemnunt.</strong></span> <span class='ocrx_word' id='word_1_88' title='bbox 968 1246 1124 1304; x_wconf 87' lang='lat' dir='ltr'><strong>Unde</strong></span> <span class='ocrx_word' id='word_1_89' title='bbox 1169 1254 1224 1304; x_wconf 90' lang='lat' dir='ltr'><strong>et</strong></span> <span class='ocrx_word' id='word_1_90' title='bbox 1263 1264 1389 1305; x_wconf 91' lang='lat' dir='ltr'><strong>cum</strong></span> <span class='ocrx_word' id='word_1_91' title='bbox 1431 1247 1671 1306; x_wconf 89' lang='lat' dir='ltr'><strong>diceret:</strong></span> <span class='ocrx_word' id='word_1_92' title='bbox 1713 1248 1862 1305; x_wconf 86' lang='lat' dir='ltr'><strong>Cutis</strong></span> 
     </span>
    </p>
   </div>
   <div class='ocr_carea' id='block_1_13' title="bbox 278 1334 1864 1419">
    <p class='ocr_par' dir='ltr' id='par_1_13' title="bbox 278 1334 1864 1419">
     <span class='ocr_line' id='line_1_13' title="bbox 278 1334 1864 1419; baseline -0.002 -22"><span class='ocrx_word' id='word_1_93' title='bbox 278 1357 377 1397; x_wconf 85' lang='lat' dir='ltr'><strong>mea</strong></span> <span class='ocrx_word' id='word_1_94' title='bbox 402 1337 681 1411; x_wconf 82' lang='lat' dir='ltr'><strong>denigrata</strong></span> <span class='ocrx_word' id='word_1_95' title='bbox 722 1343 819 1403; x_wconf 86' lang='lat' dir='ltr'><strong>est,</strong></span> <span class='ocrx_word' id='word_1_96' title='bbox 856 1334 1097 1405; x_wconf 84' lang='lat' dir='ltr'><strong>addidit,</strong></span> <span class='ocrx_word' id='word_1_97' title='bbox 1127 1353 1285 1409; x_wconf 82' lang='lat' dir='ltr'><strong>super</strong></span> <span class='ocrx_word' id='word_1_98' title='bbox 1310 1355 1410 1406; x_wconf 87' lang='lat' dir='ltr'><strong>me,</strong></span> <span class='ocrx_word' id='word_1_99' title='bbox 1441 1338 1572 1410; x_wconf 88' lang='lat' dir='ltr'><strong>quia</strong></span> <span class='ocrx_word' id='word_1_100' title='bbox 1597 1336 1703 1419; x_wconf 84' lang='lat' dir='ltr'><strong>hos</strong></span> <span class='ocrx_word' id='word_1_101' title='bbox 1726 1353 1864 1410; x_wconf 90' lang='lat' dir='ltr'><strong>quos</strong></span> 
     </span>
    </p>
   </div>
   <div class='ocr_carea' id='block_1_14' title="bbox 277 1424 1865 1502">
    <p class='ocr_par' dir='ltr' id='par_1_14' title="bbox 277 1424 1865 1502">
     <span class='ocr_line' id='line_1_14' title="bbox 277 1424 1865 1502; baseline -0.003 -17"><span class='ocrx_word' id='word_1_102' title='bbox 277 1428 412 1502; x_wconf 91' lang='lat' dir='ltr'><strong>prius</strong></span> <span class='ocrx_word' id='word_1_103' title='bbox 428 1427 497 1484; x_wconf 90' lang='lat' dir='ltr'><strong>ad</strong></span> <span class='ocrx_word' id='word_1_104' title='bbox 519 1427 783 1485; x_wconf 89' lang='lat' dir='ltr'><strong>decorem</strong></span> <span class='ocrx_word' id='word_1_105' title='bbox 798 1424 1032 1499; x_wconf 74' lang='lat' dir='ltr'><strong>justitiae</strong></span> <span class='ocrx_word' id='word_1_106' title='bbox 1053 1425 1211 1499; x_wconf 89' lang='lat' dir='ltr'><strong>quasi</strong></span> <span class='ocrx_word' id='word_1_107' title='bbox 1226 1426 1489 1483; x_wconf 87' lang='lat' dir='ltr'><strong>candidos</strong></span> <span class='ocrx_word' id='word_1_108' title='bbox 1504 1426 1720 1495; x_wconf 86' lang='lat' dir='ltr'><strong>habuit,</strong></span> <span class='ocrx_word' id='word_1_109' title='bbox 1743 1433 1865 1498; x_wconf 91' lang='lat' dir='ltr'><strong>post</strong></span> 
     </span>
    </p>
   </div>
   <div class='ocr_carea' id='block_1_15' title="bbox 275 1514 1864 1591">
    <p class='ocr_par' dir='ltr' id='par_1_15' title="bbox 275 1514 1864 1591">
     <span class='ocr_line' id='line_1_15' title="bbox 275 1514 1864 1591; baseline -0.003 -16"><span class='ocrx_word' id='word_1_110' title='bbox 275 1517 499 1575; x_wconf 87' lang='lat' dir='ltr'><strong>deterius</strong></span> <span class='ocrx_word' id='word_1_111' title='bbox 517 1516 714 1591; x_wconf 90' lang='lat' dir='ltr'><strong>nigros</strong></span> <span class='ocrx_word' id='word_1_112' title='bbox 736 1522 939 1589; x_wconf 85' lang='lat' dir='ltr'><strong>portat.</strong></span> <span class='ocrx_word' id='word_1_113' title='bbox 964 1514 1071 1573; x_wconf 90' lang='lat' dir='ltr'><strong>Sed</strong></span> <span class='ocrx_word' id='word_1_114' title='bbox 1097 1532 1224 1573; x_wconf 91' lang='lat' dir='ltr'><strong>cum</strong></span> <span class='ocrx_word' id='word_1_115' title='bbox 1253 1517 1397 1573; x_wconf 91' lang='lat' dir='ltr'><strong>cutis</strong></span> <span class='ocrx_word' id='word_1_116' title='bbox 1423 1517 1493 1573; x_wconf 90' lang='lat' dir='ltr'><strong>ad</strong></span> <span class='ocrx_word' id='word_1_117' title='bbox 1518 1516 1864 1589; x_wconf 87' lang='lat' dir='ltr'><strong>nigredinem</strong></span> 
     </span>
    </p>
   </div>
   <div class='ocr_carea' id='block_1_16' title="bbox 275 1605 1864 1681">
    <p class='ocr_par' dir='ltr' id='par_1_16' title="bbox 275 1605 1864 1681">
     <span class='ocr_line' id='line_1_16' title="bbox 275 1605 1864 1681; baseline 0 -18"><span class='ocrx_word' id='word_1_118' title='bbox 275 1608 517 1677; x_wconf 60' lang='lat' dir='ltr'><strong>Vertitur,</strong></span> <span class='ocrx_word' id='word_1_119' title='bbox 559 1608 739 1665; x_wconf 84' lang='lat' dir='ltr'><strong>fortes</strong></span> <span class='ocrx_word' id='word_1_120' title='bbox 766 1605 864 1681; x_wconf 88' lang='lat' dir='ltr'><strong>qui</strong></span> <span class='ocrx_word' id='word_1_121' title='bbox 891 1606 951 1662; x_wconf 91' lang='lat' dir='ltr'><strong>in</strong></span> <span class='ocrx_word' id='word_1_122' title='bbox 982 1605 1078 1662; x_wconf 90' lang='lat' dir='ltr'><strong>illa</strong></span> <span class='ocrx_word' id='word_1_123' title='bbox 1106 1613 1238 1663; x_wconf 89' lang='lat' dir='ltr'><strong>sunt</strong></span> <span class='ocrx_word' id='word_1_124' title='bbox 1263 1607 1383 1663; x_wconf 89' lang='lat' dir='ltr'><strong>zelo</strong></span> <span class='ocrx_word' id='word_1_125' title='bbox 1421 1607 1551 1664; x_wconf 91' lang='lat' dir='ltr'><strong>ﬁdei</strong></span> <span class='ocrx_word' id='word_1_126' title='bbox 1594 1606 1864 1666; x_wconf 88' lang='lat' dir='ltr'><strong>contabe-</strong></span> 
     </span>
    </p>
   </div>
   <div class='ocr_carea' id='block_1_17' title="bbox 273 1694 1867 1769">
    <p class='ocr_par' dir='ltr' id='par_1_17' title="bbox 273 1694 1867 1769">
     <span class='ocr_line' id='line_1_17' title="bbox 273 1694 1867 1769; baseline -0.001 -15"><span class='ocrx_word' id='word_1_127' title='bbox 273 1705 437 1755; x_wconf 89' lang='lat' dir='ltr'><strong>scunt.</strong></span> <span class='ocrx_word' id='word_1_128' title='bbox 473 1697 630 1755; x_wconf 89' lang='lat' dir='ltr'><strong>Unde</strong></span> <span class='ocrx_word' id='word_1_129' title='bbox 661 1702 784 1769; x_wconf 87' lang='lat' dir='ltr'><strong>apte</strong></span> <span class='ocrx_word' id='word_1_130' title='bbox 812 1694 1129 1768; x_wconf 87' lang='lat' dir='ltr'><strong>subjungit:</strong></span> <span class='ocrx_word' id='word_1_131' title='bbox 1171 1698 1249 1753; x_wconf 89' lang='lat' dir='ltr'><strong>Et</strong></span> <span class='ocrx_word' id='word_1_132' title='bbox 1285 1713 1407 1753; x_wconf 87' lang='lat' dir='ltr'><strong>ossa</strong></span> <span class='ocrx_word' id='word_1_133' title='bbox 1451 1714 1567 1753; x_wconf 87' lang='lat' dir='ltr'><strong>mea</strong></span> <span class='ocrx_word' id='word_1_134' title='bbox 1602 1705 1867 1754; x_wconf 75' lang='lat' dir='ltr'><strong>aruerunt</strong></span> 
     </span>
    </p>
   </div>
   <div class='ocr_carea' id='block_1_18' title="bbox 272 1784 1868 1858">
    <p class='ocr_par' dir='ltr' id='par_1_18' title="bbox 272 1784 1868 1858">
     <span class='ocr_line' id='line_1_18' title="bbox 272 1784 1868 1858; baseline -0.001 -17"><span class='ocrx_word' id='word_1_135' title='bbox 272 1802 372 1858; x_wconf 76' lang='lat' dir='ltr'><strong>pra:</strong></span> <span class='ocrx_word' id='word_1_136' title='bbox 396 1792 655 1843; x_wconf 82' lang='lat' dir='ltr'><strong>caumate.</strong></span> <span class='ocrx_word' id='word_1_137' title='bbox 685 1785 777 1842; x_wconf 91' lang='lat' dir='ltr'><strong>Sic</strong></span> <span class='ocrx_word' id='word_1_138' title='bbox 820 1801 1064 1857; x_wconf 88' lang='lat' dir='ltr'><strong>namque</strong></span> <span class='ocrx_word' id='word_1_139' title='bbox 1092 1791 1148 1841; x_wconf 91' lang='lat' dir='ltr'><strong>et</strong></span> <span class='ocrx_word' id='word_1_140' title='bbox 1175 1784 1348 1857; x_wconf 89' lang='lat' dir='ltr'><strong>priori</strong></span> <span class='ocrx_word' id='word_1_141' title='bbox 1377 1791 1624 1858; x_wconf 90' lang='lat' dir='ltr'><strong>tempore</strong></span> <span class='ocrx_word' id='word_1_142' title='bbox 1654 1802 1715 1841; x_wconf 91' lang='lat' dir='ltr'><strong>os</strong></span> <span class='ocrx_word' id='word_1_143' title='bbox 1742 1785 1868 1841; x_wconf 83' lang='lat' dir='ltr'><strong>for-</strong></span> 
     </span>
    </p>
   </div>
   <div class='ocr_carea' id='block_1_19' title="bbox 272 1873 1864 1949">
    <p class='ocr_par' dir='ltr' id='par_1_19' title="bbox 272 1873 1864 1949">
     <span class='ocr_line' id='line_1_19' title="bbox 272 1873 1864 1949; baseline -0.002 -17"><span class='ocrx_word' id='word_1_144' title='bbox 272 1875 542 1933; x_wconf 88' lang='lat' dir='ltr'><strong>tissimum</strong></span> <span class='ocrx_word' id='word_1_145' title='bbox 591 1881 790 1932; x_wconf 61' lang='lat' dir='ltr'><strong>sanctas</strong></span> <span class='ocrx_word' id='word_1_146' title='bbox 834 1874 1094 1933; x_wconf 85' lang='lat' dir='ltr'><strong>Ecclesiae</strong></span> <span class='ocrx_word' id='word_1_147' title='bbox 1142 1875 1375 1949; x_wconf 87' lang='lat' dir='ltr'><strong>quadam</strong></span> <span class='ocrx_word' id='word_1_148' title='bbox 1417 1875 1672 1932; x_wconf 88' lang='lat' dir='ltr'><strong>ariditate</strong></span> <span class='ocrx_word' id='word_1_149' title='bbox 1710 1873 1864 1931; x_wconf 83' lang='lat' dir='ltr'><strong>taedii</strong></span> 
     </span>
    </p>
   </div>
   <div class='ocr_carea' id='block_1_20' title="bbox 271 1965 1860 2041">
    <p class='ocr_par' dir='ltr' id='par_1_20' title="bbox 271 1965 1860 2041">
     <span class='ocr_line' id='line_1_20' title="bbox 271 1965 1860 2041; baseline -0.002 -18"><span class='ocrx_word' id='word_1_150' title='bbox 271 1966 471 2023; x_wconf 86' lang='lat' dir='ltr'><strong>Paulus</strong></span> <span class='ocrx_word' id='word_1_151' title='bbox 489 1965 769 2035; x_wconf 73' lang='lat' dir='ltr'><strong>aestuabat,</strong></span> <span class='ocrx_word' id='word_1_152' title='bbox 785 1983 911 2024; x_wconf 91' lang='lat' dir='ltr'><strong>cum</strong></span> <span class='ocrx_word' id='word_1_153' title='bbox 933 1965 1263 2041; x_wconf 89' lang='lat' dir='ltr'><strong>quibusdam</strong></span> <span class='ocrx_word' id='word_1_154' title='bbox 1280 1966 1603 2024; x_wconf 88' lang='lat' dir='ltr'><strong>cadentibus</strong></span> <span class='ocrx_word' id='word_1_155' title='bbox 1621 1965 1831 2023; x_wconf 88' lang='lat' dir='ltr'><strong>diceret</strong></span> <span class='ocrx_word' id='word_1_156' title='bbox 1849 1982 1860 2021; x_wconf 92' lang='lat'><strong>:</strong></span> 
     </span>
    </p>
   </div>
   <div class='ocr_carea' id='block_1_21' title="bbox 273 2054 1867 2129">
    <p class='ocr_par' dir='ltr' id='par_1_21' title="bbox 273 2054 1867 2129">
     <span class='ocr_line' id='line_1_21' title="bbox 273 2054 1867 2129; baseline 0.001 -20"><span class='ocrx_word' id='word_1_157' title='bbox 273 2055 397 2124; x_wconf 83' lang='lat' dir='ltr'><strong>Quis</strong></span> <span class='ocrx_word' id='word_1_158' title='bbox 424 2054 764 2129; x_wconf 72' lang='lat' dir='ltr'><strong>inﬁrmatur,</strong></span> <span class='ocrx_word' id='word_1_159' title='bbox 802 2062 852 2111; x_wconf 87' lang='lat' dir='ltr'><strong>et</strong></span> <span class='ocrx_word' id='word_1_160' title='bbox 896 2073 983 2129; x_wconf 90' lang='lat' dir='ltr'><strong>ego</strong></span> <span class='ocrx_word' id='word_1_161' title='bbox 1028 2073 1138 2111; x_wconf 87' lang='lat' dir='ltr'><strong>non</strong></span> <span class='ocrx_word' id='word_1_162' title='bbox 1158 2057 1409 2128; x_wconf 81' lang='lat' dir='ltr'><strong>inﬁrmor</strong></span> <span class='ocrx_word' id='word_1_163' title='bbox 1426 2058 1454 2113; x_wconf 76' lang='lat'><strong><em>?</em></strong></span> <span class='ocrx_word' id='word_1_164' title='bbox 1482 2056 1600 2128; x_wconf 89' lang='lat' dir='ltr'><strong>quis</strong></span> <span class='ocrx_word' id='word_1_165' title='bbox 1629 2054 1867 2111; x_wconf 86' lang='lat' dir='ltr'><strong>scanda-</strong></span> 
     </span>
    </p>
   </div>
   <div class='ocr_carea' id='block_1_22' title="bbox 272 2144 1867 2219">
    <p class='ocr_par' dir='ltr' id='par_1_22' title="bbox 272 2144 1867 2219">
     <span class='ocr_line' id='line_1_22' title="bbox 272 2144 1867 2219; baseline 0.001 -20"><span class='ocrx_word' id='word_1_166' title='bbox 272 2145 487 2210; x_wconf 79' lang='lat' dir='ltr'><strong>lizatur,</strong></span> <span class='ocrx_word' id='word_1_167' title='bbox 518 2152 568 2200; x_wconf 88' lang='lat' dir='ltr'><strong>et</strong></span> <span class='ocrx_word' id='word_1_168' title='bbox 594 2164 682 2219; x_wconf 95' lang='lat' dir='ltr'><strong>ego</strong></span> <span class='ocrx_word' id='word_1_169' title='bbox 708 2163 818 2201; x_wconf 88' lang='lat' dir='ltr'><strong>non</strong></span> <span class='ocrx_word' id='word_1_170' title='bbox 845 2162 980 2202; x_wconf 90' lang='lat' dir='ltr'><strong>uror</strong></span> <span class='ocrx_word' id='word_1_171' title='bbox 997 2145 1095 2218; x_wconf 90' lang='lat' dir='ltr'><strong>(II</strong></span> <span class='ocrx_word' id='word_1_172' title='bbox 1122 2147 1248 2204; x_wconf 85' lang='lat' dir='ltr'><strong>Cor.</strong></span> <span class='ocrx_word' id='word_1_173' title='bbox 1272 2164 1355 2215; x_wconf 72' lang='grc' dir='ltr'><strong>χι,</strong></span> <span class='ocrx_word' id='word_1_174' title='bbox 1380 2145 1474 2217; x_wconf 80' lang='lat'><strong>29)</strong></span> <span class='ocrx_word' id='word_1_175' title='bbox 1499 2146 1527 2203; x_wconf 82' lang='lat'><strong>?</strong></span> <span class='ocrx_word' id='word_1_176' title='bbox 1554 2144 1711 2204; x_wconf 89' lang='lat' dir='ltr'><strong>Cutis</strong></span> <span class='ocrx_word' id='word_1_177' title='bbox 1738 2161 1867 2216; x_wconf 88' lang='lat' dir='ltr'><strong>ergo</strong></span> 
     </span>
    </p>
   </div>
   <div class='ocr_carea' id='block_1_23' title="bbox 273 2231 1868 2306">
    <p class='ocr_par' dir='ltr' id='par_1_23' title="bbox 273 2231 1868 2306">
     <span class='ocr_line' id='line_1_23' title="bbox 273 2231 1868 2306; baseline -0.001 -18"><span class='ocrx_word' id='word_1_178' title='bbox 273 2232 606 2306; x_wconf 81' lang='lat' dir='ltr'><strong>denigratur,</strong></span> <span class='ocrx_word' id='word_1_179' title='bbox 632 2242 687 2290; x_wconf 90' lang='lat' dir='ltr'><strong>et</strong></span> <span class='ocrx_word' id='word_1_180' title='bbox 714 2250 837 2291; x_wconf 91' lang='lat' dir='ltr'><strong>ossa</strong></span> <span class='ocrx_word' id='word_1_181' title='bbox 867 2250 979 2306; x_wconf 88' lang='lat' dir='ltr'><strong>prae</strong></span> <span class='ocrx_word' id='word_1_182' title='bbox 1008 2240 1257 2292; x_wconf 87' lang='lat' dir='ltr'><strong>caumate</strong></span> <span class='ocrx_word' id='word_1_183' title='bbox 1286 2239 1562 2302; x_wconf 90' lang='lat' dir='ltr'><strong>arescunt,</strong></span> <span class='ocrx_word' id='word_1_184' title='bbox 1585 2233 1717 2306; x_wconf 87' lang='lat' dir='ltr'><strong>quia</strong></span> <span class='ocrx_word' id='word_1_185' title='bbox 1735 2231 1868 2288; x_wconf 90' lang='lat' dir='ltr'><strong>dum</strong></span> 
     </span>
    </p>
   </div>
   <div class='ocr_carea' id='block_1_24' title="bbox 269 2319 1870 2397">
    <p class='ocr_par' dir='ltr' id='par_1_24' title="bbox 269 2319 1870 2397">
     <span class='ocr_line' id='line_1_24' title="bbox 269 2319 1870 2397; baseline -0.001 -21"><span class='ocrx_word' id='word_1_186' title='bbox 269 2321 469 2378; x_wconf 85' lang='lat' dir='ltr'><strong>inﬁrmi</strong></span> <span class='ocrx_word' id='word_1_187' title='bbox 504 2323 578 2380; x_wconf 91' lang='lat' dir='ltr'><strong>ad</strong></span> <span class='ocrx_word' id='word_1_188' title='bbox 609 2322 959 2397; x_wconf 84' lang='lat' dir='ltr'><strong>iniquitatem</strong></span> <span class='ocrx_word' id='word_1_189' title='bbox 987 2322 1307 2396; x_wconf 88' lang='lat' dir='ltr'><strong>prosiliunt,</strong></span> <span class='ocrx_word' id='word_1_190' title='bbox 1341 2323 1510 2379; x_wconf 85' lang='lat' dir='ltr'><strong>fortes</strong></span> <span class='ocrx_word' id='word_1_191' title='bbox 1537 2322 1743 2396; x_wconf 88' lang='lat' dir='ltr'><strong>quique</strong></span> <span class='ocrx_word' id='word_1_192' title='bbox 1767 2319 1870 2378; x_wconf 88' lang='lat' dir='ltr'><strong>zeli</strong></span> 
     </span>
    </p>
   </div>
   <div class='ocr_carea' id='block_1_25' title="bbox 269 2411 1206 2486">
    <p class='ocr_par' dir='ltr' id='par_1_25' title="bbox 269 2411 1206 2486">
     <span class='ocr_line' id='line_1_25' title="bbox 269 2411 1206 2486; baseline 0.003 -20"><span class='ocrx_word' id='word_1_193' title='bbox 269 2411 347 2467; x_wconf 87' lang='lat' dir='ltr'><strong>sui</strong></span> <span class='ocrx_word' id='word_1_194' title='bbox 373 2412 503 2484; x_wconf 90' lang='lat' dir='ltr'><strong>igne</strong></span> <span class='ocrx_word' id='word_1_195' title='bbox 533 2412 878 2470; x_wconf 88' lang='lat' dir='ltr'><strong>cruciantur.</strong></span> <span class='ocrx_word' id='word_1_196' title='bbox 910 2413 1169 2486; x_wconf 85' lang='lat' dir='ltr'><strong>Sequitur</strong></span> <span class='ocrx_word' id='word_1_197' title='bbox 1194 2430 1206 2469; x_wconf 89' lang='lat'>:</span> 
     </span>
    </p>
   </div>
   <div class='ocr_carea' id='block_1_26' title="bbox 471 2499 1659 2575">
    <p class='ocr_par' dir='ltr' id='par_1_26' title="bbox 471 2499 1659 2575">
     <span class='ocr_line' id='line_1_26' title="bbox 471 2499 1659 2575; baseline -0.004 -15"><span class='ocrx_word' id='word_1_198' title='bbox 471 2502 709 2560; x_wconf 77' lang='lat' dir='ltr'><strong>CAPUT</strong></span> <span class='ocrx_word' id='word_1_199' title='bbox 742 2503 872 2558; x_wconf 85' lang='lat' dir='ltr'><strong>XLI</strong></span> <span class='ocrx_word' id='word_1_200' title='bbox 901 2501 1041 2575; x_wconf 74' lang='grc' dir='ltr'>[γει.</span> <span class='ocrx_word' id='word_1_201' title='bbox 1072 2502 1243 2569; x_wconf 88' lang='grc' dir='ltr'><strong><em>ΧΧΧ,</em></strong></span> <span class='ocrx_word' id='word_1_202' title='bbox 1273 2504 1396 2558; x_wconf 84' lang='lat' dir='ltr'><strong>Rec.</strong></span> <span class='ocrx_word' id='word_1_203' title='bbox 1428 2499 1659 2575; x_wconf 72' lang='lat' dir='ltr'><strong>XXXI].</strong></span> 
     </span>
    </p>
   </div>
   <div class='ocr_carea' id='block_1_27' title="bbox 326 2584 1875 2660">
    <p class='ocr_par' dir='ltr' id='par_1_27' title="bbox 326 2584 1875 2660">
     <span class='ocr_line' id='line_1_27' title="bbox 326 2584 1875 2660; baseline 0.001 -14"><span class='ocrx_word' id='word_1_204' title='bbox 326 2590 511 2646; x_wconf 72' lang='lat' dir='ltr'><strong>Vnus.</strong></span> <span class='ocrx_word' id='word_1_205' title='bbox 551 2584 641 2644; x_wconf 75' lang='lat'><strong>31.</strong></span> <span class='ocrx_word' id='word_1_206' title='bbox 672 2618 744 2630; x_wconf 92' lang='lat'><strong><em>—</em></strong></span> <span class='ocrx_word' id='word_1_207' title='bbox 791 2589 955 2647; x_wconf 84' lang='lat' dir='ltr'><strong>Versa</strong></span> <span class='ocrx_word' id='word_1_208' title='bbox 994 2595 1068 2643; x_wconf 86' lang='lat' dir='ltr'><strong>est</strong></span> <span class='ocrx_word' id='word_1_209' title='bbox 1107 2588 1164 2642; x_wconf 86' lang='lat' dir='ltr'><strong>in</strong></span> <span class='ocrx_word' id='word_1_210' title='bbox 1197 2589 1391 2644; x_wconf 81' lang='lat' dir='ltr'><strong>luctum</strong></span> <span class='ocrx_word' id='word_1_211' title='bbox 1430 2588 1637 2646; x_wconf 76' lang='lat' dir='ltr'><strong>cithara</strong></span> <span class='ocrx_word' id='word_1_212' title='bbox 1664 2606 1798 2660; x_wconf 87' lang='lat' dir='ltr'><strong>mea,</strong></span> <span class='ocrx_word' id='word_1_213' title='bbox 1828 2597 1875 2647; x_wconf 90' lang='lat' dir='ltr'><strong>et</strong></span> 
     </span>
    </p>
   </div>
   <div class='ocr_carea' id='block_1_28' title="bbox 263 2675 1301 2751">
    <p class='ocr_par' dir='ltr' id='par_1_28' title="bbox 263 2675 1301 2751">
     <span class='ocr_line' id='line_1_28' title="bbox 263 2675 1301 2751; baseline -0.003 -16"><span class='ocrx_word' id='word_1_214' title='bbox 263 2693 535 2751; x_wconf 79' lang='lat' dir='ltr'><strong>organum</strong></span> <span class='ocrx_word' id='word_1_215' title='bbox 569 2692 741 2733; x_wconf 88' lang='lat' dir='ltr'><strong>meum</strong></span> <span class='ocrx_word' id='word_1_216' title='bbox 762 2675 821 2731; x_wconf 89' lang='lat' dir='ltr'><strong>in</strong></span> <span class='ocrx_word' id='word_1_217' title='bbox 850 2693 1019 2731; x_wconf 85' lang='lat' dir='ltr'><strong>vocem</strong></span> <span class='ocrx_word' id='word_1_218' title='bbox 1045 2676 1301 2747; x_wconf 82' lang='lat' dir='ltr'><strong>ﬂentium.</strong></span> 
     </span>
    </p>
   </div>
   <div class='ocr_carea' id='block_1_29' title="bbox 321 2763 1870 2838">
    <p class='ocr_par' dir='ltr' id='par_1_29' title="bbox 321 2763 1870 2838">
     <span class='ocr_line' id='line_1_29' title="bbox 321 2763 1870 2838; baseline -0.001 -14"><span class='ocrx_word' id='word_1_219' title='bbox 321 2767 412 2825; x_wconf 87' lang='lat'><strong>78.</strong></span> <span class='ocrx_word' id='word_1_220' title='bbox 460 2765 623 2825; x_wconf 79' lang='lat' dir='ltr'><strong>Verbi</strong></span> <span class='ocrx_word' id='word_1_221' title='bbox 639 2763 813 2821; x_wconf 82' lang='lat' dir='ltr'><strong>divini</strong></span> <span class='ocrx_word' id='word_1_222' title='bbox 835 2764 1092 2831; x_wconf 75' lang='lat' dir='ltr'><strong>ministri,</strong></span> <span class='ocrx_word' id='word_1_223' title='bbox 1113 2782 1231 2820; x_wconf 87' lang='lat' dir='ltr'><strong>cum</strong></span> <span class='ocrx_word' id='word_1_224' title='bbox 1251 2763 1634 2837; x_wconf 86' lang='lat' dir='ltr'><strong>despiciuntur,</strong></span> <span class='ocrx_word' id='word_1_225' title='bbox 1656 2767 1870 2838; x_wconf 79' lang='lat' dir='ltr'><strong>sileant,</strong></span> 
     </span>
    </p>
   </div>
   <div class='ocr_carea' id='block_1_30' title="bbox 265 2854 1875 2930">
    <p class='ocr_par' dir='ltr' id='par_1_30' title="bbox 265 2854 1875 2930">
     <span class='ocr_line' id='line_1_30' title="bbox 265 2854 1875 2930; baseline -0.001 -17"><span class='ocrx_word' id='word_1_226' title='bbox 265 2863 307 2913; x_wconf 87' lang='lat' dir='ltr'><strong>et</strong></span> <span class='ocrx_word' id='word_1_227' title='bbox 329 2857 400 2914; x_wconf 88' lang='lat' dir='ltr'><strong>ad</strong></span> <span class='ocrx_word' id='word_1_228' title='bbox 420 2855 753 2930; x_wconf 64' lang='lat' dir='ltr'><strong>paenitentia:</strong></span> <span class='ocrx_word' id='word_1_229' title='bbox 781 2855 978 2910; x_wconf 81' lang='lat' dir='ltr'><strong>luctum</strong></span> <span class='ocrx_word' id='word_1_230' title='bbox 1005 2854 1334 2926; x_wconf 74' lang='lat' dir='ltr'><strong>confugiant.</strong></span> <span class='ocrx_word' id='word_1_231' title='bbox 1366 2854 1753 2912; x_wconf 85' lang='lat' dir='ltr'><strong>Abstinentiam</strong></span> <span class='ocrx_word' id='word_1_232' title='bbox 1780 2856 1875 2912; x_wconf 91' lang='lat' dir='ltr'><strong>di-</strong></span> 
     </span>
    </p>
   </div>
   <div class='ocr_carea' id='block_1_31' title="bbox 260 2942 1874 3021">
    <p class='ocr_par' dir='ltr' id='par_1_31' title="bbox 260 2942 1874 3021">
     <span class='ocr_line' id='line_1_31' title="bbox 260 2942 1874 3021; baseline 0.001 -18"><span class='ocrx_word' id='word_1_233' title='bbox 260 2947 441 3021; x_wconf 59' lang='lat' dir='ltr'><strong>scretio</strong></span> <span class='ocrx_word' id='word_1_234' title='bbox 484 2945 813 3001; x_wconf 81' lang='lat' dir='ltr'><strong>moderetur.</strong></span> <span class='ocrx_word' id='word_1_235' title='bbox 867 2942 1008 3003; x_wconf 87' lang='lat' dir='ltr'><strong>Vitia</strong></span> <span class='ocrx_word' id='word_1_236' title='bbox 1061 2944 1241 3000; x_wconf 86' lang='lat' dir='ltr'><strong>carnis</strong></span> <span class='ocrx_word' id='word_1_237' title='bbox 1286 2946 1716 3018; x_wconf 70' lang='lat' dir='ltr'><strong>eastinguantur,</strong></span> <span class='ocrx_word' id='word_1_238' title='bbox 1766 2963 1874 3003; x_wconf 87' lang='lat' dir='ltr'><strong>non</strong></span> 
     </span>
    </p>
   </div>
   <div class='ocr_carea' id='block_1_32' title="bbox 268 3033 1875 3110">
    <p class='ocr_par' dir='ltr' id='par_1_32' title="bbox 268 3033 1875 3110">
     <span class='ocr_line' id='line_1_32' title="bbox 268 3033 1875 3110; baseline -0.001 -17"><span class='ocrx_word' id='word_1_239' title='bbox 268 3052 405 3093; x_wconf 87' lang='lat' dir='ltr'><strong>caro.</strong></span> <span class='ocrx_word' id='word_1_240' title='bbox 440 3066 515 3079; x_wconf 92' lang='lat'><strong><em>—</em></strong></span> <span class='ocrx_word' id='word_1_241' title='bbox 564 3033 710 3103; x_wconf 88' lang='lat' dir='ltr'><strong>Quia</strong></span> <span class='ocrx_word' id='word_1_242' title='bbox 755 3049 1023 3106; x_wconf 84' lang='lat' dir='ltr'><strong>organum</strong></span> <span class='ocrx_word' id='word_1_243' title='bbox 1065 3050 1162 3106; x_wconf 90' lang='lat' dir='ltr'><strong>per</strong></span> <span class='ocrx_word' id='word_1_244' title='bbox 1189 3033 1423 3105; x_wconf 90' lang='lat' dir='ltr'><strong>ﬁstulas,</strong></span> <span class='ocrx_word' id='word_1_245' title='bbox 1454 3042 1509 3092; x_wconf 93' lang='lat' dir='ltr'><strong>et</strong></span> <span class='ocrx_word' id='word_1_246' title='bbox 1538 3036 1751 3093; x_wconf 88' lang='lat' dir='ltr'><strong>cithara</strong></span> <span class='ocrx_word' id='word_1_247' title='bbox 1778 3052 1875 3110; x_wconf 91' lang='lat' dir='ltr'><strong>per</strong></span> 
     </span>
    </p>
   </div>
   <div class='ocr_carea' id='block_1_33' title="bbox 270 3123 1873 3198">
    <p class='ocr_par' dir='ltr' id='par_1_33' title="bbox 270 3123 1873 3198">
     <span class='ocr_line' id='line_1_33' title="bbox 270 3123 1873 3198; baseline -0.001 -14"><span class='ocrx_word' id='word_1_248' title='bbox 270 3124 494 3184; x_wconf 85' lang='lat' dir='ltr'><strong>chordas</strong></span> <span class='ocrx_word' id='word_1_249' title='bbox 535 3129 722 3194; x_wconf 86' lang='lat' dir='ltr'><strong>sonat,</strong></span> <span class='ocrx_word' id='word_1_250' title='bbox 769 3129 950 3196; x_wconf 86' lang='lat' dir='ltr'><strong>potest</strong></span> <span class='ocrx_word' id='word_1_251' title='bbox 977 3138 1074 3195; x_wconf 89' lang='lat' dir='ltr'><strong>per</strong></span> <span class='ocrx_word' id='word_1_252' title='bbox 1101 3123 1370 3181; x_wconf 87' lang='lat' dir='ltr'><strong>citharam</strong></span> <span class='ocrx_word' id='word_1_253' title='bbox 1417 3132 1565 3182; x_wconf 89' lang='lat' dir='ltr'><strong>recta</strong></span> <span class='ocrx_word' id='word_1_254' title='bbox 1606 3125 1873 3198; x_wconf 90' lang='lat' dir='ltr'><strong>operatio,</strong></span> 
     </span>
    </p>
   </div>
   <div class='ocr_carea' id='block_1_34' title="bbox 273 3212 1883 3295">
    <p class='ocr_par' dir='ltr' id='par_1_34' title="bbox 273 3212 1883 3295">
     <span class='ocr_line' id='line_1_34' title="bbox 273 3212 1883 3295; baseline 0.001 -24"><span class='ocrx_word' id='word_1_255' title='bbox 273 3220 408 3279; x_wconf 83' lang='lat'><strong>6&#39;75</strong></span> <span class='ocrx_word' id='word_1_256' title='bbox 427 3232 527 3289; x_wconf 92' lang='lat' dir='ltr'><strong>per</strong></span> <span class='ocrx_word' id='word_1_257' title='bbox 555 3230 826 3287; x_wconf 82' lang='lat' dir='ltr'><strong>organum</strong></span> <span class='ocrx_word' id='word_1_258' title='bbox 855 3228 989 3268; x_wconf 89' lang='lat' dir='ltr'><strong>vero</strong></span> <span class='ocrx_word' id='word_1_259' title='bbox 1009 3219 1198 3269; x_wconf 88' lang='lat' dir='ltr'><strong>sancta</strong></span> <span class='ocrx_word' id='word_1_260' title='bbox 1223 3212 1542 3286; x_wconf 82' lang='lat' dir='ltr'><strong>praedicatio</strong></span> <span class='ocrx_word' id='word_1_261' title='bbox 1572 3214 1883 3295; x_wconf 80' lang='lat' dir='ltr'><strong>designari.</strong></span> 
     </span>
    </p>
   </div>
   <div class='ocr_carea' id='block_1_35' title="bbox 274 3310 1877 3386">
    <p class='ocr_par' dir='ltr' id='par_1_35' title="bbox 274 3310 1877 3386">
     <span class='ocr_line' id='line_1_35' title="bbox 274 3310 1877 3386; baseline -0.001 -17"><span class='ocrx_word' id='word_1_262' title='bbox 274 3312 368 3368; x_wconf 90' lang='lat' dir='ltr'><strong>Per</strong></span> <span class='ocrx_word' id='word_1_263' title='bbox 416 3311 636 3369; x_wconf 89' lang='lat' dir='ltr'><strong>ﬁstulas</strong></span> <span class='ocrx_word' id='word_1_264' title='bbox 681 3310 886 3384; x_wconf 89' lang='lat' dir='ltr'><strong>quippe</strong></span> <span class='ocrx_word' id='word_1_265' title='bbox 928 3310 1117 3383; x_wconf 88' lang='lat' dir='ltr'><strong>organi</strong></span> <span class='ocrx_word' id='word_1_266' title='bbox 1164 3327 1261 3369; x_wconf 88' lang='lat' dir='ltr'><strong>ora</strong></span> <span class='ocrx_word' id='word_1_267' title='bbox 1300 3312 1745 3384; x_wconf 67' lang='lat' dir='ltr'><strong>praedicantium,</strong></span> <span class='ocrx_word' id='word_1_268' title='bbox 1778 3328 1877 3386; x_wconf 89' lang='lat' dir='ltr'><strong>per</strong></span> 
     </span>
    </p>
   </div>
   <div class='ocr_carea' id='block_1_36' title="bbox 276 3400 1874 3462">
    <p class='ocr_par' dir='ltr' id='par_1_36' title="bbox 276 3400 1874 3462">
     <span class='ocr_line' id='line_1_36' title="bbox 276 3400 1874 3462; baseline 0 -3"><span class='ocrx_word' id='word_1_269' title='bbox 276 3401 503 3460; x_wconf 83' lang='lat' dir='ltr'><strong>chordas</strong></span> <span class='ocrx_word' id='word_1_270' title='bbox 528 3417 665 3459; x_wconf 87' lang='lat' dir='ltr'><strong>vero</strong></span> <span class='ocrx_word' id='word_1_271' title='bbox 707 3401 934 3460; x_wconf 63' lang='lat' dir='ltr'><strong>citharae</strong></span> <span class='ocrx_word' id='word_1_272' title='bbox 979 3400 1344 3459; x_wconf 89' lang='lat' dir='ltr'><strong>intentionem</strong></span> <span class='ocrx_word' id='word_1_273' title='bbox 1388 3410 1534 3462; x_wconf 91' lang='lat' dir='ltr'><strong>recte</strong></span> <span class='ocrx_word' id='word_1_274' title='bbox 1562 3403 1874 3460; x_wconf 85' lang='lat' dir='ltr'><strong>viventium</strong></span> 
     </span>
    </p>
   </div>
   <div class='ocr_carea' id='block_1_37' title="bbox 277 3489 1875 3564">
    <p class='ocr_par' dir='ltr' id='par_1_37' title="bbox 277 3489 1875 3564">
     <span class='ocr_line' id='line_1_37' title="bbox 277 3489 1875 3564; baseline 0.002 -17"><span class='ocrx_word' id='word_1_275' title='bbox 277 3508 384 3548; x_wconf 91' lang='lat' dir='ltr'><strong>non</strong></span> <span class='ocrx_word' id='word_1_276' title='bbox 413 3489 877 3549; x_wconf 88' lang='lat' dir='ltr'><strong>inconvenienter</strong></span> <span class='ocrx_word' id='word_1_277' title='bbox 913 3490 1236 3564; x_wconf 91' lang='lat' dir='ltr'><strong>accipimus.</strong></span> <span class='ocrx_word' id='word_1_278' title='bbox 1280 3492 1413 3560; x_wconf 82' lang='lat' dir='ltr'><strong>Quae</strong></span> <span class='ocrx_word' id='word_1_279' title='bbox 1439 3493 1574 3550; x_wconf 90' lang='lat' dir='ltr'><strong>dum</strong></span> <span class='ocrx_word' id='word_1_280' title='bbox 1603 3492 1673 3549; x_wconf 88' lang='lat' dir='ltr'><strong>ad</strong></span> <span class='ocrx_word' id='word_1_281' title='bbox 1701 3493 1875 3550; x_wconf 86' lang='lat' dir='ltr'><strong>vitam</strong></span> 
     </span>
    </p>
   </div>
   <div class='ocr_carea' id='block_1_38' title="bbox 276 3580 1877 3656">
    <p class='ocr_par' dir='ltr' id='par_1_38' title="bbox 276 3580 1877 3656">
     <span class='ocr_line' id='line_1_38' title="bbox 276 3580 1877 3656; baseline 0.002 -18"><span class='ocrx_word' id='word_1_282' title='bbox 276 3581 440 3638; x_wconf 89' lang='lat' dir='ltr'><strong>aliam</strong></span> <span class='ocrx_word' id='word_1_283' title='bbox 464 3599 569 3655; x_wconf 86' lang='lat' dir='ltr'><strong>per</strong></span> <span class='ocrx_word' id='word_1_284' title='bbox 596 3581 946 3638; x_wconf 87' lang='lat' dir='ltr'><strong>aﬁlictionem</strong></span> <span class='ocrx_word' id='word_1_285' title='bbox 975 3580 1160 3640; x_wconf 90' lang='lat' dir='ltr'><strong>carnis</strong></span> <span class='ocrx_word' id='word_1_286' title='bbox 1186 3582 1460 3653; x_wconf 86' lang='lat' dir='ltr'><strong>tenditur,</strong></span> <span class='ocrx_word' id='word_1_287' title='bbox 1495 3584 1513 3619; x_wconf 78' lang='grc' dir='ltr'>ί</span> <span class='ocrx_word' id='word_1_288' title='bbox 1542 3583 1699 3656; x_wconf 89' lang='lat' dir='ltr'><strong>quasi</strong></span> <span class='ocrx_word' id='word_1_289' title='bbox 1729 3590 1877 3641; x_wconf 88' lang='lat' dir='ltr'><strong>exte-</strong></span> 
     </span>
    </p>
   </div>
   <div class='ocr_carea' id='block_1_39' title="bbox 280 3669 1878 3744">
    <p class='ocr_par' dir='ltr' id='par_1_39' title="bbox 280 3669 1878 3744">
     <span class='ocr_line' id='line_1_39' title="bbox 280 3669 1878 3744; baseline 0.003 -17"><span class='ocrx_word' id='word_1_290' title='bbox 280 3678 451 3727; x_wconf 87' lang='lat' dir='ltr'><strong>nuata</strong></span> <span class='ocrx_word' id='word_1_291' title='bbox 477 3669 689 3726; x_wconf 88' lang='lat' dir='ltr'><strong>chorda</strong></span> <span class='ocrx_word' id='word_1_292' title='bbox 726 3669 785 3725; x_wconf 90' lang='lat' dir='ltr'><strong>in</strong></span> <span class='ocrx_word' id='word_1_293' title='bbox 812 3670 1019 3728; x_wconf 87' lang='lat' dir='ltr'><strong>cithara</strong></span> <span class='ocrx_word' id='word_1_294' title='bbox 1046 3688 1144 3744; x_wconf 90' lang='lat' dir='ltr'><strong>per</strong></span> <span class='ocrx_word' id='word_1_295' title='bbox 1175 3671 1514 3729; x_wconf 90' lang='lat' dir='ltr'><strong>intuentium</strong></span> <span class='ocrx_word' id='word_1_296' title='bbox 1543 3672 1878 3731; x_wconf 88' lang='lat' dir='ltr'><strong>admiratio-</strong></span> 
     </span>
    </p>
   </div>
   <div class='ocr_carea' id='block_1_40' title="bbox 280 3759 1876 3835">
    <p class='ocr_par' dir='ltr' id='par_1_40' title="bbox 280 3759 1876 3835">
     <span class='ocr_line' id='line_1_40' title="bbox 280 3759 1876 3835; baseline 0.002 -18"><span class='ocrx_word' id='word_1_297' title='bbox 280 3777 407 3818; x_wconf 87' lang='lat' dir='ltr'><strong>nem</strong></span> <span class='ocrx_word' id='word_1_298' title='bbox 432 3767 613 3818; x_wconf 88' lang='lat' dir='ltr'><strong>sonat.</strong></span> <span class='ocrx_word' id='word_1_299' title='bbox 645 3759 887 3819; x_wconf 87' lang='lat' dir='ltr'><strong>Siccatur</strong></span> <span class='ocrx_word' id='word_1_300' title='bbox 914 3762 1121 3820; x_wconf 90' lang='lat' dir='ltr'><strong>etenim</strong></span> <span class='ocrx_word' id='word_1_301' title='bbox 1141 3760 1371 3831; x_wconf 87' lang='lat' dir='ltr'><strong>chorda,</strong></span> <span class='ocrx_word' id='word_1_302' title='bbox 1391 3769 1455 3818; x_wconf 91' lang='lat' dir='ltr'><strong>ut</strong></span> <span class='ocrx_word' id='word_1_303' title='bbox 1479 3778 1786 3835; x_wconf 89' lang='lat' dir='ltr'><strong>congruum</strong></span> <span class='ocrx_word' id='word_1_304' title='bbox 1816 3763 1876 3821; x_wconf 91' lang='lat' dir='ltr'><strong>in</strong></span> 
     </span>
    </p>
   </div>
   <div class='ocr_carea' id='block_1_41' title="bbox 280 3850 1879 3926">
    <p class='ocr_par' dir='ltr' id='par_1_41' title="bbox 280 3850 1879 3926">
     <span class='ocr_line' id='line_1_41' title="bbox 280 3850 1879 3926; baseline 0.002 -19"><span class='ocrx_word' id='word_1_305' title='bbox 280 3850 489 3907; x_wconf 89' lang='lat' dir='ltr'><strong>cithara</strong></span> <span class='ocrx_word' id='word_1_306' title='bbox 520 3856 747 3908; x_wconf 90' lang='lat' dir='ltr'><strong>cantum</strong></span> <span class='ocrx_word' id='word_1_307' title='bbox 775 3850 989 3921; x_wconf 88' lang='lat' dir='ltr'><strong>reddat,</strong></span> <span class='ocrx_word' id='word_1_308' title='bbox 1018 3851 1151 3925; x_wconf 89' lang='lat' dir='ltr'><strong>quia</strong></span> <span class='ocrx_word' id='word_1_309' title='bbox 1178 3858 1232 3908; x_wconf 92' lang='lat' dir='ltr'><strong>et</strong></span> <span class='ocrx_word' id='word_1_310' title='bbox 1262 3852 1440 3909; x_wconf 89' lang='lat' dir='ltr'><strong>sancti</strong></span> <span class='ocrx_word' id='word_1_311' title='bbox 1469 3850 1579 3908; x_wconf 89' lang='lat' dir='ltr'><strong>viri</strong></span> <span class='ocrx_word' id='word_1_312' title='bbox 1608 3852 1879 3926; x_wconf 89' lang='lat' dir='ltr'><strong>castigant</strong></span> 
     </span>
    </p>
   </div>
   <div class='ocr_carea' id='block_1_42' title="bbox 282 3940 1875 4017">
    <p class='ocr_par' dir='ltr' id='par_1_42' title="bbox 282 3940 1875 4017">
     <span class='ocr_line' id='line_1_42' title="bbox 282 3940 1875 4017; baseline 0.001 -19"><span class='ocrx_word' id='word_1_313' title='bbox 282 3956 471 4014; x_wconf 85' lang='lat' dir='ltr'><strong>corpus</strong></span> <span class='ocrx_word' id='word_1_314' title='bbox 498 3956 688 4010; x_wconf 90' lang='lat' dir='ltr'><strong>suum,</strong></span> <span class='ocrx_word' id='word_1_315' title='bbox 716 3948 772 3998; x_wconf 91' lang='lat' dir='ltr'><strong>et</strong></span> <span class='ocrx_word' id='word_1_316' title='bbox 797 3940 1054 3999; x_wconf 88' lang='lat' dir='ltr'><strong>servituti</strong></span> <span class='ocrx_word' id='word_1_317' title='bbox 1080 3940 1385 4016; x_wconf 88' lang='lat' dir='ltr'><strong>subjiciunt</strong></span> <span class='ocrx_word' id='word_1_318' title='bbox 1407 3941 1475 4012; x_wconf 93' lang='grc' dir='ltr'><strong>(Ι</strong></span> <span class='ocrx_word' id='word_1_319' title='bbox 1503 3942 1628 4000; x_wconf 86' lang='lat' dir='ltr'><strong>Cor.</strong></span> <span class='ocrx_word' id='word_1_320' title='bbox 1652 3959 1733 4013; x_wconf 81' lang='lat' dir='ltr'><strong>Ix,</strong></span> <span class='ocrx_word' id='word_1_321' title='bbox 1755 3943 1875 4017; x_wconf 82' lang='lat'><strong>27),</strong></span> 
     </span>
    </p>
   </div>
   <div class='ocr_carea' id='block_1_43' title="bbox 283 4029 1880 4104">
    <p class='ocr_par' dir='ltr' id='par_1_43' title="bbox 283 4029 1880 4104">
     <span class='ocr_line' id='line_1_43' title="bbox 283 4029 1880 4104; baseline 0.003 -19"><span class='ocrx_word' id='word_1_322' title='bbox 283 4037 435 4103; x_wconf 85' lang='lat' dir='ltr'><strong>atque</strong></span> <span class='ocrx_word' id='word_1_323' title='bbox 461 4031 532 4087; x_wconf 89' lang='lat' dir='ltr'><strong>ab</strong></span> <span class='ocrx_word' id='word_1_324' title='bbox 561 4030 773 4086; x_wconf 91' lang='lat' dir='ltr'><strong>inﬁmis</strong></span> <span class='ocrx_word' id='word_1_325' title='bbox 797 4029 867 4087; x_wconf 89' lang='lat' dir='ltr'><strong>ad</strong></span> <span class='ocrx_word' id='word_1_326' title='bbox 896 4030 1180 4104; x_wconf 90' lang='lat' dir='ltr'><strong>superiora</strong></span> <span class='ocrx_word' id='word_1_327' title='bbox 1210 4030 1231 4065; x_wconf 77' lang='grc'>³</span> <span class='ocrx_word' id='word_1_328' title='bbox 1271 4030 1595 4089; x_wconf 90' lang='lat' dir='ltr'><strong>tenduntur.</strong></span> <span class='ocrx_word' id='word_1_329' title='bbox 1629 4033 1880 4089; x_wconf 89' lang='lat' dir='ltr'><strong>Pensan-</strong></span> 
     </span>
    </p>
   </div>
   <div class='ocr_carea' id='block_1_44' title="bbox 285 4116 1879 4193">
    <p class='ocr_par' dir='ltr' id='par_1_44' title="bbox 285 4116 1879 4193">
     <span class='ocr_line' id='line_1_44' title="bbox 285 4116 1879 4193; baseline 0.003 -20"><span class='ocrx_word' id='word_1_330' title='bbox 285 4116 407 4174; x_wconf 90' lang='lat' dir='ltr'><strong>dum</strong></span> <span class='ocrx_word' id='word_1_331' title='bbox 444 4133 667 4193; x_wconf 89' lang='lat' dir='ltr'><strong>quoque</strong></span> <span class='ocrx_word' id='word_1_332' title='bbox 714 4126 797 4175; x_wconf 89' lang='lat' dir='ltr'><strong>est</strong></span> <span class='ocrx_word' id='word_1_333' title='bbox 843 4119 993 4193; x_wconf 89' lang='lat' dir='ltr'><strong>quod</strong></span> <span class='ocrx_word' id='word_1_334' title='bbox 1038 4119 1246 4177; x_wconf 90' lang='lat' dir='ltr'><strong>chorda</strong></span> <span class='ocrx_word' id='word_1_335' title='bbox 1287 4120 1346 4176; x_wconf 92' lang='lat' dir='ltr'><strong>in</strong></span> <span class='ocrx_word' id='word_1_336' title='bbox 1374 4120 1588 4177; x_wconf 87' lang='lat' dir='ltr'><strong>cithara</strong></span> <span class='ocrx_word' id='word_1_337' title='bbox 1615 4121 1662 4178; x_wconf 91' lang='lat' dir='ltr'><strong>si</strong></span> <span class='ocrx_word' id='word_1_338' title='bbox 1693 4121 1879 4179; x_wconf 91' lang='lat' dir='ltr'><strong>minus</strong></span> 
     </span>
    </p>
   </div>
   <div class='ocr_carea' id='block_1_45' title="bbox 288 4206 1881 4285">
    <p class='ocr_par' dir='ltr' id='par_1_45' title="bbox 288 4206 1881 4285">
     <span class='ocr_line' id='line_1_45' title="bbox 288 4206 1881 4285; baseline 0.002 -22"><span class='ocrx_word' id='word_1_339' title='bbox 288 4206 539 4278; x_wconf 87' lang='lat' dir='ltr'><strong>tenditur,</strong></span> <span class='ocrx_word' id='word_1_340' title='bbox 573 4224 687 4265; x_wconf 90' lang='lat' dir='ltr'><strong>non</strong></span> <span class='ocrx_word' id='word_1_341' title='bbox 719 4217 912 4278; x_wconf 89' lang='lat' dir='ltr'><strong>sonat;</strong></span> <span class='ocrx_word' id='word_1_342' title='bbox 937 4208 983 4266; x_wconf 92' lang='lat' dir='ltr'><strong>si</strong></span> <span class='ocrx_word' id='word_1_343' title='bbox 1004 4208 1260 4282; x_wconf 89' lang='lat' dir='ltr'><strong>amplius,</strong></span> <span class='ocrx_word' id='word_1_344' title='bbox 1287 4225 1513 4268; x_wconf 90' lang='lat' dir='ltr'><strong>raucum</strong></span> <span class='ocrx_word' id='word_1_345' title='bbox 1541 4219 1720 4281; x_wconf 89' lang='lat' dir='ltr'><strong>sonat,</strong></span> <span class='ocrx_word' id='word_1_346' title='bbox 1751 4211 1881 4285; x_wconf 90' lang='lat' dir='ltr'><strong>quia</strong></span> 
     </span>
    </p>
   </div>
   <div class='ocr_carea' id='block_1_46' title="bbox 289 4297 1880 4371">
    <p class='ocr_par' dir='ltr' id='par_1_46' title="bbox 289 4297 1880 4371">
     <span class='ocr_line' id='line_1_46' title="bbox 289 4297 1880 4371; baseline 0.003 -19"><span class='ocrx_word' id='word_1_347' title='bbox 289 4297 544 4356; x_wconf 91' lang='lat' dir='ltr'><strong>nimirum</strong></span> <span class='ocrx_word' id='word_1_348' title='bbox 576 4300 756 4357; x_wconf 89' lang='lat' dir='ltr'><strong>virtus</strong></span> <span class='ocrx_word' id='word_1_349' title='bbox 781 4299 1128 4358; x_wconf 74' lang='lat' dir='ltr'><strong>abstinentiae</strong></span> <span class='ocrx_word' id='word_1_350' title='bbox 1157 4307 1253 4357; x_wconf 90' lang='lat' dir='ltr'><strong>aut</strong></span> <span class='ocrx_word' id='word_1_351' title='bbox 1280 4301 1510 4358; x_wconf 91' lang='lat' dir='ltr'><strong>omnino</strong></span> <span class='ocrx_word' id='word_1_352' title='bbox 1534 4302 1689 4358; x_wconf 89' lang='lat' dir='ltr'><strong>nulla</strong></span> <span class='ocrx_word' id='word_1_353' title='bbox 1708 4310 1811 4371; x_wconf 90' lang='lat' dir='ltr'><strong>est,</strong></span> <span class='ocrx_word' id='word_1_354' title='bbox 1833 4302 1880 4358; x_wconf 90' lang='lat' dir='ltr'><strong>si</strong></span> 
     </span>
    </p>
   </div>
   <div class='ocr_carea' id='block_1_47' title="bbox 290 4390 1876 4465">
    <p class='ocr_par' dir='ltr' id='par_1_47' title="bbox 290 4390 1876 4465">
     <span class='ocr_line' id='line_1_47' title="bbox 290 4390 1876 4465; baseline 0.004 -22"><span class='ocrx_word' id='word_1_355' title='bbox 290 4394 494 4445; x_wconf 82' lang='lat' dir='ltr'><strong>tantum</strong></span> <span class='ocrx_word' id='word_1_356' title='bbox 524 4390 758 4465; x_wconf 88' lang='lat' dir='ltr'><strong>quisque</strong></span> <span class='ocrx_word' id='word_1_357' title='bbox 786 4408 984 4465; x_wconf 91' lang='lat' dir='ltr'><strong>corpus</strong></span> <span class='ocrx_word' id='word_1_358' title='bbox 1016 4407 1126 4448; x_wconf 91' lang='lat' dir='ltr'><strong>non</strong></span> <span class='ocrx_word' id='word_1_359' title='bbox 1151 4390 1369 4447; x_wconf 88' lang='lat' dir='ltr'><strong>edomat</strong></span> <span class='ocrx_word' id='word_1_360' title='bbox 1398 4399 1666 4465; x_wconf 90' lang='lat' dir='ltr'><strong>quantum</strong></span> <span class='ocrx_word' id='word_1_361' title='bbox 1695 4394 1876 4450; x_wconf 88' lang='lat' dir='ltr'><strong>valet:</strong></span> 
     </span>
    </p>
   </div>
   <div class='ocr_carea' id='block_1_48' title="bbox 289 4478 1881 4561">
    <p class='ocr_par' dir='ltr' id='par_1_48' title="bbox 289 4478 1881 4561">
     <span class='ocr_line' id='line_1_48' title="bbox 289 4478 1881 4561; baseline 0.004 -29"><span class='ocrx_word' id='word_1_362' title='bbox 289 4486 374 4533; x_wconf 89' lang='lat' dir='ltr'><strong>aut</strong></span> <span class='ocrx_word' id='word_1_363' title='bbox 402 4478 566 4535; x_wconf 84' lang='lat' dir='ltr'><strong>valde</strong></span> <span class='ocrx_word' id='word_1_364' title='bbox 594 4479 906 4561; x_wconf 73' lang='lat' dir='ltr'><strong>inordinata</strong></span> <span class='ocrx_word' id='word_1_365' title='bbox 933 4490 1035 4552; x_wconf 88' lang='lat' dir='ltr'><strong>est,</strong></span> <span class='ocrx_word' id='word_1_366' title='bbox 1070 4481 1115 4539; x_wconf 91' lang='lat' dir='ltr'><strong>si</strong></span> <span class='ocrx_word' id='word_1_367' title='bbox 1146 4496 1346 4555; x_wconf 92' lang='lat' dir='ltr'><strong>corpus</strong></span> <span class='ocrx_word' id='word_1_368' title='bbox 1370 4481 1544 4538; x_wconf 92' lang='lat' dir='ltr'><strong>aderit</strong></span> <span class='ocrx_word' id='word_1_369' title='bbox 1571 4482 1697 4554; x_wconf 90' lang='lat' dir='ltr'><strong>plus</strong></span> <span class='ocrx_word' id='word_1_370' title='bbox 1717 4499 1881 4556; x_wconf 87' lang='lat' dir='ltr'><strong>quam</strong></span> 
     </span>
    </p>
   </div>
   <div class='ocr_carea' id='block_1_49' title="bbox 293 4567 1880 4645">
    <p class='ocr_par' dir='ltr' id='par_1_49' title="bbox 293 4567 1880 4645">
     <span class='ocr_line' id='line_1_49' title="bbox 293 4567 1880 4645; baseline 0.004 -25"><span class='ocrx_word' id='word_1_371' title='bbox 293 4567 444 4624; x_wconf 88' lang='lat' dir='ltr'><strong>valet.</strong></span> <span class='ocrx_word' id='word_1_372' title='bbox 474 4567 583 4625; x_wconf 89' lang='lat' dir='ltr'><strong>Per</strong></span> <span class='ocrx_word' id='word_1_373' title='bbox 608 4568 995 4628; x_wconf 88' lang='lat' dir='ltr'><strong>abstinentiam</strong></span> <span class='ocrx_word' id='word_1_374' title='bbox 1023 4570 1225 4645; x_wconf 90' lang='lat' dir='ltr'><strong>quippe</strong></span> <span class='ocrx_word' id='word_1_375' title='bbox 1253 4570 1434 4626; x_wconf 89' lang='lat' dir='ltr'><strong>carnis</strong></span> <span class='ocrx_word' id='word_1_376' title='bbox 1462 4569 1602 4626; x_wconf 89' lang='lat' dir='ltr'><strong>vitia</strong></span> <span class='ocrx_word' id='word_1_377' title='bbox 1628 4578 1758 4627; x_wconf 90' lang='lat' dir='ltr'><strong>sunt</strong></span> <span class='ocrx_word' id='word_1_378' title='bbox 1788 4588 1880 4627; x_wconf 85' lang='lat' dir='ltr'><strong>ex-</strong></span> 
     </span>
    </p>
   </div>
   <div class='ocr_carea' id='block_1_50' title="bbox 290 4657 1873 4733">
    <p class='ocr_par' dir='ltr' id='par_1_50' title="bbox 290 4657 1873 4733">
     <span class='ocr_line' id='line_1_50' title="bbox 290 4657 1873 4733; baseline 0.003 -21"><span class='ocrx_word' id='word_1_379' title='bbox 290 4657 626 4733; x_wconf 88' lang='lat' dir='ltr'><strong>stinguenda,</strong></span> <span class='ocrx_word' id='word_1_380' title='bbox 642 4676 755 4719; x_wconf 91' lang='lat' dir='ltr'><strong>non</strong></span> <span class='ocrx_word' id='word_1_381' title='bbox 775 4677 901 4719; x_wconf 90' lang='lat' dir='ltr'><strong>caro</strong></span> <span class='ocrx_word' id='word_1_382' title='bbox 920 4679 935 4730; x_wconf 89' lang='lat'><strong>;</strong></span> <span class='ocrx_word' id='word_1_383' title='bbox 959 4667 1014 4717; x_wconf 92' lang='lat' dir='ltr'><strong>et</strong></span> <span class='ocrx_word' id='word_1_384' title='bbox 1037 4666 1194 4717; x_wconf 89' lang='lat' dir='ltr'><strong>tanto</strong></span> <span class='ocrx_word' id='word_1_385' title='bbox 1213 4659 1445 4732; x_wconf 90' lang='lat' dir='ltr'><strong>quisque</strong></span> <span class='ocrx_word' id='word_1_386' title='bbox 1468 4658 1693 4716; x_wconf 90' lang='lat' dir='ltr'><strong>sibimet</strong></span> <span class='ocrx_word' id='word_1_387' title='bbox 1711 4659 1873 4717; x_wconf 86' lang='lat' dir='ltr'><strong>debet</strong></span> 
     </span>
    </p>
   </div>
   <div class='ocr_carea' id='block_1_51' title="bbox 361 4851 1874 4925">
    <p class='ocr_par' dir='ltr' id='par_1_51' title="bbox 361 4851 1874 4925">
     <span class='ocr_line' id='line_1_51' title="bbox 361 4851 1874 4925; baseline 0.003 -18"><span class='ocrx_word' id='word_1_388' title='bbox 361 4851 567 4925; x_wconf 70' lang='lat' dir='ltr'><strong>‘_Angl.</strong></span> <span class='ocrx_word' id='word_1_389' title='bbox 587 4860 651 4925; x_wconf 81' lang='lat' dir='ltr'><strong>et</strong></span> <span class='ocrx_word' id='word_1_390' title='bbox 677 4853 895 4914; x_wconf 88' lang='lat' dir='ltr'><strong>Norm..</strong></span> <span class='ocrx_word' id='word_1_391' title='bbox 924 4852 1350 4925; x_wconf 63' lang='lat' dir='ltr'><strong>quasiertenta;</strong></span> <span class='ocrx_word' id='word_1_392' title='bbox 1377 4867 1542 4925; x_wconf 88' lang='lat' dir='ltr'><strong>quam</strong></span> <span class='ocrx_word' id='word_1_393' title='bbox 1582 4851 1874 4912; x_wconf 90' lang='lat' dir='ltr'><strong>lectionem</strong></span> 
     </span>
    </p>
   </div>
   <div class='ocr_carea' id='block_1_52' title="bbox 291 4920 1874 4997">
    <p class='ocr_par' dir='ltr' id='par_1_52' title="bbox 291 4920 1874 4997">
     <span class='ocr_line' id='line_1_52' title="bbox 291 4920 1874 4997; baseline 0.004 -21"><span class='ocrx_word' id='word_1_394' title='bbox 291 4920 521 4993; x_wconf 78' lang='lat' dir='ltr'><strong>ﬂagitare</strong></span> <span class='ocrx_word' id='word_1_395' title='bbox 539 4923 806 4981; x_wconf 91' lang='lat' dir='ltr'><strong>videntur</strong></span> <span class='ocrx_word' id='word_1_396' title='bbox 828 4920 1061 4997; x_wconf 81' lang='lat' dir='ltr'><strong>repetita</strong></span> <span class='ocrx_word' id='word_1_397' title='bbox 1080 4924 1174 4982; x_wconf 91' lang='lat' dir='ltr'><strong>hic</strong></span> <span class='ocrx_word' id='word_1_398' title='bbox 1194 4923 1358 4997; x_wconf 78' lang='lat' dir='ltr'><strong>verba</strong></span> <span class='ocrx_word' id='word_1_399' title='bbox 1381 4920 1634 4997; x_wconf 70' lang='lat' dir='ltr'><strong>tenditur,</strong></span> <span class='ocrx_word' id='word_1_400' title='bbox 1659 4927 1874 4982; x_wconf 87' lang='lat' dir='ltr'><strong>tendun-</strong></span> 
     </span>
    </p>
   </div>
   <div class='ocr_carea' id='block_1_53' title="bbox 289 4996 1872 5069">
    <p class='ocr_par' dir='ltr' id='par_1_53' title="bbox 289 4996 1872 5069">
     <span class='ocr_line' id='line_1_53' title="bbox 289 4996 1872 5069; baseline 0.005 -23"><span class='ocrx_word' id='word_1_401' title='bbox 289 4997 387 5049; x_wconf 87' lang='lat' dir='ltr'><strong>tur.</strong></span> <span class='ocrx_word' id='word_1_402' title='bbox 414 4997 490 5069; x_wconf 84' lang='lat' dir='ltr'><strong>_At</strong></span> <span class='ocrx_word' id='word_1_403' title='bbox 517 5012 650 5069; x_wconf 87' lang='lat' dir='ltr'><strong>vero</strong></span> <span class='ocrx_word' id='word_1_404' title='bbox 672 4997 731 5052; x_wconf 92' lang='lat' dir='ltr'><strong>in</strong></span> <span class='ocrx_word' id='word_1_405' title='bbox 762 4996 985 5069; x_wconf 65' lang='lat' dir='ltr'><strong>optimae</strong></span> <span class='ocrx_word' id='word_1_406' title='bbox 1013 5003 1156 5069; x_wconf 61' lang='lat' dir='ltr'><strong>nota</strong></span> <span class='ocrx_word' id='word_1_407' title='bbox 1185 4997 1315 5069; x_wconf 50' lang='lat' dir='ltr'><strong>Mss:</strong></span> <span class='ocrx_word' id='word_1_408' title='bbox 1336 4996 1538 5069; x_wconf 86' lang='lat' dir='ltr'><strong>legitur</strong></span> <span class='ocrx_word' id='word_1_409' title='bbox 1564 5002 1872 5069; x_wconf 68' lang='lat' dir='ltr'><strong>extenuata,</strong></span> 
     </span>
    </p>
   </div>
   <div class='ocr_carea' id='block_1_54' title="bbox 290 5065 1876 5152">
    <p class='ocr_par' dir='ltr' id='par_1_54' title="bbox 290 5065 1876 5152">
     <span class='ocr_line' id='line_1_54' title="bbox 290 5065 1876 5152; baseline 0.004 -32"><span class='ocrx_word' id='word_1_410' title='bbox 290 5065 625 5152; x_wconf 58' lang='lat' dir='ltr'><strong>maximemin</strong></span> <span class='ocrx_word' id='word_1_411' title='bbox 653 5065 865 5152; x_wconf 63' lang='lat' dir='ltr'><strong>Germ.,</strong></span> <span class='ocrx_word' id='word_1_412' title='bbox 895 5067 1066 5152; x_wconf 73' lang='lat' dir='ltr'><strong>Laud.</strong></span> <span class='ocrx_word' id='word_1_413' title='bbox 1100 5075 1154 5123; x_wconf 89' lang='lat' dir='ltr'><strong>et</strong></span> <span class='ocrx_word' id='word_1_414' title='bbox 1195 5066 1357 5125; x_wconf 89' lang='lat' dir='ltr'><strong>Corb.</strong></span> <span class='ocrx_word' id='word_1_415' title='bbox 1396 5065 1876 5152; x_wconf 42' lang='lat' dir='ltr'><strong>Germ.,.ideoque</strong></span> 
     </span>
    </p>
   </div>
   <div class='ocr_carea' id='block_1_55' title="bbox 287 5137 1877 5208">
    <p class='ocr_par' dir='ltr' id='par_1_55' title="bbox 287 5137 1877 5208">
     <span class='ocr_line' id='line_1_55' title="bbox 287 5137 1877 5208; baseline 0.006 -20"><span class='ocrx_word' id='word_1_416' title='bbox 287 5150 469 5193; x_wconf 90' lang='lat' dir='ltr'><strong>vocem</strong></span> <span class='ocrx_word' id='word_1_417' title='bbox 509 5137 667 5196; x_wconf 90' lang='lat' dir='ltr'><strong>illam</strong></span> <span class='ocrx_word' id='word_1_418' title='bbox 708 5139 1055 5196; x_wconf 91' lang='lat' dir='ltr'><strong>retinendam</strong></span> <span class='ocrx_word' id='word_1_419' title='bbox 1083 5155 1390 5208; x_wconf 90' lang='lat' dir='ltr'><strong>censemus,</strong></span> <span class='ocrx_word' id='word_1_420' title='bbox 1421 5145 1484 5194; x_wconf 92' lang='lat' dir='ltr'><strong>ut</strong></span> <span class='ocrx_word' id='word_1_421' title='bbox 1516 5137 1877 5198; x_wconf 84' lang='lat' dir='ltr'><strong>verisimilius</strong></span> 
     </span>
    </p>
   </div>
   <div class='ocr_carea' id='block_1_56' title="bbox 286 5211 1879 5283">
    <p class='ocr_par' dir='ltr' id='par_1_56' title="bbox 286 5211 1879 5283">
     <span class='ocr_line' id='line_1_56' title="bbox 286 5211 1879 5283; baseline 0.004 -21"><span class='ocrx_word' id='word_1_422' title='bbox 286 5217 598 5282; x_wconf 85' lang='lat' dir='ltr'><strong>usurpatam</strong></span> <span class='ocrx_word' id='word_1_423' title='bbox 640 5227 674 5267; x_wconf 90' lang='lat' dir='ltr'><strong>a</strong></span> <span class='ocrx_word' id='word_1_424' title='bbox 712 5218 903 5283; x_wconf 86' lang='lat' dir='ltr'><strong>sancto</strong></span> <span class='ocrx_word' id='word_1_425' title='bbox 944 5211 1225 5283; x_wconf 89' lang='lat' dir='ltr'><strong>Gregorio,</strong></span> <span class='ocrx_word' id='word_1_426' title='bbox 1274 5218 1567 5283; x_wconf 85' lang='lat' dir='ltr'><strong>posteaque</strong></span> <span class='ocrx_word' id='word_1_427' title='bbox 1588 5226 1644 5283; x_wconf 84' lang='lat' dir='ltr'><strong>_a</strong></span> <span class='ocrx_word' id='word_1_428' title='bbox 1692 5212 1879 5270; x_wconf 89' lang='lat' dir='ltr'><strong>sciolis</strong></span> 
     </span>
    </p>
   </div>
   <div class='ocr_carea' id='block_1_57' title="bbox 289 5281 1880 5357">
    <p class='ocr_par' dir='ltr' id='par_1_57' title="bbox 289 5281 1880 5357">
     <span class='ocr_line' id='line_1_57' title="bbox 289 5281 1880 5357; baseline 0.005 -23"><span class='ocrx_word' id='word_1_429' title='bbox 289 5281 599 5357; x_wconf 40' lang='lat' dir='ltr'><strong>mutatam;</strong></span> <span class='ocrx_word' id='word_1_430' title='bbox 631 5282 812 5357; x_wconf 86' lang='lat' dir='ltr'><strong>quod_</strong></span> <span class='ocrx_word' id='word_1_431' title='bbox 824 5287 1032 5357; x_wconf 67' lang='lat' dir='ltr'><strong>extenta</strong></span> <span class='ocrx_word' id='word_1_432' title='bbox 1061 5281 1298 5357; x_wconf 63' lang='lat' dir='ltr'><strong>chorda,</strong></span> <span class='ocrx_word' id='word_1_433' title='bbox 1345 5281 1695 5357; x_wconf 49' lang='lat' dir='ltr'><strong>lace—melius</strong></span> <span class='ocrx_word' id='word_1_434' title='bbox 1737 5301 1880 5341; x_wconf 90' lang='lat' dir='ltr'><strong>cou-</strong></span> 
     </span>
    </p>
   </div>
   <div class='ocr_carea' id='block_1_58' title="bbox 288 5352 1881 5426">
    <p class='ocr_par' dir='ltr' id='par_1_58' title="bbox 288 5352 1881 5426">
     <span class='ocr_line' id='line_1_58' title="bbox 288 5352 1881 5426; baseline 0.003 -19"><span class='ocrx_word' id='word_1_435' title='bbox 288 5366 475 5426; x_wconf 76' lang='lat' dir='ltr'><strong>gruere</strong></span> <span class='ocrx_word' id='word_1_436' title='bbox 505 5352 749 5411; x_wconf 73' lang='lat' dir='ltr'><strong>videtur.</strong></span> <span class='ocrx_word' id='word_1_437' title='bbox 780 5354 923 5426; x_wconf 86' lang='lat' dir='ltr'><strong>Sane</strong></span> <span class='ocrx_word' id='word_1_438' title='bbox 948 5353 994 5409; x_wconf 91' lang='lat' dir='ltr'><strong>si</strong></span> <span class='ocrx_word' id='word_1_439' title='bbox 1029 5352 1180 5426; x_wconf 84' lang='lat' dir='ltr'><strong>prius</strong></span> <span class='ocrx_word' id='word_1_440' title='bbox 1220 5353 1421 5411; x_wconf 92' lang='lat' dir='ltr'><strong>lectum</strong></span> <span class='ocrx_word' id='word_1_441' title='bbox 1451 5352 1646 5426; x_wconf 68' lang='lat' dir='ltr'><strong>fuisset</strong></span> <span class='ocrx_word' id='word_1_442' title='bbox 1673 5362 1881 5411; x_wconf 69' lang='lat' dir='ltr'><strong>urtenta</strong></span> 
     </span>
    </p>
   </div>
   <div class='ocr_carea' id='block_1_59' title="bbox 287 5423 1879 5493">
    <p class='ocr_par' dir='ltr' id='par_1_59' title="bbox 287 5423 1879 5493">
     <span class='ocr_line' id='line_1_59' title="bbox 287 5423 1879 5493; baseline 0.006 -18"><span class='ocrx_word' id='word_1_443' title='bbox 287 5423 502 5490; x_wconf 82' lang='lat' dir='ltr'><strong>chorda,</strong></span> <span class='ocrx_word' id='word_1_444' title='bbox 549 5426 764 5482; x_wconf 89' lang='lat' dir='ltr'><strong>nemini</strong></span> <span class='ocrx_word' id='word_1_445' title='bbox 797 5423 1046 5481; x_wconf 76' lang='lat' dir='ltr'><strong>venisset</strong></span> <span class='ocrx_word' id='word_1_446' title='bbox 1066 5424 1125 5481; x_wconf 91' lang='lat' dir='ltr'><strong>in</strong></span> <span class='ocrx_word' id='word_1_447' title='bbox 1171 5433 1433 5493; x_wconf 86' lang='lat' dir='ltr'><strong>mentem,</strong></span> <span class='ocrx_word' id='word_1_448' title='bbox 1463 5424 1567 5483; x_wconf 90' lang='lat' dir='ltr'><strong>hac</strong></span> <span class='ocrx_word' id='word_1_449' title='bbox 1607 5443 1743 5484; x_wconf 91' lang='lat' dir='ltr'><strong>voce</strong></span> <span class='ocrx_word' id='word_1_450' title='bbox 1787 5444 1879 5484; x_wconf 83' lang='lat' dir='ltr'><strong>ex-</strong></span> 
     </span>
    </p>
   </div>
   <div class='ocr_carea' id='block_1_60' title="bbox 290 5497 1881 5565">
    <p class='ocr_par' dir='ltr' id='par_1_60' title="bbox 290 5497 1881 5565">
     <span class='ocr_line' id='line_1_60' title="bbox 290 5497 1881 5565; baseline 0.004 -16"><span class='ocrx_word' id='word_1_451' title='bbox 290 5503 513 5565; x_wconf 89' lang='lat' dir='ltr'><strong>puncta,</strong></span> <span class='ocrx_word' id='word_1_452' title='bbox 541 5497 784 5554; x_wconf 88' lang='lat' dir='ltr'><strong>scribere</strong></span> <span class='ocrx_word' id='word_1_453' title='bbox 811 5502 1094 5553; x_wconf 68' lang='lat' dir='ltr'><strong>extenuata</strong></span> <span class='ocrx_word' id='word_1_454' title='bbox 1125 5497 1340 5552; x_wconf 81' lang='lat' dir='ltr'><strong>chorda.</strong></span> <span class='ocrx_word' id='word_1_455' title='bbox 1380 5499 1590 5554; x_wconf 90' lang='lat' dir='ltr'><strong>Favent</strong></span> <span class='ocrx_word' id='word_1_456' title='bbox 1630 5498 1764 5555; x_wconf 90' lang='lat' dir='ltr'><strong>huic</strong></span> <span class='ocrx_word' id='word_1_457' title='bbox 1806 5500 1881 5556; x_wconf 88' lang='lat' dir='ltr'><strong>le-</strong></span> 
     </span>
    </p>
   </div>
   <div class='ocr_carea' id='block_1_61' title="bbox 285 5564 1881 5642">
    <p class='ocr_par' dir='ltr' id='par_1_61' title="bbox 285 5564 1881 5642">
     <span class='ocr_line' id='line_1_61' title="bbox 285 5564 1881 5642; baseline 0.005 -22"><span class='ocrx_word' id='word_1_458' title='bbox 285 5564 464 5642; x_wconf 76' lang='lat' dir='ltr'><strong>ctioni</strong></span> <span class='ocrx_word' id='word_1_459' title='bbox 487 5564 612 5642; x_wconf 66' lang='lat' dir='ltr'><strong>qua:</strong></span> <span class='ocrx_word' id='word_1_460' title='bbox 639 5568 789 5642; x_wconf 87' lang='lat' dir='ltr'><strong>infra</strong></span> <span class='ocrx_word' id='word_1_461' title='bbox 816 5568 1104 5642; x_wconf 89' lang='lat' dir='ltr'><strong>leguntur:</strong></span> <span class='ocrx_word' id='word_1_462' title='bbox 1135 5568 1382 5624; x_wconf 80' lang='lat' dir='ltr'><strong>tendendo</strong></span> <span class='ocrx_word' id='word_1_463' title='bbox 1406 5575 1670 5627; x_wconf 70' lang='lat' dir='ltr'><strong>extenuat.</strong></span> <span class='ocrx_word' id='word_1_464' title='bbox 1703 5572 1881 5628; x_wconf 68' lang='lat' dir='ltr'><strong>Exte-</strong></span> 
     </span>
    </p>
   </div>
   <div class='ocr_carea' id='block_1_62' title="bbox 289 5640 710 5697">
    <p class='ocr_par' dir='ltr' id='par_1_62' title="bbox 289 5640 710 5697">
     <span class='ocr_line' id='line_1_62' title="bbox 289 5640 710 5697; baseline 0.019 -8"><span class='ocrx_word' id='word_1_465' title='bbox 289 5640 710 5697; x_wconf 45' lang='lat' dir='ltr'><strong>meando—tendit.</strong></span> 
     </span>
    </p>
   </div>
   <div class='ocr_carea' id='block_1_63' title="bbox 355 5709 1881 5781">
    <p class='ocr_par' dir='ltr' id='par_1_63' title="bbox 355 5709 1881 5781">
     <span class='ocr_line' id='line_1_63' title="bbox 355 5709 1881 5781; baseline 0.003 -14"><span class='ocrx_word' id='word_1_466' title='bbox 355 5709 378 5744; x_wconf 80' lang='grc'>³</span> <span class='ocrx_word' id='word_1_467' title='bbox 410 5711 492 5768; x_wconf 84' lang='lat' dir='ltr'><strong>Ita</strong></span> <span class='ocrx_word' id='word_1_468' title='bbox 541 5712 706 5769; x_wconf 87' lang='lat' dir='ltr'><strong>Corb.</strong></span> <span class='ocrx_word' id='word_1_469' title='bbox 758 5714 968 5781; x_wconf 90' lang='lat' dir='ltr'><strong>Germ.,</strong></span> <span class='ocrx_word' id='word_1_470' title='bbox 1011 5710 1226 5778; x_wconf 88' lang='lat' dir='ltr'><strong>Norm.,</strong></span> <span class='ocrx_word' id='word_1_471' title='bbox 1274 5710 1474 5779; x_wconf 72' lang='lat' dir='ltr'><strong>Laud,</strong></span> <span class='ocrx_word' id='word_1_472' title='bbox 1520 5714 1640 5771; x_wconf 82' lang='lat' dir='ltr'><strong>Val.</strong></span> <span class='ocrx_word' id='word_1_473' title='bbox 1697 5716 1779 5774; x_wconf 90' lang='lat' dir='ltr'><strong>Cl.</strong></span> <span class='ocrx_word' id='word_1_474' title='bbox 1827 5723 1881 5772; x_wconf 91' lang='lat' dir='ltr'><strong>et</strong></span> 
     </span>
    </p>
   </div>
   <div class='ocr_carea' id='block_1_64' title="bbox 288 5779 1000 5855">
    <p class='ocr_par' dir='ltr' id='par_1_64' title="bbox 288 5779 1000 5855">
     <span class='ocr_line' id='line_1_64' title="bbox 288 5779 1000 5855; baseline 0.003 -17"><span class='ocrx_word' id='word_1_475' title='bbox 288 5779 470 5841; x_wconf 89' lang='lat' dir='ltr'><strong>Germ.</strong></span> <span class='ocrx_word' id='word_1_476' title='bbox 499 5785 734 5855; x_wconf 89' lang='lat' dir='ltr'><strong>Excusi,</strong></span> <span class='ocrx_word' id='word_1_477' title='bbox 768 5779 1000 5843; x_wconf 81' lang='lat' dir='ltr'><strong>tendunt.</strong></span> 
     </span>
    </p>
   </div>
   <div class='ocr_carea' id='block_1_65' title="bbox 1907 4531 1958 4591">
    <p class='ocr_par' dir='ltr' id='par_1_65' title="bbox 1907 4531 1958 4591">
     <span class='ocr_line' id='line_1_65' title="bbox 1907 4531 1958 4591; baseline 0 0"><span class='ocrx_word' id='word_1_478' title='bbox 1907 4531 1958 4591; x_wconf 92' lang='lat' dir='ltr'><strong>D</strong></span> 
     </span>
    </p>
   </div>
   <div class='ocr_carea' id='block_1_66' title="bbox 1968 524 3570 609">
    <p class='ocr_par' dir='ltr' id='par_1_66' title="bbox 1968 524 3570 609">
     <span class='ocr_line' id='line_1_66' title="bbox 1968 524 3570 609; baseline 0.007 -28"><span class='ocrx_word' id='word_1_479' title='bbox 1968 524 2201 598; x_wconf 89' lang='lat' dir='ltr'><strong>perhiat,</strong></span> <span class='ocrx_word' id='word_1_480' title='bbox 2225 534 2281 582; x_wconf 89' lang='lat' dir='ltr'><strong>et</strong></span> <span class='ocrx_word' id='word_1_481' title='bbox 2307 534 2492 582; x_wconf 91' lang='lat' dir='ltr'><strong>tamen</strong></span> <span class='ocrx_word' id='word_1_482' title='bbox 2526 527 2546 561; x_wconf 82' lang='grc'><strong><em>³</em></strong></span> <span class='ocrx_word' id='word_1_483' title='bbox 2576 525 2644 582; x_wconf 91' lang='lat' dir='ltr'><strong>ad</strong></span> <span class='ocrx_word' id='word_1_484' title='bbox 2674 527 2929 584; x_wconf 81' lang='lat' dir='ltr'><strong>eﬁ‘ectum</strong></span> <span class='ocrx_word' id='word_1_485' title='bbox 2957 530 3308 589; x_wconf 89' lang='lat' dir='ltr'><strong>rectitudinis</strong></span> <span class='ocrx_word' id='word_1_486' title='bbox 3335 534 3395 591; x_wconf 89' lang='lat' dir='ltr'><strong>in</strong></span> <span class='ocrx_word' id='word_1_487' title='bbox 3427 552 3570 609; x_wconf 90' lang='lat' dir='ltr'><strong>ope-</strong></span> 
     </span>
    </p>
   </div>
   <div class='ocr_carea' id='block_1_67' title="bbox 1968 614 3567 694">
    <p class='ocr_par' dir='ltr' id='par_1_67' title="bbox 1968 614 3567 694">
     <span class='ocr_line' id='line_1_67' title="bbox 1968 614 3567 694; baseline 0.008 -24"><span class='ocrx_word' id='word_1_488' title='bbox 1968 615 2182 671; x_wconf 90' lang='lat' dir='ltr'><strong>ratione</strong></span> <span class='ocrx_word' id='word_1_489' title='bbox 2201 614 2482 674; x_wconf 89' lang='lat' dir='ltr'><strong>subsistat.</strong></span> <span class='ocrx_word' id='word_1_490' title='bbox 2512 617 2720 672; x_wconf 89' lang='lat' dir='ltr'><strong>Intueri</strong></span> <span class='ocrx_word' id='word_1_491' title='bbox 2747 616 2894 674; x_wconf 91' lang='lat' dir='ltr'><strong>inter</strong></span> <span class='ocrx_word' id='word_1_492' title='bbox 2919 618 3038 677; x_wconf 76' lang='lat' dir='ltr'><strong>haec</strong></span> <span class='ocrx_word' id='word_1_493' title='bbox 3066 622 3343 694; x_wconf 88' lang='lat' dir='ltr'><strong>egregium</strong></span> <span class='ocrx_word' id='word_1_494' title='bbox 3372 626 3567 694; x_wconf 82' lang='lat' dir='ltr'><strong>praedi-</strong></span> 
     </span>
    </p>
   </div>
   <div class='ocr_carea' id='block_1_68' title="bbox 1969 703 3569 780">
    <p class='ocr_par' dir='ltr' id='par_1_68' title="bbox 1969 703 3569 780">
     <span class='ocr_line' id='line_1_68' title="bbox 1969 703 3569 780; baseline 0.005 -19"><span class='ocrx_word' id='word_1_495' title='bbox 1969 710 2209 761; x_wconf 88' lang='lat' dir='ltr'><strong>catorem</strong></span> <span class='ocrx_word' id='word_1_496' title='bbox 2240 703 2396 773; x_wconf 90' lang='lat' dir='ltr'><strong>libet,</strong></span> <span class='ocrx_word' id='word_1_497' title='bbox 2425 711 2631 777; x_wconf 84' lang='lat' dir='ltr'><strong>quanta</strong></span> <span class='ocrx_word' id='word_1_498' title='bbox 2657 712 2773 762; x_wconf 88' lang='lat' dir='ltr'><strong>arte</strong></span> <span class='ocrx_word' id='word_1_499' title='bbox 2811 707 3113 780; x_wconf 86' lang='lat' dir='ltr'><strong>magisterii</strong></span> <span class='ocrx_word' id='word_1_500' title='bbox 3156 709 3405 767; x_wconf 88' lang='lat' dir='ltr'><strong>ﬁdelium</strong></span> <span class='ocrx_word' id='word_1_501' title='bbox 3437 715 3569 769; x_wconf 89' lang='lat' dir='ltr'><strong>ani-</strong></span> 
     </span>
    </p>
   </div>
   <div class='ocr_carea' id='block_1_69' title="bbox 1971 792 3570 873">
    <p class='ocr_par' dir='ltr' id='par_1_69' title="bbox 1971 792 3570 873">
     <span class='ocr_line' id='line_1_69' title="bbox 1971 792 3570 873; baseline 0.006 -26"><span class='ocrx_word' id='word_1_502' title='bbox 1971 808 2088 848; x_wconf 88' lang='lat' dir='ltr'><strong>mas</strong></span> <span class='ocrx_word' id='word_1_503' title='bbox 2128 793 2283 849; x_wconf 90' lang='lat' dir='ltr'><strong>velut</strong></span> <span class='ocrx_word' id='word_1_504' title='bbox 2322 792 2382 849; x_wconf 91' lang='lat' dir='ltr'><strong>in</strong></span> <span class='ocrx_word' id='word_1_505' title='bbox 2424 793 2637 850; x_wconf 88' lang='lat' dir='ltr'><strong>cithara</strong></span> <span class='ocrx_word' id='word_1_506' title='bbox 2675 794 2910 853; x_wconf 89' lang='lat' dir='ltr'><strong>chordas</strong></span> <span class='ocrx_word' id='word_1_507' title='bbox 2936 803 3138 867; x_wconf 89' lang='lat' dir='ltr'><strong>tensas,</strong></span> <span class='ocrx_word' id='word_1_508' title='bbox 3167 798 3303 855; x_wconf 91' lang='lat' dir='ltr'><strong>alias</strong></span> <span class='ocrx_word' id='word_1_509' title='bbox 3330 800 3570 873; x_wconf 87' lang='lat' dir='ltr'><strong>amplius</strong></span> 
     </span>
    </p>
   </div>
   <div class='ocr_carea' id='block_1_70' title="bbox 1968 881 3571 957">
    <p class='ocr_par' dir='ltr' id='par_1_70' title="bbox 1968 881 3571 957">
     <span class='ocr_line' id='line_1_70' title="bbox 1968 881 3571 957; baseline 0.004 -19"><span class='ocrx_word' id='word_1_510' title='bbox 1968 881 2247 939; x_wconf 89' lang='lat' dir='ltr'><strong>tendendo</strong></span> <span class='ocrx_word' id='word_1_511' title='bbox 2287 888 2569 952; x_wconf 82' lang='lat' dir='ltr'><strong>extenuat,</strong></span> <span class='ocrx_word' id='word_1_512' title='bbox 2612 891 2776 957; x_wconf 90' lang='lat' dir='ltr'><strong>atque</strong></span> <span class='ocrx_word' id='word_1_513' title='bbox 2817 885 2954 943; x_wconf 88' lang='lat' dir='ltr'><strong>alias</strong></span> <span class='ocrx_word' id='word_1_514' title='bbox 2981 903 3013 942; x_wconf 92' lang='lat' dir='ltr'><strong>a</strong></span> <span class='ocrx_word' id='word_1_515' title='bbox 3052 887 3300 944; x_wconf 89' lang='lat' dir='ltr'><strong>tensione</strong></span> <span class='ocrx_word' id='word_1_516' title='bbox 3344 904 3444 945; x_wconf 91' lang='lat' dir='ltr'><strong>sua</strong></span> <span class='ocrx_word' id='word_1_517' title='bbox 3472 904 3571 944; x_wconf 87' lang='lat' dir='ltr'><strong>re-</strong></span> 
     </span>
    </p>
   </div>
   <div class='ocr_carea' id='block_1_71' title="bbox 1970 970 3570 1036">
    <p class='ocr_par' dir='ltr' id='par_1_71' title="bbox 1970 970 3570 1036">
     <span class='ocr_line' id='line_1_71' title="bbox 1970 970 3570 1036; baseline 0.004 -9"><span class='ocrx_word' id='word_1_518' title='bbox 1970 970 2210 1028; x_wconf 88' lang='lat' dir='ltr'><strong>laxando</strong></span> <span class='ocrx_word' id='word_1_519' title='bbox 2252 980 2560 1029; x_wconf 90' lang='lat' dir='ltr'><strong>conservat.</strong></span> <span class='ocrx_word' id='word_1_520' title='bbox 2604 973 2749 1030; x_wconf 85' lang='lat' dir='ltr'><strong>Aliis</strong></span> <span class='ocrx_word' id='word_1_521' title='bbox 2789 975 2995 1033; x_wconf 88' lang='lat' dir='ltr'><strong>etenim</strong></span> <span class='ocrx_word' id='word_1_522' title='bbox 3032 976 3203 1034; x_wconf 91' lang='lat' dir='ltr'><strong>dicit:</strong></span> <span class='ocrx_word' id='word_1_523' title='bbox 3235 979 3357 1036; x_wconf 88' lang='lat' dir='ltr'><strong>Non</strong></span> <span class='ocrx_word' id='word_1_524' title='bbox 3388 977 3443 1033; x_wconf 87' lang='lat' dir='ltr'><strong>in</strong></span> <span class='ocrx_word' id='word_1_525' title='bbox 3471 994 3570 1034; x_wconf 87' lang='lat' dir='ltr'><strong>co-</strong></span> 
     </span>
    </p>
   </div>
   <div class='ocr_carea' id='block_1_72' title="bbox 1969 1062 3571 1140">
    <p class='ocr_par' dir='ltr' id='par_1_72' title="bbox 1969 1062 3571 1140">
     <span class='ocr_line' id='line_1_72' title="bbox 1969 1062 3571 1140; baseline 0.004 -21"><span class='ocrx_word' id='word_1_526' title='bbox 1969 1063 2367 1119; x_wconf 86' lang='lat' dir='ltr'><strong>messationibus</strong></span> <span class='ocrx_word' id='word_1_527' title='bbox 2394 1068 2443 1118; x_wconf 89' lang='lat' dir='ltr'><strong>et</strong></span> <span class='ocrx_word' id='word_1_528' title='bbox 2466 1062 2823 1135; x_wconf 76' lang='lat' dir='ltr'><strong>ebrietatibus,</strong></span> <span class='ocrx_word' id='word_1_529' title='bbox 2847 1083 2955 1121; x_wconf 88' lang='lat' dir='ltr'><strong>non</strong></span> <span class='ocrx_word' id='word_1_530' title='bbox 2972 1066 3030 1122; x_wconf 89' lang='lat' dir='ltr'><strong>in</strong></span> <span class='ocrx_word' id='word_1_531' title='bbox 3056 1068 3314 1125; x_wconf 85' lang='lat' dir='ltr'><strong>cubilibus</strong></span> <span class='ocrx_word' id='word_1_532' title='bbox 3332 1073 3381 1125; x_wconf 86' lang='lat' dir='ltr'><strong>et</strong></span> <span class='ocrx_word' id='word_1_533' title='bbox 3401 1069 3571 1140; x_wconf 88' lang='lat' dir='ltr'><strong>impu-</strong></span> 
     </span>
    </p>
   </div>
   <div class='ocr_carea' id='block_1_73' title="bbox 1971 1151 3568 1231">
    <p class='ocr_par' dir='ltr' id='par_1_73' title="bbox 1971 1151 3568 1231">
     <span class='ocr_line' id='line_1_73' title="bbox 1971 1151 3568 1231; baseline 0.002 -20"><span class='ocrx_word' id='word_1_534' title='bbox 1971 1152 2166 1211; x_wconf 84' lang='lat' dir='ltr'><strong>dicitiis</strong></span> <span class='ocrx_word' id='word_1_535' title='bbox 2210 1151 2387 1223; x_wconf 84' lang='lat' dir='ltr'><strong>(Rom.</strong></span> <span class='ocrx_word' id='word_1_536' title='bbox 2436 1170 2562 1223; x_wconf 84' lang='lat' dir='ltr'><strong>xm,</strong></span> <span class='ocrx_word' id='word_1_537' title='bbox 2609 1153 2722 1228; x_wconf 83' lang='lat' dir='ltr'><strong>I3).</strong></span> <span class='ocrx_word' id='word_1_538' title='bbox 2765 1156 2838 1212; x_wconf 92' lang='lat' dir='ltr'><strong>Et</strong></span> <span class='ocrx_word' id='word_1_539' title='bbox 2866 1172 3057 1213; x_wconf 88' lang='lat' dir='ltr'><strong>rursus</strong></span> <span class='ocrx_word' id='word_1_540' title='bbox 3098 1157 3205 1213; x_wconf 88' lang='lat' dir='ltr'><strong>ait:</strong></span> <span class='ocrx_word' id='word_1_541' title='bbox 3250 1158 3568 1231; x_wconf 81' lang='lat' dir='ltr'><strong>Mortiﬁcate</strong></span> 
     </span>
    </p>
   </div>
   <div class='ocr_carea' id='block_1_74' title="bbox 1969 1244 3565 1320">
    <p class='ocr_par' dir='ltr' id='par_1_74' title="bbox 1969 1244 3565 1320">
     <span class='ocr_line' id='line_1_74' title="bbox 1969 1244 3565 1320; baseline 0.001 -18"><span class='ocrx_word' id='word_1_542' title='bbox 1969 1244 2203 1302; x_wconf 81' lang='lat' dir='ltr'><strong>membra</strong></span> <span class='ocrx_word' id='word_1_543' title='bbox 2228 1248 2402 1299; x_wconf 83' lang='lat' dir='ltr'><strong>vestra</strong></span> <span class='ocrx_word' id='word_1_544' title='bbox 2421 1260 2539 1314; x_wconf 70' lang='lat' dir='ltr'><strong>qua:</strong></span> <span class='ocrx_word' id='word_1_545' title='bbox 2560 1251 2684 1299; x_wconf 87' lang='lat' dir='ltr'><strong>sunt</strong></span> <span class='ocrx_word' id='word_1_546' title='bbox 2704 1262 2865 1316; x_wconf 83' lang='lat' dir='ltr'><strong>super</strong></span> <span class='ocrx_word' id='word_1_547' title='bbox 2893 1252 3092 1302; x_wconf 85' lang='lat' dir='ltr'><strong>terram</strong></span> <span class='ocrx_word' id='word_1_548' title='bbox 3113 1246 3343 1320; x_wconf 85' lang='lat' dir='ltr'><strong>(Coloss.</strong></span> <span class='ocrx_word' id='word_1_549' title='bbox 3372 1264 3458 1316; x_wconf 80' lang='grc' dir='ltr'>ιιι,</span> <span class='ocrx_word' id='word_1_550' title='bbox 3483 1247 3565 1320; x_wconf 82' lang='lat'><strong>5).</strong></span> 
     </span>
    </p>
   </div>
   <div class='ocr_carea' id='block_1_75' title="bbox 1971 1333 3566 1406">
    <p class='ocr_par' dir='ltr' id='par_1_75' title="bbox 1971 1333 3566 1406">
     <span class='ocr_line' id='line_1_75' title="bbox 1971 1333 3566 1406; baseline 0.001 -14"><span class='ocrx_word' id='word_1_551' title='bbox 1971 1335 2045 1392; x_wconf 89' lang='lat' dir='ltr'><strong>Et</strong></span> <span class='ocrx_word' id='word_1_552' title='bbox 2084 1341 2269 1391; x_wconf 87' lang='lat' dir='ltr'><strong>tamen</strong></span> <span class='ocrx_word' id='word_1_553' title='bbox 2315 1333 2663 1406; x_wconf 83' lang='lat' dir='ltr'><strong>praedicatori</strong></span> <span class='ocrx_word' id='word_1_554' title='bbox 2709 1334 3036 1393; x_wconf 89' lang='lat' dir='ltr'><strong>charissimo</strong></span> <span class='ocrx_word' id='word_1_555' title='bbox 3080 1337 3293 1405; x_wconf 88' lang='lat' dir='ltr'><strong>scribit,</strong></span> <span class='ocrx_word' id='word_1_556' title='bbox 3337 1337 3566 1395; x_wconf 87' lang='lat' dir='ltr'><strong>dicens:</strong></span> 
     </span>
    </p>
   </div>
   <div class='ocr_carea' id='block_1_76' title="bbox 1971 1423 3573 1497">
    <p class='ocr_par' dir='ltr' id='par_1_76' title="bbox 1971 1423 3573 1497">
     <span class='ocr_line' id='line_1_76' title="bbox 1971 1423 3573 1497; baseline 0.001 -16"><span class='ocrx_word' id='word_1_557' title='bbox 1971 1423 2100 1481; x_wconf 83' lang='lat' dir='ltr'><strong>Noti</strong></span> <span class='ocrx_word' id='word_1_558' title='bbox 2127 1424 2298 1479; x_wconf 87' lang='lat' dir='ltr'><strong>adhuc</strong></span> <span class='ocrx_word' id='word_1_559' title='bbox 2316 1440 2513 1494; x_wconf 89' lang='lat' dir='ltr'><strong>aquam</strong></span> <span class='ocrx_word' id='word_1_560' title='bbox 2541 1423 2729 1494; x_wconf 84' lang='lat' dir='ltr'><strong>bibere,</strong></span> <span class='ocrx_word' id='word_1_561' title='bbox 2750 1424 2842 1480; x_wconf 87' lang='lat' dir='ltr'><strong>sed</strong></span> <span class='ocrx_word' id='word_1_562' title='bbox 2864 1424 3065 1481; x_wconf 85' lang='lat' dir='ltr'><strong>modico</strong></span> <span class='ocrx_word' id='word_1_563' title='bbox 3093 1426 3216 1481; x_wconf 83' lang='lat' dir='ltr'><strong>vino</strong></span> <span class='ocrx_word' id='word_1_564' title='bbox 3245 1433 3411 1493; x_wconf 89' lang='lat' dir='ltr'><strong>utere,</strong></span> <span class='ocrx_word' id='word_1_565' title='bbox 3425 1443 3573 1497; x_wconf 86' lang='lat' dir='ltr'><strong>pro-</strong></span> 
     </span>
    </p>
   </div>
   <div class='ocr_carea' id='block_1_77' title="bbox 1966 1510 3573 1585">
    <p class='ocr_par' dir='ltr' id='par_1_77' title="bbox 1966 1510 3573 1585">
     <span class='ocr_line' id='line_1_77' title="bbox 1966 1510 3573 1585; baseline 0.003 -21"><span class='ocrx_word' id='word_1_566' title='bbox 1966 1516 2090 1583; x_wconf 87' lang='lat' dir='ltr'><strong>pter</strong></span> <span class='ocrx_word' id='word_1_567' title='bbox 2134 1510 2458 1565; x_wconf 83' lang='lat' dir='ltr'><strong>stomachum</strong></span> <span class='ocrx_word' id='word_1_568' title='bbox 2490 1516 2656 1580; x_wconf 88' lang='lat' dir='ltr'><strong>tuum,</strong></span> <span class='ocrx_word' id='word_1_569' title='bbox 2688 1517 2737 1565; x_wconf 92' lang='lat' dir='ltr'><strong>et</strong></span> <span class='ocrx_word' id='word_1_570' title='bbox 2762 1510 3056 1583; x_wconf 81' lang='lat' dir='ltr'><strong>frequentes</strong></span> <span class='ocrx_word' id='word_1_571' title='bbox 3089 1519 3207 1569; x_wconf 90' lang='lat' dir='ltr'><strong>tuas</strong></span> <span class='ocrx_word' id='word_1_572' title='bbox 3238 1513 3573 1585; x_wconf 81' lang='lat' dir='ltr'><strong>inﬁrmitates</strong></span> 
     </span>
    </p>
   </div>
   <div class='ocr_carea' id='block_1_78' title="bbox 1976 1598 3575 1672">
    <p class='ocr_par' dir='ltr' id='par_1_78' title="bbox 1976 1598 3575 1672">
     <span class='ocr_line' id='line_1_78' title="bbox 1976 1598 3575 1672; baseline 0.001 -16"><span class='ocrx_word' id='word_1_573' title='bbox 1976 1598 2036 1671; x_wconf 93' lang='grc' dir='ltr'><strong>(Ι</strong></span> <span class='ocrx_word' id='word_1_574' title='bbox 2068 1600 2205 1655; x_wconf 86' lang='lat' dir='ltr'><strong>Tim.</strong></span> <span class='ocrx_word' id='word_1_575' title='bbox 2238 1615 2297 1667; x_wconf 87' lang='lat' dir='ltr'><strong>v,</strong></span> <span class='ocrx_word' id='word_1_576' title='bbox 2329 1598 2447 1670; x_wconf 82' lang='lat'><strong>23).</strong></span> <span class='ocrx_word' id='word_1_577' title='bbox 2479 1598 2607 1655; x_wconf 91' lang='lat' dir='ltr'><strong>Illas</strong></span> <span class='ocrx_word' id='word_1_578' title='bbox 2645 1615 2772 1672; x_wconf 87' lang='lat' dir='ltr'><strong>ergo</strong></span> <span class='ocrx_word' id='word_1_579' title='bbox 2802 1600 3034 1658; x_wconf 86' lang='lat' dir='ltr'><strong>chordas</strong></span> <span class='ocrx_word' id='word_1_580' title='bbox 3060 1602 3410 1660; x_wconf 88' lang='lat' dir='ltr'><strong>extenuando</strong></span> <span class='ocrx_word' id='word_1_581' title='bbox 3439 1610 3575 1659; x_wconf 89' lang='lat' dir='ltr'><strong>ten-</strong></span> 
     </span>
    </p>
   </div>
   <div class='ocr_carea' id='block_1_79' title="bbox 1974 1685 3575 1760">
    <p class='ocr_par' dir='ltr' id='par_1_79' title="bbox 1974 1685 3575 1760">
     <span class='ocr_line' id='line_1_79' title="bbox 1974 1685 3575 1760; baseline 0.004 -17"><span class='ocrx_word' id='word_1_582' title='bbox 1974 1685 2079 1755; x_wconf 90' lang='lat' dir='ltr'><strong>dit,</strong></span> <span class='ocrx_word' id='word_1_583' title='bbox 2101 1701 2170 1742; x_wconf 89' lang='lat' dir='ltr'><strong>ue</strong></span> <span class='ocrx_word' id='word_1_584' title='bbox 2195 1701 2306 1741; x_wconf 89' lang='lat' dir='ltr'><strong>non</strong></span> <span class='ocrx_word' id='word_1_585' title='bbox 2326 1692 2495 1742; x_wconf 63' lang='lat' dir='ltr'><strong>tensae</strong></span> <span class='ocrx_word' id='word_1_586' title='bbox 2524 1686 2845 1744; x_wconf 92' lang='lat' dir='ltr'><strong>omnimodo</strong></span> <span class='ocrx_word' id='word_1_587' title='bbox 2873 1705 2985 1746; x_wconf 91' lang='lat' dir='ltr'><strong>non</strong></span> <span class='ocrx_word' id='word_1_588' title='bbox 3013 1698 3245 1760; x_wconf 90' lang='lat' dir='ltr'><strong>sonent;</strong></span> <span class='ocrx_word' id='word_1_589' title='bbox 3278 1692 3423 1749; x_wconf 89' lang='lat' dir='ltr'><strong>hanc</strong></span> <span class='ocrx_word' id='word_1_590' title='bbox 3443 1708 3575 1749; x_wconf 89' lang='lat' dir='ltr'><strong>vero</strong></span> 
     </span>
    </p>
   </div>
   <div class='ocr_carea' id='block_1_80' title="bbox 1895 1774 3572 1872">
    <p class='ocr_par' dir='ltr' id='par_1_80' title="bbox 1895 1774 3572 1872">
     <span class='ocr_line' id='line_1_80' title="bbox 1895 1774 3572 1872; baseline 0.005 -42"><span class='ocrx_word' id='word_1_591' title='bbox 1895 1811 1943 1872; x_wconf 80' lang='grc' dir='ltr'>Β</span> <span class='ocrx_word' id='word_1_592' title='bbox 1975 1791 2009 1831; x_wconf 90' lang='lat' dir='ltr'><strong>a</strong></span> <span class='ocrx_word' id='word_1_593' title='bbox 2048 1774 2300 1831; x_wconf 89' lang='lat' dir='ltr'><strong>tensione</strong></span> <span class='ocrx_word' id='word_1_594' title='bbox 2344 1781 2633 1847; x_wconf 89' lang='lat' dir='ltr'><strong>temperat,</strong></span> <span class='ocrx_word' id='word_1_595' title='bbox 2676 1792 2745 1832; x_wconf 90' lang='lat' dir='ltr'><strong>ne</strong></span> <span class='ocrx_word' id='word_1_596' title='bbox 2773 1776 2906 1833; x_wconf 91' lang='lat' dir='ltr'><strong>dum</strong></span> <span class='ocrx_word' id='word_1_597' title='bbox 2935 1780 3061 1851; x_wconf 83' lang='lat' dir='ltr'><strong>plus</strong></span> <span class='ocrx_word' id='word_1_598' title='bbox 3087 1780 3356 1850; x_wconf 86' lang='lat' dir='ltr'><strong>tenditur,</strong></span> <span class='ocrx_word' id='word_1_599' title='bbox 3385 1782 3572 1838; x_wconf 90' lang='lat' dir='ltr'><strong>minus</strong></span> 
     </span>
    </p>
   </div>
   <div class='ocr_carea' id='block_1_81' title="bbox 1977 1872 2156 1921">
    <p class='ocr_par' dir='ltr' id='par_1_81' title="bbox 1977 1872 2156 1921">
     <span class='ocr_line' id='line_1_81' title="bbox 1977 1872 2156 1921; baseline -0.011 0"><span class='ocrx_word' id='word_1_600' title='bbox 1977 1872 2156 1921; x_wconf 87' lang='lat' dir='ltr'><strong>sonet.</strong></span> 
     </span>
    </p>
   </div>
   <div class='ocr_carea' id='block_1_82' title="bbox 2052 1953 3578 2027">
    <p class='ocr_par' dir='ltr' id='par_1_82' title="bbox 2052 1953 3578 2027">
     <span class='ocr_line' id='line_1_82' title="bbox 2052 1953 3578 2027; baseline 0.005 -17"><span class='ocrx_word' id='word_1_601' title='bbox 2052 1954 2139 2011; x_wconf 92' lang='lat'><strong>79.</strong></span> <span class='ocrx_word' id='word_1_602' title='bbox 2168 1953 2384 2025; x_wconf 71' lang='lat' dir='ltr'><strong>Duplex</strong></span> <span class='ocrx_word' id='word_1_603' title='bbox 2411 1954 2793 2012; x_wconf 69' lang='lat' dir='ltr'><strong>exhortationis</strong></span> <span class='ocrx_word' id='word_1_604' title='bbox 2818 1958 3028 2025; x_wconf 87' lang='lat' dir='ltr'><strong>modus,</strong></span> <span class='ocrx_word' id='word_1_605' title='bbox 3044 1958 3187 2016; x_wconf 83' lang='lat' dir='ltr'><strong>alius</strong></span> <span class='ocrx_word' id='word_1_606' title='bbox 3211 1959 3404 2027; x_wconf 76' lang='lat' dir='ltr'><strong>verbis,</strong></span> <span class='ocrx_word' id='word_1_607' title='bbox 3432 1961 3578 2018; x_wconf 85' lang='lat' dir='ltr'><strong>alius</strong></span> 
     </span>
    </p>
   </div>
   <div class='ocr_carea' id='block_1_83' title="bbox 1979 2041 3579 2121">
    <p class='ocr_par' dir='ltr' id='par_1_83' title="bbox 1979 2041 3579 2121">
     <span class='ocr_line' id='line_1_83' title="bbox 1979 2041 3579 2121; baseline 0.008 -26"><span class='ocrx_word' id='word_1_608' title='bbox 1979 2042 2243 2115; x_wconf 84' lang='lat' dir='ltr'><strong>aperibus.</strong></span> <span class='ocrx_word' id='word_1_609' title='bbox 2277 2072 2349 2083; x_wconf 94' lang='lat'><em>—</em></span> <span class='ocrx_word' id='word_1_610' title='bbox 2377 2041 2505 2099; x_wconf 89' lang='lat' dir='ltr'><strong>Sive</strong></span> <span class='ocrx_word' id='word_1_611' title='bbox 2533 2049 2716 2101; x_wconf 89' lang='lat' dir='ltr'><strong>autem</strong></span> <span class='ocrx_word' id='word_1_612' title='bbox 2748 2047 2925 2104; x_wconf 89' lang='lat' dir='ltr'><strong>sancti</strong></span> <span class='ocrx_word' id='word_1_613' title='bbox 2966 2047 3351 2121; x_wconf 77' lang='lat' dir='ltr'><strong>praedicatores</strong></span> <span class='ocrx_word' id='word_1_614' title='bbox 3385 2049 3446 2106; x_wconf 92' lang='lat' dir='ltr'><strong>in</strong></span> <span class='ocrx_word' id='word_1_615' title='bbox 3475 2050 3579 2108; x_wconf 86' lang='lat' dir='ltr'><strong>Ec-</strong></span> 
     </span>
    </p>
   </div>
   <div class='ocr_carea' id='block_1_84' title="bbox 1979 2133 3581 2215">
    <p class='ocr_par' dir='ltr' id='par_1_84' title="bbox 1979 2133 3581 2215">
     <span class='ocr_line' id='line_1_84' title="bbox 1979 2133 3581 2215; baseline 0.006 -26"><span class='ocrx_word' id='word_1_616' title='bbox 1979 2133 2168 2203; x_wconf 88' lang='lat' dir='ltr'><strong>clesia,</strong></span> <span class='ocrx_word' id='word_1_617' title='bbox 2198 2148 2294 2189; x_wconf 90' lang='lat' dir='ltr'><strong>seu</strong></span> <span class='ocrx_word' id='word_1_618' title='bbox 2324 2133 2557 2207; x_wconf 89' lang='lat' dir='ltr'><strong>quilibet</strong></span> <span class='ocrx_word' id='word_1_619' title='bbox 2596 2135 2876 2210; x_wconf 88' lang='lat' dir='ltr'><strong>simplices</strong></span> <span class='ocrx_word' id='word_1_620' title='bbox 2918 2146 2972 2196; x_wconf 92' lang='lat' dir='ltr'><strong>et</strong></span> <span class='ocrx_word' id='word_1_621' title='bbox 3008 2140 3367 2210; x_wconf 87' lang='lat' dir='ltr'><strong>abstinentes,</strong></span> <span class='ocrx_word' id='word_1_622' title='bbox 3415 2148 3581 2215; x_wconf 93' lang='lat' dir='ltr'><strong>prout</strong></span> 
     </span>
    </p>
   </div>
   <div class='ocr_carea' id='block_1_85' title="bbox 1980 2219 3578 2298">
    <p class='ocr_par' dir='ltr' id='par_1_85' title="bbox 1980 2219 3578 2298">
     <span class='ocr_line' id='line_1_85' title="bbox 1980 2219 3578 2298; baseline 0.006 -22"><span class='ocrx_word' id='word_1_623' title='bbox 1980 2221 2129 2277; x_wconf 91' lang='lat' dir='ltr'><strong>vires</strong></span> <span class='ocrx_word' id='word_1_624' title='bbox 2158 2219 2459 2294; x_wconf 89' lang='lat' dir='ltr'><strong>accipiunt,</strong></span> <span class='ocrx_word' id='word_1_625' title='bbox 2491 2223 2550 2278; x_wconf 89' lang='lat' dir='ltr'><strong>in</strong></span> <span class='ocrx_word' id='word_1_626' title='bbox 2578 2238 2641 2280; x_wconf 92' lang='lat' dir='ltr'><strong>ea</strong></span> <span class='ocrx_word' id='word_1_627' title='bbox 2667 2226 2938 2298; x_wconf 81' lang='lat' dir='ltr'><strong>proximis</strong></span> <span class='ocrx_word' id='word_1_628' title='bbox 2970 2228 3085 2284; x_wconf 91' lang='lat' dir='ltr'><strong>suis</strong></span> <span class='ocrx_word' id='word_1_629' title='bbox 3112 2229 3389 2286; x_wconf 88' lang='lat' dir='ltr'><strong>canticum</strong></span> <span class='ocrx_word' id='word_1_630' title='bbox 3419 2229 3578 2287; x_wconf 64' lang='lat' dir='ltr'><strong>bonas</strong></span> 
     </span>
    </p>
   </div>
   <div class='ocr_carea' id='block_1_86' title="bbox 1981 2310 3579 2392">
    <p class='ocr_par' dir='ltr' id='par_1_86' title="bbox 1981 2310 3579 2392">
     <span class='ocr_line' id='line_1_86' title="bbox 1981 2310 3579 2392; baseline 0.004 -24"><span class='ocrx_word' id='word_1_631' title='bbox 1981 2310 2389 2368; x_wconf 83' lang='lat' dir='ltr'><strong>exhortationis</strong></span> <span class='ocrx_word' id='word_1_632' title='bbox 2418 2312 2676 2371; x_wconf 89' lang='lat' dir='ltr'><strong>reddunt.</strong></span> <span class='ocrx_word' id='word_1_633' title='bbox 2707 2316 2844 2372; x_wconf 89' lang='lat' dir='ltr'><strong>Nam</strong></span> <span class='ocrx_word' id='word_1_634' title='bbox 2871 2322 2926 2373; x_wconf 92' lang='lat' dir='ltr'><strong>et</strong></span> <span class='ocrx_word' id='word_1_635' title='bbox 2954 2317 3248 2389; x_wconf 89' lang='lat' dir='ltr'><strong>prudentes</strong></span> <span class='ocrx_word' id='word_1_636' title='bbox 3278 2318 3481 2392; x_wconf 92' lang='lat' dir='ltr'><strong>quique</strong></span> <span class='ocrx_word' id='word_1_637' title='bbox 3509 2318 3579 2375; x_wconf 87' lang='lat' dir='ltr'><strong>ad</strong></span> 
     </span>
    </p>
   </div>
   <div class='ocr_carea' id='block_1_87' title="bbox 1982 2399 3582 2481">
    <p class='ocr_par' dir='ltr' id='par_1_87' title="bbox 1982 2399 3582 2481">
     <span class='ocr_line' id='line_1_87' title="bbox 1982 2399 3582 2481; baseline 0.004 -25"><span class='ocrx_word' id='word_1_638' title='bbox 1982 2399 2395 2473; x_wconf 56' lang='lat' dir='ltr'><strong>praedicationis</strong></span> <span class='ocrx_word' id='word_1_639' title='bbox 2433 2400 2677 2459; x_wconf 89' lang='lat' dir='ltr'><strong>fructum</strong></span> <span class='ocrx_word' id='word_1_640' title='bbox 2724 2405 2953 2461; x_wconf 85' lang='lat' dir='ltr'><strong>solerter</strong></span> <span class='ocrx_word' id='word_1_641' title='bbox 2981 2405 3296 2479; x_wconf 86' lang='lat' dir='ltr'><strong>invigilant,</strong></span> <span class='ocrx_word' id='word_1_642' title='bbox 3326 2415 3489 2481; x_wconf 89' lang='lat' dir='ltr'><strong>atque</strong></span> <span class='ocrx_word' id='word_1_643' title='bbox 3518 2414 3582 2463; x_wconf 91' lang='lat' dir='ltr'><strong>ut</strong></span> 
     </span>
    </p>
   </div>
   <div class='ocr_carea' id='block_1_88' title="bbox 1983 2490 3582 2569">
    <p class='ocr_par' dir='ltr' id='par_1_88' title="bbox 1983 2490 3582 2569">
     <span class='ocr_line' id='line_1_88' title="bbox 1983 2490 3582 2569; baseline 0.004 -22"><span class='ocrx_word' id='word_1_644' title='bbox 1983 2490 2122 2547; x_wconf 88' lang='lat' dir='ltr'><strong>alios</strong></span> <span class='ocrx_word' id='word_1_645' title='bbox 2150 2490 2220 2547; x_wconf 90' lang='lat' dir='ltr'><strong>ad</strong></span> <span class='ocrx_word' id='word_1_646' title='bbox 2244 2490 2417 2548; x_wconf 88' lang='lat' dir='ltr'><strong>vitam</strong></span> <span class='ocrx_word' id='word_1_647' title='bbox 2446 2493 2788 2565; x_wconf 88' lang='lat' dir='ltr'><strong>pertrahant,</strong></span> <span class='ocrx_word' id='word_1_648' title='bbox 2818 2510 2953 2552; x_wconf 90' lang='lat' dir='ltr'><strong>sono</strong></span> <span class='ocrx_word' id='word_1_649' title='bbox 2974 2493 3183 2568; x_wconf 62' lang='lat' dir='ltr'><strong>magna;</strong></span> <span class='ocrx_word' id='word_1_650' title='bbox 3211 2497 3582 2569; x_wconf 88' lang='lat' dir='ltr'><strong>persuasionis</strong></span> 
     </span>
    </p>
   </div>
   <div class='ocr_carea' id='block_1_89' title="bbox 1983 2579 3579 2659">
    <p class='ocr_par' dir='ltr' id='par_1_89' title="bbox 1983 2579 3579 2659">
     <span class='ocr_line' id='line_1_89' title="bbox 1983 2579 3579 2659; baseline 0.006 -25"><span class='ocrx_word' id='word_1_651' title='bbox 1983 2579 2300 2647; x_wconf 88' lang='lat' dir='ltr'><strong>elaborant;</strong></span> <span class='ocrx_word' id='word_1_652' title='bbox 2342 2587 2397 2637; x_wconf 92' lang='lat' dir='ltr'><strong>et</strong></span> <span class='ocrx_word' id='word_1_653' title='bbox 2442 2581 2538 2654; x_wconf 93' lang='lat' dir='ltr'><strong>qui</strong></span> <span class='ocrx_word' id='word_1_654' title='bbox 2580 2580 2639 2639; x_wconf 89' lang='lat' dir='ltr'><strong>in</strong></span> <span class='ocrx_word' id='word_1_655' title='bbox 2683 2599 2745 2640; x_wconf 90' lang='lat' dir='ltr'><strong>ea</strong></span> <span class='ocrx_word' id='word_1_656' title='bbox 2774 2583 3032 2641; x_wconf 87' lang='lat' dir='ltr'><strong>tardioris</strong></span> <span class='ocrx_word' id='word_1_657' title='bbox 3060 2584 3268 2659; x_wconf 91' lang='lat' dir='ltr'><strong>ingenii</strong></span> <span class='ocrx_word' id='word_1_658' title='bbox 3296 2587 3579 2658; x_wconf 90' lang='lat' dir='ltr'><strong>videntur,</strong></span> 
     </span>
    </p>
   </div>
   <div class='ocr_carea' id='block_1_90' title="bbox 1984 2672 3581 2752">
    <p class='ocr_par' dir='ltr' id='par_1_90' title="bbox 1984 2672 3581 2752">
     <span class='ocr_line' id='line_1_90' title="bbox 1984 2672 3581 2752; baseline 0.004 -24"><span class='ocrx_word' id='word_1_659' title='bbox 1984 2688 2054 2729; x_wconf 87' lang='lat' dir='ltr'><strong>ex</strong></span> <span class='ocrx_word' id='word_1_660' title='bbox 2083 2672 2203 2746; x_wconf 91' lang='lat' dir='ltr'><strong>ipso</strong></span> <span class='ocrx_word' id='word_1_661' title='bbox 2227 2690 2339 2731; x_wconf 66' lang='lat' dir='ltr'><strong>sua;</strong></span> <span class='ocrx_word' id='word_1_662' title='bbox 2368 2674 2497 2731; x_wconf 78' lang='lat' dir='ltr'><strong>vitae</strong></span> <span class='ocrx_word' id='word_1_663' title='bbox 2516 2677 2713 2733; x_wconf 90' lang='lat' dir='ltr'><strong>merito</strong></span> <span class='ocrx_word' id='word_1_664' title='bbox 2734 2676 2794 2733; x_wconf 91' lang='lat' dir='ltr'><strong>in</strong></span> <span class='ocrx_word' id='word_1_665' title='bbox 2815 2685 3082 2751; x_wconf 89' lang='lat' dir='ltr'><strong>quantum</strong></span> <span class='ocrx_word' id='word_1_666' title='bbox 3111 2695 3168 2736; x_wconf 89' lang='lat' dir='ltr'><strong>se</strong></span> <span class='ocrx_word' id='word_1_667' title='bbox 3188 2695 3345 2752; x_wconf 91' lang='lat' dir='ltr'><strong>posse</strong></span> <span class='ocrx_word' id='word_1_668' title='bbox 3364 2679 3581 2751; x_wconf 89' lang='lat' dir='ltr'><strong>conspi-</strong></span> 
     </span>
    </p>
   </div>
   <div class='ocr_carea' id='block_1_91' title="bbox 1983 2762 3583 2842">
    <p class='ocr_par' dir='ltr' id='par_1_91' title="bbox 1983 2762 3583 2842">
     <span class='ocr_line' id='line_1_91' title="bbox 1983 2762 3583 2842; baseline 0.007 -25"><span class='ocrx_word' id='word_1_669' title='bbox 1983 2762 2161 2833; x_wconf 90' lang='lat' dir='ltr'><strong>ciunt,</strong></span> <span class='ocrx_word' id='word_1_670' title='bbox 2210 2763 2614 2824; x_wconf 80' lang='lat' dir='ltr'><strong>exhortationis</strong></span> <span class='ocrx_word' id='word_1_671' title='bbox 2659 2784 2785 2842; x_wconf 88' lang='lat' dir='ltr'><strong>erga</strong></span> <span class='ocrx_word' id='word_1_672' title='bbox 2829 2768 2968 2825; x_wconf 88' lang='lat' dir='ltr'><strong>alios</strong></span> <span class='ocrx_word' id='word_1_673' title='bbox 3013 2775 3158 2833; x_wconf 85' lang='lat'><strong>676</strong></span> <span class='ocrx_word' id='word_1_674' title='bbox 3200 2771 3583 2828; x_wconf 89' lang='lat' dir='ltr'><strong>auctoritatem</strong></span> 
     </span>
    </p>
   </div>
   <div class='ocr_carea' id='block_1_92' title="bbox 1983 2864 3584 2941">
    <p class='ocr_par' dir='ltr' id='par_1_92' title="bbox 1983 2864 3584 2941">
     <span class='ocr_line' id='line_1_92' title="bbox 1983 2864 3584 2941; baseline 0.005 -24"><span class='ocrx_word' id='word_1_675' title='bbox 1983 2870 2233 2931; x_wconf 91' lang='lat' dir='ltr'><strong>sumunt,</strong></span> <span class='ocrx_word' id='word_1_676' title='bbox 2290 2869 2453 2937; x_wconf 88' lang='lat' dir='ltr'><strong>atque</strong></span> <span class='ocrx_word' id='word_1_677' title='bbox 2503 2864 2573 2921; x_wconf 85' lang='lat' dir='ltr'><strong>ad</strong></span> <span class='ocrx_word' id='word_1_678' title='bbox 2619 2866 2892 2923; x_wconf 74' lang='lat' dir='ltr'><strong>caelestem</strong></span> <span class='ocrx_word' id='word_1_679' title='bbox 2935 2868 3168 2940; x_wconf 87' lang='lat' dir='ltr'><strong>patriam</strong></span> <span class='ocrx_word' id='word_1_680' title='bbox 3214 2885 3353 2941; x_wconf 91' lang='lat' dir='ltr'><strong>quos</strong></span> <span class='ocrx_word' id='word_1_681' title='bbox 3396 2869 3584 2925; x_wconf 89' lang='lat' dir='ltr'><strong>valent</strong></span> 
     </span>
    </p>
   </div>
   <div class='ocr_carea' id='block_1_93' title="bbox 1983 2950 3585 3015">
    <p class='ocr_par' dir='ltr' id='par_1_93' title="bbox 1983 2950 3585 3015">
     <span class='ocr_line' id='line_1_93' title="bbox 1983 2950 3585 3015; baseline 0.004 -8"><span class='ocrx_word' id='word_1_682' title='bbox 1983 2950 2201 3007; x_wconf 89' lang='lat' dir='ltr'><strong>trahere</strong></span> <span class='ocrx_word' id='word_1_683' title='bbox 2225 2966 2338 3006; x_wconf 90' lang='lat' dir='ltr'><strong>non</strong></span> <span class='ocrx_word' id='word_1_684' title='bbox 2373 2950 2665 3011; x_wconf 90' lang='lat' dir='ltr'><strong>desistunt.</strong></span> <span class='ocrx_word' id='word_1_685' title='bbox 2698 2955 2803 3012; x_wconf 92' lang='lat' dir='ltr'><strong>Sed</strong></span> <span class='ocrx_word' id='word_1_686' title='bbox 2831 2964 3018 3013; x_wconf 89' lang='lat' dir='ltr'><strong>sancta</strong></span> <span class='ocrx_word' id='word_1_687' title='bbox 3044 2957 3294 3015; x_wconf 88' lang='lat' dir='ltr'><strong>Ecclesia</strong></span> <span class='ocrx_word' id='word_1_688' title='bbox 3320 2958 3585 3014; x_wconf 81' lang='lat' dir='ltr'><strong>extremis</strong></span> 
     </span>
    </p>
   </div>
   <div class='ocr_carea' id='block_1_94' title="bbox 1984 3039 3587 3119">
    <p class='ocr_par' dir='ltr' id='par_1_94' title="bbox 1984 3039 3587 3119">
     <span class='ocr_line' id='line_1_94' title="bbox 1984 3039 3587 3119; baseline 0.006 -25"><span class='ocrx_word' id='word_1_689' title='bbox 1984 3039 2461 3113; x_wconf 86' lang='lat' dir='ltr'><strong>persecutionibus</strong></span> <span class='ocrx_word' id='word_1_690' title='bbox 2503 3056 2704 3112; x_wconf 87' lang='lat' dir='ltr'><strong>pressa,</strong></span> <span class='ocrx_word' id='word_1_691' title='bbox 2748 3059 2875 3100; x_wconf 90' lang='lat' dir='ltr'><strong>cum</strong></span> <span class='ocrx_word' id='word_1_692' title='bbox 2918 3045 3084 3101; x_wconf 89' lang='lat' dir='ltr'><strong>verba</strong></span> <span class='ocrx_word' id='word_1_693' title='bbox 3127 3061 3227 3102; x_wconf 88' lang='lat' dir='ltr'><strong>sua</strong></span> <span class='ocrx_word' id='word_1_694' title='bbox 3267 3062 3300 3101; x_wconf 89' lang='lat' dir='ltr'><strong>a</strong></span> <span class='ocrx_word' id='word_1_695' title='bbox 3337 3045 3587 3119; x_wconf 89' lang='lat' dir='ltr'><strong>reprobis</strong></span> 
     </span>
    </p>
   </div>
   <div class='ocr_carea' id='block_1_95' title="bbox 1905 3128 3588 3229">
    <p class='ocr_par' dir='ltr' id='par_1_95' title="bbox 1905 3128 3588 3229">
     <span class='ocr_line' id='line_1_95' title="bbox 1905 3128 3588 3229; baseline 0.004 -44"><span class='ocrx_word' id='word_1_696' title='bbox 1905 3168 1951 3229; x_wconf 66' lang='grc' dir='ltr'>Ο</span> <span class='ocrx_word' id='word_1_697' title='bbox 1984 3128 2266 3186; x_wconf 88' lang='lat' dir='ltr'><strong>contemni</strong></span> <span class='ocrx_word' id='word_1_698' title='bbox 2294 3128 2627 3200; x_wconf 88' lang='lat' dir='ltr'><strong>considerat,</strong></span> <span class='ocrx_word' id='word_1_699' title='bbox 2658 3131 2861 3189; x_wconf 89' lang='lat' dir='ltr'><strong>amoris</strong></span> <span class='ocrx_word' id='word_1_700' title='bbox 2884 3132 2972 3190; x_wconf 91' lang='lat' dir='ltr'><strong>sui</strong></span> <span class='ocrx_word' id='word_1_701' title='bbox 3001 3134 3230 3207; x_wconf 90' lang='lat' dir='ltr'><strong>gratiam</strong></span> <span class='ocrx_word' id='word_1_702' title='bbox 3258 3135 3329 3192; x_wconf 90' lang='lat' dir='ltr'><strong>ad</strong></span> <span class='ocrx_word' id='word_1_703' title='bbox 3350 3136 3468 3193; x_wconf 89' lang='lat' dir='ltr'><strong>sola</strong></span> <span class='ocrx_word' id='word_1_704' title='bbox 3494 3136 3588 3192; x_wconf 91' lang='lat' dir='ltr'><strong>la-</strong></span> 
     </span>
    </p>
   </div>
   <div class='ocr_carea' id='block_1_96' title="bbox 1985 3220 3586 3299">
    <p class='ocr_par' dir='ltr' id='par_1_96' title="bbox 1985 3220 3586 3299">
     <span class='ocr_line' id='line_1_96' title="bbox 1985 3220 3586 3299; baseline 0.004 -23"><span class='ocrx_word' id='word_1_705' title='bbox 1985 3226 2170 3277; x_wconf 88' lang='lat' dir='ltr'><strong>menta</strong></span> <span class='ocrx_word' id='word_1_706' title='bbox 2209 3220 2607 3295; x_wconf 67' lang='lat' dir='ltr'><strong>format,&#39;quia</strong></span> <span class='ocrx_word' id='word_1_707' title='bbox 2646 3221 2913 3279; x_wconf 91' lang='lat' dir='ltr'><strong>nimirum</strong></span> <span class='ocrx_word' id='word_1_708' title='bbox 2946 3223 3110 3281; x_wconf 85' lang='lat' dir='ltr'><strong>deﬂet</strong></span> <span class='ocrx_word' id='word_1_709' title='bbox 3138 3226 3161 3261; x_wconf 76' lang='grc'><strong>⁴</strong></span> <span class='ocrx_word' id='word_1_710' title='bbox 3190 3241 3329 3299; x_wconf 91' lang='lat' dir='ltr'><strong>quos</strong></span> <span class='ocrx_word' id='word_1_711' title='bbox 3370 3226 3586 3285; x_wconf 86' lang='lat' dir='ltr'><strong>exhor-</strong></span> 
     </span>
    </p>
   </div>
   <div class='ocr_carea' id='block_1_97' title="bbox 1983 3309 3586 3386">
    <p class='ocr_par' dir='ltr' id='par_1_97' title="bbox 1983 3309 3586 3386">
     <span class='ocr_line' id='line_1_97' title="bbox 1983 3309 3586 3386; baseline 0.004 -22"><span class='ocrx_word' id='word_1_712' title='bbox 1983 3309 2155 3365; x_wconf 89' lang='lat' dir='ltr'><strong>tando</strong></span> <span class='ocrx_word' id='word_1_713' title='bbox 2199 3310 2418 3367; x_wconf 89' lang='lat' dir='ltr'><strong>trahere</strong></span> <span class='ocrx_word' id='word_1_714' title='bbox 2461 3327 2574 3368; x_wconf 92' lang='lat' dir='ltr'><strong>non</strong></span> <span class='ocrx_word' id='word_1_715' title='bbox 2601 3312 2767 3368; x_wconf 89' lang='lat' dir='ltr'><strong>valet.</strong></span> <span class='ocrx_word' id='word_1_716' title='bbox 2799 3312 2959 3370; x_wconf 89' lang='lat' dir='ltr'><strong>Dicat</strong></span> <span class='ocrx_word' id='word_1_717' title='bbox 2995 3328 3158 3386; x_wconf 88' lang='lat' dir='ltr'><strong>ergo:</strong></span> <span class='ocrx_word' id='word_1_718' title='bbox 3218 3315 3377 3374; x_wconf 82' lang='lat' dir='ltr'><strong>Versa</strong></span> <span class='ocrx_word' id='word_1_719' title='bbox 3415 3322 3491 3371; x_wconf 87' lang='lat' dir='ltr'><strong>est</strong></span> <span class='ocrx_word' id='word_1_720' title='bbox 3527 3316 3586 3371; x_wconf 87' lang='lat' dir='ltr'><strong>in</strong></span> 
     </span>
    </p>
   </div>
   <div class='ocr_carea' id='block_1_98' title="bbox 1988 3402 3583 3477">
    <p class='ocr_par' dir='ltr' id='par_1_98' title="bbox 1988 3402 3583 3477">
     <span class='ocr_line' id='line_1_98' title="bbox 1988 3402 3583 3477; baseline 0.002 -20"><span class='ocrx_word' id='word_1_721' title='bbox 1988 3402 2186 3457; x_wconf 85' lang='lat' dir='ltr'><strong>luctum</strong></span> <span class='ocrx_word' id='word_1_722' title='bbox 2213 3402 2422 3459; x_wconf 81' lang='lat' dir='ltr'><strong>cithara</strong></span> <span class='ocrx_word' id='word_1_723' title='bbox 2449 3421 2583 3470; x_wconf 89' lang='lat' dir='ltr'><strong>mea,</strong></span> <span class='ocrx_word' id='word_1_724' title='bbox 2606 3410 2653 3460; x_wconf 89' lang='lat' dir='ltr'><strong>et</strong></span> <span class='ocrx_word' id='word_1_725' title='bbox 2679 3420 2939 3476; x_wconf 87' lang='lat' dir='ltr'><strong>organum</strong></span> <span class='ocrx_word' id='word_1_726' title='bbox 2971 3421 3144 3460; x_wconf 88' lang='lat' dir='ltr'><strong>meum</strong></span> <span class='ocrx_word' id='word_1_727' title='bbox 3170 3404 3228 3459; x_wconf 89' lang='lat' dir='ltr'><strong>in</strong></span> <span class='ocrx_word' id='word_1_728' title='bbox 3254 3421 3425 3461; x_wconf 81' lang='lat' dir='ltr'><strong>vocem</strong></span> <span class='ocrx_word' id='word_1_729' title='bbox 3451 3408 3583 3477; x_wconf 80' lang='lat' dir='ltr'><strong>flen-</strong></span> 
     </span>
    </p>
   </div>
   <div class='ocr_carea' id='block_1_99' title="bbox 1987 3489 3587 3568">
    <p class='ocr_par' dir='ltr' id='par_1_99' title="bbox 1987 3489 3587 3568">
     <span class='ocr_line' id='line_1_99' title="bbox 1987 3489 3587 3568; baseline 0.005 -23"><span class='ocrx_word' id='word_1_730' title='bbox 1987 3489 2137 3547; x_wconf 88' lang='lat' dir='ltr'><strong>tium.</strong></span> <span class='ocrx_word' id='word_1_731' title='bbox 2188 3492 2270 3547; x_wconf 84' lang='lat' dir='ltr'><strong>Ac</strong></span> <span class='ocrx_word' id='word_1_732' title='bbox 2319 3491 2366 3548; x_wconf 90' lang='lat' dir='ltr'><strong>si</strong></span> <span class='ocrx_word' id='word_1_733' title='bbox 2407 3499 2590 3565; x_wconf 88' lang='lat' dir='ltr'><strong>aperte</strong></span> <span class='ocrx_word' id='word_1_734' title='bbox 2618 3492 2854 3549; x_wconf 88' lang='lat' dir='ltr'><strong>fateatur</strong></span> <span class='ocrx_word' id='word_1_735' title='bbox 2894 3493 3118 3551; x_wconf 89' lang='lat' dir='ltr'><strong>dicens:</strong></span> <span class='ocrx_word' id='word_1_736' title='bbox 3163 3494 3320 3551; x_wconf 90' lang='lat' dir='ltr'><strong>Pacis</strong></span> <span class='ocrx_word' id='word_1_737' title='bbox 3362 3492 3587 3568; x_wconf 90' lang='lat' dir='ltr'><strong>quidem</strong></span> 
     </span>
    </p>
   </div>
   <div class='ocr_carea' id='block_1_100' title="bbox 1985 3582 3586 3658">
    <p class='ocr_par' dir='ltr' id='par_1_100' title="bbox 1985 3582 3586 3658">
     <span class='ocr_line' id='line_1_100' title="bbox 1985 3582 3586 3658; baseline 0.004 -22"><span class='ocrx_word' id='word_1_738' title='bbox 1985 3596 2119 3637; x_wconf 68' lang='lat' dir='ltr'><strong>meae</strong></span> <span class='ocrx_word' id='word_1_739' title='bbox 2149 3587 2397 3653; x_wconf 91' lang='lat' dir='ltr'><strong>tempore</strong></span> <span class='ocrx_word' id='word_1_740' title='bbox 2425 3598 2521 3655; x_wconf 91' lang='lat' dir='ltr'><strong>per</strong></span> <span class='ocrx_word' id='word_1_741' title='bbox 2543 3582 2683 3638; x_wconf 91' lang='lat' dir='ltr'><strong>alios</strong></span> <span class='ocrx_word' id='word_1_742' title='bbox 2709 3599 2877 3656; x_wconf 90' lang='lat' dir='ltr'><strong>parva</strong></span> <span class='ocrx_word' id='word_1_743' title='bbox 2895 3599 3046 3640; x_wconf 91' lang='lat' dir='ltr'><strong>more</strong></span> <span class='ocrx_word' id='word_1_744' title='bbox 3065 3583 3311 3654; x_wconf 81' lang='lat' dir='ltr'><strong>citharae,</strong></span> <span class='ocrx_word' id='word_1_745' title='bbox 3329 3600 3427 3658; x_wconf 90' lang='lat' dir='ltr'><strong>per</strong></span> <span class='ocrx_word' id='word_1_746' title='bbox 3446 3586 3586 3644; x_wconf 89' lang='lat' dir='ltr'><strong>alios</strong></span> 
     </span>
    </p>
   </div>
   <div class='ocr_carea' id='block_1_101' title="bbox 1986 3662 3587 3744">
    <p class='ocr_par' dir='ltr' id='par_1_101' title="bbox 1986 3662 3587 3744">
     <span class='ocr_line' id='line_1_101' title="bbox 1986 3662 3587 3744; baseline 0.005 -19"><span class='ocrx_word' id='word_1_747' title='bbox 1986 3685 2116 3726; x_wconf 90' lang='lat' dir='ltr'><strong>vero</strong></span> <span class='ocrx_word' id='word_1_748' title='bbox 2136 3686 2287 3727; x_wconf 90' lang='lat' dir='ltr'><strong>more</strong></span> <span class='ocrx_word' id='word_1_749' title='bbox 2308 3671 2496 3743; x_wconf 87' lang='lat' dir='ltr'><strong>organi</strong></span> <span class='ocrx_word' id='word_1_750' title='bbox 2520 3687 2715 3742; x_wconf 88' lang='lat' dir='ltr'><strong>magna</strong></span> <span class='ocrx_word' id='word_1_751' title='bbox 2737 3679 2792 3728; x_wconf 93' lang='lat' dir='ltr'><strong>et</strong></span> <span class='ocrx_word' id='word_1_752' title='bbox 2817 3689 3017 3729; x_wconf 88' lang='lat' dir='ltr'><strong>sonora</strong></span> <span class='ocrx_word' id='word_1_753' title='bbox 3040 3662 3465 3744; x_wconf 64' lang='lat' dir='ltr'><strong>praedicabam,‘</strong></span> <span class='ocrx_word' id='word_1_754' title='bbox 3491 3675 3587 3732; x_wconf 89' lang='lat' dir='ltr'><strong>sed</strong></span> 
     </span>
    </p>
   </div>
   <div class='ocr_carea' id='block_1_102' title="bbox 1985 3758 3589 3831">
    <p class='ocr_par' dir='ltr' id='par_1_102' title="bbox 1985 3758 3589 3831">
     <span class='ocr_line' id='line_1_102' title="bbox 1985 3758 3589 3831; baseline 0.001 -16"><span class='ocrx_word' id='word_1_755' title='bbox 1985 3774 2135 3815; x_wconf 90' lang='lat' dir='ltr'><strong>nunc</strong></span> <span class='ocrx_word' id='word_1_756' title='bbox 2163 3758 2222 3814; x_wconf 89' lang='lat' dir='ltr'><strong>in</strong></span> <span class='ocrx_word' id='word_1_757' title='bbox 2251 3759 2462 3814; x_wconf 91' lang='lat' dir='ltr'><strong>luctum</strong></span> <span class='ocrx_word' id='word_1_758' title='bbox 2497 3758 2732 3827; x_wconf 89' lang='lat' dir='ltr'><strong>cithara,</strong></span> <span class='ocrx_word' id='word_1_759' title='bbox 2763 3767 2817 3815; x_wconf 90' lang='lat' dir='ltr'><strong>et</strong></span> <span class='ocrx_word' id='word_1_760' title='bbox 2845 3776 3110 3831; x_wconf 87' lang='lat' dir='ltr'><strong>organum</strong></span> <span class='ocrx_word' id='word_1_761' title='bbox 3146 3761 3206 3815; x_wconf 91' lang='lat' dir='ltr'><strong>in</strong></span> <span class='ocrx_word' id='word_1_762' title='bbox 3235 3778 3426 3818; x_wconf 89' lang='lat' dir='ltr'><strong>vocem</strong></span> <span class='ocrx_word' id='word_1_763' title='bbox 3456 3762 3589 3817; x_wconf 86' lang='lat' dir='ltr'><strong>ﬁen-</strong></span> 
     </span>
    </p>
   </div>
   <div class='ocr_carea' id='block_1_103' title="bbox 1987 3848 3584 3921">
    <p class='ocr_par' dir='ltr' id='par_1_103' title="bbox 1987 3848 3584 3921">
     <span class='ocr_line' id='line_1_103' title="bbox 1987 3848 3584 3921; baseline 0.001 -17"><span class='ocrx_word' id='word_1_764' title='bbox 1987 3848 2129 3904; x_wconf 90' lang='lat' dir='ltr'><strong>tium</strong></span> <span class='ocrx_word' id='word_1_765' title='bbox 2158 3864 2381 3904; x_wconf 89' lang='lat' dir='ltr'><strong>versum</strong></span> <span class='ocrx_word' id='word_1_766' title='bbox 2409 3856 2512 3917; x_wconf 89' lang='lat' dir='ltr'><strong>est,</strong></span> <span class='ocrx_word' id='word_1_767' title='bbox 2543 3848 2673 3921; x_wconf 86' lang='lat' dir='ltr'><strong>quia</strong></span> <span class='ocrx_word' id='word_1_768' title='bbox 2701 3849 2834 3906; x_wconf 90' lang='lat' dir='ltr'><strong>dum</strong></span> <span class='ocrx_word' id='word_1_769' title='bbox 2862 3865 2951 3905; x_wconf 91' lang='lat' dir='ltr'><strong>me</strong></span> <span class='ocrx_word' id='word_1_770' title='bbox 2979 3848 3258 3907; x_wconf 89' lang='lat' dir='ltr'><strong>contemni</strong></span> <span class='ocrx_word' id='word_1_771' title='bbox 3279 3848 3584 3920; x_wconf 90' lang='lat' dir='ltr'><strong>conspicio,</strong></span> 
     </span>
    </p>
   </div>
   <div class='ocr_carea' id='block_1_104' title="bbox 1987 3935 3587 4011">
    <p class='ocr_par' dir='ltr' id='par_1_104' title="bbox 1987 3935 3587 4011">
     <span class='ocr_line' id='line_1_104' title="bbox 1987 3935 3587 4011; baseline 0.001 -16"><span class='ocrx_word' id='word_1_772' title='bbox 1987 3954 2081 3995; x_wconf 90' lang='lat' dir='ltr'><strong>eos</strong></span> <span class='ocrx_word' id='word_1_773' title='bbox 2102 3936 2197 4011; x_wconf 90' lang='lat' dir='ltr'><strong>qui</strong></span> <span class='ocrx_word' id='word_1_774' title='bbox 2219 3936 2626 4010; x_wconf 83' lang='lat' dir='ltr'><strong>praedicationis</strong></span> <span class='ocrx_word' id='word_1_775' title='bbox 2656 3939 2678 3974; x_wconf 82' lang='grc'>⁶</span> <span class='ocrx_word' id='word_1_776' title='bbox 2706 3946 2929 3995; x_wconf 87' lang='lat' dir='ltr'><strong>cantum</strong></span> <span class='ocrx_word' id='word_1_777' title='bbox 2950 3953 3062 3994; x_wconf 92' lang='lat' dir='ltr'><strong>non</strong></span> <span class='ocrx_word' id='word_1_778' title='bbox 3082 3935 3318 3993; x_wconf 91' lang='lat' dir='ltr'><strong>audiunt</strong></span> <span class='ocrx_word' id='word_1_779' title='bbox 3339 3936 3587 4010; x_wconf 91' lang='lat' dir='ltr'><strong>deploro.</strong></span> 
     </span>
    </p>
   </div>
   <div class='ocr_carea' id='block_1_105' title="bbox 1988 4028 3589 4104">
    <p class='ocr_par' dir='ltr' id='par_1_105' title="bbox 1988 4028 3589 4104">
     <span class='ocr_line' id='line_1_105' title="bbox 1988 4028 3589 4104; baseline -0.001 -17"><span class='ocrx_word' id='word_1_780' title='bbox 1988 4032 2117 4088; x_wconf 85' lang='lat' dir='ltr'><strong>Haec</strong></span> <span class='ocrx_word' id='word_1_781' title='bbox 2143 4046 2241 4103; x_wconf 90' lang='lat' dir='ltr'><strong>per</strong></span> <span class='ocrx_word' id='word_1_782' title='bbox 2269 4029 2534 4104; x_wconf 87' lang='lat' dir='ltr'><strong>quosdam</strong></span> <span class='ocrx_word' id='word_1_783' title='bbox 2564 4037 2751 4087; x_wconf 89' lang='lat' dir='ltr'><strong>sancta</strong></span> <span class='ocrx_word' id='word_1_784' title='bbox 2779 4028 3028 4087; x_wconf 89' lang='lat' dir='ltr'><strong>Ecclesia</strong></span> <span class='ocrx_word' id='word_1_785' title='bbox 3048 4029 3107 4085; x_wconf 91' lang='lat' dir='ltr'><strong>in</strong></span> <span class='ocrx_word' id='word_1_786' title='bbox 3126 4028 3235 4085; x_wconf 88' lang='lat' dir='ltr'><strong>ﬁne</strong></span> <span class='ocrx_word' id='word_1_787' title='bbox 3252 4030 3464 4087; x_wconf 90' lang='lat' dir='ltr'><strong>factura</strong></span> <span class='ocrx_word' id='word_1_788' title='bbox 3484 4036 3589 4100; x_wconf 91' lang='lat' dir='ltr'><strong>est,</strong></span> 
     </span>
    </p>
   </div>
   <div class='ocr_carea' id='block_1_106' title="bbox 1989 4118 3586 4195">
    <p class='ocr_par' dir='ltr' id='par_1_106' title="bbox 1989 4118 3586 4195">
     <span class='ocr_line' id='line_1_106' title="bbox 1989 4118 3586 4195; baseline -0.001 -18"><span class='ocrx_word' id='word_1_789' title='bbox 1989 4119 2108 4177; x_wconf 74' lang='lat' dir='ltr'><strong>haec</strong></span> <span class='ocrx_word' id='word_1_790' title='bbox 2135 4136 2232 4193; x_wconf 92' lang='lat' dir='ltr'><strong>per</strong></span> <span class='ocrx_word' id='word_1_791' title='bbox 2261 4120 2527 4195; x_wconf 90' lang='lat' dir='ltr'><strong>quosdam</strong></span> <span class='ocrx_word' id='word_1_792' title='bbox 2557 4121 2616 4177; x_wconf 93' lang='lat' dir='ltr'><strong>in</strong></span> <span class='ocrx_word' id='word_1_793' title='bbox 2646 4120 2761 4178; x_wconf 91' lang='lat' dir='ltr'><strong>suis</strong></span> <span class='ocrx_word' id='word_1_794' title='bbox 2783 4119 2899 4193; x_wconf 90' lang='lat' dir='ltr'><strong>jam</strong></span> <span class='ocrx_word' id='word_1_795' title='bbox 2934 4118 3179 4176; x_wconf 88' lang='lat' dir='ltr'><strong>exordiis</strong></span> <span class='ocrx_word' id='word_1_796' title='bbox 3221 4120 3371 4176; x_wconf 85' lang='lat' dir='ltr'><strong>fecit.</strong></span> <span class='ocrx_word' id='word_1_797' title='bbox 3403 4122 3423 4156; x_wconf 86' lang='grc' dir='ltr'><strong><em>τ</em></strong></span> <span class='ocrx_word' id='word_1_798' title='bbox 3455 4119 3586 4176; x_wconf 93' lang='lat' dir='ltr'><strong>Pri—</strong></span> 
     </span>
    </p>
   </div>
   <div class='ocr_carea' id='block_1_107' title="bbox 1990 4208 3590 4284">
    <p class='ocr_par' dir='ltr' id='par_1_107' title="bbox 1990 4208 3590 4284">
     <span class='ocr_line' id='line_1_107' title="bbox 1990 4208 3590 4284; baseline -0.001 -18"><span class='ocrx_word' id='word_1_799' title='bbox 1990 4226 2112 4266; x_wconf 92' lang='lat' dir='ltr'><strong>mus</strong></span> <span class='ocrx_word' id='word_1_800' title='bbox 2154 4211 2357 4284; x_wconf 92' lang='lat' dir='ltr'><strong>quippe</strong></span> <span class='ocrx_word' id='word_1_801' title='bbox 2398 4218 2611 4284; x_wconf 89' lang='lat' dir='ltr'><strong>martyr</strong></span> <span class='ocrx_word' id='word_1_802' title='bbox 2648 4209 2956 4283; x_wconf 87' lang='lat' dir='ltr'><strong>Stephanus</strong></span> <span class='ocrx_word' id='word_1_803' title='bbox 2982 4208 3185 4266; x_wconf 68' lang='lat' dir='ltr'><strong>Judaeis</strong></span> <span class='ocrx_word' id='word_1_804' title='bbox 3216 4209 3590 4282; x_wconf 90' lang='lat' dir='ltr'><strong>persequenti-</strong></span> 
     </span>
    </p>
   </div>
   <div class='ocr_carea' id='block_1_108' title="bbox 1989 4300 3592 4376">
    <p class='ocr_par' dir='ltr' id='par_1_108' title="bbox 1989 4300 3592 4376">
     <span class='ocr_line' id='line_1_108' title="bbox 1989 4300 3592 4376; baseline 0 -18"><span class='ocrx_word' id='word_1_805' title='bbox 1989 4300 2094 4358; x_wconf 89' lang='lat' dir='ltr'><strong>bus</strong></span> <span class='ocrx_word' id='word_1_806' title='bbox 2139 4303 2394 4374; x_wconf 90' lang='lat' dir='ltr'><strong>prodesse</strong></span> <span class='ocrx_word' id='word_1_807' title='bbox 2440 4303 2790 4376; x_wconf 65' lang='lat' dir='ltr'><strong>prazdicando</strong></span> <span class='ocrx_word' id='word_1_808' title='bbox 2831 4309 3060 4360; x_wconf 90' lang='lat' dir='ltr'><strong>conatus</strong></span> <span class='ocrx_word' id='word_1_809' title='bbox 3101 4308 3204 4368; x_wconf 88' lang='lat' dir='ltr'><strong>est,</strong></span> <span class='ocrx_word' id='word_1_810' title='bbox 3235 4318 3375 4376; x_wconf 90' lang='lat' dir='ltr'><strong>quos</strong></span> <span class='ocrx_word' id='word_1_811' title='bbox 3404 4309 3592 4358; x_wconf 90' lang='lat' dir='ltr'><strong>tamen</strong></span> 
     </span>
    </p>
   </div>
   <div class='ocr_carea' id='block_1_109' title="bbox 1990 4389 3589 4464">
    <p class='ocr_par' dir='ltr' id='par_1_109' title="bbox 1990 4389 3589 4464">
     <span class='ocr_line' id='line_1_109' title="bbox 1990 4389 3589 4464; baseline -0.001 -18"><span class='ocrx_word' id='word_1_812' title='bbox 1990 4398 2114 4463; x_wconf 91' lang='lat' dir='ltr'><strong>post</strong></span> <span class='ocrx_word' id='word_1_813' title='bbox 2145 4393 2311 4448; x_wconf 90' lang='lat' dir='ltr'><strong>verba</strong></span> <span class='ocrx_word' id='word_1_814' title='bbox 2348 4391 2778 4464; x_wconf 85' lang='lat' dir='ltr'><strong>praedicationis,</strong></span> <span class='ocrx_word' id='word_1_815' title='bbox 2807 4391 2940 4447; x_wconf 90' lang='lat' dir='ltr'><strong>dum</strong></span> <span class='ocrx_word' id='word_1_816' title='bbox 2970 4390 3181 4447; x_wconf 88' lang='lat' dir='ltr'><strong>videret</strong></span> <span class='ocrx_word' id='word_1_817' title='bbox 3209 4390 3279 4447; x_wconf 88' lang='lat' dir='ltr'><strong>ad</strong></span> <span class='ocrx_word' id='word_1_818' title='bbox 3301 4389 3589 4463; x_wconf 89' lang='lat' dir='ltr'><strong>jaciendos</strong></span> 
     </span>
    </p>
   </div>
   <div class='ocr_carea' id='block_1_110' title="bbox 1992 4479 3585 4554">
    <p class='ocr_par' dir='ltr' id='par_1_110' title="bbox 1992 4479 3585 4554">
     <span class='ocr_line' id='line_1_110' title="bbox 1992 4479 3585 4554; baseline 0 -19"><span class='ocrx_word' id='word_1_819' title='bbox 1992 4480 2201 4552; x_wconf 89' lang='lat' dir='ltr'><strong>lapides</strong></span> <span class='ocrx_word' id='word_1_820' title='bbox 2247 4482 2589 4552; x_wconf 89' lang='lat' dir='ltr'><strong>convolasse,</strong></span> <span class='ocrx_word' id='word_1_821' title='bbox 2639 4481 2769 4538; x_wconf 90' lang='lat' dir='ltr'><strong>ﬁxis</strong></span> <span class='ocrx_word' id='word_1_822' title='bbox 2815 4480 3045 4554; x_wconf 88' lang='lat' dir='ltr'><strong>genibus</strong></span> <span class='ocrx_word' id='word_1_823' title='bbox 3099 4481 3311 4549; x_wconf 89' lang='lat' dir='ltr'><strong>orabat,</strong></span> <span class='ocrx_word' id='word_1_824' title='bbox 3364 4479 3585 4547; x_wconf 89' lang='lat' dir='ltr'><strong>dicens:</strong></span> 
     </span>
    </p>
   </div>
   <div class='ocr_carea' id='block_1_111' title="bbox 1988 4568 3584 4644">
    <p class='ocr_par' dir='ltr' id='par_1_111' title="bbox 1988 4568 3584 4644">
     <span class='ocr_line' id='line_1_111' title="bbox 1988 4568 3584 4644; baseline -0.002 -16"><span class='ocrx_word' id='word_1_825' title='bbox 1988 4570 2213 4628; x_wconf 86' lang='lat' dir='ltr'><strong>Domine</strong></span> <span class='ocrx_word' id='word_1_826' title='bbox 2250 4573 2395 4637; x_wconf 79' lang='lat' dir='ltr'><strong>Iesu,</strong></span> <span class='ocrx_word' id='word_1_827' title='bbox 2433 4589 2498 4627; x_wconf 89' lang='lat' dir='ltr'><strong>ne</strong></span> <span class='ocrx_word' id='word_1_828' title='bbox 2524 4578 2727 4629; x_wconf 87' lang='lat' dir='ltr'><strong>statuas</strong></span> <span class='ocrx_word' id='word_1_829' title='bbox 2754 4572 2867 4629; x_wconf 75' lang='lat' dir='ltr'><strong>illic</strong></span> <span class='ocrx_word' id='word_1_830' title='bbox 2894 4573 2988 4627; x_wconf 89' lang='lat' dir='ltr'><strong>hoc</strong></span> <span class='ocrx_word' id='word_1_831' title='bbox 3009 4577 3277 4644; x_wconf 85' lang='lat' dir='ltr'><strong>peccatum</strong></span> <span class='ocrx_word' id='word_1_832' title='bbox 3307 4568 3448 4642; x_wconf 89' lang='lat' dir='ltr'><strong>(Act.</strong></span> <span class='ocrx_word' id='word_1_833' title='bbox 3480 4586 3584 4638; x_wconf 87' lang='lat' dir='ltr'><strong>vn,</strong></span> 
     </span>
    </p>
   </div>
   <div class='ocr_carea' id='block_1_112' title="bbox 1979 4660 3594 4736">
    <p class='ocr_par' dir='ltr' id='par_1_112' title="bbox 1979 4660 3594 4736">
     <span class='ocr_line' id='line_1_112' title="bbox 1979 4660 3594 4736; baseline -0.004 -17"><span class='ocrx_word' id='word_1_834' title='bbox 1979 4660 2096 4734; x_wconf 80' lang='lat'><strong>59).</strong></span> <span class='ocrx_word' id='word_1_835' title='bbox 2128 4660 2274 4730; x_wconf 88' lang='lat' dir='ltr'><strong>Quid</strong></span> <span class='ocrx_word' id='word_1_836' title='bbox 2301 4676 2430 4736; x_wconf 88' lang='lat' dir='ltr'><strong>ergo</strong></span> <span class='ocrx_word' id='word_1_837' title='bbox 2457 4660 2610 4732; x_wconf 89' lang='lat' dir='ltr'><strong>huic,</strong></span> <span class='ocrx_word' id='word_1_838' title='bbox 2635 4662 2733 4736; x_wconf 88' lang='lat' dir='ltr'><strong>qui</strong></span> <span class='ocrx_word' id='word_1_839' title='bbox 2761 4662 2860 4720; x_wconf 91' lang='lat' dir='ltr'><strong>diu</strong></span> <span class='ocrx_word' id='word_1_840' title='bbox 2881 4669 2938 4719; x_wconf 90' lang='lat' dir='ltr'><strong>et</strong></span> <span class='ocrx_word' id='word_1_841' title='bbox 2964 4677 3133 4735; x_wconf 86' lang='lat' dir='ltr'><strong>parva</strong></span> <span class='ocrx_word' id='word_1_842' title='bbox 3159 4667 3214 4717; x_wconf 92' lang='lat' dir='ltr'><strong>et</strong></span> <span class='ocrx_word' id='word_1_843' title='bbox 3234 4675 3430 4733; x_wconf 87' lang='lat' dir='ltr'><strong>magna</strong></span> <span class='ocrx_word' id='word_1_844' title='bbox 3454 4673 3594 4714; x_wconf 88' lang='lat' dir='ltr'><strong>nar-</strong></span> 
     </span>
    </p>
   </div>
   <div class='ocr_carea' id='block_1_113' title="bbox 2055 4842 3594 4925">
    <p class='ocr_par' dir='ltr' id='par_1_113' title="bbox 2055 4842 3594 4925">
     <span class='ocr_line' id='line_1_113' title="bbox 2055 4842 3594 4925; baseline -0.005 -16"><span class='ocrx_word' id='word_1_845' title='bbox 2055 4853 2076 4888; x_wconf 83' lang='grc'><strong>³</strong></span> <span class='ocrx_word' id='word_1_846' title='bbox 2110 4853 2335 4911; x_wconf 83' lang='lat' dir='ltr'><strong>Recent.</strong></span> <span class='ocrx_word' id='word_1_847' title='bbox 2366 4852 2541 4924; x_wconf 90' lang='lat' dir='ltr'><strong>Editi,</strong></span> <span class='ocrx_word' id='word_1_848' title='bbox 2571 4854 2645 4910; x_wconf 86' lang='lat' dir='ltr'><strong>ad</strong></span> <span class='ocrx_word' id='word_1_849' title='bbox 2671 4854 2931 4925; x_wconf 78' lang='lat' dir='ltr'><strong>affectum.</strong></span> <span class='ocrx_word' id='word_1_850' title='bbox 2964 4852 3280 4925; x_wconf 80' lang='lat' dir='ltr'><strong>Legendum</strong></span> <span class='ocrx_word' id='word_1_851' title='bbox 3300 4848 3483 4925; x_wconf 82' lang='lat' dir='ltr'><strong>est_ad</strong></span> <span class='ocrx_word' id='word_1_852' title='bbox 3502 4842 3594 4916; x_wconf 80' lang='lat' dir='ltr'><strong>ef-</strong></span> 
     </span>
    </p>
   </div>
   <div class='ocr_carea' id='block_1_114' title="bbox 1982 4920 3589 4995">
    <p class='ocr_par' dir='ltr' id='par_1_114' title="bbox 1982 4920 3589 4995">
     <span class='ocr_line' id='line_1_114' title="bbox 1982 4920 3589 4995; baseline -0.002 -16"><span class='ocrx_word' id='word_1_853' title='bbox 1982 4922 2194 4995; x_wconf 82' lang='lat' dir='ltr'><strong>fectum,</strong></span> <span class='ocrx_word' id='word_1_854' title='bbox 2244 4925 2361 4981; x_wconf 90' lang='lat' dir='ltr'><strong>sive</strong></span> <span class='ocrx_word' id='word_1_855' title='bbox 2403 4920 2672 4983; x_wconf 85' lang='lat' dir='ltr'><strong>rationem</strong></span> <span class='ocrx_word' id='word_1_856' title='bbox 2706 4920 2830 4983; x_wconf 77' lang='lat' dir='ltr'><strong>sive</strong></span> <span class='ocrx_word' id='word_1_857' title='bbox 2874 4942 3005 4981; x_wconf 90' lang='lat' dir='ltr'><strong>mss.</strong></span> <span class='ocrx_word' id='word_1_858' title='bbox 3040 4920 3589 4995; x_wconf 23' lang='lat' dir='ltr'><strong>Coduconsulamus,</strong></span> 
     </span>
    </p>
   </div>
   <div class='ocr_carea' id='block_1_115' title="bbox 1984 4992 3515 5073">
    <p class='ocr_par' dir='ltr' id='par_1_115' title="bbox 1984 4992 3515 5073">
     <span class='ocr_line' id='line_1_115' title="bbox 1984 4992 3515 5073; baseline -0.004 -22"><span class='ocrx_word' id='word_1_859' title='bbox 1984 4992 2216 5073; x_wconf 75' lang='lat' dir='ltr'><strong>Tu_ro_n.,</strong></span> <span class='ocrx_word' id='word_1_860' title='bbox 2250 4997 2461 5067; x_wconf 89' lang='lat' dir='ltr'><strong>Germ.,</strong></span> <span class='ocrx_word' id='word_1_861' title='bbox 2496 4997 2943 5073; x_wconf 27' lang='lat' dir='ltr'><strong>Laud.,‘Norm.,</strong></span> <span class='ocrx_word' id='word_1_862' title='bbox 2974 4995 3137 5054; x_wconf 88' lang='lat' dir='ltr'><strong>Corb.</strong></span> <span class='ocrx_word' id='word_1_863' title='bbox 3174 4992 3384 5073; x_wconf 72' lang='lat' dir='ltr'><strong>Germ.,</strong></span> <span class='ocrx_word' id='word_1_864' title='bbox 3408 4998 3515 5073; x_wconf 69' lang='lat' dir='ltr'><strong>etc.</strong></span> 
     </span>
    </p>
   </div>
   <div class='ocr_carea' id='block_1_116' title="bbox 2057 5060 3584 5139">
    <p class='ocr_par' dir='ltr' id='par_1_116' title="bbox 2057 5060 3584 5139">
     <span class='ocr_line' id='line_1_116' title="bbox 2057 5060 3584 5139; baseline -0.003 -16"><span class='ocrx_word' id='word_1_865' title='bbox 2057 5069 2079 5103; x_wconf 71' lang='grc' dir='ltr'>δ</span> <span class='ocrx_word' id='word_1_866' title='bbox 2109 5060 2342 5138; x_wconf 82' lang='lat' dir='ltr'><strong>Turon.,</strong></span> <span class='ocrx_word' id='word_1_867' title='bbox 2372 5060 2505 5139; x_wconf 80' lang='lat' dir='ltr'><strong>quos</strong></span> <span class='ocrx_word' id='word_1_868' title='bbox 2534 5060 2740 5125; x_wconf 73' lang='lat' dir='ltr'><strong>orando</strong></span> <span class='ocrx_word' id='word_1_869' title='bbox 2763 5087 2783 5135; x_wconf 87' lang='lat'><strong><em>;</em></strong></span> <span class='ocrx_word' id='word_1_870' title='bbox 2812 5069 2888 5124; x_wconf 90' lang='lat' dir='ltr'><strong>ita</strong></span> <span class='ocrx_word' id='word_1_871' title='bbox 2916 5060 3134 5139; x_wconf 83' lang='lat' dir='ltr'><strong>quoque</strong></span> <span class='ocrx_word' id='word_1_872' title='bbox 3163 5061 3300 5118; x_wconf 87' lang='lat' dir='ltr'><strong>olim</strong></span> <span class='ocrx_word' id='word_1_873' title='bbox 3330 5062 3389 5119; x_wconf 91' lang='lat' dir='ltr'><strong>in</strong></span> <span class='ocrx_word' id='word_1_874' title='bbox 3420 5060 3584 5121; x_wconf 89' lang='lat' dir='ltr'><strong>Corb.</strong></span> 
     </span>
    </p>
   </div>
   <div class='ocr_carea' id='block_1_117' title="bbox 1986 5084 2996 5214">
    <p class='ocr_par' dir='ltr' id='par_1_117' title="bbox 1986 5084 2996 5214">
     <span class='ocr_line' id='line_1_117' title="bbox 2057 5084 2996 5192; baseline 0.001 -69"><span class='ocrx_word' id='word_1_875' title='bbox 2057 5084 2079 5103; x_wconf 72' lang='grc' dir='ltr'><strong><em>ο</em></strong></span> <span class='ocrx_word' id='word_1_876' title='bbox 2109 5084 2342 5138; x_wconf 83' lang='lat' dir='ltr'><strong>&#39;l&#39;lll&#39;OIl.,</strong></span> <span class='ocrx_word' id='word_1_877' title='bbox 2372 5086 2505 5139; x_wconf 86' lang='lat' dir='ltr'><strong>quos</strong></span> <span class='ocrx_word' id='word_1_878' title='bbox 2534 5084 2740 5125; x_wconf 87' lang='lat' dir='ltr'><strong>oranao</strong></span> <span class='ocrx_word' id='word_1_879' title='bbox 2763 5087 2783 5135; x_wconf 87' lang='lat'><strong><em>;</em></strong></span> <span class='ocrx_word' id='word_1_880' title='bbox 2812 5084 2888 5124; x_wconf 78' lang='lat' dir='ltr'><strong>ita</strong></span> <span class='ocrx_word' id='word_1_881' title='bbox 2909 5084 2996 5192; x_wconf 44' lang='lat'><strong>331&#39;</strong></span> 
     </span>
     <span class='ocr_line' id='line_1_118' title="bbox 1986 5138 2996 5214; baseline -0.003 -18"><span class='ocrx_word' id='word_1_882' title='bbox 1986 5138 2199 5214; x_wconf 66' lang='lat' dir='ltr'><strong>Germ.,</strong></span> <span class='ocrx_word' id='word_1_883' title='bbox 2221 5157 2372 5214; x_wconf 80' lang='lat' dir='ltr'><strong>nunc</strong></span> <span class='ocrx_word' id='word_1_884' title='bbox 2392 5140 2613 5214; x_wconf 79' lang='lat' dir='ltr'><strong>legitur,</strong></span> <span class='ocrx_word' id='word_1_885' title='bbox 2632 5142 2907 5214; x_wconf 63' lang='lat' dir='ltr'><strong>exhortari</strong></span> <span class='ocrx_word' id='word_1_886' title='bbox 2984 5181 2996 5193; x_wconf 95' lang='lat'><strong>.</strong></span> 
     </span>
    </p>
   </div>
   <div class='ocr_carea' id='block_1_118' title="bbox 2059 5206 3588 5276">
    <p class='ocr_par' dir='ltr' id='par_1_118' title="bbox 2059 5206 3588 5276">
     <span class='ocr_line' id='line_1_119' title="bbox 2059 5206 3588 5276; baseline -0.001 -10"><span class='ocrx_word' id='word_1_887' title='bbox 2059 5212 2080 5245; x_wconf 78' lang='grc'><strong>⁵</strong></span> <span class='ocrx_word' id='word_1_888' title='bbox 2129 5206 2220 5268; x_wconf 84' lang='lat' dir='ltr'><strong>Sic</strong></span> <span class='ocrx_word' id='word_1_889' title='bbox 2253 5206 2472 5268; x_wconf 60' lang='lat' dir='ltr'><strong>ibidem&#39;</strong></span> <span class='ocrx_word' id='word_1_890' title='bbox 2489 5206 2714 5267; x_wconf 83' lang='lat' dir='ltr'><strong>brevius</strong></span> <span class='ocrx_word' id='word_1_891' title='bbox 2742 5211 2800 5265; x_wconf 93' lang='lat' dir='ltr'><strong>in</strong></span> <span class='ocrx_word' id='word_1_892' title='bbox 2841 5209 2970 5265; x_wconf 87' lang='lat' dir='ltr'><strong>Mss.</strong></span> <span class='ocrx_word' id='word_1_893' title='bbox 3017 5207 3250 5276; x_wconf 90' lang='lat' dir='ltr'><strong>Turon.,</strong></span> <span class='ocrx_word' id='word_1_894' title='bbox 3282 5206 3588 5276; x_wconf 86' lang='lat' dir='ltr'><strong>Bellovac.,</strong></span> 
     </span>
    </p>
   </div>
   <div class='ocr_carea' id='block_1_119' title="bbox 1988 5276 3588 5351">
    <p class='ocr_par' dir='ltr' id='par_1_119' title="bbox 1988 5276 3588 5351">
     <span class='ocr_line' id='line_1_120' title="bbox 1988 5276 3588 5351; baseline -0.002 -13"><span class='ocrx_word' id='word_1_895' title='bbox 1988 5282 2172 5338; x_wconf 90' lang='lat' dir='ltr'><strong>Germ.</strong></span> <span class='ocrx_word' id='word_1_896' title='bbox 2218 5290 2273 5338; x_wconf 92' lang='lat' dir='ltr'><strong>et</strong></span> <span class='ocrx_word' id='word_1_897' title='bbox 2317 5284 2507 5339; x_wconf 90' lang='lat' dir='ltr'><strong>Norm.</strong></span> <span class='ocrx_word' id='word_1_898' title='bbox 2555 5279 2775 5351; x_wconf 87' lang='lat' dir='ltr'><strong>legitur,</strong></span> <span class='ocrx_word' id='word_1_899' title='bbox 2820 5294 2983 5351; x_wconf 86' lang='lat' dir='ltr'><strong>quam</strong></span> <span class='ocrx_word' id='word_1_900' title='bbox 3013 5278 3073 5335; x_wconf 87' lang='lat' dir='ltr'><strong>in</strong></span> <span class='ocrx_word' id='word_1_901' title='bbox 3100 5276 3420 5351; x_wconf 82' lang='lat' dir='ltr'><strong>Editis,sed</strong></span> <span class='ocrx_word' id='word_1_902' title='bbox 3444 5296 3588 5335; x_wconf 87' lang='lat' dir='ltr'><strong>nunc</strong></span> 
     </span>
    </p>
   </div>
   <div class='ocr_carea' id='block_1_120' title="bbox 1988 5349 3586 5416">
    <p class='ocr_par' dir='ltr' id='par_1_120' title="bbox 1988 5349 3586 5416">
     <span class='ocr_line' id='line_1_121' title="bbox 1988 5349 3586 5416; baseline -0.001 -8"><span class='ocrx_word' id='word_1_903' title='bbox 1988 5368 2144 5409; x_wconf 83' lang='lat' dir='ltr'><strong>versa</strong></span> <span class='ocrx_word' id='word_1_904' title='bbox 2171 5359 2246 5408; x_wconf 87' lang='lat' dir='ltr'><strong>est</strong></span> <span class='ocrx_word' id='word_1_905' title='bbox 2275 5353 2329 5408; x_wconf 88' lang='lat' dir='ltr'><strong>in</strong></span> <span class='ocrx_word' id='word_1_906' title='bbox 2360 5355 2576 5416; x_wconf 85' lang='lat' dir='ltr'><strong>luctum,</strong></span> <span class='ocrx_word' id='word_1_907' title='bbox 2606 5349 2709 5406; x_wconf 78' lang='lat' dir='ltr'><strong>etc.</strong></span> <span class='ocrx_word' id='word_1_908' title='bbox 2743 5353 2806 5408; x_wconf 92' lang='lat' dir='ltr'><strong>In</strong></span> <span class='ocrx_word' id='word_1_909' title='bbox 2836 5349 2998 5408; x_wconf 83' lang='lat' dir='ltr'><strong>Corb.</strong></span> <span class='ocrx_word' id='word_1_910' title='bbox 3025 5351 3211 5408; x_wconf 91' lang='lat' dir='ltr'><strong>Germ.</strong></span> <span class='ocrx_word' id='word_1_911' title='bbox 3257 5350 3441 5409; x_wconf 90' lang='lat' dir='ltr'><strong>adhuc</strong></span> <span class='ocrx_word' id='word_1_912' title='bbox 3467 5351 3586 5408; x_wconf 89' lang='lat' dir='ltr'><strong>bre-</strong></span> 
     </span>
    </p>
   </div>
   <div class='ocr_carea' id='block_1_121' title="bbox 1989 5422 3596 5496">
    <p class='ocr_par' dir='ltr' id='par_1_121' title="bbox 1989 5422 3596 5496">
     <span class='ocr_line' id='line_1_122' title="bbox 1989 5422 3596 5496; baseline -0.001 -16"><span class='ocrx_word' id='word_1_913' title='bbox 1989 5424 2136 5493; x_wconf 90' lang='lat' dir='ltr'><strong>vius,</strong></span> <span class='ocrx_word' id='word_1_914' title='bbox 2164 5425 2253 5481; x_wconf 85' lang='lat' dir='ltr'><strong>sed</strong></span> <span class='ocrx_word' id='word_1_915' title='bbox 2279 5439 2416 5480; x_wconf 85' lang='lat' dir='ltr'><strong>nunc</strong></span> <span class='ocrx_word' id='word_1_916' title='bbox 2449 5423 2507 5478; x_wconf 91' lang='lat' dir='ltr'><strong>in</strong></span> <span class='ocrx_word' id='word_1_917' title='bbox 2539 5424 2734 5479; x_wconf 86' lang='lat' dir='ltr'><strong>luctum</strong></span> <span class='ocrx_word' id='word_1_918' title='bbox 2775 5422 2992 5479; x_wconf 67' lang='lat' dir='ltr'><strong>citharae</strong></span> <span class='ocrx_word' id='word_1_919' title='bbox 3018 5430 3067 5480; x_wconf 84' lang='lat' dir='ltr'><strong>et</strong></span> <span class='ocrx_word' id='word_1_920' title='bbox 3093 5439 3355 5496; x_wconf 86' lang='lat' dir='ltr'><strong>organum</strong></span> <span class='ocrx_word' id='word_1_921' title='bbox 3381 5439 3596 5480; x_wconf 78' lang='lat' dir='ltr'><strong>versum</strong></span> 
     </span>
    </p>
   </div>
   <div class='ocr_carea' id='block_1_122' title="bbox 1989 5502 2084 5553">
    <p class='ocr_par' dir='ltr' id='par_1_122' title="bbox 1989 5502 2084 5553">
     <span class='ocr_line' id='line_1_123' title="bbox 1989 5502 2084 5553; baseline -0.021 0"><span class='ocrx_word' id='word_1_922' title='bbox 1989 5502 2084 5553; x_wconf 89' lang='lat' dir='ltr'><strong>est.</strong></span> 
     </span>
    </p>
   </div>
   <div class='ocr_carea' id='block_1_123' title="bbox 2062 5565 3596 5637">
    <p class='ocr_par' dir='ltr' id='par_1_123' title="bbox 2062 5565 3596 5637">
     <span class='ocr_line' id='line_1_124' title="bbox 2062 5565 3596 5637; baseline -0.005 -9"><span class='ocrx_word' id='word_1_923' title='bbox 2062 5571 2084 5605; x_wconf 75' lang='grc' dir='ltr'>θ</span> <span class='ocrx_word' id='word_1_924' title='bbox 2123 5567 2287 5628; x_wconf 89' lang='lat' dir='ltr'><strong>Corb.</strong></span> <span class='ocrx_word' id='word_1_925' title='bbox 2320 5567 2531 5634; x_wconf 90' lang='lat' dir='ltr'><strong>Germ.,</strong></span> <span class='ocrx_word' id='word_1_926' title='bbox 2560 5568 2749 5625; x_wconf 88' lang='lat' dir='ltr'><strong>Norm.</strong></span> <span class='ocrx_word' id='word_1_927' title='bbox 2783 5574 2838 5626; x_wconf 91' lang='lat' dir='ltr'><strong>et</strong></span> <span class='ocrx_word' id='word_1_928' title='bbox 2865 5568 3076 5637; x_wconf 89' lang='lat' dir='ltr'><strong>Germ.,</strong></span> <span class='ocrx_word' id='word_1_929' title='bbox 3106 5565 3409 5624; x_wconf 83' lang='lat' dir='ltr'><strong>canticum:</strong></span> <span class='ocrx_word' id='word_1_930' title='bbox 3435 5574 3491 5624; x_wconf 91' lang='lat' dir='ltr'><strong>et</strong></span> <span class='ocrx_word' id='word_1_931' title='bbox 3518 5566 3596 5622; x_wconf 90' lang='lat' dir='ltr'><strong>ita</strong></span> 
     </span>
    </p>
   </div>
   <div class='ocr_carea' id='block_1_124' title="bbox 1990 5640 3490 5717">
    <p class='ocr_par' dir='ltr' id='par_1_124' title="bbox 1990 5640 3490 5717">
     <span class='ocr_line' id='line_1_125' title="bbox 1990 5640 3490 5717; baseline 0.001 -20"><span class='ocrx_word' id='word_1_932' title='bbox 1990 5640 2160 5717; x_wconf 62' lang='lat' dir='ltr'><strong>inira,</strong></span> <span class='ocrx_word' id='word_1_933' title='bbox 2194 5658 2315 5714; x_wconf 92' lang='lat' dir='ltr'><strong>pro,</strong></span> <span class='ocrx_word' id='word_1_934' title='bbox 2344 5647 2551 5717; x_wconf 62' lang='lat' dir='ltr'><strong>cantus,</strong></span> <span class='ocrx_word' id='word_1_935' title='bbox 2581 5647 2813 5717; x_wconf 58' lang='lat' dir='ltr'><strong>cantum.</strong></span> <span class='ocrx_word' id='word_1_936' title='bbox 2887 5715 2905 5717; x_wconf 17' lang='grc' dir='ltr'>μ</span> <span class='ocrx_word' id='word_1_937' title='bbox 3190 5712 3202 5717; x_wconf 90' lang='lat'><em>_</em></span> <span class='ocrx_word' id='word_1_938' title='bbox 3481 5708 3490 5717; x_wconf 90' lang='lat'>_</span> 
     </span>
    </p>
   </div>
   <div class='ocr_carea' id='block_1_125' title="bbox 2061 5712 3586 5790">
    <p class='ocr_par' dir='ltr' id='par_1_125' title="bbox 2061 5712 3586 5790">
     <span class='ocr_line' id='line_1_126' title="bbox 2061 5712 3586 5790; baseline -0.005 -20"><span class='ocrx_word' id='word_1_939' title='bbox 2061 5716 2081 5748; x_wconf 77' lang='grc'>⁷</span> <span class='ocrx_word' id='word_1_940' title='bbox 2115 5712 2326 5780; x_wconf 75' lang='lat' dir='ltr'><strong>Germ.,</strong></span> <span class='ocrx_word' id='word_1_941' title='bbox 2350 5713 2655 5790; x_wconf 66' lang='lat' dir='ltr'><strong>Bellovac,</strong></span> <span class='ocrx_word' id='word_1_942' title='bbox 2681 5712 2843 5790; x_wconf 70' lang='lat' dir='ltr'><strong>Gorb.</strong></span> <span class='ocrx_word' id='word_1_943' title='bbox 2867 5715 3051 5771; x_wconf 85' lang='lat' dir='ltr'><strong>Germ.</strong></span> <span class='ocrx_word' id='word_1_944' title='bbox 3077 5720 3135 5790; x_wconf 80' lang='lat' dir='ltr'><strong>et</strong></span> <span class='ocrx_word' id='word_1_945' title='bbox 3151 5712 3321 5785; x_wconf 90' lang='lat' dir='ltr'><strong>plur.,</strong></span> <span class='ocrx_word' id='word_1_946' title='bbox 3344 5712 3586 5790; x_wconf 83' lang='lat' dir='ltr'><strong>maxime</strong></span> 
     </span>
    </p>
   </div>
   <div class='ocr_carea' id='block_1_126' title="bbox 1990 5784 3508 5860">
    <p class='ocr_par' dir='ltr' id='par_1_126' title="bbox 1990 5784 3508 5860">
     <span class='ocr_line' id='line_1_127' title="bbox 1990 5784 3508 5860; baseline -0.006 -17"><span class='ocrx_word' id='word_1_947' title='bbox 1990 5786 2205 5854; x_wconf 86' lang='lat' dir='ltr'><strong>Norm.,</strong></span> <span class='ocrx_word' id='word_1_948' title='bbox 2234 5792 2443 5857; x_wconf 83' lang='lat' dir='ltr'><strong>martyr</strong></span> <span class='ocrx_word' id='word_1_949' title='bbox 2469 5786 2661 5859; x_wconf 87' lang='lat' dir='ltr'><strong>quippe</strong></span> <span class='ocrx_word' id='word_1_950' title='bbox 2691 5787 3004 5860; x_wconf 81' lang='lat' dir='ltr'><strong>Stephanus,</strong></span> <span class='ocrx_word' id='word_1_951' title='bbox 3027 5784 3256 5851; x_wconf 80' lang='lat' dir='ltr'><strong>omisso,</strong></span> <span class='ocrx_word' id='word_1_952' title='bbox 3279 5784 3508 5854; x_wconf 85' lang='lat' dir='ltr'><strong>primus.</strong></span> 
     </span>
    </p>
   </div>
   <div class='ocr_carea' id='block_1_127' title="bbox 3467 320 3671 378">
    <p class='ocr_par' dir='ltr' id='par_1_127' title="bbox 3467 320 3671 378">
     <span class='ocr_line' id='line_1_128' title="bbox 3467 320 3671 378; baseline 0.005 -1"><span class='ocrx_word' id='word_1_953' title='bbox 3467 320 3671 378; x_wconf 58' lang='lat'><strong>186’</strong></span> 
     </span>
    </p>
   </div>
  </div>
