4162 6184
529 343 628 404 187

1733 327 1984 391 SANCTI
2021 329 2361 389 GREGOBII
2396 327 2624 388 MAGNI

3722 326 3824 384 188

526 476 760 538 raverat,
809 467 916 525 nisi
950 467 1065 538 jam
1106 479 1219 520 suae
1251 460 1476 518 citharas
1504 467 1667 532 atque
1699 457 1890 532 organi
1921 465 2114 515 cantus
2149 461 2200 520 Α
2229 455 2361 530 quia
2401 456 2606 512 electus
2637 451 2868 526 quisque
2896 466 3006 524 quo
3043 458 3242 507 sanctae
3276 450 3688 523 praedicationis
3717 467 3829 510 vox

524 558 721 618 silebat
746 565 908 629 atque
935 556 995 612 in
1021 555 1232 613 luctum
1263 567 1420 610 versa
1447 551 1688 621 fuerant,
1712 552 1842 624 quia
1867 567 1960 607 eos
1983 566 2119 624 quos

526 645 871 722 praedicando
899 661 1011 702 non
1046 652 1308 714 traxerat,
1336 642 1573 700 amando
1599 642 1764 702 flebat
1785 643 1812 699 εἰ
1841 641 1998 710 Quod
2027 640 2118 697 ni-

526 736 729 792 mirum
757 733 1003 806 quotidie
1032 741 1221 790 sancta
1253 733 1501 791 Ecclesia
1540 749 1696 805 agere
1739 747 1853 788 non
1881 731 2119 797 desistit,

524 842 644 899 quae
671 822 1076 898 praedicationis
1108 823 1338 880 verbum
1367 839 1504 896 pene
1552 821 1758 896 ubique
1791 820 2122 878 conticuisse
2161 828 2170 836 ’

517 913 633 990 jam
668 913 958 985 conspicit.
1003 913 1118 969 Alii
1147 929 1384 988 namque
1424 912 1578 986 loqui
1615 912 1988 980 dissimulant,
2025 911 2120 968 alii

523 1013 670 1062 recta
697 1007 887 1064 audire
914 1013 1297 1065 contemnunt.
1330 1003 1436 1062 Sed
1462 1004 1766 1060 electorum
1805 1018 1960 1060 mens
1987 1001 2120 1058 dum

524 1105 700 1154 tacere
745 1106 968 1155 cantum
1006 1095 1414 1170 praedicationis
1450 1093 1742 1168 conspicit,
1791 1109 2012 1166 gemens
2059 1109 2124 1150 ac

525 1187 692 1245 tacita
715 1187 785 1244 ad
807 1188 966 1244 ﬂetus
985 1187 1146 1246 redit.
1172 1186 1330 1246 Dicat
1357 1202 1485 1260 ergo
1509 1203 1520 1242 :
1561 1187 1722 1246 Versa
1747 1191 1822 1240 est
1849 1183 1906 1240 in
1929 1185 2126 1239 luctum

525 1275 736 1336 cithara
779 1294 916 1346 mea,
963 1285 1011 1335 et
1047 1293 1307 1352 organum
1354 1293 1526 1334 meum
1565 1275 1624 1332 in
1667 1291 1840 1332 vocem
1865 1273 2126 1348 ﬂentium,

2226 545 2402 614 siluit,
2433 561 2498 600 eo
2525 542 2728 600 damna
2753 540 3014 600 Ecclesiae
3042 539 3265 613 gravius
3292 540 3524 612 plangit.

2298 639 2591 710 Hucusque
2614 636 2807 692 beatus
2829 634 2932 690 Job
2951 633 3242 706 descripsit
3266 634 3409 689 mala
3427 649 3548 706 quae
3578 633 3828 705 pertulit,

2228 727 2333 784 hoc
2360 743 2492 784 vero
2521 743 2590 782 ex
2619 727 2742 782 loco
2771 725 2968 798 incipit
2997 741 3218 782 narrare
3247 723 3510 782 subtilius
3535 723 3683 782 bona
3706 741 3830 798 quae

2227 818 2378 876 fecit.
2427 817 2533 874 Sed
2579 817 2784 874 doloris
2828 816 2994 873 verba
3038 816 3301 874 historica
3349 824 3510 890 atque
3539 817 3831 890 allegorica

2229 907 2572 982 expositione
2613 909 3066 976 transcurrimus,
3099 907 3371 962 virtutum
3399 923 3530 962 vero
3569 922 3735 978 opera
3760 921 3830 962 ex

2231 1015 2426 1072 magna
2453 1007 2606 1072 parte
2630 999 2793 1072 juxta
2821 998 2993 1055 solius
3022 995 3266 1053 historiae
3313 1003 3528 1052 textum
3557 1003 3828 1065 tenemus,

2231 1103 2300 1143 ne
2327 1087 2374 1144 si
2404 1087 2522 1146 haec
2550 1089 2618 1145 ad
2649 1087 2956 1161 indaganda
2987 1087 3251 1160 mysteria
3289 1085 3587 1157 trahimus,
3618 1085 3830 1144 verita-

2232 1187 2345 1238 tem
2372 1181 2602 1240 fortasse
2632 1180 2812 1255 operis
2840 1193 3075 1242 vacuare
3103 1177 3415 1237 videamur.

527 1397 3806 1431 mw

1349 1559 1688 1647 LIBER

1793 1557 2406 1645 VIGESIMUS
2517 1557 2972 1644 PRIMUS.

530 1729 899 1812 [imponitur
941 1745 1088 1812 cap.
1133 1743 1279 1812 xxx:
1327 1725 1430 1812 lib.
1475 1723 1608 1803 Job,
1649 1724 1747 1812 ad
1795 1741 2100 1812 _versum_
2137 1725 2214 1786 24
2257 1721 2600 1812 exclusive,
2643 1731 2702 1812 et
2759 1723 3056 1812 laudatis
3095 1722 3282 1812 prius
3323 1721 3669 1812 castitate,
3715 1719 3830 1782 hu-

647 1809 950 1886 militate,
988 1801 1464 1883 misericordia,
1511 1801 1728 1869 multa
1769 1805 1848 1868 de
1886 1806 2222 1870 occasione
2259 1804 2508 1884 peccati
2547 1801 2871 1884 fugienda
2913 1801 3340 1883 potissimum
3377 1801 3713 1864 docentur.

1045 1941 1273 2000 CAPUT
1306 1939 1598 1998 PRIMUM.

598 2035 648 2092 1.
677 2035 744 2092 In
764 2031 1093 2106 explicandis
1109 2030 1279 2088 sacris
1301 2028 1616 2100 Scripturis,
1637 2043 1727 2083 nec
1745 2027 1887 2084 solus
1915 2026 2125 2084 histori-

525 2138 614 2180 cus
655 2140 837 2181 sensus
877 2123 1167 2194 sequendus
1211 2128 1305 2188 est,
1334 2137 1426 2176 nec
1463 2137 1664 2192 semper
1690 2117 2022 2191 allegoricus.
2055 2148 2125 2158 —

526 2213 844 2274 Intellectus
891 2211 1030 2269 sacri
1065 2210 1273 2284 eloquii
1301 2209 1446 2266 inter
1471 2216 1688 2266 textum
1715 2215 1770 2265 et
1797 2207 2125 2281 mysterium

525 2311 683 2360 tanta
707 2310 786 2359 est
815 2300 1108 2358 libratione
1141 2301 1157 2336 ί
1190 2298 1522 2373 peusandus,
1547 2307 1610 2356 ut
1637 2300 1925 2371 utriusque
1953 2297 2125 2370 partis

526 2393 682 2450 lance
735 2390 1036 2458 moderata,
1085 2389 1236 2444 hunc
1285 2404 1462 2460 neque
1521 2387 1710 2442 nimiae
1768 2387 2126 2444 discussionis

527 2483 742 2558 pondus
770 2481 1064 2555 deprimat,
1092 2494 1269 2552 neque
1298 2493 1490 2537 rursus
1519 2485 1709 2550 torpor
1749 2476 1978 2534 incuriae
2021 2493 2128 2532 va-

525 2590 694 2632 cuum
723 2571 1019 2645 relinquat.
1050 2568 1238 2626 Multae
1268 2567 1472 2642 quippe
1513 2565 1632 2640 ejus
1660 2565 1948 2622 sententiae
1977 2573 2130 2623 tanta

526 2662 914 2736 allegoriarum
942 2657 1305 2732 conceptione
1334 2663 1464 2714 sunt
1495 2655 1755 2730 gravidae,
1787 2662 1848 2712 ut
1877 2654 2129 2729 quisquis

525 2771 616 2812 eas
642 2755 712 2812 ad
738 2755 911 2812 solam
940 2761 1125 2810 tenere
1153 2749 1442 2808 historiam
1471 2747 1690 2816 nititur,
1721 2761 1910 2802 earum
1929 2745 2130 2802 notitia

525 2862 622 2920 per
645 2861 806 2903 suam
835 2843 1110 2905 incuriam
1136 2841 1405 2916 privetur.
1435 2837 1729 2897 Nonnullae
1765 2852 1897 2893 vero
1931 2836 2008 2893 ita
2035 2852 2127 2893 ex-

526 2937 823 2996 terioribus
850 2932 1138 3010 praeceptis
1169 2929 1503 3000 inserviunt,
1533 2937 1597 2986 ut
1619 2927 1667 2985 si
1696 2927 1820 3002 quis
1841 2943 1930 2985 eas
1957 2927 2127 2984 subti-

527 3031 635 3091 lius
682 3036 968 3104 penetrare
1014 3025 1308 3092 desiderat,
1359 3029 1506 3088 677
1548 3021 1700 3084 intus
1727 3019 1950 3098 quidem
1985 3019 2127 3077 nihil

528 3131 800 3199 inveniat,
849 3129 945 3188 sed
987 3127 1094 3187 hoc
1137 3126 1244 3185 sibi
1288 3128 1454 3182 etiam
1482 3125 1630 3200 quod
1664 3124 1799 3183 foris
1827 3125 2130 3199 loquuntur

527 3218 851 3278 abscondat.

2155 1937 2202 2000 B
2229 1936 2290 1994 in
2315 1936 2598 1994 viriditate
2619 1944 3012 2010 permaneant;
3046 1935 3344 2012 variusque
3370 1935 3655 2008 virgarum
3683 1933 3836 1992 color

2234 2026 2492 2096 efﬁcitur,
2522 2027 2655 2084 dum
2685 2033 2875 2084 cortex
2905 2042 2973 2083 ex
3002 2034 3154 2100 parte
3182 2024 3552 2092 subtrahitur,
3585 2039 3656 2081 ex
3684 2029 3836 2095 parte

2232 2119 2521 2176 retinetur.
2553 2121 2697 2175 Ante
2725 2115 3184 2175 considerationis
3222 2114 3371 2171 enim
3415 2121 3617 2170 nostrae
3645 2113 3838 2169 oculos

2231 2208 2660 2282 praecedentium
2691 2215 2910 2282 patrum
2955 2203 3241 2262 sententiae
3283 2203 3440 2278 quasi
3470 2203 3640 2274 virgae
3670 2201 3837 2258 varim

2232 2306 2534 2371 ponuntur.
2559 2299 2621 2354 In
2651 2297 2852 2372 quibus
2877 2296 3010 2353 dum
3031 2297 3354 2369 plerumque
3374 2293 3723 2349 intellectum
3744 2291 3833 2346 lit-

2231 2397 2360 2446 terae
2398 2389 2664 2460 fugimus,
2695 2387 2851 2462 quasi
2880 2386 3141 2444 corticem
3189 2383 3590 2448 subtrahimus,
3621 2389 3675 2439 et
3703 2381 3835 2438 dum

2235 2479 2563 2551 plerumque
2593 2477 2938 2534 intellectum
2968 2476 3164 2532 litterae
3194 2473 3498 2547 sequimur,
3533 2471 3690 2546 quasi
3719 2485 3836 2530 cor-

2235 2567 2402 2624 ticem
2433 2583 2796 2624 reservamus.
2825 2569 3078 2639 Dumque
3109 2564 3177 2620 ab
3204 2563 3338 2636 ipsis
3371 2565 3392 2600 ³
3424 2571 3613 2620 cortex
3640 2561 3838 2618 littera:

2235 2656 2588 2724 subducitur,
2618 2654 2894 2727 allegoriae
2922 2653 3128 2712 candor
3150 2653 3382 2710 interior
3409 2651 3836 2722 demonstratur,

2236 2755 2290 2804 et
2335 2746 2469 2802 dum
2515 2753 2707 2803 cortex
2745 2744 3098 2817 relinquitur,
3129 2741 3420 2798 exterioris
3461 2739 3838 2812 intelligentiae

2235 2834 2476 2892 virentia
2503 2835 2754 2907 exempla
2783 2839 3184 2889 monstrantur.
3233 2831 3378 2898 Quas
3413 2829 3553 2885 bene
3581 2829 3747 2886 Jacob
3777 2827 3838 2884 in

2235 2943 2388 3000 aquae
2419 2923 2705 2982 canalibus
2734 2921 2940 2995 posuit,
2963 2919 3092 2994 quia
3121 2927 3175 2976 et
3203 2917 3537 2990 Redemptor
3564 2926 3750 2974 noster
3778 2917 3838 2974 in

2236 3016 2395 3074 libris
2429 3032 2520 3072 eas
2546 3031 2711 3074 sacrae
2739 3011 3006 3080 scientias,
3037 3008 3238 3084 quibus
3267 3025 3367 3065 nos
3395 3006 3728 3069 intrinsecus
3753 3007 3841 3062 in.

2237 3106 2548 3176 fundimur,
2574 3104 2720 3162 ﬁxit.
2753 3103 2861 3160 Has
2889 3099 3216 3174 aspicientes
3245 3097 3442 3154 arietes
3471 3113 3598 3152 cum
3640 3095 3840 3152 ovibus

2237 3205 2460 3266 coeunt,
2511 3194 2641 3270 quia
2686 3191 2980 3250 rationales
3018 3193 3040 3227 ‘
3086 3188 3262 3247 nostri
3311 3185 3560 3260 spiritus,
3598 3185 3730 3242 dum
3779 3183 3839 3244 in

669 3274 954 3366 Dicebatur
975 3306 1134 3382 prior
1145 3303 1464 3380 propositio.
1483 3333 1554 3344 —-
1570 3299 1724 3360 Unde
1747 3299 1886 3358 bene
1914 3316 2130 3376 quoque
2159 3305 2204 3368 C
2239 3303 2425 3382 θέΐιξξῐι
2456 3283 2763 3382 intentique
2789 3281 2959 3339 ἀθίῘΧί
2989 3275 3396 3382 ειιηι,ἐίιιε)ιξίε
3416 3274 3723 3349 quibusque
3752 3289 3838 3332 πεῖθ’

527 3398 844 3458 narratione
858 3397 1122 3456 historica
1137 3413 1233 3471 per
1251 3393 1711 3469 signiﬁcationem
1732 3390 1937 3448 dicitur
1960 3409 1972 3448 :
2007 3393 2124 3450 Tol-

531 3492 639 3549 lens
666 3491 826 3549 Iacob
854 3490 1035 3562 virgas
1055 3489 1314 3562 populeas
1337 3485 1554 3553 virides,
1585 3489 1634 3540 et
1658 3481 2048 3555 amygdalinas,
2078 3489 2127 3539 et

528 3598 594 3637 ea:
612 3579 875 3653 platanis,
893 3589 958 3634 ea:
976 3584 1134 3651 parte
1152 3574 1490 3633 decorticavit
1507 3590 1616 3642 eas,
1641 3571 1988 3644 detractisque
2010 3589 2122 3628 cor-

528 3669 736 3737 ticibus,
767 3667 824 3724 in
847 3666 930 3725 his
958 3669 980 3704 ³
1008 3684 1124 3739 quin
1149 3665 1445 3741 emapoliata
1473 3662 1690 3734 fuerant
1716 3661 1917 3718 candor
1943 3678 2125 3734 appa—

529 3759 678 3827 ruit;
695 3757 796 3817 illa
816 3775 940 3816 vero
960 3773 1076 3829 qua;
1087 3755 1292 3829 integra
1312 3759 1466 3811 erant
1483 3752 1682 3810 viridia
1691 3758 2124 3824 permanserunt,

527 3857 682 3924 atque
706 3849 765 3906 in
792 3850 929 3906 hunc
952 3846 1166 3904 modum
1195 3845 1342 3902 color
1367 3845 1570 3916 eﬁectus
1595 3848 1668 3898 est
1695 3841 1881 3898 varius
1911 3840 2119 3915 (Genes.

527 3962 668 4014 xxx,
689 3945 804 4019 37).
829 3943 934 4002 Ubi
953 3949 1008 4000 et
1035 3939 1291 4001 subditur
1313 3955 1324 3994 :
1353 3937 1640 4008 Posuitque
1661 3952 1747 3992 eas
1769 3935 1828 3990 in
1850 3933 2124 3991 canalibus

530 4033 586 4087 in
623 4033 812 4102 quibus
850 4031 1215 4102 e/fundebatur
1250 4045 1415 4099 aqua,
1443 4031 1503 4081 ut
1527 4042 1644 4080 cum
1671 4023 1927 4081 venissent
1951 4040 2125 4096 greges

529 4121 602 4178 ad
625 4119 920 4188 bibendum,
936 4125 1058 4174 ante
1075 4119 1253 4174 oculos
1273 4117 1521 4174 haberent
1546 4115 1747 4185 virgas,
1770 4118 1816 4169 et
1838 4113 1896 4168 in
1915 4119 2127 4184 aspectu

529 4226 712 4266 earum
756 4209 1096 4281 conciperent.
1141 4207 1458 4278 Factumque
1503 4209 1578 4260 est
1618 4211 1674 4259 ut
1718 4203 1775 4257 in
1811 4202 1924 4274 ipso
1952 4203 2128 4257 calo-re

528 4299 694 4356 coitus
713 4315 829 4354 oves
847 4297 1180 4354 intuerentur
1207 4296 1406 4366 virgas,
1435 4299 1484 4350 et
1505 4295 1758 4366 parerent
1783 4291 2054 4345 maculosa
2082 4295 2130 4345 et

530 4389 709 4459 varia,
736 4395 786 4445 et
801 4389 1008 4445 diverso
1027 4387 1200 4443 colore
1217 4401 1460 4458 respersa
1487 4381 1682 4455 (Ibid.,
1713 4379 1802 4448 38,
1835 4377 1949 4452 39).
1983 4377 2130 4446 Quid

531 4489 612 4538 est
636 4479 784 4537 enim
814 4477 996 4550 virgas
1024 4475 1250 4544 virides,
1280 4473 1681 4548 amygdalinas,
1711 4477 1874 4543 atque
1903 4484 1974 4524 ex
2001 4467 2130 4540 pla—

531 4570 675 4627 tanis
704 4577 830 4626 ante
851 4582 1073 4641 gregum
1103 4566 1292 4624 oculos
1320 4578 1546 4636 ponere,
1575 4561 1682 4617 nisi
1713 4575 1809 4632 per
1837 4558 2130 4628 Scripturae

2235 3376 2484 3435 tionibus
2517 3372 2941 3448 permiscentur,
2990 3378 3053 3426 ut
3092 3369 3228 3426 tales
3272 3367 3418 3423 fetus
3445 3381 3674 3438 operum
3703 3380 3840 3438 pro-

2232 3476 2444 3538 creent,
2461 3465 2650 3540 qualia
2665 3465 2920 3537 exempla
2935 3457 3364 3535 praecedentium
3382 3456 3441 3513 in
3458 3455 3690 3513 vocibus
3705 3471 3836 3526 prae-

2232 3568 2521 3634 ceptorum
2550 3556 2743 3614 vident
2767 3573 2782 3625 ;
2829 3561 2883 3610 et
2920 3553 3202 3609 diversum
3229 3549 3470 3606 colorem
3499 3545 3680 3619 proles
3705 3543 3838 3600 boui

2233 3631 2414 3724 operis
2443 3647 2665 3716 habeat,
2697 3644 2828 3719 quia
2862 3651 2916 3700 et
2943 3655 3346 3714 nonnunquam
3376 3638 3397 3672 ⁵
3429 3635 3710 3692 subtracto
3735 3631 3838 3687 lit-

2231 3749 2361 3798 terae
2401 3736 2630 3805 cortice,
2673 3733 2892 3793 acutius
2933 3731 3150 3788 interna
3189 3726 3521 3794 considerat,
3563 3731 3617 3780 et
3655 3737 3840 3780 reser-

2231 3837 2358 3886 vato
2385 3840 2787 3898 nonnunquam
2817 3820 3067 3878 historiae
3095 3817 3356 3891 tegmine,
3383 3815 3523 3871 bene
3551 3829 3607 3870 se
3636 3813 3695 3870 in
3733 3827 3842 3870 ex-

2232 3919 2534 3978 terioribus
2563 3916 2784 3972 format.

2304 4010 2356 4067 3.
2389 4007 2662 4066 Probatur
2687 4005 2882 4060 altera.
2905 4031 2975 4042 -——
2995 4000 3130 4056 Nam
3161 3996 3290 4070 quia
3318 3993 3523 4051 divinae
3551 3993 3839 4049 sententiae

2239 4095 2536 4174 aliquando
2565 4093 2800 4152 interius
2821 4088 3087 4148 rimandae
3107 4093 3256 4156 sunt,
3277 4081 3574 4158 aliquando
3595 4081 3840 4137 exterius

2235 4172 2610 4255 observandae,
2656 4201 2754 4259 per
2795 4183 3147 4239 Salomonem
3191 4191 3408 4251 quoque
3436 4172 3688 4230 dicitur:
3734 4172 3840 4240 Qui

2235 4283 2450 4356 fortiter
2477 4278 2666 4353 premit
2689 4277 2851 4332 ubera
2878 4275 2952 4331 ad
2979 4270 3284 4328 eliciendum
3307 4269 3410 4334 lac,
3440 4263 3694 4338 exprimit
3732 4263 3842 4317 bu—

2239 4353 2450 4445 tyrum;
2487 4377 2534 4428 et
2573 4368 2667 4441 qui
2693 4370 3010 4426 velieinenter
3037 4364 3060 4400 ⁶
3089 4359 3336 4432 emungit,
3367 4357 3507 4413 elicit
3535 4353 3842 4426 sanguinem

2241 4441 2428 4536 (Prov.
2471 4477 2609 4530 xxx,
2660 4457 2774 4532 33).
2819 4455 2996 4512 Ubera
3037 4449 3240 4526 quippe
3269 4446 3490 4504 fortiter
3517 4441 3840 4517 premimus,

2237 4569 2362 4610 cum
2396 4550 2561 4606 verba
2583 4547 2730 4622 sacri
2762 4543 2966 4618 eloquii
2993 4538 3184 4598 subtili
3215 4536 3500 4593 intellectu
3530 4546 3840 4606 pensamus,

529 4675 695 4719 sacras
737 4619 934 4714 serigm
977 4654 1333 4726 antiquorum
1372 4652 1596 4707 Patrum
1637 4649 1779 4704 vitas
1807 4655 1969 4718 atque
1995 4661 2134 4700 sen-
2161 4669 2210 4728 D
2246 4657 2353 4716 qua
2381 4639 2659 4714 pressione
2688 4636 2821 4694 dum
2861 4635 2946 4690 lac
2974 4629 3294 4704 quaerimus,
3322 4625 3585 4696 butyrum
3629 4619 3842 4718 inveni-

529 4749 732 4810 tcntias
751 4749 810 4804 in
829 4743 1145 4814 exemplum
1168 4741 1387 4813 populis
1406 4741 1646 4812 praebere
1662 4738 1690 4794 ‘l
1710 4736 1840 4802 Quae
1864 4733 2127 4789 nimirum

533 4839 662 4914 quia
680 4837 844 4909 juxta
873 4830 1103 4890 rationis
1131 4844 1362 4885 examen
1391 4835 1550 4883 rectae
1581 4832 1732 4890 sunt,
1755 4823 1923 4893 virgae
1954 4821 2128 4877 nomi-

532 4911 753 4986 nantur.
803 4921 1018 4994 Quibus
1058 4935 1128 4976 ex
1175 4925 1324 4992 parte
1365 4916 1627 4973 corticem
1657 4911 1952 4980 subtrahit,
1985 4911 2131 4968 utin

531 5019 620 5076 his
649 5035 770 5093 qua).
799 5012 1201 5088 exspoliantur,
1232 5007 1464 5066 intimus
1493 5005 1700 5062 candor
1737 5010 2031 5076 appareat;
2079 5012 2133 5060 et

532 5127 602 5166 ex
630 5117 782 5182 parte
810 5107 1073 5166 corticem
1103 5107 1303 5168 servat,
1335 5106 1396 5154 ut
1434 5098 1576 5154 sicut
1617 5095 1836 5152 fuerant
1865 5093 2131 5162 exterius,

607 5257 621 5290 ¹
665 5251 911 5319 Ebroic.,
943 5251 1086 5306 Utic.
1118 5266 1180 5305 ac
1212 5247 1379 5320 plur.,
1415 5259 1718 5320 suspensus:

607 5325 629 5360 ³
667 5326 778 5394 Sic,
830 5311 1104 5396 praeeunte
1147 5311 1403 5396 vulgata2
1451 5311 1754 5396 legiturmin
1802 5311 2129 5396 ltisssco‘rb.

535 5400 746 5464 Germ.,
763 5383 992 5459 'Normu
1022 5383 1454 5464 Germ.,Laud.,
1479 5383 1602 5464 Val.
1635 5387 1745 5451 CL,
1771 5392 1912 5464 etg_.,_
1933 5383 2135 5464 quibus

535 5454 892 5526 consentiunt
919 5454 1130 5518 veteres
1157 5454 1307 5518 Edit.
1333 5463 1393 5516 In
1425 5454 1598 5516 veteri
1630 5466 1811 5513 tamen
1833 5454 2128 5526 Edeasil.

536 5525 723 5606 habes,
753 5555 871 5609 quia
897 5537 1112 5609 integris
1131 5539 1306 5609 erant,
1332 5533 1548 5609 virides.
1573 5530 1719 5609 Idem
1746 5527 2022 5609 legiturin
2043 5525 2134 5609 (ἷξε

538 5597 634 5668 lot.
686 5597 890 5665 Arrisit
931 5597 1103 5676 magis
1131 5597 1394 5676 Romanis
1423 5597 1875 5676 Editoribussub
1904 5597 2060 5676 Sixto
2084 5597 2133 5652 V'

537 5693 591 5740 et
617 5683 912 5745 Gussanv.,
942 5668 1060 5747 qua:
1086 5675 1394 5747 erspoliatcc
1417 5674 1700 5743 fuerant...
1744 5672 1850 5726 illa:
1893 5687 2011 5747 vero
2044 5668 2134 5722 iu-

540 5763 785 5828 tegrw....
846 5742 1075 5828 viriiles._
1107 5742 1338 5812 Deinde,
1383 5742 1430 5799 et
1467 5751 1720 5816 parerent
1755 5742 2048 5798 maculosus
2090 5746 2135 5794 ct

547 5821 746 5896 var-ias,
779 5831 828 5880 et
854 5824 961 5879 diu.
995 5821 1095 5876 col.
1131 5832 1412 5889 respersas.

2247 4708 2397 4798 mus,
2415 4729 2544 4802 quia
2563 4727 2695 4783 dum
2722 4722 2924 4780 nutriri
2943 4721 3030 4776 vel
3046 4717 3201 4775 tenui
3225 4715 3505 4772 intellectu
3521 4708 3842 4782 quaerimus,

2239 4797 2491 4877 ubertate
2521 4817 2751 4872 internae
2782 4808 3137 4886 pinguedinis
3165 4805 3446 4876 ungimur.
3470 4797 3630 4867 Quod
3658 4805 3840 4853 tamen

2240 4927 2342 4968 nec
2387 4905 2558 4964 nimie
2607 4920 2708 4962 nec
2753 4917 2968 4974 semper
3011 4896 3284 4970 agendum
3326 4898 3430 4960 est,
3474 4905 3543 4944 ne
3591 4887 3723 4944 dum
3761 4887 3846 4943 lac

2242 4997 2507 5074 quaeritur
2535 4995 2603 5052 ab
2630 4993 2915 5060 uberibus,
2950 4989 3174 5062 sanguis
3210 4989 3487 5058 sequatur.
3518 4980 3846 5050 Plerumque

2242 5069 2445 5146 etenim
2476 5084 2702 5159 quidam
2733 5083 2866 5139 dum
2894 5078 3064 5135 verba
3092 5075 3232 5134 sacri
3261 5071 3471 5144 eloquii
3516 5069 3640 5142 plus
3681 5081 3843 5140 quam

2313 5235 2334 5268 ³
2376 5234 2437 5287 In
2467 5229 2638 5286 Laud.
2663 5224 3011 5300 perantiquo,
3031 5219 3248 5300 _cort_i.1:;
3278 5214 3425 5300 quod
3451 5214 3678 5300 l‘qi‘tasse
3707 5208 3844 5300 olitn

2243 5306 2300 5361 in
2331 5285 2434 5360 usu
2464 5285 2580 5358 erat
2609 5285 2706 5373 pro
2735 5285 2913 5352 certes?
2938 5313 2957 5359 ;
2988 5285 3122 5373 hinc
3142 5293 3200 5348 in
3229 5285 3452 5373 casibus
3478 5285 3658 5350 ﬂexis,
3687 5285 3847 5336 certi-

2242 5377 2337 5442 cis',
2366 5374 2572 5438 cortici,
2603 5365 2733 5436 étc.,
2763 5384 2874 5442 non
2907 5365 3145 5430 cortecis,
3176 5365 3384 5418 corteci.

2316 5439 2336 5482 ⁵
2370 5445 2634 5509 Vindoc.,
2663 5439 2835 5496 nostri
2863 5455 3064 5494 sensus.
3247 5505 3279 5509 Α.
3560 5499 3590 5509 η

2313 5522 2334 5554 ⁵
2367 5518 2552 5574 Germ.
2583 5504 2636 5570 et
2670 5513 2908 5579 Getuet.,
2939 5511 3210 5565 subtracta
3241 5504 3664 5579 littercefortice.

2316 5595 2337 5626 ⁸³
2368 5567 2606 5646 {Tit—idco:
2623 5567 2811 5641 etivet.
2834 5567 2938 5639 Ed.
2963 5579 3132 5637 Paris.
3145 5623 3159 5646 ,
3177 5577 3415 5646 entulget.
3439 5572 3668 5636 Turou.,
3687 5567 3849 5646 cntut-

2242 5664 2334 5735 git.
2382 5637 2543 5735 Coris.
2571 5637 3362 5735 _Germ_._,reinulgetur.'Lnudt,
3404 5646 3588 5735 (ξετςιιιε
3621 5647 3675 5735 (ξι
3719 5637 3844 5694 Val.

2388 5712 2690 5799 Etiamne}:
2724 5712 3010 5793 Noi'niant,
3043 5712 3364 5791 emungitur,
3386 5725 3439 5772 et
3469 5715 3544 5771 ita
3573 5712 3736 5769 infra.
