4162 6184
272 331 367 390 189
1052 333 1426 399 MORALIUM
1461 341 1598 403 LIB.
1643 344 1797 404 XXI.
1838 374 1910 395 ι·-
1943 350 2017 410 IN
2054 350 2283 414 CAPUT
2321 355 2510 417 XXXI
2543 360 2606 419 B.
2646 362 2788 421 JOB.

3458 382 3559 441 190

268 467 465 580 debent
509 465 821 580 discutiunt,
865 462 1012 570 679
1057 465 1115 522 in
1169 469 1455 580 1(urnulam
1510 470 1857 580 intellectum
1884 477 1935 538 A
1965 475 2065 535 has
2091 482 2337 580 corporis
2363 482 2628 580 fenestras
2653 485 2871 546 incaute
2898 494 3144 554 exterius
3169 502 3412 575 respicit,
3444 509 3559 580 ple-

267 555 482 617 cadunt.
528 555 852 626 Sanguinem
900 557 1100 630 quippe
1139 556 1311 627 elicit,
1352 557 1448 633 qui
1495 552 1850 620 vehementer

266 646 515 719 emungit,
545 644 670 719 quia
711 646 929 704 carnale
975 647 1209 705 efﬁcitur
1253 646 1358 707 hoc
1385 649 1534 724 quod
1563 667 1632 709 ex
1675 651 1850 710 nimia

265 734 472 809 spiritus
518 733 863 792 discussione
909 738 1161 796 sentitur.
1213 738 1368 798 Unde
1408 756 1629 799 necesse
1669 748 1753 800 est
1786 748 1848 799 ut

264 823 389 881 beati
417 823 513 881 Job
541 840 729 897 opera,
769 841 890 898 quae
919 826 1064 883 inter
1092 827 1496 903 increpantium
1538 831 1846 890 amicorum

264 913 407 973 verba
432 913 641 972 idcirco
671 924 858 973 narrat
887 933 955 975 ne
984 918 1185 976 aﬂlicta
1212 936 1366 981 mens
1385 920 1540 979 illius
1568 921 1627 979 in
1658 921 1849 997 despe-

261 1005 447 1063 ratione
473 1005 745 1080 deﬁciat,j
755 1016 888 1065 uxta
911 1009 1127 1082 pondus
1146 1010 1391 1070 historiae
1412 1022 1844 1088 perscrutemur,

265 1098 280 1133 ¹
304 1112 363 1152 ne
378 1096 423 1153 si
440 1095 557 1156 haec
583 1099 809 1156 animus
838 1101 1130 1175 plusquam
1159 1119 1375 1162 necesse
1414 1114 1497 1162 est
1524 1106 1847 1180 spiritaliter

259 1188 548 1263 investiget,
576 1206 611 1247 a
641 1191 942 1249 verborum
987 1192 1107 1266 ejus
1134 1195 1395 1255 uberibus
1423 1199 1648 1272 sanguis
1683 1200 1846 1257 nobis

257 1297 345 1354 pro
360 1283 492 1340 lacte
518 1282 936 1358 respondeat.Si
957 1284 1178 1358 quando
1192 1303 1325 1345 vero
1339 1288 1592 1363 quaedam
1608 1292 1846 1365 mystica

256 1370 309 1427 in
346 1389 563 1431 suorum
613 1390 847 1447 operum
893 1373 1207 1433 narratione
1257 1379 1573 1452 permiscet,
1615 1380 1686 1438 ad
1728 1381 1848 1440 haec

255 1476 453 1519 necesse
498 1471 582 1520 est
628 1471 694 1521 ut
738 1480 894 1523 mens
939 1466 1158 1524 concita
1185 1467 1391 1538 redeat,
1430 1469 1499 1527 ad
1538 1486 1658 1545 quae
1702 1470 1848 1530 hanc

254 1550 377 1625 ipse,
405 1560 468 1610 ut
501 1552 668 1611 datur
694 1552 955 1626 intelligi,
999 1554 1136 1612 ordo
1174 1555 1451 1630 loquentis
1482 1566 1664 1616 vocat.
1708 1560 1847 1617 Nam

254 1650 459 1700 sanctus
485 1643 574 1700 vir
598 1651 892 1718 postquam
922 1659 983 1701 ea
1002 1660 1124 1719 quas
1154 1645 1260 1703 sibi
1288 1664 1387 1721 per
1414 1648 1695 1722 ﬂagellum
1724 1651 1847 1707 Do-

254 1736 378 1794 mini
396 1735 617 1795 fuerant
635 1738 853 1796 inﬂicta
876 1739 1146 1810 narravit,
1167 1756 1318 1798 nunc
1336 1757 1434 1815 per
1449 1741 1704 1799 ordinem
1722 1760 1846 1817 pro-

1955 584 2195 667 rumque
2304 571 2727 634 delectationem
2749 581 2957 651 peccati
2972 583 3140 643 etiam
3168 570 3365 649 nolens
3383 570 3554 667 cadit;

1908 704 1917 711 .
1954 665 2118 752 atque
2144 660 2417 735 obligatus
2446 663 2755 738 desideriis,
2784 670 2984 744 incipit
3011 675 3154 733 velle
3182 680 3329 752 quod
3350 660 3551 745 noluit:

1954 749 2200 841 Praeceps
2226 752 2427 827 quippe
2467 756 2654 815 anima
2688 758 2821 817 dum
2850 770 2976 820 ante
3003 781 3116 822 non
3164 749 3439 841 providet,
3489 791 3559 833 ne

1954 839 2172 936 incaute
2201 840 2384 899 videat
2413 847 2559 919 quod
2587 851 2962 923 concupiscat,
3009 839 3181 913 caeca,
3200 866 3324 931 post
3360 839 3559 936 incipit

1954 929 2261 1025 desiderare
2289 935 2437 1008 quod
2465 936 2625 996 vidit.
2660 940 2814 997 Unde
2842 950 2895 998 et
2924 929 3406 1020 Prophetas—mens,
3434 929 3555 1025 quae

1952 1021 2237 1081 sublevate
2252 1042 2393 1098 saepe
2421 1028 2701 1100 mysteriis
2719 1031 2954 1090 internis
2968 1034 3251 1109 intererat,
3275 1040 3406 1114 quia
3425 1021 3555 1101 alie-

1953 1126 2081 1169 nam
2111 1115 2401 1187 conjugem
2442 1116 2661 1175 incaute
2691 1119 2851 1191 vidit,
2902 1124 3254 1185 obtenebrata
3297 1139 3556 1205 postmo-

1952 1201 2085 1259 dum
2114 1202 2337 1261 sibimet
2364 1205 2560 1263 illicite
2587 1208 2880 1282 conjunxit
2911 1213 3002 1285 (II
3019 1216 3145 1289 Reg.
3177 1234 3259 1288 χι,
3279 1201 3361 1293 Ξ).
3402 1223 3552 1279 Sen-

1951 1300 2074 1350 ctus
2101 1301 2285 1349 autem
2314 1293 2424 1361 vir,
2454 1296 2552 1369 qui
2577 1301 2818 1373 acceptis
2844 1304 3092 1376 corporis
3116 1306 3369 1368 sensibus
3398 1311 3558 1369 velut

1953 1388 2214 1463 subjectis
2252 1388 2398 1448 679
2436 1394 2708 1454 ministris
2730 1398 2956 1473 quidam
2993 1403 3341 1477 aequissimus
3379 1405 3556 1479 judex

1952 1490 2166 1555 praeest,
2197 1484 2387 1557 culpas
2414 1486 2685 1560 conspicit
2713 1496 3009 1564 antequam
3040 1493 3288 1564 veniant,
3319 1503 3375 1553 et
3402 1498 3560 1556 velut

1950 1573 1973 1609 ⁵
2001 1570 2291 1630 insidianti
2318 1573 2465 1631 hosti
2492 1575 2760 1635 fenestras
2788 1581 3037 1654 corporis
3065 1583 3293 1656 claudit,
3322 1583 3515 1645 dicens
3541 1604 3552 1643 :

1951 1661 2139 1735 Pepigi
2153 1664 2326 1735 fcedus
2352 1682 2470 1721 cum
2496 1668 2664 1725 oculis
2691 1669 2840 1737 meis,
2869 1676 2930 1726 ut
2952 1689 3018 1729 ne
3044 1672 3326 1745 cogitarem
3343 1676 3557 1747 quidem

1952 1753 2016 1808 de
2040 1753 2262 1824 virgine.
2296 1755 2366 1811 Ut
2391 1756 2540 1812 enim
2569 1759 2930 1830 cogitationes
2961 1762 3144 1820 cordis
3172 1772 3319 1822 caste
3335 1780 3558 1823 servare

252 1823 385 1927 prias
427 1828 825 1927 enumeranda
853 1828 1121 1927 virtutes,‘
1149 1831 1328 1927 qualis
1375 1839 1502 1927 ante
1555 1832 1832 1927 ﬂagellum
1859 1844 1907 1906 Β
1945 1823 2417 1918 potuisset,fcedus
2445 1862 2571 1904 cum
2600 1823 2775 1905 oculis
2800 1851 3026 1923 pepigit,
3055 1868 3125 1909 ne
3152 1853 3307 1927 prius
3335 1854 3560 1913 incaute

249 1913 408 1974 fuerit
435 1916 750 1986 innotescit;
781 1918 863 1976 sic
899 1918 1030 1976 vitae
1060 1936 1172 1976 suat
1200 1918 1491 1979 historiam
1521 1924 1763 1993 texens,‘
1784 1930 1848 1982 ut

248 2005 291 2062 ei
332 2022 620 2079 perrarum
660 2007 870 2083 aliquid
897 2008 1048 2083 quod
1074 2010 1364 2083 allegorice
1393 2010 1630 2085 intelligi
1673 2011 1848 2084 possit

248 2093 550 2166 interserat,
580 2104 848 2170 quatenus
874 2105 929 2154 et
956 2113 1028 2154 ex
1039 2114 1234 2173 magna
1265 2108 1419 2173 parte
1447 2098 1715 2158 historica
1732 2100 1849 2156 sint

249 2199 358 2258 qua:
385 2194 678 2255 memorat,
707 2194 762 2243 et
790 2194 974 2244 tamen
1004 2187 1303 2262 aliquando
1349 2206 1448 2263 per
1490 2189 1611 2247 haec
1654 2189 1846 2246 eadem

247 2274 306 2333 ad
331 2275 639 2349 spiritalem
667 2276 1095 2349 intelligentiam
1124 2287 1438 2352 consurgat.
1464 2281 1485 2315 ³
1513 2278 1632 2348 Qua
1662 2280 1848 2353 itaque

246 2364 565 2423 fortitudine
609 2366 677 2424 ab
718 2366 873 2424 omni
920 2368 1077 2440 lapsu
1124 2369 1400 2426 exteriora
1440 2386 1536 2427 sua
1580 2370 1847 2428 custodiat

245 2453 520 2515 interioris
548 2456 846 2534 disciplina
866 2458 1289 2528 constrinxerit,
1328 2459 1575 2537 insinuat
1610 2460 1800 2517 dicens
1831 2478 1844 2519 :

875 2545 1103 2605 CAPUT
1141 2550 1212 2605 II.

298 2636 442 2695 Cap.
493 2651 661 2703 xm,
703 2634 878 2692 Vnus.
928 2637 978 2692 1.
1012 2665 1081 2679 -
1131 2632 1322 2710 Pepigi
1345 2637 1517 2709 fadus
1547 2654 1663 2695 cum
1689 2639 1851 2696 oculis

244 2725 382 2792 meis,
409 2731 475 2780 ut
504 2739 574 2779 ne
594 2723 877 2795 cogitarem
903 2724 1114 2796 quidem
1132 2726 1196 2782 de
1224 2725 1444 2798 virgine.

302 2814 353 2873 4.
384 2813 471 2873 Ne
498 2828 648 2868 mens
675 2812 867 2869 illicita
892 2813 1243 2886 concupiscat,
1270 2814 1540 2872 cohibendi
1565 2822 1689 2872 sunt
1721 2832 1850 2873 sen-

245 2923 323 2963 sus
347 2903 643 2962 exteriores
656 2903 752 2975 qui
776 2910 900 2960 sunt
911 2903 1091 2960 aditus
1118 2904 1326 2963 mentis.
1349 2906 1558 2963 Intueri
1586 2924 1693 2963 non
1709 2908 1849 2971 decet

247 2994 377 3068 quod
403 2991 772 3065 concupiscere
808 3008 915 3048 non
954 2992 1090 3050 licet.
1133 3024 1205 3037 —
1252 2992 1391 3051 Cum
1429 2995 1503 3051 sit
1540 2994 1848 3054 invisibilis

248 3083 439 3152 anima,
466 3097 822 3156 nequaquam
851 3097 1240 3155 corporearum
1268 3100 1452 3142 rerum
1481 3084 1848 3145 delectatione

1954 1934 2222 2007 aspiceret
2264 1934 2412 2008 quod
2451 1938 2803 2008 postmodum
2844 1940 3057 2000 invitus
3102 1951 3329 2003 amaret.
3379 1944 3557 2002 Valde

1956 2038 2193 2096 namque
2222 2024 2244 2060 ⁶
2291 2031 2373 2080 est
2402 2025 2550 2099 quod
2594 2042 2733 2084 caro'
2768 2028 3023 2088 deorsum
3051 2032 3242 2102 trahit,
3292 2040 3347 2090 et
3386 2035 3559 2091 semel

1956 2114 2163 2187 species
2190 2113 2382 2172 formas
2427 2116 2581 2174 cordi
2610 2120 2631 2154 ⁷
2661 2136 2759 2193 per
2786 2121 2975 2179 oculos
3003 2121 3216 2198 illigata
3244 2123 3340 2181 vix
3368 2124 3555 2198 magni

1956 2202 2277 2263 luctaminis
2301 2220 2471 2264 manu
2496 2208 2750 2266 solvitur.
2791 2212 2869 2268 Ne
2894 2227 3023 2285 ergo
3062 2213 3314 2286 quaedam
3342 2214 3556 2273 lubrica

1956 2294 2015 2351 in
2032 2295 2365 2369 cogitatione
2384 2313 2684 2370 versemus,
2707 2302 3110 2374 providendum
3127 2304 3288 2362 nobis
3307 2314 3407 2373 est;
3427 2306 3558 2381 quia

1956 2383 2160 2443 intueri
2192 2387 2213 2421 ⁸
2259 2403 2372 2444 non
2417 2388 2573 2447 decet
2617 2391 2764 2464 quod
2794 2408 2905 2449 non
2948 2394 3077 2451 licet
3112 2396 3449 2467 concupisci.
3486 2396 3556 2452 Ut

1956 2477 2104 2534 enim
2150 2478 2357 2536 munda
2402 2495 2555 2537 mens
2594 2480 2653 2537 in
2694 2482 3024 2555 cogitatione
3069 2493 3318 2542 servetur
3363 2502 3397 2543 a
3442 2487 3561 2544 las-

1957 2568 2102 2626 civia
2162 2571 2184 2608 ο
2236 2570 2538 2643 voluptatis
2610 2589 2721 2631 suae
2776 2574 3122 2646 deprimendi
3182 2585 3312 2635 sunt
3385 2577 3557 2649 oculi,

1956 2659 2112 2733 quasi
2141 2659 2366 2735 quidam
2395 2670 2640 2737 raptores
2666 2664 2736 2721 ad
2760 2666 2999 2740 culpam.
3030 2668 3215 2742 Neque
3242 2667 3392 2725 enim
3439 2669 3559 2725 Eva

1957 2750 2172 2824 lignum
2211 2753 2446 2811 vetitum
2493 2756 2832 2831 contigisset,
2860 2758 2969 2815 nisi
2997 2758 3105 2817 hoc
3145 2759 3300 2832 prius
3338 2758 3559 2818 incaute

1956 2840 2268 2914 respiceret.
2316 2845 2593 2917 Scriptum
2623 2846 2825 2921 quippe
2850 2856 2935 2905 est
2965 2864 2978 2905 :
3019 2848 3161 2908 Vidit
3181 2849 3377 2905 mulier
3419 2852 3561 2921 quod

1958 2930 2149 2987 bonum
2177 2940 2303 2989 esset
2332 2934 2530 3005 lignum
2544 2937 2618 2993 ad
2643 2938 2967 3004 vescendum,
2997 2944 3045 2994 et
3056 2939 3341 3009 pulchrum
3368 2939 3557 3007 oculis,

1956 3027 2266 3092 aspectuque
2292 3022 2589 3080 delectabile
2607 3041 2632 3090 ;
2653 3031 2703 3080 et
2729 3025 2854 3082 tulit
2877 3026 2939 3081 de
2965 3025 3149 3097 fructu
3170 3024 3340 3095 illius,
3384 3032 3433 3083 et
3463 3044 3559 3084 co-

1955 3108 2117 3165 medit
2137 3109 2355 3182 (Gencs.
2384 3128 2470 3182 III,
2487 3112 2569 3186 6).
2589 3113 2732 3173 Hinc
2750 3130 2878 3189 ergo
2893 3114 3234 3188 pensandum
3254 3122 3336 3173 est
3350 3124 3559 3191 quanto

249 3172 639 3282 tangiturznif
669 3172 821 3272 qugd
849 3170 1128 3282 ίηξιωξθῐὶε
1153 3174 1371 3275 corpori
1399 3176 1555 3250 quasi
1592 3177 1844 3282 (Ιιξεθίξδφ
1874 3213 1919 3275 ο
1956 3198 2251 3259 debeamus
2268 3170 2644 3262 moderamine
2663 3221 2789 3279 erga
2811 3170 3012 3264 illicita
3030 3205 3212 3264 visum
3230 3170 3562 3282 restringere

248 3263 549 3336 egrediendi
577 3261 852 3320 foramina
878 3260 1124 3336 ejusdem
1153 3264 1399 3337 corporis
1434 3281 1626 3324 sensus
1654 3266 1841 3326 habet.

251 3354 405 3413 Visus
443 3356 671 3431 quippe,
718 3353 962 3423 auditus,
993 3362 1204 3427 gustus,
1233 3354 1514 3428 odoratus,
1558 3366 1614 3416 et
1642 3366 1844 3430 tactus,

251 3449 395 3522 quasi
420 3448 675 3524 quaedam
702 3447 809 3504 viae
837 3447 1040 3506 mentis
1067 3456 1220 3517 sunt,
1245 3450 1449 3523 quibus
1468 3451 1616 3509 foras
1630 3452 1842 3523 veniat,

250 3546 298 3595 et
323 3554 383 3595 ea
408 3554 531 3613 quae
560 3545 715 3595 extra
752 3536 871 3611 ejus
897 3545 1030 3595 sunt
1064 3538 1427 3601 substantiam
1471 3541 1845 3615 concupiscat.

252 3628 346 3686 Per
369 3628 476 3686 hos
498 3629 706 3686 etenim
729 3628 972 3702 corporis
998 3644 1193 3688 sensus
1240 3633 1398 3706 quasi
1437 3649 1534 3706 per
1575 3635 1847 3694 fenestras

252 3716 511 3792 quasdam
542 3717 810 3775 exteriora
819 3735 1043 3793 quasque
1070 3719 1256 3777 anima
1270 3721 1517 3794 respicit,
1546 3724 1849 3796 respiciens

253 3807 605 3882 concupiscit.
628 3807 770 3866 Hinc
795 3810 998 3867 etenim
1013 3809 1279 3867 Jeremias
1304 3810 1383 3868 ait
1408 3811 1848 3872 :Ascenditmors

258 3898 277 3935 δ
312 3914 404 3969 per
439 3897 701 3969 fenestras
740 3905 970 3967 nostras,
1005 3900 1244 3973 ingressa
1279 3908 1353 3958 est
1403 3902 1584 3959 domos
1633 3909 1846 3961 nostras

262 3987 456 4057 (Jerem.
487 4005 573 4057 rx,
605 3988 723 4063 21).
753 3990 901 4047 Mors
929 3992 1131 4064 quippe
1158 4006 1255 4064 per
1279 3991 1546 4051 fenestras
1574 3993 1842 4065 ascendit,

262 4084 307 4134 ct
331 4078 549 4139 domum
578 4080 911 4154 ingreditur,
940 4098 1068 4139 cum
1095 4099 1193 4155 per
1219 4099 1411 4142 sensus
1438 4086 1686 4159 corporis
1715 4103 1845 4144 con-

260 4168 575 4240 cupiscentia
592 4170 844 4242 veniens,
866 4171 1245 4230 habitaculum
1260 4174 1431 4232 intrat
1450 4176 1669 4233 mentis.
1685 4176 1844 4245 Quod

263 4264 433 4315 contra
476 4259 586 4317 hoc
625 4260 775 4334 quod
810 4261 926 4334 jam
966 4278 1107 4336 saepe
1146 4263 1394 4322 diximus
1434 4265 1501 4323 de
1541 4264 1709 4338 justis
1746 4282 1844 4340 per

265 4344 441 4404 Isaiam
483 4348 691 4407 dicitur
724 4367 737 4406 :
791 4350 897 4420 Qui
939 4357 1065 4406 sunt
1102 4352 1159 4408 hi
1184 4353 1278 4425 qui
1302 4360 1362 4410 ut
1384 4354 1544 4410 nubes
1562 4357 1765 4420 volant,
1796 4362 1845 4411 et

259 4436 399 4505 quasi
425 4439 669 4496 columba
696 4439 769 4496 ad
793 4438 1053 4512 fenestras
1081 4458 1207 4499 suas
1229 4442 1384 4516 (Isai.
1417 4461 1510 4513 1.x,
1549 4445 1607 4517 8)
1635 4444 1663 4501 ?
1699 4444 1843 4501 Iusti

262 4539 479 4601 namque
509 4530 692 4586 volare
718 4537 779 4587 ut
807 4529 985 4589 nubes
1024 4531 1160 4589 dicti
1188 4540 1338 4602 sunt,
1369 4532 1499 4607 quia
1529 4550 1561 4590 a
1604 4536 1839 4595 terrenis

262 4618 508 4691 contagiis
533 4617 912 4690 sublevantur;
937 4629 992 4678 et
1019 4620 1175 4694 quasi
1196 4622 1463 4679 columbae
1483 4622 1554 4679 ad
1573 4623 1841 4681 fenestras

1954 3308 2056 3350 nos
2084 3291 2179 3367 qui
2217 3293 2527 3352 mortaliter
2558 3296 2824 3367 vivimus,
2868 3298 2915 3356 si
2944 3305 2998 3355 et
3026 3304 3200 3356 mater
3244 3298 3558 3357 viventium

1953 3399 2051 3456 per
2077 3386 2267 3444 oculos
2292 3386 2364 3443 ad
2392 3395 2625 3445 mortem
2656 3389 2828 3446 venit.
2862 3390 3005 3449 Hinc
3031 3388 3198 3446 etiam
3229 3388 3333 3446 sub
3357 3388 3558 3446 Iudaeae

1955 3488 2110 3543 voce,
2141 3490 2262 3548 quae
2290 3474 2566 3532 exteriora
2593 3476 2837 3536 videndo
2859 3477 3256 3552 concupiscens
3289 3477 3436 3536 bona
3458 3478 3558 3537 in-

1953 3560 2158 3618 teriora
2184 3562 2516 3634 perdiderat,
2545 3566 2813 3639 propheta
2840 3568 2977 3628 dicit
3008 3585 3021 3624 :
3058 3568 3253 3626 Oculus
3288 3583 3436 3625 meus
3455 3566 3559 3625 de—

1948 3656 2223 3726 prwdatus
2249 3663 2324 3713 est
2348 3659 2586 3716 animam
2611 3677 2781 3718 meam
2811 3662 3033 3733 (Thren.
3067 3678 3151 3732 III,
3181 3662 3298 3734 51).
3331 3661 3561 3720 Concu-

1954 3745 2215 3818 piscendo
2243 3748 2393 3806 enim
2422 3748 2690 3817 visibilis,
2732 3749 3045 3808 invisibiles
3089 3749 3319 3807 virtutis
3346 3751 3553 3808 amisit.

1954 3834 2086 3903 Quae
2105 3852 2234 3907 ergo
2261 3836 2583 3894 interiorem
2612 3837 2856 3895 fructum
2885 3856 2984 3912 per
3010 3840 3344 3896 exteriorem
3374 3839 3557 3895 visum

1954 3924 2001 3962 ιο
2021 3923 2284 4007 perdidit,
2309 3941 2402 3997 per
2416 3927 2639 3982 oculum
2667 3927 2913 3998 corporis
2928 3926 3157 3999 pertulit
3176 3926 3418 3999 praedam
3439 3942 3559 3984 cor-

1953 4012 2059 4071 dis.
2092 4014 2248 4072 Unde
2274 4014 2436 4073 nobis
2464 4014 2534 4072 ad
2562 4015 2981 4075 custodiendam
3010 4014 3194 4074 cordis
3223 4016 3556 4075 munditiam

1952 4105 2291 4164 exteriorum
2322 4122 2540 4181 quoque
2567 4123 2829 4165 sensuum
2850 4106 3147 4181 disciplina
3165 4108 3435 4166 servanda
3454 4116 3555 4167 est.

1950 4195 2088 4253 Nam
2132 4196 2473 4271 quantalibet
2512 4197 2721 4255 virtute
2746 4214 2903 4255 mens
2943 4198 3170 4273 polleat,
3214 4198 3560 4273 quantalibet

1952 4286 2217 4359 gravitate
2245 4288 2452 4362 vigeat,
2479 4290 2725 4347 carnales
2740 4297 2926 4348 tamen
2954 4306 3147 4348 sensus
3166 4291 3377 4363 puerile
3399 4289 3558 4365 quid-

1951 4375 2078 4433 dam
2097 4378 2341 4435 exterius
2360 4387 2733 4453 perstrepunt,
2750 4388 2805 4437 et
2833 4380 2942 4438 nisi
2971 4379 3253 4439 interioris
3272 4379 3556 4455 gravitatis

1950 4467 2189 4541 pondere
2217 4477 2272 4525 et
2290 4470 2446 4542 quasi
2461 4469 2697 4541 juvenili
2714 4471 2953 4544 quodam
2973 4470 3160 4544 vigore
3188 4469 3558 4539 refrenentur,

1867 4588 1917 4647 D
1949 4562 2019 4619 ad
2046 4561 2199 4619 ﬂuxa
2226 4576 2454 4635 quaeque
2473 4569 2528 4618 et
2554 4561 2699 4619 levia
2734 4570 2975 4621 mentem
3017 4579 3274 4621 enervem
3302 4562 3555 4621 trahunt.

2017 4653 2071 4710 5.
2099 4653 2423 4725 Exemplum
2450 4652 2548 4709 Job
2585 4668 2692 4709 non
2719 4654 2891 4710 solum
2918 4654 3119 4724 carnis,
3140 4654 3229 4711 sed
3256 4654 3415 4710 etiam
3443 4670 3557 4710 cor-

394 4715 537 4815 ῗῖωιθ
566 4706 698 4781 quia
724 4726 820 4782 per
845 4726 1039 4815 5,698“?
1064 4708 1309 4815 ⁰⁰¹Ῥ⁰Γ
1323 4709 1596 4815 (ῗῖίιθίίοη
1610 4725 1838 4815 qua?tu
1945 4741 2028 4798 dis
2054 4748 2103 4799 et
2126 4706 2314 4799 mentis
2339 4742 2617 4799 luasuriam
2642 4743 2985 4814 refrenantis.
3005 4706 3119 4801 Per,
3134 4744 3352 4815 Moysen
3380 4744 3562 4798 luxu-

261 4791 543 4855 intentione
586 4814 701 4855 non
740 4799 1047 4873 respiciunt
1091 4798 1426 4873 rapacitatis,
1456 4815 1657 4873 eosque
1694 4799 1839 4858 foras

264 4898 360 4939 non
387 4887 521 4962 rapit
547 4889 997 4964 concupiscentia
1023 4888 1276 4948 carnalis.
1310 4888 1572 4963 Quisquis
1591 4905 1720 4946 vero
1746 4906 1841 4962 per

292 5135 299 5146 _
329 5069 341 5101 ¹
372 5068 494 5146 Val.
515 5070 639 5146 _Cl.,
668 5088 734 5127 ne
763 5071 811 5127 si
839 5072 945 5146 hac
963 5072 1289 5127 animum...
1310 5070 1631 5142 spiritaliter
1662 5070 1841 5127 inves-

267 5141 410 5208 tigata
430 5142 666 5213 pulsent,
696 5160 762 5199 ex
790 5143 1091 5214 verborum,
1122 5150 1225 5200 etc.

325 5210 344 5245 ³
376 5212 588 5270 Norm..
617 5221 676 5270 ut
703 5216 751 5270 ei
788 5232 1036 5270 nerraro.

421 5229 588 5284 orm.,
617 5229 676 5270 ut
703 5233 751 5272 ει
784 5232 1036 5284 perraro.

325 5233 343 5245 -
376 5233 588 5284 λιιοινιη.³
617 5233 676 5270 ut
703 5233 751 5272 ei
784 5233 1036 5288 perraro.

324 5284 342 5359 εξ
371 5283 604 5359 (iamet,
635 5304 743 5358 qua
772 5288 954 5359 utique
972 5286 1304 5359 fortitudine.

325 5354 345 5431 ξ
380 5355 588 5431 Germ.,
611 5354 713 5431 per
739 5354 998 5430 fenestras
1024 5376 1167 5415 suas.
1191 5357 1482 5427 Uticensis,
1505 5360 1760 5416 Beccens.
1789 5370 1844 5416 et

261 5423 363 5493 alii,
387 5444 481 5508 per
499 5423 758 5508 fenestras
788 5431 1262 5508 vestras...~c_lor_no_s
1290 5423 1624 5488 vestras......
1664 5438 1712 5508 et
1738 5431 1842 5487 don

264 5512 357 5585 mos
383 5500 857 5585 ingreditur,_cum.
886 5501 1132 5585 δῖελίκςλζ
1162 5500 1325 5585 habet
1344 5519 1583 5585 quoque,
1601 5510 1649 5559 et
1662 5502 1844 5584 domos

264 5571 559 5695 ingreditur.
591 5571 723 5646 Legi
742 5574 904 5631 debet
927 5589 999 5629 ex
1025 5572 1281 5643 Vulgata,
1297 5571 1615 5648 cze'terisque
1638 5574 1844 5631 versio-

264 5653 309 5693 m
345 5658 431 5695 us.
459 5651 515 5695 et
543 5660 613 5695 ex
644 5653 796 5695 textu
828 5645 989 5695 Heh..
1021 5643 1274 5695 fenestras
1302 5652 1530 5695 nostras-
1563 5654 1666 5695 etc.

263 5643 515 5715 nibus,et
543 5660 613 5700 ex
644 5643 799 5702 téxtu
828 5645 989 5713 Heb.,
1017 5643 1274 5715 fenestras
1302 5643 1542 5714 nostras,
1563 5654 1667 5703 etc.

323 5712 341 5746 ⁵
374 5714 548 5786 Editi,
581 5717 857 5773 insidianti
886 5712 1064 5773 morti.
1095 5714 1185 5772 Sic
1214 5715 1500 5786 legendum
1517 5712 1722 5774 suadet
1753 5719 1846 5774 lo-

263 5798 355 5862 cus
374 5785 522 5842 Isaiae
552 5788 647 5860 qui
663 5788 970 5862 explicatur
996 5803 1205 5862 supra_:_
1236 5785 1468 5862 aslreiulit
1495 5807 1637 5862 mors
1660 5807 1759 5862 per
1772 5790 1846 5859 fe-

264 5808 347 5839 cus
374 5808 522 5842 isaiaa
552 5808 647 5860 qui
663 5808 970 5862 explicatur
996 5808 1160 5859 supra
1192 5808 1203 5841 ἰ
1236 5808 1468 5842 ascemm
1495 5808 1637 5844 mors
1660 5808 1846 5916 ἔκηε-

264 5861 449 5914 uestras
477 5865 713 5926 nostras;
742 5877 932 5919 verum
961 5857 1347 5920 contradicunt
1382 5860 1510 5921 Mss.
1533 5861 1657 5934 Aug
1684 5861 1753 5918 ic.
1793 5868 1846 5918 et

1947 4832 2035 4889 ria
2046 4839 2376 4906 perpetrata,
2401 4850 2501 4906 per
2526 4832 2796 4891 Christum
2822 4835 2979 4892 etiam
3002 4834 3226 4907 cogitata
3245 4832 3556 4888 damnatur-

1954 4924 2057 4995 Qui
2081 4925 2195 4982 caeli
2223 4924 2350 4981 civis
2378 4931 2453 4981 est
2482 4926 2762 4983 luxuriam
2788 4927 3015 4994 deserat,
3066 4940 3176 4981 non
3214 4922 3420 4988 timore,
3467 4920 3558 4975 sed

1950 5105 2147 5174 nostri,
2183 5105 2422 5182 quiprae
2444 5122 2501 5162 se
2535 5106 2721 5182 ferunt
2749 5097 3030 5182 insidianti
3056 5098 3212 5182 bosti.
3244 5097 3429 5182 Germ.
3464 5107 3561 5156 ta-

1952 5193 2077 5234 men
2106 5184 2161 5233 et
2188 5173 2350 5235 Corb.
2383 5178 2567 5235 Germ.
2599 5177 2805 5233 habent
2831 5173 3111 5229 insidianti
3144 5173 3326 5227 morti.

2025 5250 2047 5285 δ
2074 5249 2289 5305 Placuit
2328 5248 2729 5306 recentioribus
2769 5243 3072 5301 editoribus
3116 5242 3315 5300 addere
3374 5260 3560 5315 grave,

1953 5336 2079 5393 cum
2099 5319 2158 5375 in
2182 5321 2309 5378 Mss.
2328 5329 2382 5375 et
2410 5318 2690 5393 prioribus
2710 5315 2946 5375 Excusis
2962 5315 3289 5389 simpliciter
3316 5316 3551 5388 legatur,

1953 5391 2106 5447 valde
2124 5406 2348 5460 namque
2375 5389 2632 5461 estquod.

2024 5482 2043 5514 ⁷
2084 5479 2268 5536 Germ.
2301 5486 2355 5534 et
2384 5479 2507 5536 Val.
2531 5477 2639 5547 Cl.,
2666 5494 2767 5550 per
2790 5479 2968 5534 oculos
2996 5478 3173 5550 illata.

2025 5553 2047 5586 ³
2085 5552 2268 5624 Germ.
2309 5558 2390 5624 Aet
2409 5551 2624 5619 Norm.,
2652 5548 2761 5606 non
2785 5550 2945 5620 debet,
2977 5549 3124 5624 quod
3154 5550 3319 5607 etiam
3350 5548 3557 5607 habent

1954 5623 2213 5681 nonnulli
2242 5622 2418 5679 Editi.

2026 5717 2723 5793 ?_G_egm.,_Gemet._,Utic.
2758 5717 3071 5793 ac_Pratel_.,
3112 5716 3545 5793 v_oltuttatissu_te.
3606 5790 3611 5793 _

2030 5790 2094 5862 1°,
2112 5790 2279 5846 Gilot.
2307 5789 2363 5862 in
2380 5789 2623 5862 margine
2650 5806 2750 5862 pro
2779 5790 3001 5862 diversa
3016 5788 3281 5862 lectione,
3299 5786 3550 5860 protulit,

1955 5861 2101 5935 quod
2131 5861 2295 5919 etiam
2326 5860 2530 5921 habent
2558 5860 2753 5936 aliqua:
2785 5870 2894 5920 vet.
2925 5860 3072 5918 Edit.
