4162 6184
323 202 423 262 193

1135 204 1505 267 MORALIUM
1544 209 1677 271 LIB.
1718 211 1871 270 XXI.
1913 241 1982 256 --
2018 215 2091 272 IN
2129 216 2357 275 CAPUT
2396 219 2583 277 XXXI
2620 223 2683 280 Β.
2722 223 2866 285 JOB.

3536 238 3636 294 194

319 328 485 400 culpa
512 327 573 382 in
605 326 937 399 cogitatione
965 344 1076 385 non
1096 333 1349 406 contigit,
1377 334 1472 391 sed
1492 337 1623 410 quia
1640 354 1925 413 nunquam
1954 348 2006 408 Α
2024 342 2527 418 .lerterinspiciant,
2544 354 2598 404 et
2611 347 2670 403 in
2682 349 3215 413 cunctisactionibus
3224 357 3381 414 suisa
3394 360 3634 418 Domino

320 417 476 473 hunc
522 434 593 472 ex
636 433 901 473 consensu
943 422 1239 492 superavit.
1284 424 1420 480 Nam
1462 427 1616 483 velut
1644 429 1928 502 integerri-

318 523 476 562 mam
511 506 906 579 possessionem
936 509 1035 564 Dei
1066 520 1305 568 mentem
1334 532 1489 571 suam
1518 527 1709 574 contra
1737 521 1927 577 adver-

318 596 456 652 sarii
492 595 953 667 depradationem
971 597 1236 669 vindicat,
1254 604 1347 675 qui
1370 605 1622 676 protinus
1642 608 1924 681 adjun‘git:

320 688 493 753 Quam
521 684 657 739 enim
699 692 911 758 partem
950 689 1163 744 haberet
1204 692 1344 747 Deus
1384 694 1440 749 in
1476 715 1554 751 me
1593 699 1835 770 desuper,
1882 707 1929 755 et

316 778 671 836 luereditatem
699 780 1037 851 Omnipotens
1065 782 1127 838 de
1154 787 1408 845 excelsis?
1438 789 1517 845 Ac
1545 789 1590 845 si
1620 799 1802 862 aperte
1831 792 1929 847 di—

316 878 435 926 cat:
481 869 658 926 Carne
708 871 935 943 quidem
967 876 1185 931 mortali
1215 880 1587 951 corruptionis
1613 881 1926 939 conditioni

315 957 594 1030 subjaceo,
639 956 735 1014 sed
778 961 991 1017 auctori
1021 963 1166 1020 unde
1207 966 1409 1034 servio,
1439 969 1486 1024 si
1515 969 1566 1025 ei
1596 969 1870 1044 integrum
1896 989 1928 1029 a

314 1064 588 1105 consensu
616 1048 794 1121 culpa
823 1050 1073 1108 animum
1101 1070 1214 1111 non
1242 1056 1477 1115 defendo
1495 1059 1523 1116 ‘l
1550 1060 1811 1135 Sequitur
1838 1079 1851 1121 :

658 1173 889 1232 CAPUT
916 1178 993 1236 IV
1028 1178 1168 1253 [Vet.
1227 1188 1274 1238 et
1303 1186 1422 1243 Rec.
1453 1183 1584 1260 IV].

386 1283 559 1340 Vnus.
591 1282 645 1339 3.
694 1315 765 1327 —-
805 1286 1083 1358 Numquid
1112 1305 1219 1346 non
1251 1293 1481 1363 perditio
1527 1300 1601 1351 est
1627 1295 1836 1368 iniquo,
1879 1303 1929 1353 et

311 1372 571 1430 alienatio
596 1377 940 1449 operantibus
962 1377 1297 1450 iniquitatem
1315 1384 1344 1439 ?

383 1480 441 1536 8.
470 1481 613 1537 Iusti
623 1499 720 1553 per
740 1499 994 1554 asperum
1006 1484 1107 1539 iter
1132 1488 1205 1542 ad
1222 1489 1415 1545 salutis
1428 1490 1691 1563 patriam,
1712 1493 1927 1566 reprobi

305 1583 411 1639 per
459 1587 664 1626 amana
689 1578 858 1642 prata
899 1573 970 1628 ad
1005 1573 1213 1645 foveam
1254 1578 1487 1635 tendunt.
1519 1611 1592 1623 —-
1639 1584 1655 1617 ί
1705 1580 1927 1637 Festina

314 1659 621 1717 consolatio
648 1661 922 1719 bonorum
952 1671 1037 1721 est
1064 1666 1444 1726 consideratus
1472 1670 1601 1727 ﬁnis
1629 1672 1919 1728 malorum.

315 1751 463 1806 Dum
481 1750 631 1806 enim
647 1767 718 1806 ex
740 1767 928 1809 eorum
944 1753 1173 1811 interitu
1189 1744 1394 1815 malum
1411 1760 1764 1833 conspiciunt
1776 1762 1924 1834 quod

320 1840 589 1909 evadunt,
619 1842 739 1898 leve
766 1842 1090 1902 existimant
1114 1847 1387 1921 quidquid
1401 1850 1623 1907 adversi
1640 1850 1700 1907 in
1720 1850 1824 1907 hac
1843 1850 1923 1906 vi-

314 1935 373 1984 ta
403 1929 715 2001 patiuntur.
744 1932 885 1988 Eant
911 1951 1040 2007 ergo
1068 1952 1218 1993 nunc
1246 1940 1484 2011 reprobi,
1514 1947 1569 1996 et
1595 1940 1927 1996 delectatio-

317 2034 466 2072 num
493 2035 711 2076 suarum
741 2020 1008 2081 desideria
1044 2028 1377 2100 compleant,
1409 2029 1467 2085 in
1492 2030 1621 2087 ﬁnis
1647 2029 1733 2087 sui
1759 2029 1926 2085 dam-

323 2110 553 2165 natione
602 2113 814 2169 sensuri
861 2123 991 2171 sunt
1033 2118 1163 2191 quia
1205 2127 1438 2176 mortem
1486 2120 1629 2176 male
1674 2120 1926 2176 viventes

317 2209 667 2258 amaverunt.
707 2202 1049 2261 Transitorio
1094 2214 1279 2264 autem
1333 2209 1561 2265 verbere
1614 2208 1929 2280 afﬂigantur

316 2289 503 2356 electi,
544 2297 606 2346 ut
630 2307 664 2346 a
689 2292 959 2363 pravitate
988 2294 1203 2367 ﬂagella
1230 2298 1510 2371 corrigant
1537 2315 1676 2371 quos
1702 2305 1929 2369 paterna

315 2377 493 2449 pietas
519 2378 589 2435 ad
618 2379 1000 2438 hareditatem
1029 2393 1230 2441 servat.
1260 2388 1420 2444 Nunc
1445 2387 1649 2443 etenim
1677 2386 1929 2460 ﬂagella-

318 2473 409 2522 tur
430 2465 642 2538 justus,
675 2478 731 2526 et
758 2470 984 2527 verbere
1022 2473 1331 2545 disciplina
1361 2476 1675 2547 corrigitur,
1704 2476 1835 2548 quia
1860 2475 1931 2532 ad

310 2563 539 2613 aterna
571 2558 912 2615 hareditatis
938 2563 1338 2633 patrimonium
1360 2574 1712 2637 praparatur.
1736 2567 1799 2621 In
1818 2566 1932 2623 suis

308 2654 510 2701 autem
541 2647 929 2719 voluptatibus
960 2652 1239 2708 relaxatur
1259 2653 1523 2725 injustus,
1543 2656 1670 2728 quia
1698 2663 1851 2711 tanto
1878 2656 1928 2711 ei

312 2734 650 2807 temporalia
676 2735 823 2792 bona
848 2748 1169 2810 suppetunt,
1200 2751 1406 2813 quanto
1435 2750 1635 2800 atema
1661 2744 1926 2817 denegan-

314 2832 428 2880 tur.
460 2820 711 2894 Injustus
742 2824 811 2880 ad
840 2825 1081 2882 debitam
1111 2838 1342 2887 mortem
1372 2848 1618 2899 currens,
1649 2834 1927 2893 effrenatis

320 2912 703 2984 voluptatibus
730 2914 926 2984 utitur,
951 2917 1082 2990 quia
1099 2927 1154 2975 et
1182 2919 1344 2977 vituli
1367 2921 1462 2995 qui
1490 2925 1769 2981 mactandi
1797 2932 1927 2982 sunt

319 3002 379 3057 iu
417 3002 604 3059 liberis
631 3003 883 3075 pastibus
910 3006 1323 3081 relinquuntur.
1370 3013 1447 3068 At
1472 3021 1664 3071 contra
1683 3014 1869 3088 justus
1894 3032 1928 3073 a

319 3090 702 3149 delectationis
734 3095 1067 3152 transitoria
1112 3099 1133 3132 ²
1168 3099 1518 3172 jucunditate
1555 3106 1925 3179 restringitur,

322 3182 454 3254 quia
480 3189 532 3237 et
560 3182 826 3239 nimirum
848 3184 1062 3243 vitulus
1088 3188 1158 3245 ad
1186 3190 1391 3248 laboris
1418 3210 1583 3250 usum
1610 3195 1737 3251 vita
1758 3195 1926 3268 depu-

326 3279 469 3327 tatus
494 3272 596 3328 sub
619 3272 753 3346 jugo
782 3275 1075 3335 retinetur.
1106 3279 1385 3352 Negantur
1404 3284 1589 3341 electis
1617 3285 1674 3340 in
1692 3285 1795 3343 hac
1810 3286 1928 3342 vita

320 3359 469 3416 bona
496 3368 731 3433 terrena,
755 3365 886 3437 quia
914 3374 969 3422 et
989 3369 1169 3440 agris,
1192 3371 1395 3443 quibus
1421 3390 1545 3446 spes
1574 3374 1800 3431 vivendi
1821 3381 1924 3445 est,

319 3466 666 3525 nequaquam
691 3470 723 3510 a
740 3455 956 3514 medico
976 3466 1175 3515 cuncta
1194 3476 1313 3534 qua
1333 3470 1599 3535 appetunt
1617 3464 1926 3534 concedun_

316 3550 429 3599 tur.
460 3544 678 3598 Dantur
704 3552 885 3602 autem
912 3549 1160 3621 reprobis
1178 3550 1324 3608 bona
1347 3569 1469 3626 qua
1488 3554 1549 3611 in
1574 3554 1678 3612 hac
1697 3555 1815 3611 vita
1834 3571 1926 3628 ap.

315 3638 543 3702 petunt,
578 3635 709 3705 quia
735 3644 788 3691 et
815 3638 1113 3712 desperatis
1144 3643 1303 3715 agris
1330 3661 1493 3701 omne
1523 3646 1671 3719 quod
1700 3645 1926 3703 deside—

315 3728 453 3777 rant
497 3738 611 3777 non
648 3733 891 3796 negatur.
921 3729 1277 3804 Perpendant
1294 3733 1469 3805 igitur
1489 3734 1627 3806 justi
1656 3752 1777 3808 qua
1813 3736 1927 3793 sint

313 3811 489 3880 mala,
522 3828 643 3884 qua
676 3815 697 3849 ³
743 3816 961 3891 iniquos
1001 3828 1249 3890 manent,
1278 3829 1333 3877 et
1361 3838 1705 3896 nequaquam
1734 3841 1924 3881 eorum

315 3900 575 3958 felicitati
627 3902 915 3964 invideant
957 3926 1078 3983 qua
1112 3911 1403 3984 percurrit.
1454 3912 1599 3981 Quid
1644 3920 1729 3971 est
1774 3914 1924 3970 enim

318 3990 469 4077 quod
483 3990 552 4048 de
568 4008 760 4051 eorum
776 3998 992 4068 gaudiis
1019 4000 1383 4071 admirentur,
1400 4002 1620 4077 quando
1634 4011 1688 4060 et
1706 4003 1812 4076 ipsi
1828 4020 1924 4076 per

319 4076 425 4134 iter
454 4086 603 4145 682
622 4098 880 4156 asperum
899 4086 970 4143 ad
989 4089 1181 4146 salutis
1196 4076 1453 4164 patriam,
1474 4100 1530 4149 et
1555 4092 1811 4166 illi‘quasi
1827 4108 1924 4166 per

317 4198 534 4239 amana
576 4190 733 4255 prata
777 4185 849 4241 ad
888 4186 1106 4245 foveam
1146 4191 1423 4249 tendunt?
1461 4192 1621 4250 Dicat
1665 4210 1793 4267 ergo
1834 4194 1922 4250 vir

316 4279 575 4329 sanctus:
608 4273 868 4345 Nunquid
892 4292 1000 4331 non
1022 4277 1250 4348 perditio
1279 4285 1354 4335 est
1371 4279 1574 4351 iniquo,
1603 4287 1652 4337 et
1669 4282 1922 4339 alienatio

317 4361 657 4432 operantibus
685 4361 1014 4435 iniquitatem
1031 4366 1059 4423 ?
1095 4366 1255 4435 Quod
1284 4367 1544 4426 videlicet
1571 4368 1924 4427 alienationis

316 4448 556 4505 verbum
573 4450 763 4511 durius
778 4464 1017 4527 sonaret,
1038 4457 1085 4512 si
1104 4456 1212 4516 hoc
1229 4457 1498 4531 interpres
1511 4459 1571 4515 in
1590 4476 1702 4516 sua
1720 4459 1923 4534 lingua

320 4554 457 4594 voce
486 4541 769 4602 tenuisset.
812 4545 981 4623 Quod,
1010 4548 1158 4603 enim
1199 4550 1346 4622 apud
1374 4566 1476 4607 nos
1504 4551 1785 4621 alienatio,
1815 4550 1923 4611 hoc

318 4628 467 4700 apud
497 4629 755 4690 Hebraeos
782 4636 1075 4693 anathema
1093 4636 1319 4693 dicitur.
1343 4638 1498 4695 Tunc
1515 4655 1643 4712 ergo
1661 4641 1920 4698 alienatio

319 4717 432 4774 erit
452 4721 721 4793 reprobis,
751 4741 883 4783 cum
907 4727 975 4783 ab
1016 4727 1338 4784 haereditate
1366 4728 1605 4786 districti
1627 4730 1835 4802 judicis
1862 4747 1920 4788 se

317 4807 612 4867 anathema
648 4829 767 4871 esse
813 4817 1184 4890 conspiciunt,
1215 4818 1344 4891 quia
1372 4817 1465 4876 hic
1493 4835 1618 4877 eum
1647 4821 1919 4892 perversis

318 4899 569 4958 moribus
582 4912 1050 4979 contempserunt.
1073 4909 1329 4967 Floreant
1343 4908 1512 4984 igitur
1530 4910 1732 4985 iniqui,
1743 4911 1917 4969 aﬂore

319 4995 536 5050 atema
563 4992 905 5055 hareditatis
931 4998 1097 5057 alieni
1116 5018 1131 5069 ;
1152 4998 1292 5073 justi
1312 5015 1443 5059 vero
1471 5002 1793 5077 semetipsos
1832 5019 1916 5062 so-

396 5190 413 5227 ¹
443 5193 589 5277 ῌὶῐιο
615 5198 949 5277 amovimus,
982 5202 1029 5258 0
1052 5207 1261 5277 quanta,
1292 5203 1835 5277 consolatiotegrotis,
1869 5211 1919 5262 et

315 5272 549 5348 (tuatim
569 5285 770 5327 maror
790 5271 917 5344 (at.,
934 5271 1128 5348 metus)
1145 5276 1309 5344 sanis,
1326 5291 1446 5348 qua
1465 5276 1522 5348 in
1536 5271 1670 5348 Mss:
1701 5271 1916 5334 nonin-

316 5336 643 5419 :eniuntur,
691 5351 746 5419 et
784 5336 862 5399 ex
899 5336 1142 5419 margine
1187 5336 1377 5419 procul
1414 5346 1583 5404 dubio
1614 5348 1675 5405 in
1701 5356 1914 5406 textum

694 5406 1068 5492 irrepserunt.
1088 5406 1238 5492 _Sarie
1264 5420 1560 5492 explicatio
1602 5428 1787 5479 textus
1814 5421 1916 5478 Job

315 5478 558 5571 ξιξ-ἱξωέ
593 5486 778 5571 verbis
804 5478 1038 5571 incipit:
1070 5478 1595 5571 festina‘cdnsolatio,
1624 5478 1755 5564 etc.,
1795 5509 1915 5567 quae

314 5564 431 5631 non
450 5554 741 5631 cobarent
761 5575 889 5618 cum
920 5554 1026 5617 iis:
1060 5554 1091 5616 ὸ
1118 5566 1338 5631 quanta,
1369 5570 1473 5620 etc.
1505 5554 1660 5624 Hanc
1685 5554 1917 5623 senten-

315 5626 477 5715 ga‘m‘
489 5626 702 5715 aliquis
727 5630 788 5688 in
832 5632 1079 5715 margine
1106 5626 1497 5715 annotaverat,
1537 5652 1700 5715 quam
1728 5645 1917 5713 postea

314 5693 792 5764 Editores'minus
816 5693 984 5766 cauti
1006 5703 1185 5766 textui
1213 5693 1655 5768 inseruerunif

1948 1711 1999 1777 B

2037 452 2094 492 se
2122 436 2300 494 videri
2328 439 2735 510 pertimescant.
2767 441 2920 497 Unde
2941 451 2995 499 et
3021 453 3145 516 apte
3179 464 3309 505 mox
3333 450 3591 508 subditur
3620 471 3632 508 :

2667 566 2896 625 CAPUT
2951 571 3023 628 V.

2108 671 2277 729 Vnus.
2298 672 2350 728 4.
2373 704 2439 715 -—
2453 674 2637 732 Nonne
2658 677 2766 748 ipse
2779 678 3075 733 considerat
3095 679 3210 734 vias
3234 698 3395 751 meas,
3417 690 3465 739 et
3490 702 3638 742 cunc-

2038 768 2116 817 tos
2150 780 2358 834 gressus
2385 782 2521 819 meos
2551 766 2896 825 dinumerat?

2105 872 2159 928 9.
2192 874 2559 932 Minutissimaz
2578 876 2933 949 cogitationes,
2963 879 3328 937 ettenuissima
3352 882 3510 939 verba
3523 898 3640 953 qua:

2030 962 2193 1032 parvi
2218 965 2517 1035 pendimus,
2562 966 2616 1021 in
2634 964 2843 1036 judicio
2880 969 2980 1025 Dei
3004 987 3111 1025 non
3144 971 3636 1043 pratermittentur.

2034 1052 2144 1107 Per
2167 1054 2369 1123 gradus
2396 1056 2582 1125 culpa,
2612 1055 2795 1110 crescit
2812 1057 2944 1112 ordo
2972 1060 3234 1116 sententia:
3260 1061 3640 1117 condemnato-

2033 1140 2151 1196 νέω.
2183 1171 2254 1182 -
2273 1141 2419 1209 Quid
2438 1142 2655 1200 viarum
2676 1144 2900 1202 nomine
2915 1146 3022 1203 nisi
3042 1148 3286 1208 actiones
3304 1147 3641 1208 denuntiat?

2035 1231 2178 1288 Hinc
2217 1232 2366 1288 enim
2412 1249 2510 1305 per
2536 1234 2826 1291 Jeremiam
2858 1235 3094 1299 dicitur:
3134 1239 3315 1296 Bonas
3341 1239 3501 1310 facite
3525 1242 3641 1297 vias

2034 1330 2233 1379 vestras
2280 1329 2327 1379 et
2367 1325 2544 1382 studia
2587 1333 2761 1383 vestra
2799 1327 3013 1399 (Jerem.
3056 1346 3159 1400 vn,
3196 1330 3277 1403 3).
3318 1330 3466 1398 Quid
3508 1347 3640 1388 vero

2035 1429 2318 1485 gressuum
2349 1413 2738 1486 appellatione,
2761 1415 2870 1471 nisi
2900 1419 2988 1474 vel
3017 1426 3201 1475 motus
3221 1419 3515 1491 mentium,
3547 1422 3637 1478 vel

2033 1503 2311 1575 profectus
2356 1504 2661 1575 accipimus
2710 1507 3087 1565 meritorum?
3131 1509 3345 1577 Quibus
3392 1510 3641 1584 profecto

2034 1593 2307 1664 gressibus
2343 1593 2412 1649 ad
2441 1596 2789 1669 semetipsum
2815 1616 2914 1655 nos
2943 1596 3162 1657 Veritas
3192 1608 3375 1671 vocat,
3406 1600 3598 1659 dicens
3622 1620 3633 1659 :

2041 1682 2215 1741 Venite
2254 1684 2326 1738 ad
2353 1701 2452 1753 me,
2496 1703 2671 1741 omnes
2714 1688 2807 1758 qui
2857 1689 3132 1756 laboratis,
3181 1697 3229 1747 et
3270 1691 3479 1747 onerati
3520 1691 3641 1747 estis

2033 1771 2253 1842 (Matth.
2300 1789 2380 1840 x1,
2419 1773 2536 1845 28).
2569 1774 2656 1829 Ad
2697 1792 2753 1831 se
2781 1777 2983 1850 quippe
3012 1779 3200 1836 venire
3240 1795 3341 1836 nos
3370 1781 3641 1838 Dominus

2035 1859 2305 1932 pracipit,
2335 1860 2603 1917 nimirum
2634 1879 2744 1919 non
2775 1866 3049 1937 gressibus
3076 1870 3342 1940 corporis,
3377 1869 3473 1926 sed
3501 1887 3640 1942 pro-

2036 1950 2270 2007 fectibus
2289 1952 2489 2009 cordis.
2515 1954 2634 2025 Ipse
2655 1971 2892 2029 namque
2921 1957 2997 2013 ait
3022 1976 3033 2014 :
3076 1960 3252 2016 Veniet
3278 1961 3411 2015 hora
3427 1962 3640 2032 quando

2034 2057 2198 2111 neque
2226 2042 2283 2095 in
2309 2049 2480 2098 monte
2524 2044 2638 2111 hoc,
2667 2062 2830 2118 neque
2858 2047 2913 2101 in
2956 2047 3298 2121 Jerosotymis
3342 2051 3640 2107 adorabitis

2036 2130 2251 2185 Patrem
2279 2131 2466 2201 (Joan.
2500 2150 2579 2202 Iv,
2610 2133 2726 2208 21).
2758 2136 2830 2191 Et
2857 2137 3020 2209 paulo
3050 2145 3205 2209 post:
3248 2139 3367 2199 Veri
3392 2141 3640 2197 adorato-

2036 2234 2121 2273 res
2148 2219 2450 2275 adorabunt
2466 2222 2681 2277 Patrem
2696 2222 2754 2277 in
2770 2224 2963 2296 spiritu
2982 2232 3029 2282 et
3056 2226 3295 2294 veritate,
3317 2244 3442 2284 nam
3470 2234 3518 2284 et
3536 2231 3641 2286 Pa-

2039 2322 2117 2371 ter
2141 2318 2270 2372 tales
2298 2318 2491 2389 quaerit
2507 2320 2600 2390 qui
2622 2320 2845 2377 adorent
2870 2340 2987 2379 eum
3012 2324 3209 2395 (Ibid,
3237 2323 3353 2396 23).
3384 2325 3447 2383 In
3477 2324 3641 2381 corde

2036 2421 2164 2478 ergo
2193 2422 2309 2463 esse
2355 2424 2567 2479 gressus
2602 2409 2867 2479 insinuat,
2897 2412 3117 2484 quando
3154 2419 3208 2469 et
3249 2420 3311 2468 ut
3353 2414 3641 2472 veniamus

2037 2504 2197 2553 vocat
2225 2503 2279 2552 et
2305 2502 2489 2552 tamen
2506 2504 2661 2555 motu
2679 2501 2924 2573 corporis
2944 2516 3289 2575 nequaquam
3312 2519 3414 2560 nos
3441 2503 3511 2560 ad
3533 2504 3641 2560 alia

2038 2587 2267 2642 transire
2320 2585 2630 2645 denuntiat.
2679 2588 2817 2662 [Vet.
2871 2588 2956 2664 Κ]
3007 2591 3099 2648 Sic
3140 2598 3323 2648 autem
3368 2593 3681 2650 Dominus

2035 2675 2469 2751 uniuscujusque
2489 2677 2799 2736 considerat
2810 2679 2948 2752 vias,
2971 2681 3051 2738 sic
3065 2680 3381 2739 dinumerat
3401 2698 3639 2755 gressus,

2034 2773 2099 2822 ut
2130 2782 2199 2822 ne
2228 2766 2615 2825 minutissima
2639 2769 2863 2844 quidem
2893 2771 3251 2844 cogitationes
3279 2770 3398 2844 ejus
3420 2772 3639 2846 judicio

2034 2871 2099 2912 ac
2128 2855 2295 2912 verba
2330 2858 2675 2929 tenuissima,
2725 2877 2844 2933 qua
2882 2860 3027 2933 apud
3057 2877 3158 2917 nos
3197 2876 3303 2916 usu
3332 2858 3639 2931 viluerunt,

2028 2944 2343 3002 indiscussa
2370 2956 2708 3005 remaneant.
2733 2950 2875 3006 Hinc
2894 2950 3040 3005 enim
3063 2949 3234 3006 dicit:
3263 2948 3367 3017 Qui
3383 2948 3641 3005 irascitur

2034 3032 2204 3104 fratri
2244 3051 2359 3101 suo,
2389 3052 2512 3091 reus
2541 3038 2641 3092 erit
2659 3037 2888 3106 judicio.
2924 3038 3027 3104 Qui
3054 3038 3255 3092 dixerit
3293 3036 3466 3108 fratri
3503 3054 3597 3093 suo
3621 3055 3638 3093 .·
3682 3062 3693 3071 ·

2034 3121 2236 3191 Racha,
2265 3140 2388 3179 reus
2414 3125 2518 3180 erit
2543 3125 2781 3182 concilio.
2817 3126 2919 3194 Qui
2937 3125 3135 3182 dixerit
3156 3142 3174 3181 :
3193 3126 3381 3194 Fatue,
3410 3143 3533 3183 reus
3559 3145 3638 3200 ge-

2034 3211 2215 3269 henna:
2239 3213 2378 3285 ignis
2404 3216 2624 3287 (Matth.
2652 3232 2710 3286 v,
2742 3216 2859 3289 22).
2887 3215 3072 3275 Bacha
3089 3216 3292 3290 quippe
3320 3216 3380 3273 in
3410 3216 3640 3274 Hebrao

2035 3302 2255 3376 eloquio
2284 3306 2306 3345 ⁴
2329 3322 2441 3362 vox
2470 3305 2873 3379 interjectionis
2889 3314 2990 3378 est,
3008 3323 3128 3382 qua
3146 3305 3368 3380 quidem
3384 3307 3636 3365 animum

2034 3392 2321 3453 irascentis
2349 3397 2614 3468 ostendit,
2644 3415 2747 3457 nec
2774 3406 2959 3455 tamen
3000 3399 3226 3472 plenum
3256 3397 3488 3454 verbum
3517 3397 3639 3454 ira-

2034 3484 2251 3542 cundia
2280 3487 2563 3560 exprimit.
2595 3489 2756 3546 Prius
2799 3505 2927 3562 ergo
2955 3489 3038 3545 ira
3066 3486 3637 3560 reprehendituruine

2034 3588 2191 3645 voce,
2220 3576 2572 3648 postmodum
2614 3593 2747 3633 vero
2793 3578 2876 3633 ira
2918 3593 3045 3635 cum
3092 3593 3247 3647 voce,
3276 3577 3372 3634 sed
3400 3576 3632 3635 necdum

2033 3664 2196 3736 pleno
2224 3665 2394 3722 verbo
2423 3666 2689 3735 formata;
2722 3666 2793 3722 ad
2818 3675 3131 3724 extremum
3152 3683 3369 3741 quoque
3398 3685 3525 3725 cum
3557 3668 3636 3724 di-

2032 3752 2213 3810 citur:
2247 3755 2416 3809 Fatue
2445 3754 2527 3810 ira
2556 3755 2924 3826 redarguitur,
2955 3772 3076 3828 qua
3104 3772 3231 3811 cum
3270 3771 3496 3812 excessu
3524 3772 3637 3812 vo-

2032 3841 2113 3897 cis
2140 3842 2395 3913 expletur
2440 3843 2605 3898 etiam
2639 3842 2975 3914 perfectione
3001 3842 3291 3899 sermonis.
3323 3844 3397 3898 Et
3424 3850 3637 3897 notan-

2032 3927 2165 3985 dum
2196 3929 2343 4001 quod
2372 3928 2431 3984 in
2452 3928 2535 3985 ira
2561 3929 2813 4002 perbibet
2832 3946 2987 3986 reum
3013 3944 3128 3986 esse
3140 3928 3388 4001 judicio;
3413 3928 3473 3984 in
3502 3945 3637 3987 voce

2031 4017 2149 4087 ira,
2180 4018 2328 4091 quod
2356 4025 2437 4075 est
2465 4018 2651 4088 racha,
2682 4035 2839 4076 reum
2878 4018 3149 4087 concilio;
3183 4017 3242 4074 in
3271 4015 3442 4074 verbo
3483 4017 3637 4076 vocis

2031 4106 2180 4180 quod
2206 4115 2289 4164 est
2316 4106 2488 4177 fatue,
2516 4104 2673 4166 reum
2695 4108 2958 4182 gehenna
2978 4107 3143 4182 ignis.
3166 4106 3270 4163 Per
3294 4106 3498 4181 gradus
3523 4114 3634 4165 ete-

2029 4195 2148 4253 nim
2176 4198 2352 4271 culpa
2382 4198 2557 4255 crevit
2584 4197 2719 4256 ordo
2748 4199 3055 4267 sententia,
3078 4202 3209 4271 quia
3226 4198 3287 4254 in
3308 4197 3525 4271 judicio
3543 4197 3636 4256 ad-

2030 4284 2143 4344 huc
2167 4303 2330 4344 causa
2373 4287 2690 4358 discutitur,
2737 4288 2797 4345 in
2825 4289 3063 4348 concilio
3092 4296 3277 4346 autem
3310 4286 3427 4361 jam
3455 4305 3633 4347 causa

2030 4376 2305 4433 sententia
2334 4376 2620 4447 deﬁnitur,
2650 4379 2709 4433 in
2741 4379 2990 4450 gehenna
3015 4394 3148 4435 vero
3174 4378 3321 4450 ignis
3338 4394 3404 4435 ea
3421 4394 3544 4453 qua
3564 4377 3634 4435 de

2030 4464 2270 4522 concilio
2285 4466 2566 4538 egreditur
2585 4467 2856 4524 sententia
2882 4468 3154 4540 expletur.
3182 4466 3325 4535 Quia
3345 4466 3518 4540 igitur
3531 4465 3637 4524 hu-

2031 4572 2322 4613 manorum
2356 4565 2579 4615 actuum
2608 4559 2880 4615 Dominus
2905 4558 3097 4615 subtili
3126 4558 3381 4615 examine
3421 4574 3637 4633 gressus
3741 4601 3745 4605 ν

2028 4657 2335 4720 enumerat,
2355 4649 2439 4711 ira
2455 4650 2575 4707 sine
2594 4666 2750 4720 voce,
2766 4649 3000 4723 judicio;
3019 4650 3102 4707 ira
3115 4650 3175 4707 in
3196 4667 3353 4721 voce,
3369 4649 3633 4718 concilio;

2027 4737 2110 4795 ira
2144 4755 2276 4796 vero
2314 4740 2374 4796 in
2416 4756 2552 4798 voce
2590 4747 2754 4815 atque
2795 4756 3068 4811 sermone,
3110 4740 3372 4812 gehenna
3411 4737 3635 4812 ignibus

2026 4829 2391 4903 mancipatur.
2437 4831 2592 4889 Hanc
2618 4830 2982 4888 subtilitatem
3018 4827 3480 4888 considerationis
3514 4822 3634 4895 ejus

2024 4918 2291 4992 propheta
2317 4928 2624 4994 aspexerat,
2642 4937 2769 4979 cum
2787 4920 3042 4979 dicebat:
3074 4918 3409 4984 Fortissime,
3423 4928 3631 4985 magne,

2024 5009 2046 5044 ⁵
2085 5015 2270 5082 Potens
2312 5009 2571 5067 Dominus
2610 5009 2936 5069 exercituum
2962 5027 2985 5077 ,°
3027 5022 3216 5065 nomen
3252 5005 3368 5073 tibi,
3408 5018 3634 5077 magnus

2096 5208 2117 5243 ²
2146 5208 2340 5283 Antiq.
2386 5209 2595 5267 Excusi
2636 5216 2758 5282 post
2784 5209 2914 5266 Mss.
2926 5207 3259 5335 dplerosque,
3280 5204 3628 5276 jocunditate.

2097 5281 2119 5314 ³
2148 5280 2360 5349 Germ.,
2391 5280 2784 5349 Corb.Germ.,
2807 5280 2925 5336 Lau
2970 5320 3008 5348 .,
3039 5276 3165 5337 Val.
3196 5275 3307 5350 CL,
3336 5277 3544 5337 Turon.
3575 5285 3629 5334 et

2322 5324 2360 5349 ι,
2392 5320 2554 5339 υυιυο
2574 5320 2784 5349 υνιιιςισ,
2807 5320 3008 5348 “nunc,
3059 5320 3073 5337 ν
3091 5320 3165 5334 uno
3199 5320 3307 5349 una,
3343 5320 3544 5337 Qua-vn.

2022 5350 2239 5433 Normz,
2276 5352 2491 5433 iniquis-
2502 5358 2832 5433 pmnanent.

2096 5424 2118 5458 ⁴
2131 5421 2264 5496 _Ed.,
2279 5421 2384 5477 vox
2397 5421 2744 5496 indignantis.
2763 5425 2840 5496 In
2855 5423 3126 5496 omnibus
3144 5421 3625 5496 Anglic.,_Norm.,

2023 5492 2186 5568 _Corb.
2219 5494 2429 5563 Germ.,
2452 5492 2699 5568 Turon.,
2724 5495 2987 5568 Vindoc.,
3020 5492 3461 5566 Germ.,‘Laudu
3492 5501 3624 5564 etc.,

2022 5564 2841 5673 “’i"£“’:."%€.itfff‘i€‘ifi°.ff‘;z

2144 5636 2594 5717 Deest__Dom_inus
2620 5638 2681 5717 in
2708 5647 2913 5717 recent.
2944 5640 3149 5717 Editis,
3178 5641 3284 5704 etsi
3320 5641 3382 5705 in
3407 5639 3539 5706 Mss.
3570 5643 3626 5696 et

2023 5708 2430 5785 antiquioribus
2452 5711 2692 5777 Excusis
2715 5711 3002 5778 habeatur.
