4162 6184
543 230 647 288 195

1746 215 1996 305 SANCTI
2033 248 2372 312 GREGORII
2409 253 2636 316 MAGNI

3741 285 3842 342 196

541 355 779 468 Ζοζιεὲιέο,
807 356 1340 468 ineomprehmsibilis
1363 365 1611 468 cpgitatu,
1632 371 1784 468 cujus
1809 375 1950 432 oculi
1963 379 2134 450 aperti
2169 383 2221 441 A
2252 381 2274 416 ι
2303 381 2453 440 Scire
2479 385 2626 445 Deus
2651 386 2860 450 dicitur
2885 393 3025 452 scire
3057 411 3158 454 nos
3185 398 3382 468 facere,
3413 405 3617 465 usitato
3645 419 3841 468 nostra

541 451 687 511 683
714 452 840 504 sunt
861 463 1021 520 super
1042 467 1216 508 omnes
1233 455 1350 510 vias
1371 455 1613 527 ﬁliorum
1638 459 1834 532 Adam,
1865 471 1924 521 ut
1943 470 2136 527 reddas

543 547 820 621 unicuique
855 554 1134 610 secundum
1163 555 1276 612 vias
1303 575 1449 628 suas,
1491 567 1539 616 et
1581 565 1864 621 secundum
1899 567 2137 637 fructum

546 649 560 682 ¹
591 646 1019 704 adinventionum
1048 647 1163 718 ejus
1189 647 1412 718 (Jerem.
1446 665 1632 722 xxxn,
1666 653 1778 728 18).

610 735 695 792 10.
728 735 898 791 Nulla
926 735 1038 792 sine
1062 738 1294 794 mercede
1311 739 1469 807 bona,
1489 743 1644 798 nulla
1663 745 1808 800 mala
1839 745 1948 802 sine
1954 763 2131 818 pana.

534 853 604 868 -—
646 825 737 882 Sic
764 824 981 882 easdem
1024 826 1143 883 vias
1183 828 1456 888 Dominus
1496 831 1688 888 subtili
1727 836 2135 895 examinatione

535 913 864 984 considerat,
898 922 960 970 ut
1006 915 1061 971 in
1112 933 1444 992 unoquoque
1490 929 1739 978 nostrum
1787 941 1889 981 nec
1924 941 1988 982 ea
2015 942 2134 1000 qua

535 1015 847 1063 remaneret
873 1006 1020 1064 bona
1063 1016 1366 1080 pratereat,
1395 1027 1499 1068 nec
1525 1013 1688 1083 mala,
1729 1031 1850 1088 qua
1878 1016 2137 1075 videlicet

535 1097 852 1170 displicent,
882 1096 1002 1152 sine
1042 1096 1418 1170 increpatione
1453 1099 1819 1176 derelinquat.
1868 1104 2010 1164 Hinc
2055 1115 2136 1165 est

535 1187 684 1244 enim
714 1185 865 1260 quod
891 1185 1147 1259 angelum
1175 1186 1435 1246 Ecclesia
1463 1189 1714 1265 Pergami
1743 1201 1797 1250 et
1823 1193 1884 1252 in
1911 1195 2134 1268 quibus-

534 1275 661 1333 dam
693 1274 902 1345 laudat,
929 1283 984 1332 et
1011 1275 1071 1332 in
1101 1275 1430 1350 quibusdam
1459 1280 1736 1355 redarguit
1764 1281 1990 1342 dicens:
2018 1286 2136 1342 Scio

531 1365 624 1422 ubi
650 1364 880 1432 habitas,
901 1365 992 1422 ubi
1011 1366 1154 1423 sedes
1167 1373 1241 1424 est
1258 1375 1481 1436 satana,
1503 1376 1554 1426 et
1578 1377 1712 1429 tenes
1737 1391 1924 1432 nomen
1941 1391 2133 1446 meum,

531 1462 579 1514 et
603 1472 712 1513 non
730 1456 931 1530 negasti
958 1457 1114 1530 ﬁdem
1129 1475 1298 1519 meam
1329 1459 1518 1534 (Apoc.
1547 1479 1611 1532 Π,
1635 1463 1720 1533 13,
1746 1465 1834 1539 14)
1846 1509 1860 1523 .
1880 1466 1953 1524 Et
1972 1467 2135 1540 paulo

531 1553 691 1620 post:
726 1547 829 1606 Sed
871 1547 1031 1604 habeo
1064 1549 1350 1606 adversum
1379 1556 1424 1606 te
1443 1567 1642 1622 pauca,
1679 1553 1809 1624 quia
1843 1555 1998 1612 habes
2023 1555 2136 1614 illic

533 1641 754 1692 tenentes
798 1637 1094 1693 doctrinam
1134 1637 1386 1694 Balaam.
1431 1639 1575 1696 Hinc
1603 1639 1626 1676 ³
1653 1641 1847 1714 angelo
1875 1643 2135 1704 Ecclesia

528 1725 808 1800 Thyatira
822 1726 1029 1785 dicitur
1051 1745 1063 1784 :
1087 1727 1228 1786 Novi
1239 1745 1400 1803 opera
1414 1733 1526 1799 tua,
1549 1736 1598 1787 et
1623 1731 1934 1790 alacritatem
1962 1741 2126 1808 tuam,

527 1823 575 1875 et
599 1817 779 1891 ﬁdem,
809 1822 860 1874 et
881 1815 1254 1886 ministerium,
1283 1824 1332 1876 et
1354 1819 1670 1893 patientiam
1700 1828 1866 1892 tuam,
1895 1829 1943 1881 et
1968 1842 2131 1900 opera

528 1912 623 1966 tua
643 1908 936 1967 novissima
953 1910 1122 1984 plura
1145 1909 1424 1984 prioribus
1442 1929 1466 1980 ;
1485 1912 1574 1971 sed
1599 1913 1760 1972 habeo
1787 1915 2068 1974 adversum
2086 1924 2131 1974 te

527 1999 550 2035 ³
571 2015 772 2072 pauca,
792 1999 922 2072 quia
947 1999 1210 2072 permittis
1230 2001 1508 2060 mulierem
1531 2003 1764 2072 Iezabel,
1789 2021 1907 2078 qua;
1933 2023 1985 2064 se
2003 2007 2131 2066 dicit

520 2089 830 2164 propheten,
861 2089 1042 2148 docere
1069 2097 1118 2148 et
1142 2090 1381 2148 seducere
1399 2109 1578 2150 servos
1599 2110 1760 2164 meos,
1781 2101 1830 2152 et
1840 2095 2126 2170 fornicari,

525 2186 574 2236 et
622 2180 950 2238 manducare
988 2180 1338 2255 idolothytum
1380 2181 1576 2254 (Ibid.,
1625 2183 1738 2257 19).
1787 2185 1928 2243 Ecce
1983 2186 2129 2246 bona

525 2273 814 2340 memorat,
844 2284 948 2326 nec
977 2276 1164 2327 tamen
1191 2269 1486 2328 resecanda
1506 2270 1651 2328 mala
1668 2271 1786 2329 sine
1804 2273 2130 2346 poenitentia

525 2361 756 2430 relaxat,
787 2360 918 2436 quia
947 2360 1160 2420 scilicet
1187 2361 1269 2420 sic
1296 2361 1640 2436 singulorum
1657 2364 1776 2422 vias
1795 2366 2127 2442 considerat,

523 2452 606 2511 sic
649 2469 866 2527 gressus
901 2470 1230 2513 enumerans
1273 2461 1485 2528 pensat,
1534 2461 1598 2512 ut
1637 2455 1830 2513 subtili
1875 2460 2130 2519 examine

524 2543 828 2620 perpendat
856 2546 944 2602 vel
971 2552 1241 2618 quantum
1270 2545 1501 2619 quisque
1547 2545 1618 2603 ad
1663 2543 1810 2604 bona
1855 2548 2128 2623 proﬁciat,

523 2633 612 2689 vel
641 2640 912 2707 quantum
941 2632 1012 2689 ad
1037 2635 1182 2691 mala
1209 2633 1437 2690 devians
1465 2633 1580 2692 suis
1623 2633 1959 2708 profectibus
1985 2657 2130 2698 con-

523 2721 776 2780 tradicat.
800 2723 1208 2780 Incrementum
1222 2721 1424 2798 quippe
1439 2723 1786 2796 meritorum,
1804 2726 1948 2802 quod
1969 2727 2127 2788 bona

524 2812 653 2870 vita
682 2811 883 2870 studiis
909 2821 1161 2886 augetur,
1193 2815 1514 2890 plerumque
1533 2814 1666 2873 mali
1685 2814 2020 2878 admistione
2046 2839 2126 2879 re-

522 2900 793 2972 trahitur;
827 2911 881 2960 et
893 2902 1102 2961 bonum
1125 2903 1274 2978 quod
1299 2903 1518 2962 animus
1539 2906 1818 2980 operando
1833 2910 2126 2981 construit,

521 2993 629 3051 hoc
675 2991 784 3050 alia
829 2991 1194 3066 perpetrando
1243 2993 1528 3068 pervertit.
1580 2995 1734 3055 Unde
1784 2999 1960 3057 sancti
2017 2999 2124 3056 viri

2243 475 2544 576 locutionis
2590 479 2777 552 modo,
2823 483 2918 557 qui
2955 485 3141 544 latum
3170 488 3316 548 diem
3346 491 3609 566 dicimus,
3637 515 3708 558 ex
3735 518 3844 576 quo

2244 565 2519 657 contingit
2549 577 2611 625 ut
2639 569 2908 630 laetemur.
2942 574 3086 634 Hinc
3112 585 3194 634 est
3219 579 3547 657 enim.quod
3575 565 3646 646 ad
3673 565 3846 648 Abra-

2244 646 2371 711 ham
2400 657 2672 718 Dominus
2700 661 2873 720 dicit:
2906 664 3059 722 Nunc
3085 672 3302 742 Cognovi
3320 646 3462 744 quod
3479 675 3658 736 timeas
3675 646 3847 738 Dat.

2248 745 2404 820 (Gen.
2437 763 2582 819 xxn,
2611 749 2718 844 12).
2752 752 2936 826 Neque
2961 755 3110 813 enim
3131 767 3342 817 creator
3356 771 3666 838 temporum
3687 770 3848 844 quid-

2243 855 2409 913 quam
2437 839 2698 912 cognovit
2725 857 2796 898 ex
2823 849 3100 918 tempore;
3141 848 3237 904 sed
3265 867 3590 925 cognoscere
3618 839 3738 930 ejus
3764 868 3848 917 est

2243 946 2312 986 ex
2354 931 2648 1005 cujuslibet
2689 951 2865 992 causa
2906 937 3232 1010 emergentis
3272 941 3506 1002 articulo
3542 947 3703 1005 nobis
3741 968 3846 1008 co-

2245 1021 2548 1093 gnitionem
2580 1025 2838 1097 praberc.
2871 1026 3006 1094 Quis
3049 1045 3180 1085 vero
3221 1039 3435 1089 statera
3481 1037 3706 1096 nomine
3737 1043 3841 1098 nisi

2242 1109 2510 1205 Mediator
2538 1113 2638 1205 Dei
2666 1121 2720 1170 et
2748 1115 3040 1172 hominum
3070 1117 3432 1193 designatur?
3459 1125 3521 1182 In
3552 1145 3662 1202 quo
3689 1147 3845 1205 aqua

2243 1200 2399 1260 lance
2427 1203 2616 1260 omnia
2659 1205 2857 1262 merita
2898 1214 3087 1266 nostra
3126 1219 3447 1285 pensantur,
3495 1223 3550 1272 et
3568 1200 3648 1274 in
3687 1200 3846 1294 cujus

2243 1294 2532 1366 praceptis
2556 1295 2903 1368 agnoscimus
2929 1297 3064 1372 quid
3092 1298 3151 1356 in
3179 1309 3368 1360 nostra
3395 1304 3511 1363 vita
3538 1307 3724 1368 minus
3750 1309 3845 1369 ha-

2241 1379 2492 1474 beamus.
2637 1383 2742 1444 hac
2768 1395 2950 1446 autem
2979 1395 3182 1448 statera
3207 1392 3594 1468 appendimur,
3630 1401 3846 1474 quoties

2245 1471 2315 1528 ad
2361 1473 2493 1530 vitae
2539 1473 2658 1546 ejus
2699 1479 2953 1552 exempla
2997 1495 3382 1553 provocamur.
3421 1485 3565 1548 Hinc
3606 1471 3844 1566 namque

2241 1564 2514 1638 scriptum
2541 1573 2656 1624 est:
2713 1568 2961 1627 Christus
2987 1572 3010 1608 ⁵
3034 1589 3140 1646 pro
3174 1575 3324 1633 nobis
3356 1594 3551 1652 passus
3576 1586 3670 1650 est,
3699 1564 3844 1640 vobis

2242 1655 2548 1728 relinquens
2595 1658 2912 1732 exemplum,
2969 1667 3030 1718 ut
3075 1665 3368 1736 sequamini
3429 1673 3576 1734 684
3627 1673 3842 1747 vestigia

2164 1751 2212 1812 B
2240 1756 2374 1828 ejus,
2403 1756 2500 1829 qui
2518 1764 2790 1830 peccatum
2814 1777 2922 1817 non
2947 1761 3091 1834 fecit,
3113 1780 3205 1821 nec
3228 1764 3468 1824 inventus
3502 1773 3578 1825 est
3602 1769 3758 1828 dolus
3783 1769 3842 1827 in

2239 1865 2330 1904 ore
2359 1849 2494 1922 ejus.
2541 1847 2647 1916 Qui
2672 1865 2791 1906 cum
2827 1852 3249 1924 malediceretur,
3281 1857 3304 1894 ⁸
3329 1873 3438 1914 non
3461 1859 3842 1927 ntaledicebat;

2237 1956 2355 1998 cum
2373 1946 2670 2014 pateretur,
2689 1959 2798 1998 non
2816 1943 3238 2004 comminabatur
3259 1946 3319 2021 (Ι
3335 1947 3450 2006 Pet.
3477 1965 3542 2016 ιι,
3562 1948 3677 2024 21).
3698 1948 3842 2010 Hinc

2237 2047 2335 2106 per
2377 2031 2607 2090 Paulum
2643 2032 2880 2092 dicitur:
2930 2035 3038 2092 Per
3075 2038 3393 2110 patientiam
3411 2042 3434 2077 ⁷
3463 2057 3744 2098 curramus
3769 2043 3842 2100 ad

2232 2123 2566 2196 propositum
2609 2123 2761 2181 nobis
2787 2130 3070 2192 certamen,
3097 2126 3404 2200 aspicientes
3427 2127 3450 2166 ⁸
3489 2128 3548 2186 in
3574 2137 3842 2190 auctorem

2238 2213 2361 2288 ﬁdei
2372 2220 2422 2271 et
2433 2221 2900 2272 consummatorem
2917 2215 3116 2287 Iesum,
3133 2216 3226 2290 qui
3233 2218 3508 2293 proposito
3527 2220 3630 2277 sibi
3645 2220 3841 2295 gaudio

2237 2305 2490 2362 sustinuit
2513 2323 2736 2372 erucem,
2766 2305 3072 2378 confusione
3097 2314 3388 2383 contempta
3419 2310 3602 2384 (Hebr.
3634 2329 3738 2384 xn,
3757 2313 3836 2387 1).

2238 2395 2326 2453 Ad
2355 2394 2463 2455 hoc
2487 2394 2674 2470 itaque
2699 2396 2969 2456 Dominus
2987 2399 3241 2472 apparuit
3258 2400 3318 2458 in
3341 2417 3526 2472 carne,
3555 2408 3619 2460 ut
3648 2401 3839 2460 humao

2238 2501 2368 2542 nam
2397 2485 2572 2543 vitam
2593 2485 2941 2544 admonendo
2959 2489 3248 2560 excitaret,
3275 2492 3526 2566 exempla
3545 2491 3838 2566 praebendo

2238 2574 2582 2646 accenderet,
2611 2575 2900 2635 moriendo
2929 2577 3242 2650 redimeret,
3272 2581 3606 2654 resurgendo
3627 2596 3834 2657 repara-

2238 2673 2340 2722 ret.
2373 2665 2513 2723 Cum
2560 2683 2689 2738 ergo
2724 2667 2879 2724 nulla
2925 2665 2985 2724 in
3031 2685 3089 2726 se
3128 2669 3320 2728 beatus
3361 2669 3464 2728 Job
3500 2668 3626 2744 jure
3653 2671 3836 2730 redar-

2237 2753 2453 2828 guenda
2495 2755 2718 2828 reperit,
2751 2754 2820 2812 ad
2849 2755 3203 2815 excedentem
3234 2759 3422 2816 omnia
3457 2760 3836 2836 Redemptoris

2237 2843 2410 2901 vitam
2441 2844 2642 2901 mentis
2669 2845 2857 2902 oculos
2884 2845 3083 2915 tendit,
3113 2855 3176 2903 ut
3204 2847 3263 2903 in
3283 2847 3382 2904 illa
3407 2859 3700 2922 cognoscat
3721 2850 3836 2926 ipse

2235 2934 2368 3010 quid
2381 2935 2564 2992 minus
2583 2934 2800 3006 habeat,
2822 2951 2948 2992 cum
2965 2935 3120 2994 dicit:
3151 2937 3210 2994 Si
3223 2937 3494 2995 ambulavi
3505 2937 3564 2995 in
3580 2941 3834 3010 vanitate,

2234 3031 2281 3082 et
2309 3025 2580 3098 festinavit
2609 3025 2668 3081 in
2694 3025 2814 3082 dolo
2838 3041 2932 3098 pes
2956 3042 3122 3096 meus,
3152 3027 3418 3100 appendat
3442 3046 3522 3086 me
3549 3029 3608 3087 in
3633 3037 3837 3092 statera

517 3089 674 3142 tanto
702 3099 760 3140 ⁸ο
779 3079 1041 3196 εαξηξὲιιε
1061 3082 1122 3196 ξιξ
1142 3082 1474 3196 ξοβξῖεῖίοηθ
1493 3085 1899 3196 οξηεῖτίξιειιηιο
1920 3096 2126 3196 ξῖιξδιιξο
2154 3122 2198 3184 c
2223 3079 2808 3186 sagittarii...
2835 3079 3836 3196 satiatae;"Aestas;

519 3191 552 3231 a
581 3189 820 3246 superno
842 3171 1032 3245 judice
1060 3171 1366 3230 districtius
1385 3173 1719 3231 considerari
1747 3177 2116 3249 conspiciunt.

517 3267 757 3327 Mentem
786 3264 988 3340 quippe
1006 3264 1335 3336 discutiunt,
1357 3265 1607 3324 invenire
1621 3266 1668 3324 si
1683 3282 1790 3340 qua
1817 3266 2119 3342 derelique-

519 3357 633 3415 rint
660 3362 935 3433 quarunt,
965 3363 1028 3414 ut
1051 3363 1211 3414 tanto
1232 3355 1898 3433 ﬁantirreprehensibiles
1917 3357 2118 3431 judici,

518 3455 725 3522 quanto
755 3445 1077 3520 semetipsos
1105 3445 1351 3521 quotidie
1385 3455 1440 3504 et
1466 3447 1584 3505 sine
1613 3449 1914 3507 cessatione
1942 3465 2119 3524 repre-

519 3537 790 3596 hendunt.
821 3539 934 3597 Nec
958 3547 1144 3596 tamen
1172 3537 1275 3596 hac
1289 3537 1356 3595 de
1371 3555 1430 3597 re
1451 3539 1568 3613 jam
1598 3539 1795 3614 gaudia
1811 3541 2122 3600 securitatis

519 3636 769 3700 sumunt,
799 3630 929 3703 quia
955 3629 1025 3687 ab
1041 3630 1140 3688 illo
1169 3647 1228 3688 se
1255 3628 1435 3688 videri
1454 3630 1808 3690 considerant
1831 3632 1927 3707 qui
1962 3632 2022 3690 in
2041 3631 2122 3691 eis

518 3725 574 3776 et
601 3719 700 3777 illa
726 3719 880 3778 videt
899 3738 1020 3795 qua
1042 3720 1230 3778 videre
1249 3719 1356 3794 ipsi
1373 3719 1432 3778 in
1453 3721 1760 3796 semetipsis
1779 3739 1892 3780 non
1912 3723 2118 3781 valent.

448 3829 460 3833 ·
516 3811 592 3868 Et
620 3810 844 3886 quidem
872 3810 1066 3869 beatus
1097 3809 1201 3868 Job
1229 3810 1586 3884 perfectionis
1611 3811 1783 3870 vitam
1808 3811 1955 3870 inter
1975 3818 2121 3870 vete-

515 3917 604 3960 res
632 3903 846 3975 tenuit;
881 3902 980 3961 sed
1008 3901 1140 3978 quia
1157 3901 1279 3977 ejus
1295 3902 1532 3962 intentio
1551 3901 1620 3961 ad
1638 3899 2018 3978 Redemptoris
2029 3903 2120 3963 ad-

517 4003 746 4052 ventum
771 3995 1097 4069 prophetico
1126 3995 1328 4068 spiritu
1357 3995 1600 4070 erumpit
1627 3993 1688 4051 in
1725 3995 1880 4054 illius
1909 4012 2122 4070 prace-

517 4083 650 4156 ptis,
692 4089 884 4157 pensat
925 4080 1042 4156 ipse
1067 4099 1234 4158 quam
1262 4085 1440 4144 multa
1477 4083 1545 4143 de
1573 4085 1910 4160 perfectione
1935 4086 2122 4146 minus

519 4170 737 4230 habeat.
770 4172 926 4231 Unde
953 4179 1009 4230 et
1046 4171 1268 4232 subdit:

835 4280 1065 4340 CAPUT
1101 4281 1179 4341 VI
1251 4277 1394 4357 [Vet.
1433 4278 1524 4355 VI,
1550 4281 1670 4342 Rec.
1710 4279 1799 4358 ν).

588 4384 761 4448 Vnus.
792 4384 848 4460 5,
879 4385 933 4446 6.
964 4416 1036 4431 ι·-
1065 4386 1124 4447 Si
1149 4389 1420 4449 ambulavi
1464 4389 1524 4448 in
1550 4389 1803 4459 vanitate,
1830 4395 1880 4448 et
1903 4385 2120 4462 festinao

2227 3207 2398 3268 dicat:
2431 3209 2488 3265 Si
2500 3225 2607 3283 qua
2621 3223 2864 3282 unquam
2888 3207 3108 3278 leviter,
3126 3207 3172 3267 si
3203 3225 3309 3284 qua
3323 3211 3628 3284 perniciose
3645 3229 3834 3288 perpe.

2228 3298 2396 3370 travi,
2425 3298 2525 3355 Dei
2544 3306 2599 3355 et
2625 3295 2917 3355 hominum
2946 3297 3218 3356 Mediator
3244 3308 3524 3374 appareat,
3544 3309 3608 3359 ut
3636 3301 3694 3360 in
3714 3302 3835 3376 ejus

2229 3390 2346 3446 vita
2364 3404 2688 3462 cognoscam
2707 3405 2778 3446 an
2810 3404 2910 3463 ego
2929 3387 3199 3446 veraciter
3217 3387 3456 3464 simplex
3473 3389 3696 3450 fuerim.
3726 3392 3832 3462 Qui

2228 3480 2376 3536 enim
2385 3523 2401 3550 ,
2417 3488 2480 3537 ut
2493 3479 2764 3552 diximus,
2779 3496 3003 3538 suorum
3019 3486 3330 3556 temporum
3345 3481 3495 3540 viros
3505 3487 3832 3554 excesserat,

2227 3568 2586 3628 Mediatorem
2604 3571 2706 3630 Dei
2725 3577 2780 3628 et
2798 3569 3090 3629 hominum
3110 3571 3406 3645 quarebat,
3429 3578 3491 3630 ut
3509 3571 3568 3629 in
3589 3571 3689 3630 illo
3703 3586 3832 3646 pen-

2229 3668 2378 3719 satus
2405 3668 2725 3734 agnosceret
2753 3661 2800 3718 si
2828 3661 3000 3719 vitam
3038 3661 3348 3736 simplicem
3387 3677 3516 3720 vere
3542 3661 3827 3720 tenuisset.

2228 3747 2390 3808 Dicat
2406 3767 2552 3826 ergo:
2582 3751 2956 3826 Appendatme
2974 3753 3032 3809 in
3059 3758 3257 3810 statera
3275 3752 3450 3824 justo,
3479 3758 3528 3808 et
3540 3753 3674 3808 sciat
3689 3753 3832 3810 Deus

2230 3839 2621 3912 simplicitatem
2648 3858 2832 3898 meam.
2853 3839 3011 3908 Quod
3038 3849 3140 3910 est,
3169 3840 3309 3898 scire
3338 3853 3424 3896 me
3455 3839 3642 3897 faciat.
3673 3841 3756 3899 Ac
3782 3841 3828 3899 si

2229 3937 2478 4002 patenter
2505 3929 2763 4000 fateatur,
2784 3929 3000 3987 dicens:
3025 3929 3302 3998 Quantum
3331 3929 3397 3987 ad
3416 3927 3672 3986 humana
3696 3927 3828 3988 vita

2229 4017 2478 4089 modum,
2511 4019 2533 4055 ο
2583 4017 2740 4076 nulla
2783 4018 2844 4074 in
2874 4034 2961 4074 me
2989 4017 3438 4092 reprehendenda
3475 4015 3591 4092 jam
3621 4018 3823 4088 video;

2227 4110 2322 4169 sed
2336 4109 2443 4168 nisi
2462 4109 2731 4168 Mediator
2739 4110 2840 4167 Dei
2856 4115 2909 4166 et
2921 4109 3211 4168 hominum
3227 4124 3354 4166 cum
3374 4107 3684 4167 subtilioris
3697 4109 3826 4167 vita

2227 4201 2512 4277 praeceptis
2529 4207 2805 4275 appareat,
2835 4205 3102 4275 quantum
3131 4196 3313 4257 adhuc
3336 4214 3368 4256 a
3396 4213 3525 4255 vera
3547 4197 3828 4272 simplici-

2227 4299 2337 4350 tate
2365 4291 2694 4364 discrepem,
2717 4306 2832 4348 non
2859 4305 3152 4363 cognosco.
3178 4290 3381 4348 Rectus
3403 4304 3536 4346 vero
3565 4285 3700 4344 ordo
3719 4301 3830 4344 ser-

2227 4387 2411 4454 vatur,
2440 4381 2488 4440 si
2514 4381 2670 4456 prius
2697 4377 2758 4438 in
2769 4379 3034 4451 vanitate,
3063 4387 3118 4437 et
3140 4377 3492 4454 postmodum
3511 4393 3605 4452 pes
3619 4377 3677 4434 in
3699 4376 3827 4435 dolo

514 4479 594 4537 vit
626 4477 686 4538 in
713 4480 835 4538 dolo
859 4498 955 4555 pes
972 4498 1138 4551 meus,
1167 4481 1436 4557 appendat
1453 4498 1534 4543 me
1559 4485 1620 4542 in
1647 4489 1847 4543 statera
1865 4481 2040 4556 justa,
2070 4488 2120 4540 et
2143 4489 2192 4550 1)
2227 4472 2516 4532 festinasse
2542 4471 2778 4530 dicatur.
2803 4470 3034 4530 Vanitas
3060 4470 3261 4545 quippe
3287 4467 3357 4526 ad
3384 4467 3688 4557 levitatem,
3717 4465 3826 4523 do-

518 4568 650 4628 sciat
675 4567 819 4629 Deus
845 4569 1230 4646 simplicitatem
1255 4590 1445 4635 meam.

2220 4567 2307 4623 lus
2336 4579 2468 4620 vero
2496 4561 2567 4620 ad
2594 4561 2862 4618 malitiam
2899 4560 3158 4636 pertinet.
3188 4560 3262 4618 Et
3288 4557 3545 4634 nonnulli
3572 4556 3827 4630 plerum-

588 4661 678 4720 11.
710 4659 895 4720 Sancti
919 4645 1110 4720 merita
1129 4677 1228 4720 sua
1245 4659 1305 4720 in
1327 4661 1539 4720 Christo
1561 4665 1814 4737 tanquam
1835 4664 1892 4722 in
1915 4667 2114 4722 statera
2221 4666 2327 4729 que
2343 4651 2413 4710 ad
2436 4647 2686 4726 quadam
2706 4658 2832 4726 post
2849 4649 3124 4708 malitiosa
3141 4649 3492 4725 perveniunt,
3515 4645 3645 4721 quia
3665 4645 3821 4720 prius

513 4755 698 4810 curent
729 4750 1044 4837 appendere,
1073 4753 1133 4808 ut
1159 4749 1299 4823 quod
1311 4751 1488 4810 minus
1510 4751 1716 4823 habent,
1735 4759 2114 4826 agnoscant.—

588 5035 606 5080 ί
637 5034 880 5103 Additur
909 5033 971 5123 in
1002 5037 1291 5123 Ger’m.__et
1326 5031 1387 5097 in
1424 5035 1630 5123 recent.
1677 5031 1808 5123 Ed,
1828 5049 2112 5123 manuum.

512 5113 635 5186 Non
681 5125 861 5173 exstat
905 5115 966 5172 in
1009 5122 1130 5174 cat.
1180 5113 1309 5171 Mss.
1357 5120 1453 5170 aut
1495 5120 1606 5170 vet.
1656 5112 1912 5186 vulgatis.
1946 5113 2118 5172 Abest

512 5184 681 5241 etiam
708 5203 742 5241 a
766 5194 923 5243 textu
949 5186 1219 5245 Ieremia.

584 5259 608 5294 ²
637 5256 948 5332 Omiserant
966 5259 1174 5332 Excusi
1195 5255 1466 5332 Ecclesia},
1486 5255 1634 5332 quod
1653 5256 1888 5332 legimus
1902 5256 1962 5316 in
1980 5261 2109 5320 Mss.

512 5333 709 5401 pratpr
736 5344 900 5401 quam
929 5327 987 5383 in
1015 5330 1200 5401 Germ.
1231 5337 1285 5388 et
1312 5328 1476 5388 Corb.
1500 5327 1693 5388 Germ.

586 5398 608 5432 ³
631 5398 803 5480 Deth
819 5415 995 5472 pauca
1021 5399 1080 5458 in
1107 5402 1307 5472 Laud.,
1336 5401 1502 5461 Corb.
1533 5402 1746 5475 Germ.,
1767 5401 1936 5476 Utic.,
1953 5405 2110 5464 Becc.

515 5475 571 5527 et
597 5467 724 5526 aliis
753 5467 946 5528 Norm.

584 5540 608 5618 ξ
637 5538 802 5618 gorb.
833 5542 1020 5618 ρει-ω.
1049 5551 1105 5601 et
1127 5545 1324 5618 Laud.,
1355 5547 1492 5604 scire
1517 5547 1637 5608 Dei.

582 5613 606 5648 ³
635 5610 812 5698 Corb..
831 5612 1018 5698 Germ.
1049 5623 1104 5672 et
1133 5610 1332 5688 Laud.,
1346 5635 1451 5698 pro
1469 5620 1634 5679 vobis.
1655 5619 2024 5698 Antiquarius
2039 5621 2112 5678 le-

511 5701 672 5769 gens,
691 5683 844 5769 vobis
877 5684 1179 5769 relinquens
1217 5683 1511 5769 exeiiiplum
1551 5699 1610 5769 ut
1634 5683 1951 5769 sequamini,
1979 5699 2112 5764 etc.,

509 5757 852 5820 existimavit
869 5757 1026 5831 prius
1032 5757 1208 5819 etiam
1222 5775 1341 5821 esse
1355 5757 1733 5840 scribendum,
1754 5757 1998 5830 Christus
2009 5757 2113 5838 pro

2223 4743 2372 4802 levia
2403 4758 2518 4802 non
2547 4740 2846 4802 declinant.
2876 4739 3170 4815 Sequitur:

2223 5031 2390 5108 vobis,
2424 5035 2530 5096 etc.
2558 5037 2621 5095 In
2641 5031 2800 5095 textu
2819 5035 3009 5096 Graco
3023 5024 3242 5110 legitur:
3269 5025 3634 5173 Christusdiro
3652 5019 3822 5103 nobis,

2223 5129 2410 5173 passus
2437 5116 2532 5173 est,
2561 5111 2711 5167 nobis
2740 5111 2932 5173 relinq.
2958 5127 3043 5165 ex.
3075 5115 3134 5164 ut
3161 5122 3473 5173 sequamini.
3552 5103 3660 5160 uod
3689 5121 3822 5161 ver-

2293 5103 2410 5168 ssus
2437 5116 2532 5178 est,
2561 5111 2711 5167 nobis
2740 5111 2932 5180 relinq.
2958 5127 3043 5165 ex.
3075 5103 3134 5164 ut
3161 5105 3473 5180 sequamini.
3505 5103 3660 5180 Quod
3689 5121 3825 5180 ver-

2293 5131 2410 5168 ssus
2437 5131 2532 5178 est,
2561 5131 2711 5167 ἠοοω
2740 5131 2932 5180 reunq.
2958 5131 3043 5165 ex.
3075 5131 3134 5164 ut
3161 5131 3214 5163 se
3249 5131 3473 5162 smmum.
3505 5131 3660 5173 uuuu
3695 5131 3824 5161 vcr-

2217 5131 2356 5244 ﬁaum
2401 5183 2647 5256 ﬂagitare
2691 5180 2911 5256 videtur
2937 5187 3014 5256 ut_
3027 5179 3182 5256 prius
3213 5131 3452 5256 (iegatur,
3477 5175 3619 5232 vobis
3644 5175 3824 5232 relin-

2223 5274 2402 5332 quens.
2423 5250 2674 5332 ‘Consule
2702 5253 2923 5332 criticos
2950 5250 3201 5310 ad’hunc
3227 5250 3432 5332 lucum.

2294 5331 2316 5367 ⁸
2343 5328 2517 5397 Utic.,
2547 5328 2705 5384 Becc.
2729 5331 2784 5397 et.
2809 5323 2930 5397 alii,
2952 5341 3066 5397 non
3086 5321 3506 5397 iremaledicebat.
3529 5317 3688 5397 Quod
3701 5325 3825 5397 tex-

2220 5403 2309 5460 tui
2336 5391 2525 5459 Graco
2543 5396 2838 5472 respondet
2857 5396 2964 5454 nisi
2992 5395 3255 5454 malueris
3272 5399 3482 5451 vertere
3507 5408 3520 5450 :
3547 5391 3825 5450 maledicta

2226 5491 2335 5532 non
2360 5471 2594 5544 regessit.

2293 5548 2314 5583 ⁷
2339 5536 2556 5613 No'rm.,
2586 5539 2750 5603 Corb.
2782 5540 2966 5602 Germ.
2975 5585 2992 5615 ,
3021 5539 3196 5600 Laud.
3223 5545 3278 5598 et
3306 5536 3520 5608 Germ.,
3539 5548 3824 5594 curramus

2215 5616 2572 5694 meum.

2295 5683 2598 5766 {ﬁerique
2636 5685 2852 5766 Norm.,
2881 5685 2940 5746 in
2977 5691 3284 5766 auctore._.._
3305 5689 3354 5766 et

2293 5764 2316 5800 ⁹
2343 5755 2606 5834 Vindéc.,
2633 5763 2816 5822 nullus
2835 5755 2922 5822 me
2936 5757 3286 5836 reprehendat
3301 5755 3422 5832 jam
3447 5755 3619 5815 video.
