4162 6184
328 256 428 318 197

768 373 999 434 CAPUT
1027 374 1129 433 vn
1159 373 1297 449 [Vet.
1336 374 1485 449 VII].

404 474 579 531 Vens.
613 472 659 526 7.
689 498 759 510 —
790 467 848 525 Si
875 465 1157 522 declinavit
1181 482 1387 537 gressus
1413 481 1556 520 meus
1584 464 1646 519 de
1670 463 1779 520 cia.

410 565 496 620 i2.
525 562 567 616 Α
596 559 681 615 uia
700 557 1046 622 declinamus,
1064 555 1263 625 quoties
1277 556 1452 610 errori
1466 554 1832 610 consentimus.
1858 583 1927 594 -—

1121 246 1493 308 MORALIUM
1534 246 1666 304 LIB.
1712 243 1866 303 XXI.
1906 271 1978 287 —
2017 243 2088 301 ΙΝ
2125 242 2352 302 CAPUT
2390 242 2578 302 XXXI
2618 247 2680 302 Β.
2723 245 2866 303 JOB.

3519 249 3621 307 198

1952 374 2004 433 Α
2038 375 2096 426 ut
2121 387 2186 426 ne
2212 369 2495 441 cogitarem
2522 369 2731 441 quidem
2750 369 2812 426 de
2838 367 3061 441 virgine.
3093 371 3439 446 Perpendens
3468 375 3630 432 etiam

2037 462 2183 535 quod
2212 478 2608 535 nonnunquam
2632 460 2690 518 in
2712 469 2893 518 mente
2918 461 3117 531 oritur,
3146 465 3240 521 sed
3262 465 3395 523 huic
3423 464 3631 523 oborta:

2037 554 2182 611 oculi
2214 569 2464 625 perverse
2491 553 2852 622 famulantur,
2882 551 2989 608 ait:
3012 554 3085 607 'Si
3114 561 3315 609 secutus
3343 564 3417 611 est
3444 559 3634 613 oculus

326 652 518 708 Toties
549 664 762 721 gressus
806 646 873 701 de
906 646 997 701 via
1024 645 1282 713 declinat,
1315 646 1528 718 quoties
1556 652 1741 701 nostra
1770 645 1928 715 cogi-
2034 662 2178 699 meus
2206 661 2297 699 cor
2324 661 2511 700 meum.
2544 647 2625 699 Ac
2662 643 2705 698 si
2737 650 2921 714 aperte
2952 643 3129 698 dicat:
3163 644 3273 698 Nec
3302 646 3504 715 passim
3535 647 3636 701 vi-

328 743 464 799 tatio
490 741 594 796 iter
621 736 975 795 rectitudinis
1001 753 1098 809 per
1127 753 1455 793 consensum
1487 736 1750 807 relinquit
1776 752 1927 791 erro-

325 832 423 887 ris.
456 829 623 898 Quasi
653 844 787 884 vero
810 834 891 883 tot
908 842 1123 899 gressus
1142 834 1299 883 extra
1319 825 1467 881 viam
1490 826 1770 898 ponimus,
1794 832 1928 897 quot

325 919 600 995 perversis
627 917 918 975 desideriis
947 934 977 972 a
1006 916 1241 973 caelestis
1288 917 1415 972 vita:
1444 914 1807 972 delectatione
1835 930 1931 969 se—

326 1028 607 1083 paramur.
640 1012 710 1066 Ut
739 1008 888 1063 enim
918 1008 1130 1080 przefati
1161 1025 1371 1075 smnus,
1403 1006 1585 1063 adhuc
1612 1006 1791 1063 carnis
1813 1022 1929 1060 cor-

326 1102 611 1176 ruptibilis
638 1099 880 1174 pondere
912 1100 1143 1171 gravati,
1182 1116 1530 1173 nequaquam
1570 1099 1816 1152 valemus
1852 1096 1932 1152 sic

328 1193 539 1260 vivere,
570 1199 633 1248 ut
661 1191 817 1246 nulla
848 1207 950 1246 nos
978 1190 1152 1263 possit
1177 1190 1352 1261 culpae
1381 1188 1672 1245 delectatio
1692 1187 1928 1260 pulsare.

328 1284 439 1341 Sed
466 1281 619 1339 aliud
648 1289 731 1339 est
777 1282 1059 1338 nolentem
1102 1281 1275 1353 tangi,
1308 1280 1460 1337 aliud
1497 1278 1932 1336 consentientem

328 1375 582 1432 animum
612 1371 832 1445 perimi.
865 1371 1052 1429 Sancti
1081 1378 1264 1427 autem
1285 1369 1393 1427 viri
1414 1377 1569 1427 tanto
1589 1368 1935 1441 vigilantiori

330 1483 388 1524 se
417 1461 912 1536 circumspectione
945 1460 1286 1530 custodiunt,
1317 1467 1523 1534 quanto
1551 1476 1607 1515 se
1635 1458 1843 1532 pulsari
1865 1457 1935 1515 si-

330 1554 526 1612 nistris
555 1556 573 1590 ³
604 1552 852 1609 motibus
879 1552 970 1607 vel
996 1549 1328 1608 transitoria
1357 1548 1742 1607 delectationis
1768 1546 1935 1604 dedi-

331 1652 589 1716 gnantur.
623 1642 778 1701 Unde
806 1649 863 1699 et
889 1640 1071 1699 adhuc
1097 1639 1389 1698 subditur:
1868 1640 1885 1659 ’

761 1768 989 1828 CAPUT
1031 1767 1159 1826 VIII
1189 1765 1333 1842 [Rea
1385 1764 1500 1839 VI].

405 1878 545 1938 Iam.
567 1907 639 1921 --
660 1878 717 1935 Si
743 1883 944 1935 secutus
973 1882 1048 1932 est
1064 1877 1247 1932 oculus
1277 1892 1417 1931 meus
1446 1890 1538 1930 cor
1562 1888 1754 1931 meum.

412 1969 501 2025 13.
538 1968 703 2027 Cordi
726 1966 912 2025 illicita
931 1966 1310 2038 concupiscenti
1336 1967 1518 2022 oculus
1545 1960 1811 2036 famulari
1836 1962 1936 2019 de-

330 2066 496 2131 neget.
540 2057 771 2116 Tentatio
810 2056 1105 2129 aliquando
1147 2073 1247 2128 per
1291 2056 1467 2112 oculos
1520 2056 1777 2122 trahitur,
1819 2053 1937 2111 ali-

332 2148 546 2220 quando
586 2146 900 2203 intrinsecus
947 2146 1260 2219 concipitur.
1320 2146 1423 2215 Qui
1468 2145 1726 2202 exteriori
1760 2144 1937 2217 negli-

332 2245 509 2310 genter
563 2240 759 2306 utitur,
816 2239 1065 2295 interiori
1124 2240 1274 2294 oculo
1330 2237 1474 2309 juste
1536 2244 1781 2295 ccecatur.
1867 2268 1938 2280 —

332 2328 478 2385 Ecce
519 2329 723 2385 iterum
769 2345 868 2401 per
908 2327 1191 2384 interioris
1235 2327 1441 2399 vigoris
1486 2326 1800 2384 custodiam
1866 2325 1936 2382 ad

332 2418 675 2475 exteriorum
695 2418 1070 2475 membrorum
1093 2416 1445 2488 disciplinam
1466 2416 1631 2484 redit,
1652 2416 1774 2473 utsi
1803 2415 1937 2488 quid

328 2508 563 2564 fortasse
610 2525 707 2564 cor
749 2508 1011 2564 illicitum
1038 2505 1474 2576 concupisceret,
1506 2522 1725 2577 pressus
1762 2505 1941 2561 disci-

327 2596 505 2668 plina:
528 2594 847 2666 magisterio
876 2594 1071 2651 oculus
1090 2594 1278 2649 videre
1298 2602 1592 2650 recusaret.
1624 2594 1773 2650 Sicut
1793 2593 1936 2650 enim

326 2701 483 2757 saepe
514 2684 755 2740 tentatio
784 2699 881 2755 per
910 2685 1101 2740 oculos
1132 2683 1391 2753 trahitur,
1420 2685 1500 2740 sic
1541 2701 1934 2758 nonnunquam

329 2781 603 2848 concepta
631 2772 969 2829 intrinsecus
997 2773 1280 2845 compellit
1308 2773 1412 2829 sibi
1443 2774 1781 2831 extrinsecus
1808 2792 1935 2832 ocu-

333 2866 417 2922 los
433 2862 733 2920 deservire.
763 2864 899 2919 Nam
918 2863 1240 2936 plerumque
1254 2880 1340 2919 res
1363 2864 1624 2937 quaelibet
1650 2863 1935 2922 innocenti

336 2958 519 3008 mente
550 2950 867 3024 respicitur,
900 2951 993 3008 sed
1024 2952 1145 3024 ipso
1162 2960 1459 3026 conspectu
1487 2952 1708 3010 animus
1735 2970 1935 3011 concuo

336 3042 615 3116 piscentim
658 3040 841 3114 gladio
871 3040 1208 3098 confoditur.
1250 3042 1372 3100 Non
1402 3041 1573 3111 enim,
1603 3048 1666 3099 ut
1693 3042 1935 3116 exempli

337 3158 501 3200 causa
524 3142 638 3215 jam
661 3140 933 3211 diximus,
959 3137 1105 3196 685
1127 3141 1305 3199 David
1324 3140 1467 3199 Uriae
1493 3141 1781 3215 conjugem
1812 3141 1937 3199 ideo

342 3233 584 3290 studiose
616 3231 880 3305 respexit,
913 3231 1044 3306 quia
1067 3233 1443 3306 concupierat,
1473 3233 1568 3290 sed
1597 3233 1781 3306 potius
1810 3232 1937 3290 ideo

336 3322 657 3395 concupivit
687 3322 817 3395 quia
845 3321 1069 3379 incaute
1098 3324 1358 3395 respexit.
1383 3323 1473 3379 Fit
1496 3340 1630 3380 vero
1649 3332 1812 3381 rectae
1839 3340 1938 3381 re-

215 3402 227 3412 ’
335 3411 656 3468 tributionis
678 3411 936 3469 examine
954 3413 975 3448 ²
991 3419 1054 3469 ut
1074 3413 1170 3487 qui
1190 3411 1453 3469 exteriori
1468 3413 1809 3486 negligenter
1832 3415 1940 3471 uti-

334 3509 449 3568 tur,
479 3498 728 3557 interiori
748 3502 910 3558 oculo
932 3518 1045 3558 non
1066 3502 1273 3574 injuste
1290 3508 1544 3559 czecctur.
1574 3502 1728 3573 Saepe
1753 3509 1937 3559 autem

334 3590 674 3647 intrinsecus
690 3588 1133 3665 concupiscentia
1152 3590 1490 3660 dominatur,
1508 3599 1562 3648 et
1590 3589 1941 3650 illecebratus

332 3679 570 3737 animus
599 3678 811 3736 adesus
827 3699 950 3739 suos
967 3698 1162 3739 sensus
1190 3699 1481 3754 corporeos
1499 3680 1757 3737 famulari
1786 3699 1940 3738 more

333 3768 660 3842 tyrannidis
686 3768 875 3842 exigit,
892 3771 1115 3845 suisque
1132 3770 1508 3842 voluptatibus
1522 3770 1710 3827 oculos
1731 3770 1939 3828 servire

331 3860 643 3931 compellit,
661 3867 844 3933 atque,
861 3869 921 3917 ut
936 3861 1015 3917 ita
1028 3861 1232 3929 dicam,
1244 3860 1513 3917 fenestras,
1528 3859 1758 3917 luminis
1774 3860 1843 3918 ad
1863 3868 1938 3918 te-

334 3947 531 4005 nebras
560 3948 736 4021 aperit
756 3950 1037 4007 caecitatis.
1070 3949 1225 4007 Unde
1240 3950 1415 4007 sancti
1436 3949 1545 4007 viri
1564 3964 1691 4008 cum
1713 3949 1940 4009 sinistra

334 4039 545 4111 pulsari
575 4038 941 4097 delectatione
968 4056 1026 4098 se
1046 4041 1315 4109 sentiunt,
1333 4040 1449 4113 ipsa
1475 4057 1573 4113 per
1588 4056 1709 4114 quae
1740 4040 1936 4100 formae

335 4128 542 4200 species
569 4127 638 4185 ad
667 4136 910 4187 mentem
938 4129 1249 4203 ingreditur
1276 4130 1583 4204 disciplinae
1613 4131 1932 4205 magisterio

337 4216 550 4279 lumina
577 4218 941 4291 restringunt,
968 4235 1038 4276 ne
1065 4236 1247 4293 pravae
1272 4220 1592 4294 cogitationi
1618 4220 1760 4279 visio
1778 4221 1940 4280 leno-

335 4306 519 4363 cinata
544 4307 863 4365 famuletur.
887 4309 1018 4378 Quae
1042 4309 1088 4365 si
1108 4325 1351 4383 unquam
1372 4311 1647 4368 subtiliter
1665 4311 1936 4369 custodiri

336 4396 655 4470 negligitur,
687 4398 1037 4470 cogitationis
1066 4399 1421 4457 immunditia
1448 4400 1697 4473 protinus
1725 4400 1795 4458 ad
1814 4417 1938 4475 ope-

336 4486 615 4545 rationem
641 4490 858 4549 transit.
892 4490 1049 4548 Unde
1076 4498 1131 4547 et
1159 4506 1292 4547 mox
1315 4489 1575 4549 subditur
1608 4509 1619 4549 ι

767 4612 995 4675 CAPUT
1036 4614 1115 4672 1x
1156 4614 1298 4690 (nec.
1349 4615 1499 4690 VII].

414 4724 547 4783 IBID.
576 4755 648 4768 -
673 4724 751 4784 Et
776 4727 825 4783 si
851 4726 910 4783 in
925 4725 1167 4783 mnibus
1187 4723 1315 4781 meis
1333 4722 1553 4781 adhaesit
1577 4723 1813 4781 macula.
1880 4772 1883 4775 λ

418 4814 499 4871 ib.
530 4817 608 4875 Ne
635 4818 796 4890 culpa
822 4816 894 4873 ad
930 4834 1060 4888 opus
1099 4815 1348 4889 prodeat,
1381 4813 1525 4869 intus
1562 4813 1652 4869 ubi
1678 4811 1939 4880 nascitur,

341 4906 732 4979 exstinguatur.
775 4934 848 4948 -
876 4907 1107 4964 Sanctus
1135 4921 1262 4978 ergo
1296 4904 1383 4959 vir
1411 4903 1589 4961 sciens
1621 4902 1770 4976 quod
1812 4901 1941 4975 ple-

341 5010 574 5070 rumque
591 5013 761 5069 prava
775 4997 1036 5070 cogitatio
1055 5012 1152 5070 per
1173 4994 1361 5053 oculos
1376 4992 1562 5050 veniat
1581 4992 1650 5049 ad
1674 5000 1937 5063 mentem,

342 5087 507 5156 paulo
534 5086 791 5160 superius
815 5086 990 5143 dixit:
1024 5085 1209 5158 Pepigi
1236 5084 1410 5156 fwdus
1446 5100 1564 5140 cum
1592 5081 1762 5139 oculis
1790 5082 1938 5150 meis,

406 5248 437 5328 ,ί
469 5246 706 5328 Turon.,
735 5246 970 5328 mgribus
1008 5248 1090 5328 vel
1120 5245 1428 5328 transitqrie
1455 5242 1828 5328 dedignantur.
1862 5244 1944 5302 Ita

341 5320 509 5378 etiam
525 5321 733 5379 habent
758 5323 884 5381 Val.
908 5320 989 5381 Cl.
1002 5366 1016 5392 ,
1042 5322 1284 5379 Germ.et
1301 5322 1490 5379 Norm.
1500 5360 1516 5389 ,
1533 5325 1744 5375 retenta
1757 5325 1941 5374 tamen

342 5405 483 5449 voce
508 5394 757 5453 motibus.

420 5465 445 5548 ξ
474 5466 740 5548 Vindoc,
764 5474 822 5524 ut
839 5468 933 5548 qui
946 5467 1209 5548 exteriora
1229 5463 1541 5548 negligenter
1566 5463 1825 5531 intuetur,
1847 5458 1942 5520 in—

559 5542 712 5597 oculo
744 5538 865 5597 non
876 5541 1077 5613 injuste
1103 5545 1336 5613 caecetur.

418 5611 441 5644 ³
471 5611 553 5667 Ita
581 5629 710 5669 cum
738 5606 952 5684 Norm;
988 5614 1218 5684 Turon.,
1246 5609 1445 5680 Laud.,
1467 5608 1598 5684 Val.
1630 5608 1740 5679 Cl.,
1772 5606 1938 5684 Corb.

342 5681 560 5758 Gcrm.,
581 5692 696 5742 vet.
727 5684 880 5743 Editi
900 5704 914 5753 ;
937 5681 1005 5741 in
1026 5683 1226 5758 quibus
1248 5682 1665 5758 tamen‘legitur
1685 5683 1937 5739 oculus...

341 5757 681 5826 constrictus,
712 5773 814 5828 pro
857 5752 1384 5815 oculos-constrictos.
1430 5752 1779 5813 Recentiores
1817 5757 1941 5825 post

1967 4483 2017 4543 D

2038 734 2163 790 dere
2192 734 2343 790 volui
2376 752 2495 807 qua:
2517 733 2983 806 concupiscerem,
3014 749 3115 789 nec
3132 732 3373 789 videndo
3392 750 3634 806 unquam

2037 832 2257 881 secutus
2285 842 2405 880 sum
2430 841 2549 897 quae
2579 823 2896 896 concupivi.
2938 823 3097 879 Dicat
3124 838 3252 895 ergo
3276 838 3287 877 :
3350 823 3408 879 Si
3436 830 3638 879 secutus

2039 922 2112 970 est
2138 917 2318 971 oculus
2347 931 2490 969 meus
2534 931 2625 968 cor
2658 931 2850 979 meum,
2881 911 3010 986 quia
3050 920 3105 968 et
3150 912 3195 968 si
3228 911 3361 985 quid
3392 928 3632 984 unquam

2042 1006 2297 1062 illicitum
2332 1023 2487 1061 mens
2518 1004 2656 1076 ejus,
2691 1012 2752 1060 ut
2783 1004 3042 1059 videlicet
3069 1005 3331 1071 humana,
3362 1004 3637 1075 concepit,

2039 1100 2254 1155 altioris
2291 1099 2600 1171 disciplinm
2633 1097 2990 1170 magisterio8
3022 1096 3351 1154 constrictos
3388 1097 3543 1170 sequi
3580 1116 3636 1152 se

2040 1206 2137 1262 per
2155 1189 2352 1245 illicita
2382 1188 2597 1262 sibique
2619 1188 2878 1244 famulari
2897 1186 3088 1245 oculos
3112 1187 3312 1244 noluit.
3344 1188 3642 1245 Pensemus

2041 1279 2110 1335 ad
2140 1278 2257 1335 haec
2284 1278 2654 1335 conscientias
2683 1286 2923 1347 nostras,
2949 1286 3003 1334 et
3035 1278 3229 1351 quanti
3257 1277 3519 1335 culminis
3549 1278 3638 1335 vir

2043 1366 2146 1423 iste
2192 1368 2382 1437 fuerit,
2423 1385 2493 1424 ex
2547 1366 2725 1424 nostri
2755 1368 2940 1423 cordis
2970 1366 3277 1440 dejectione
3329 1367 3635 1425 videamus.

2042 1462 2184 1517 Ecce
2212 1460 2260 1517 si
2287 1477 2395 1533 qua
2423 1458 2621 1517 illicita
2649 1457 2951 1533 aliquando
2980 1457 3265 1531 cogitavit,
3301 1458 3433 1531 quia
3460 1474 3525 1516 ea
3552 1459 3643 1516 ci—

2042 1550 2154 1607 tius
2183 1549 2329 1606 intra
2357 1565 2563 1606 arcana
2583 1547 2765 1605 cordis
2794 1547 2976 1621 gladio
2996 1547 3173 1605 sancti
3201 1547 3408 1620 vigoris
3435 1548 3641 1605 exstin-

2042 1641 2149 1710 xit,
2155 1640 2442 1713 pervenire
2463 1640 2559 1696 illa
2573 1656 2745 1713 usque
2762 1639 2830 1696 ad
2845 1655 3009 1712 opera
3033 1655 3144 1695 non
3169 1638 3439 1712 permisit.
3458 1638 3638 1708 Unde,

1962 1742 2009 1803 Β
2042 1740 2104 1787 ut
2120 1730 2510 1804 praemisimus,
2528 1730 2681 1788 illico
2700 1729 3003 1803 subjungit:
3027 1731 3102 1787 Et
3124 1729 3239 1785 siin
3252 1728 3497 1785 manibus
3515 1727 3642 1785 meis

2044 1820 2269 1876 adhaesit
2295 1821 2525 1875 macula.
2551 1819 2782 1887 Quando
2796 1819 2945 1874 enim
2968 1818 3185 1876 macula
3201 1817 3260 1874 in
3285 1816 3561 1887 manibus,
3584 1814 3639 1871 id

2046 1916 2128 1965 est
2155 1909 2317 1981 culpa
2337 1908 2650 1966 actionibus
2680 1908 2936 1977 inhaeret,
2953 1924 3118 1981 quam
3140 1923 3370 1965 censura
3390 1906 3641 1979 discipli-

2046 2016 2131 2055 nae
2184 2016 2297 2055 non
2344 1998 2558 2055 sinebat
2604 1998 2663 2054 in
2712 1997 3044 2071 cogitatione
3085 1997 3350 2070 proﬁcere
3388 1997 3416 2054 ?
3456 1995 3642 2070 Neque

2046 2089 2193 2146 enim
2226 2090 2388 2162 culpa
2415 2090 2485 2147 ad
2513 2107 2653 2163 opus
2676 2089 2897 2162 prodire
2918 2088 3281 2163 permittitur,
3303 2088 3352 2146 si
3375 2087 3526 2145 intus
3546 2087 3642 2145 ubi

2045 2180 2292 2237 nascitur
2321 2180 2725 2253 exstinguatur.
2759 2180 2815 2238 Si
2844 2182 3028 2237 autem
3063 2178 3358 2237 tentationi
3388 2178 3448 2235 in
3478 2177 3642 2236 corde

2046 2270 2294 2328 nascenti
2324 2271 2524 2328 festlne
2565 2287 2677 2327 non
2708 2270 3005 2340 resistitur,
3035 2269 3140 2328 hac
3168 2269 3357 2326 eadem
3392 2284 3500 2342 qua
3526 2284 3641 2325 nu—

2046 2359 2214 2416 tritur
2244 2377 2395 2415 mora
2423 2360 2731 2429 roboratur;
2755 2361 2777 2398 ⁸
2802 2368 2857 2416 et
2872 2359 3114 2416 existens
3130 2358 3265 2416 foris
3286 2358 3345 2414 in
3362 2358 3641 2431 operibus,

2048 2449 2198 2506 vinci
2228 2450 2327 2505 vix
2356 2450 2638 2523 praevalet,
2670 2450 2801 2523 quia
2841 2450 3019 2522 ipsam
3068 2447 3220 2505 intus
3266 2446 3641 2504 membrorum

2045 2538 2331 2595 dominam
2376 2522 2616 2596 mentem
2661 2522 2937 2612 captivam
2980 2544 3147 2594 tenet.
3197 2536 3338 2606 Quia
3371 2553 3504 2593 vero
3555 2534 3645 2591 vir

2045 2637 2266 2687 sanctus
2294 2629 2577 2702 superiora
2628 2628 2815 2685 omnia
2855 2627 2957 2685 sub
2986 2626 3305 2685 conditione
3351 2624 3565 2696 intulit,
3597 2625 3644 2683 si

2045 2719 2163 2776 haec
2177 2736 2419 2793 unquam
2435 2718 2850 2793 perpetraverit,
2861 2717 3136 2776 sententia
3162 2734 3219 2776 se
3239 2716 3645 2775 maledictionis

2043 2808 2321 2883 astringit,
2350 2809 2571 2868 dicens:

2500 2898 2729 2956 CAPUT
2748 2899 2801 2955 x
2834 2896 2978 2971 meo.
3019 2898 3199 2973 VIII].

2068 3024 2079 3033 ~
2115 2988 2287 3047 Vens.
2324 2988 2378 3045 8.
2426 3017 2498 3029 —
2535 2989 2740 3057 Seram,
2771 2994 2820 3044 et
2844 2988 2987 3046 alius
3015 2988 3269 3053 comedat,
3299 2992 3349 3043 et
3368 2984 3644 3060 progenies

1971 3115 2015 3176 Ο
2046 3095 2162 3136 mea
2180 3079 2498 3176 eradicatur.

2122 3169 2357 3226 15.8erit
2364 3166 2584 3238 jejunus
2598 3165 3156 3241 praedicator,etalius
3175 3165 3414 3233 comedit,
3430 3166 3643 3239 quando

2048 3278 2165 3333 qua:
2183 3260 2328 3315 docet
2354 3276 2459 3315 non
2488 3265 2762 3332 operatur.
2802 3289 2872 3299 —
2900 3258 3051 3315 More
3070 3257 3210 3315 sacri
3231 3257 3439 3331 eloquii
3469 3273 3645 3315 serere

2049 3349 2307 3419 dicimus,
2325 3349 2493 3407 verba
2506 3350 2635 3406 vitae
2656 3348 2972 3423 praedicare.
2992 3349 3135 3407 Hinc
3156 3348 3360 3405 etenim
3381 3348 3648 3421 propheta

2050 3443 2161 3499 ait:
2221 3442 2376 3500 Beati
2429 3442 2521 3514 qui
2557 3442 2827 3499 seminatis
2873 3458 3032 3514 super
3076 3456 3251 3497 omnes
3281 3456 3451 3511 aquas
3479 3438 3643 3512 (Isai.

2048 3550 2234 3603 xxxii,
2265 3532 2346 3604 2).
2392 3533 2414 3568 ⁵
2463 3532 2673 3589 Sanctae
2713 3529 2915 3605 quippe
2958 3528 3219 3588 Ecclesiae
3260 3527 3646 3601 praedicatores

2049 3638 2212 3696 super
2241 3636 2432 3679 omnes
2478 3637 2646 3695 aquas
2688 3619 2957 3676 seminare
2987 3616 3297 3692 conspexit,
3340 3617 3471 3692 quia
3496 3633 3646 3676 cun-

2049 3713 2153 3769 ctis
2200 3713 2308 3769 late
2363 3710 2585 3785 populis
2613 3708 2782 3764 verba
2821 3708 2973 3777 vitai,
3019 3707 3175 3781 quasi
3204 3707 3442 3763 coelestia
3487 3706 3647 3779 panis

2051 3818 2237 3875 grana,
2266 3801 2634 3857 tradiderunt.
2668 3797 2965 3855 Comedere
3007 3804 3190 3852 autem
3217 3802 3299 3849 est
3324 3794 3486 3850 bonis
3514 3812 3648 3867 ope-

2049 3894 2204 3950 ribus
2232 3891 2442 3948 satiari.
2495 3889 2649 3947 Unde
2677 3905 2773 3962 per
2819 3886 3166 3959 semetipsam
3209 3884 3427 3942 Veritas
3461 3882 3600 3941 dicit
3632 3903 3644 3942 :

2048 3984 2199 4045 Meus
2226 3980 2370 4037 cibus
2396 3986 2470 4036 est
2490 3985 2549 4035 ut
2570 3978 2772 4051 faciam
2796 3978 3119 4033 uoluntatem
3144 3972 3257 4043 ejus
3281 3972 3376 4045 qui
3399 3972 3545 4029 misit
3565 3989 3646 4030 me

2049 4073 2240 4145 (Joan.
2278 4088 2357 4141 1v,
2380 4068 2498 4144 34).
2532 4068 2589 4126 Si
2622 4085 2752 4143 ergo
2780 4083 2844 4124 ea
2873 4082 2994 4141 quae
3021 4063 3255 4139 protulit
3283 4062 3463 4120 facere
3492 4079 3644 4137 prat-

2049 4163 2308 4232 termisit,
2338 4162 2454 4219 ait:
2488 4162 2693 4230 Seram,
2732 4165 2779 4215 et
2808 4157 2950 4215 alius
2978 4156 3230 4214 comedat.
3262 4156 3345 4213 Ac
3388 4155 3435 4211 si
3464 4162 3648 4229 aperte

2050 4255 2232 4313 dicat:
2266 4250 2426 4322 Quod
2454 4268 2514 4308 os
2544 4266 2728 4307 meum
2771 4248 3041 4324 loquitur,
3071 4263 3183 4304 non
3213 4263 3333 4320 ego,
3370 4244 3463 4302 sed
3508 4245 3647 4302 alter

2049 4353 2323 4420 operetur.
2341 4342 2675 4415 Praedicator
2701 4341 2904 4416 quippe
2925 4343 3071 4405 686
3100 4338 3195 4414 qui
3220 4354 3252 4395 a
3271 4336 3385 4395 suis
3412 4336 3644 4395 vocibus

2050 4443 2298 4501 moribus
2325 4440 2625 4514 discrepat,
2645 4437 2872 4512 jejunus
2899 4437 3032 4495 serit
3051 4436 3199 4512 quod
3228 4436 3368 4493 alius
3398 4435 3648 4493 mandu—

2048 4541 2155 4604 cet,
2204 4532 2335 4606 quia
2381 4547 2481 4588 suo
2524 4529 2733 4587 semine
2766 4528 2881 4602 ipse
2920 4544 3034 4584 non
3071 4527 3335 4601 pascitur,
3363 4525 3585 4600 quando
3613 4540 3645 4582 a

2047 4623 2202 4681 verbi
2230 4622 2317 4679 sui
2362 4618 2697 4679 rectitudine
2729 4634 2898 4692 prava
2930 4617 3146 4675 actione
3174 4624 3459 4674 vacuatur.
3496 4614 3643 4690 [νει.

2055 4716 2160 4775 VII
2159 4715 2193 4771 Ι
2196 4712 2315 4788 .]Et
2335 4712 2465 4789 quia
2482 4711 2806 4785 plerumque
2822 4708 3081 4783 discipuli
3096 4709 3372 4767 incassum
3391 4708 3537 4765 bona
3551 4722 3645 4763 aue

2047 4804 2361 4873 diunt,cum
2376 4819 2445 4860 ex
2456 4800 2705 4875 magistri
2721 4800 2835 4857 vita
2845 4815 3074 4873 operum
3086 4800 3340 4872 exemplo
3355 4796 3652 4852 destruun-

2046 4900 2158 4964 tur,
2187 4901 2334 4951 recte
2361 4892 2749 4965 subjungitur:
2784 4893 2859 4948 Et
2872 4889 3149 4963 progenies
3177 4904 3292 4943 mea
3320 4884 3641 4941 eradicetur.

2122 4986 2208 5043 16.
2242 4986 2380 5055 Ejus
2398 4983 2671 5057 progenies
2687 4982 3014 5050 eradicatur,
3036 4978 3163 5050 quia
3176 4993 3306 5047 quos
3320 4989 3420 5047 per
3436 4971 3650 5031 verbum

2047 5076 2233 5151 gignit,
2251 5093 2352 5149 per
2377 5075 2676 5148 exemplum
2696 5078 2865 5129 necat.
2887 5100 2958 5113 -
2985 5067 3238 5126 Doctoris
3266 5061 3415 5121 enim
3443 5079 3651 5139 proge-

2051 5242 2236 5301 Germ.
2268 5238 2490 5314 proprio
2518 5245 2692 5314 marte
2718 5233 2799 5314 sic
2826 5229 3219 5314 locumﬁhunc‘
3238 5234 3597 5314 mutaverunt
3630 5247 3643 5288 :

2050 5303 2358 5371 constrictus
2370 5303 2432 5369 ’δε
2442 5330 2542 5385 per
2555 5309 2745 5368 illicita
2765 5304 3174 5379 ducere,sibique
3186 5303 3453 5376 famulari
3467 5304 3650 5361 oculus

2048 5388 2297 5517 "oiuiiti.
2329 5452 2438 5524 CL,
2482 5461 2531 5512 et
2555 5449 2735 5512 exiens
2761 5450 2921 5525 foris.
2953 5449 3117 5511 Corb.
3160 5448 3373 5521 Germ.,
3418 5446 3647 5508 Ebroic.

2049 5548 2113 5589 ac
2142 5532 2315 5599 Prat.,
2346 5527 2593 5603 etgexiens
2620 5526 2793 5603 foras.
2872 5598 2917 5603 _
2977 5598 2992 5603 _
3055 5596 3067 5603 ,

2120 5606 2141 5640 δ
2164 5594 2343 5683 ,Ρτθίη
2387 5600 2595 5683 Sancta
2620 5594 2818 5674 quippe
2863 5596 3102 5660 Ecclesia
3146 5594 3646 5671 pradicatores...“

2051 5676 2307 5736 seminare
2329 5676 2615 5746 conspexit.
