4162 6184
527 219 627 275 199
748 276 751 281 ,
1620 186 1629 193 ’
1729 213 1976 274 SANCTI
2013 213 2108 276 GR

2213 213 2349 277 DRII
2386 218 2615 279 MAGNI

3715 233 3819 291 200

525 341 646 397 nies
674 336 985 394 eradicatur
1013 336 1233 411 quando
1262 337 1310 393 is
1356 336 1451 411 qui
1480 352 1577 409 per
1605 337 1837 395 verbum
1866 341 2113 398 nascitur
2141 344 2195 403 A
2223 344 2311 400 nis
2337 345 2536 415 gaudia
2569 356 3005 423 consequuntur.
3041 350 3169 409 Haec
3202 354 3389 425 paucis
3419 368 3516 427 per
3545 370 3827 418 excessum

525 444 622 499 per
649 427 964 498 exemplum
1012 432 1255 495 necatur,
1286 425 1416 498 quia
1457 442 1620 499 quem
1663 427 1852 500 lingua
1882 429 2119 501 vigilans

524 516 721 588 gignit,
750 516 880 571 vitae
901 515 1229 587 negligentia
1252 516 1474 573 occidit.
1495 517 1681 589 Neque
1701 519 1850 573 enim
1872 518 2117 592 torpenti

522 604 685 661 nobis
713 613 794 660 est
810 612 988 659 mente
1017 604 1415 661 transeundum
1441 605 1588 678 quod
1604 607 1750 678 apud
1766 608 2116 665 Salomonem

523 695 723 751 mulier
751 694 949 759 ﬁlium,
1006 710 1167 765 quem
1212 695 1449 765 vigilans
1502 695 1703 752 lactare
1732 705 2118 767 consueverat,

521 782 801 837 dormiens
828 782 1109 838 interemit
1141 783 1259 856 (ΙΙΙ
1275 787 1397 857 Reg.
1429 803 1514 854 ιιι,
1549 786 1663 859 19),
1693 786 1824 859 quia
1851 788 2119 843 nimirum

520 870 767 944 magistri
814 870 1108 943 vigilantes
1154 872 1375 945 quidem
1410 875 1662 944 scientia,
1693 875 1789 931 sed
1835 876 1952 931 vita
1979 876 2120 933 dor-

519 960 776 1030 mientes,
798 960 1076 1017 auditores
1101 978 1230 1017 suos
1254 978 1391 1035 quos
1406 978 1503 1035 per
1530 963 1750 1034 vigilias
1776 964 2118 1036 praedicatio-

518 1049 607 1106 nis
635 1049 910 1118 nutriunt,
936 1048 1069 1105 dum
1104 1049 1251 1123 quod
1279 1049 1475 1107 dicunt
1492 1049 1668 1108 facere
1700 1052 2007 1126 negligunt,
2023 1069 2120 1126 per

517 1156 777 1196 somnum
804 1137 1047 1212 torporis
1074 1138 1356 1209 occidunt,
1378 1147 1433 1196 et
1451 1140 1777 1214 negligendo
1794 1143 2120 1216 opprimunt

519 1245 657 1302 quos
684 1230 828 1285 alere
848 1227 1144 1284 verborum
1165 1228 1305 1285 lacte
1324 1228 1677 1287 videbantur.
1701 1230 1857 1288 Unde
1878 1232 2115 1306 plerum-

516 1333 622 1390 que
651 1316 785 1373 dum
815 1316 921 1390 ipsi
950 1317 1458 1389 reprehensibiliter
1481 1319 1703 1391 vivunt,
1720 1328 1775 1378 et
1804 1321 2005 1378 habere
2034 1322 2115 1378 di-

520 1407 762 1480 scipulos
803 1406 934 1463 vitae
981 1407 1275 1467 laudabilis
1305 1418 1607 1484 nequeunt,
1656 1419 1714 1467 et
1767 1411 1977 1469 alienos
2006 1412 2114 1469 sibi

514 1494 789 1553 attrahere
834 1506 1130 1569 conantur,
1170 1508 1438 1573 quatenus
1465 1500 1597 1557 dum
1618 1500 1795 1557 bonos
1826 1518 1883 1558 se
1911 1502 2114 1560 habere

514 1604 777 1661 sequaces
795 1589 1113 1657 ostendunt,
1142 1590 1287 1661 apud
1301 1588 1513 1661 judicia
1533 1590 1824 1645 hominum
1848 1600 2113 1649 excusent

2227 435 2494 507 diximus,
2525 447 2587 495 ut
2615 439 2923 498 auditorem
2951 444 3238 515 progenies
3272 446 3286 479 ¹
3320 461 3416 517 per
3435 445 3725 504 doctorum
3740 465 3831 504 ne-

2228 526 2546 598 gligentiam
2578 530 2815 601 qualiter
2838 530 3211 603 exstinguitur
3227 541 3679 604 monstraremus,
3704 538 3834 610 quia

2229 616 2482 689 quisquis
2502 617 2668 688 juxta
2696 619 2803 677 hoc
2847 621 2995 693 quod
3036 621 3282 695 loquitur
3330 640 3443 680 non
3479 626 3646 693 vivit,
3695 643 3835 699 quos

2229 706 2398 761 verbo
2426 708 2616 778 genuit
2644 725 2676 765 a
2705 709 3012 766 stabilitate
3044 711 3393 769 rectitudinis
3424 731 3588 786 opere
3619 716 3833 772 evellit.

2228 804 2334 863 Sed
2376 805 2569 863 beatus
2600 803 2744 862 687
2771 809 2893 880 Job,
2956 827 3093 883 quos
3149 809 3539 882 praedicatione
3598 812 3839 881 vigilans

2228 895 2427 965 edidit,
2449 911 2794 971 nequaquam
2808 900 3026 956 actione
3049 898 3331 956 dormiens
3358 900 3654 967 exstinxit,
3672 907 3836 973 atque

2228 983 2353 1042 ideo
2372 985 2607 1043 ﬁdenter
2627 987 2765 1046 dicit
2792 1006 2804 1045 :
2838 988 2895 1044 Si
2916 988 3217 1061 quominus
3240 988 3510 1061 praedicta
3536 989 3832 1061 complevi,

2229 1075 2439 1141 Seram,
2463 1081 2511 1131 et
2542 1075 2685 1133 alius
2722 1077 2975 1143 comedat,
3000 1082 3049 1133 et
3070 1076 3347 1149 progenies
3369 1093 3487 1134 mea
3512 1078 3831 1135 eradicetur.

2226 1163 2332 1232 Qui
2355 1164 2539 1224 adhuc
2558 1164 2700 1240 sejde
2721 1166 3107 1241 inquinatione
3121 1167 3279 1242 pravi
3299 1168 3482 1241 operis
3506 1167 3831 1236 discutiens,

2226 1255 2414 1316 subdit
2452 1273 2464 1311 :

2568 1346 2799 1405 CAPUT
2830 1348 2909 1405 XI
2959 1345 3101 1422 [Vet.
3135 1352 3184 1402 et
3206 1349 3329 1406 Rec.
3355 1345 3484 1421 IX].

2294 1437 2468 1494 Vnus.
2496 1437 2550 1493 9.
2583 1467 2655 1479 —
2678 1437 2738 1494 Si
2761 1438 3025 1509 deceptum
3066 1442 3143 1492 est
3169 1453 3261 1493 cor
3300 1453 3474 1493 meum
3516 1452 3675 1509 super
3703 1453 3834 1493 mu-

2227 1528 2373 1596 liere,
2403 1535 2453 1584 et
2478 1528 2526 1583 si
2553 1529 2625 1584 ad
2653 1528 2848 1584 ostium
2880 1528 2902 1564 ³
2931 1528 3090 1584 amici
3123 1527 3226 1584 mei
3253 1527 3540 1585 insidiatus
3566 1544 3703 1584 sum.

2299 1620 2385 1677 18.
2409 1620 2477 1676 In
2489 1619 2658 1675 sacris
2677 1619 2865 1675 litteris
2883 1619 3207 1676 adulterium
3225 1626 3273 1675 et
3284 1619 3569 1695 fornicatio
3588 1620 3833 1691 aliquan-

515 1679 659 1779 Ῥξίῖδ
686 1686 1014 1779 ίίιξθεαειῑηη
1115 1678 1269 1779 (ἶυίῆῗί
1291 1678 1753 1779 Ρθτξξίιῖὤξξξυω
1770 1680 2111 1779 νξξθδῖηῃξῖλοθ
2147 1702 2193 1763 Β
2224 1709 2293 1764 do
2322 1708 2751 1779 distinguuntur,
2782 1708 3075 1779 aliquando
3110 1708 3247 1764 idem
3284 1678 3505 1764 sonant.
3547 1678 3836 1779 Utrumque

513 1766 732 1822 tiferam
748 1775 933 1839 tegant
953 1767 1363 1839 negligentiam.
1396 1767 1550 1825 Unde
1570 1768 1689 1827 illic
1710 1770 1908 1827 mulier
1937 1770 2115 1845 ﬁlium

514 1854 644 1930 quia
672 1855 945 1912 exstinxit
972 1855 1280 1929 proprium,
1310 1858 1568 1931 quaesivit
1594 1858 1858 1916 alienum.
1892 1859 1999 1917 Sed
2022 1869 2117 1917 ta-

513 1961 641 2002 men
670 1962 857 2002 veram
882 1953 1111 2001 matrem
1141 1946 1451 2005 Salomonis
1479 1948 1693 2021 gladius
1714 1950 1952 2018 invenit,
1985 1949 2116 2024 quia

512 2035 775 2093 videlicet
803 2037 962 2109 cujus
990 2037 1203 2094 fructus
1232 2037 1406 2107 vivat‘,
1437 2038 1525 2094 vel
1556 2039 1720 2113 cujus
1747 2038 2000 2110 intereat,
2021 2058 2115 2098 ex-

512 2133 690 2182 tremo
717 2126 972 2183 examine
1001 2126 1083 2181 ira
1110 2126 1350 2184 districti
1374 2126 1584 2200 judicis
1611 2127 1975 2187 demonstrat.
2006 2130 2113 2187 Ubi

511 2221 567 2270 et
594 2213 736 2271 illud
763 2222 844 2272 est
878 2215 1113 2271 solerter
1160 2215 1514 2285 intuendum,
1558 2217 1707 2289 quod
1735 2217 1932 2275 vivens
1960 2218 2115 2276 ﬁlius

511 2304 670 2376 prius
697 2304 877 2362 dividi
906 2305 1246 2378 praecipitur,
1275 2314 1337 2362 ut
1393 2306 1498 2363 soli
1548 2307 1901 2380 postmodum
1949 2308 2114 2365 matri

511 2393 795 2465 reddatur,
828 2393 960 2469 quia
1004 2395 1064 2451 in
1094 2395 1199 2453 hac
1226 2395 1342 2451 vita
1370 2395 1525 2469 quasi
1568 2396 1763 2468 partiri
1792 2397 2116 2454 conceditur

511 2483 628 2539 vita
654 2484 939 2557 discipuli,
970 2484 1102 2541 dum
1131 2501 1201 2541 ex
1230 2484 1327 2541 illa
1354 2500 1756 2558 nonnunquam
1802 2486 1942 2542 alter
1970 2487 2116 2558 apud

512 2574 688 2629 Deum
735 2573 1022 2641 meritum,
1074 2573 1213 2628 alter
1241 2590 1372 2630 vero
1420 2574 1567 2645 apud
1608 2573 1865 2631 homines
1894 2576 2114 2633 laudem

518 2659 719 2717 habere
756 2660 1117 2733 permittitur.

584 2768 670 2824 17.
701 2768 926 2825 Amissis
945 2768 1184 2841 propriis
1211 2768 1364 2841 ﬁliis,
1392 2769 1598 2826 alienos
1619 2769 1795 2827 vivere
1810 2771 2025 2830 invidet.
2043 2804 2115 2817 —

518 2855 626 2914 Sed
653 2856 791 2915 falsa
818 2865 993 2915 mater
1018 2874 1145 2914 eum
1192 2874 1355 2932 quem
1402 2874 1514 2915 non
1547 2859 1760 2932 genuit,
1791 2861 1971 2918 occidi
2000 2880 2113 2920 non

513 2947 734 3018 metuit,
758 2948 889 3022 quia
916 2954 1233 3021 arrogantes
1260 2948 1511 3021 magistri
1531 2957 1585 3006 et
1604 2949 1893 3008 charitatis
1912 2952 2111 3025 ignari,

508 3035 557 3095 si
587 3038 971 3111 plenissimum
1016 3053 1220 3094 nomen
1262 3037 1442 3094 laudis
1494 3054 1565 3094 ex
1593 3039 1791 3096 alienis
1819 3039 2109 3115 discipulis

510 3128 774 3200 consequi
818 3134 1121 3199 nequeunt,
1180 3143 1369 3182 eorum
1399 3126 1572 3184 vitam
1619 3129 1921 3186 crudeliter
1947 3130 2108 3188 inse-

509 3224 777 3291 quuntur.
833 3214 1064 3272 Invidiae
1093 3214 1243 3271 enim
1291 3216 1408 3273 face
1433 3217 1706 3287 succensi,
1750 3219 1950 3276 nolunt
1977 3218 2104 3276 aliis

508 3306 719 3375 vivere,
750 3322 887 3380 quos
946 3321 1003 3362 se
1058 3305 1407 3378 conspiciunt
1460 3323 1572 3364 non
1602 3325 1757 3381 posse
1803 3309 2101 3382 possidere.

507 3395 662 3453 Unde
683 3394 802 3451 illic
828 3410 1082 3468 perversa
1110 3395 1311 3451 mulier
1338 3396 1567 3453 clamat:
1600 3398 1705 3454 Nec
1732 3416 1872 3455 meus
1900 3399 1988 3467 sit,
2016 3417 2106 3455 nec

504 3485 661 3541 istius
684 3485 872 3557 (Ibid.,
889 3484 1004 3559 26).
1029 3486 1100 3542 Ut
1119 3485 1267 3542 enim
1288 3485 1555 3557 diximus,
1578 3503 1719 3560 quos
1746 3488 1853 3545 sibi
1875 3488 2104 3562 obsequi

506 3591 620 3630 non
647 3573 841 3629 vident
858 3574 922 3629 ad
943 3574 1172 3646 gloriam
1193 3575 1573 3648 temporalem,
1591 3592 1683 3633 eos
1706 3578 1833 3634 aliis
1849 3578 2105 3635 invident

506 3664 696 3731 vivere
723 3681 821 3738 per
848 3665 1154 3721 veritatem.
1191 3666 1335 3724 Vera
1379 3676 1562 3724 autem
1613 3675 1788 3725 mater
1817 3670 2014 3741 satagit
2040 3678 2104 3726 ut

505 3753 624 3828 ejus
654 3754 805 3811 ﬁlius
831 3756 1023 3811 saltem
1053 3754 1199 3827 apud
1225 3763 1541 3813 extraneam
1570 3756 1643 3813 sit
1671 3765 1725 3813 et
1762 3757 1940 3827 vivat,
1973 3757 2104 3830 quia

504 3845 815 3904 concedunt
844 3862 1064 3903 veraces
1093 3844 1341 3919 magistri
1371 3853 1433 3902 ut
1478 3863 1548 3903 ex
1590 3862 1782 3903 eorum
1812 3846 2103 3920 discipulis

503 3933 600 3991 alii
628 3935 852 4010 quidem
883 3934 1185 4008 magisterii
1205 3934 1423 3991 laudem
1450 3935 1710 4006 habeant,
1731 3936 1779 3993 si
1807 3943 1992 3992 tamen
2020 3936 2103 3992 in-

503 4024 816 4094 tegritatem
844 4025 975 4081 vitae
1004 4024 1174 4080 iidem
1204 4023 1466 4097 discipuli
1509 4038 1620 4081 non
1665 4025 1947 4082 amittant.
2001 4026 2105 4082 Per

503 4125 625 4182 quae
653 4111 874 4182 pietatis
902 4112 1113 4168 viscera
1140 4111 1259 4169 haec
1284 4112 1475 4169 eadem
1505 4128 1635 4169 vera
1649 4121 1825 4169 mater
1839 4114 2103 4185 agnosci-

501 4206 616 4268 tur,
648 4199 775 4271 qnia
803 4215 966 4255 omne
1011 4200 1388 4272 magisterium
1435 4200 1495 4257 in
1529 4200 1785 4257 examine
1812 4200 2103 4260 charitatis

501 4286 863 4360 approbatur;
882 4295 937 4345 et
964 4289 1080 4346 sola
1092 4289 1333 4363 recipere
1349 4296 1529 4348 totum
1552 4290 1779 4360 meruit,
1801 4306 1923 4364 qua
1943 4290 2102 4363 quasi

500 4383 684 4435 totum
712 4378 1004 4449 concessit,
1037 4379 1167 4453 quia
1193 4378 1382 4438 ﬁdeles
1396 4379 1699 4455 praepositi,
1729 4396 1830 4454 pro
1857 4397 1923 4438 eo
1952 4381 2101 4455 quod

500 4482 570 4525 ex
598 4466 761 4525 bonis
788 4466 1077 4543 discipulis
1105 4471 1218 4528 suis
1246 4487 1360 4529 non
1386 4473 1567 4529 solum
1596 4471 1722 4528 aliis
1754 4471 1971 4529 laudem
1988 4487 2101 4533 non

499 4556 778 4629 invident,
809 4559 903 4616 sed
931 4560 1229 4618 utilitatem
1252 4562 1331 4619 eis
1350 4563 1515 4619 etiam
1544 4563 1824 4637 profectus
1843 4572 2098 4635 exorant,

501 4646 609 4721 ipsi
624 4653 680 4702 et
706 4646 950 4720 integros
968 4655 1023 4704 et
1050 4648 1301 4707 viventes
1320 4651 1464 4709 ﬁlios
1479 4653 1779 4726 recipiunt,
1801 4652 2023 4726 quando
2037 4652 2098 4708 in

497 4749 755 4812 supremo
783 4737 1036 4796 examine
1060 4753 1131 4795 ex
1159 4753 1349 4795 eorum
1370 4740 1485 4798 vita
1502 4740 1756 4814 perfectae
1783 4740 2099 4798 retributio-

572 4978 592 5059 ξ
619 4974 746 5059 Yal.
776 4974 885 5059 C1,,
908 4972 1526 5059 perﬂdoctorumpita‘m.

568 5046 592 5080 ³
620 5044 978 5122 Corruptein
1007 5046 1280 5122 Germ._et
1316 5045 1376 5122 in
1393 5044 1529 5122 _Ed.
1560 5052 1794 5122 recenti,
1824 5053 1946 5122 tum
1987 5046 2095 5106 hoc

497 5115 642 5192 loco,
671 5115 987 5192 tum—infra,
1005 5117 1360 5192 inimici
1392 5118 1456 5192 I_n
1485 5126 1643 5192 textu
1672 5115 1839 5192 Hebr.
1872 5118 2098 5192 ejusque

495 5187 854 5263 versionibus‘
864 5187 1122 5263 omnibus
1141 5190 1342 5263 legitur
1359 5190 1432 5247 ad
1450 5191 1640 5263 ostium
1655 5189 1814 5263 amici
1838 5187 1926 5263 vel
1941 5187 2092 5261 socii,

496 5263 591 5337 aut
612 5259 855 5337 proximi
880 5262 1000 5337 mei.
1032 5258 1464 5337 Idemjhabetur
1485 5262 1548 5337 in
1572 5258 1787 5337 omnib.
1817 5262 1946 5337 M_ss.
1978 5258 2091 5319 Αιιέ

530 5327 893 5411 lic:,nNorm..,
923 5331 1404 5411 Laud;,_Vi_n_doc._,
1426 5334 1590 5411 Corb.
1622 5334 1835 5403 Germ.,
1858 5334 2093 5403 Turon.,

548 5398 621 5453 al.
646 5397 817 5481 Cl..et
842 5397 901 5456 in
922 5410 1032 5458 vet.
1068 5397 1175 5460 Ed.
1203 5397 1401 5481 Mirari
1420 5407 1571 5463 subit
1597 5414 1710 5481 tam
1738 5397 1991 5481 crassum
2013 5397 2095 5462 er;

495 5484 677 5552 rorem
706 5475 787 5552 sic
814 5481 1170 5552 propagatum
1200 5475 1620 5552 fuisse,‘contra_
1641 5477 1910 5537 Codicum
1937 5478 2094 5549 Mss.,

493 5540 612 5597 sive
634 5541 697 5613 SA.
729 5540 1045 5613 Scripturaa,
1074 5544 1191 5600 sive
1227 5540 1519 5606 Moralium
1548 5549 1736 5606 ﬁdem.

567 5614 589 5695 ξ
619 5610 724 5670 Hic
751 5610 1039 5696 medemur
1062 5615 1386 5696 obscuritati
1413 5628 1621 5696 textus,
1653 5637 1892 5696 eumque
1922 5619 2096 5696 resti-

493 5683 705 5745 tuimus
741 5683 991 5745 adhibita
1044 5686 1379 5760 parenthesi,
1431 5699 1487 5750 et
1527 5683 1772 5752 detracta
1801 5683 2095 5765 'particula

2221 1799 2570 1871 prohibitum.
2603 1798 2686 1854 Ab
2713 1797 2952 1870 utrisque
2975 1800 3056 1856 vel
3088 1798 3393 1871 cogitatione
3423 1800 3520 1855 Job
3555 1799 3829 1856 abstinuit.

2224 1919 2295 1929 —
2309 1886 2571 1954 Quamvis
2587 1903 2986 1960 nonnunquam
3003 1904 3033 1944 a
3048 1897 3201 1945 reatu
3214 1887 3471 1945 adulterii
3487 1902 3832 1961 nequaquam

2223 1975 2494 2049 discrepet
2514 1975 2676 2046 culpa
2694 1975 3098 2043 fornicationis,
3123 1992 3252 2033 cum
3272 1975 3492 2032 Veritas
3513 1975 3664 2032 dicat
3689 1992 3701 2031 :
3730 1975 3833 2032 Cui

2221 2064 2415 2120 viderit
2441 2064 2535 2135 (D.
2555 2064 2646 2130 32,
2674 2080 2726 2134 q.
2753 2064 2810 2129 5,
2833 2080 2950 2135 cap.
2973 2063 3062 2135 13)
3080 2063 3354 2118 mulierem
3378 2064 3450 2119 ad
3475 2063 3833 2134 concupiscen-

2222 2156 2347 2211 dum
2375 2172 2511 2221 eam,
2531 2153 2652 2224 jam
2678 2154 2961 2209 moechatus
2990 2159 3064 2209 est
3086 2171 3201 2209 eam
3234 2154 3291 2209 in
3308 2156 3463 2211 corde
3488 2171 3583 2211 suo
3614 2156 3828 2227 (Matth.

2222 2262 2279 2314 v,
2318 2243 2434 2318 28).
2469 2244 2516 2317 (³
2544 2244 2686 2312 Quia
2728 2243 2877 2300 enim
2920 2243 3111 2301 Graeco
3136 2243 3308 2300 verbo
3337 2244 3587 2301 moechus
3616 2244 3833 2301 adulter

2222 2336 2448 2407 dicitur,
2495 2353 2623 2393 cum
2658 2352 2769 2392 non
2807 2334 2987 2392 aliena
3016 2334 3242 2407 conjux,
3296 2334 3392 2393 sed
3421 2336 3623 2393 mulier
3653 2334 3831 2392 videri

2223 2426 2572 2499 prohibetur,
2612 2432 2796 2498 aperte
2824 2425 3045 2483 Veritas
3072 2423 3315 2481 ostendit
3356 2425 3485 2499 quia
3514 2426 3683 2481 etiam
3712 2426 3830 2483 solo

2223 2517 2350 2573 visu
2379 2531 2507 2572 cum
2530 2515 2769 2588 turpiter
2796 2515 2885 2570 vel
2908 2515 3141 2587 innupta
3159 2515 3589 2587 concupiscitur,
3618 2515 3829 2572 adulte-

2224 2605 2372 2661 rium
2414 2604 2808 2677 perpetratur.)
2863 2603 3068 2659 Tamen
3109 2604 3430 2677 plerumque
3460 2620 3531 2660 ex
3562 2605 3703 2673 loco,
3735 2605 3828 2661 vel

2223 2694 2419 2770 ordine
2450 2691 2894 2766 concupiscentia
2923 2692 3278 2761 discernitur,
3328 2693 3458 2766 quia
3499 2694 3715 2751 scilicet
3744 2694 3828 2753 sic

2223 2784 2375 2842 hunc
2406 2784 2463 2839 in
2500 2798 2654 2840 sacro
2690 2780 2882 2838 ordine
2912 2781 3159 2837 studiosa
3184 2782 3653 2853 concupiscentia,
3683 2782 3829 2840 sicut

2223 2874 2385 2930 illum
2404 2870 2665 2929 adulterii
2688 2870 2943 2943 inquinat
2958 2870 3137 2941 culpa.
3160 2869 3223 2923 In
3243 2869 3492 2939 personis
3507 2877 3692 2927 tamen
3713 2888 3826 2928 non

2222 2961 2593 3020 dissimilibus
2638 2959 2785 3016 idem
2824 2958 3060 3013 luxuriat
3103 2955 3466 3030 distinguitur
3511 2965 3716 3028 reatus,
3764 2961 3825 3016 in

2143 3064 2188 3127 C.
2219 3056 2425 3136 quibus
2448 3049 2832 3111 fornicationis
2872 3049 3054 3121 culpa,
3101 3048 3231 3122 quia
3278 3048 3345 3105 ab
3378 3046 3638 3105 adulterii
3665 3058 3824 3109 reatu

2216 3144 2570 3211 discernitur,
2660 3137 3031 3213 praedicatoris
3121 3136 3325 3210 egregii
3387 3137 3575 3210 lingua
3641 3147 3823 3197 testa.

2214 3245 2324 3306 tur,
2389 3233 2485 3307 qui
2551 3232 2694 3287 inter
2772 3234 2969 3285 caetera
3042 3228 3255 3296 asserit,
3329 3226 3520 3285 dicens
3575 3246 3588 3285 :
3646 3230 3823 3301 Neque

2212 3321 2714 3399 fornicarii,-neque
2741 3317 2904 3373 idolis
2941 3318 3241 3385 servientes,
3270 3334 3445 3388 neque
3457 3317 3711 3385 adulteri,
3740 3336 3821 3375 re.

2211 3433 2371 3489 gnum
2409 3411 2509 3469 Dei
2543 3407 2884 3482 possidebunt
2923 3407 2989 3478 (Ι
3036 3406 3161 3463 Cor.
3191 3424 3271 3475 vr,
3302 3406 3384 3479 9).
3420 3408 3442 3444 ⁴
3469 3407 3631 3476 Quod
3670 3409 3818 3465 enim

2212 3506 2493 3579 disjuncto
2540 3498 2716 3555 reatui
2752 3497 3081 3554 sententiam
3123 3496 3330 3565 subdit,
3363 3513 3529 3570 quam
3575 3497 3734 3554 valde
3787 3515 3820 3555 a

2210 3614 2268 3654 se
2297 3594 2562 3653 dissideat
2606 3590 2869 3650 ostendit.
2912 3592 3016 3647 Per
3062 3589 3169 3649 hoc
3197 3606 3327 3663 ergo
3372 3590 3543 3664 quod
3565 3590 3770 3649 dicitur
3800 3608 3812 3647 :

2215 3686 2275 3744 Si
2299 3686 2569 3756 deceptum
2604 3688 2679 3738 est
2696 3697 2789 3738 cor
2814 3696 2988 3736 meum
3016 3696 3175 3752 super
3201 3679 3443 3748 muliere,
3473 3695 3651 3753 neque
3674 3680 3816 3752 cogi-

2211 3782 2354 3833 tasse
2372 3774 2461 3829 vir
2480 3780 2703 3829 sanctus
2728 3770 2798 3827 de
2820 3769 3205 3827 fornicationis
3227 3769 3443 3825 macula
3461 3768 3817 3826 demonstra-

2210 3873 2322 3921 tur.
2358 3863 2459 3921 Per
2491 3860 2598 3920 hoc
2644 3868 2827 3917 autem
2857 3858 3003 3930 quod
3053 3857 3280 3929 subjicit
3308 3873 3324 3915 :
3352 3858 3427 3913 Et
3456 3856 3504 3912 si
3525 3857 3599 3911 ad
3621 3857 3817 3913 ostium

2210 3952 2370 4011 amici
2400 3950 2504 4007 mei
2529 3949 2818 4005 insidiatus
2845 3962 2983 4012 sum,
3009 3951 3257 4017 patenter
3282 3944 3577 4001 innotescit
3605 3945 3753 4018 quod
3782 3961 3817 4002 a

2210 4050 2368 4100 reatu
2399 4038 2658 4097 adulterii
2679 4037 2820 4094 liber
2839 4035 2965 4092 fuit.
2985 4033 3090 4091 Sed
3123 4033 3191 4090 ad
3211 4032 3331 4091 haec
3358 4032 3590 4091 fortasse
3610 4034 3814 4107 aliquis

2211 4132 2396 4189 dicat:
2431 4130 2578 4198 Quid
2601 4129 2669 4187 de
2697 4143 2755 4185 se
2781 4126 2985 4183 mirum
3005 4130 3225 4182 sanctus
3251 4122 3341 4179 vir
3369 4124 3583 4195 asserit,
3618 4125 3667 4181 si
3699 4140 3813 4180 non

2210 4222 2392 4279 solum
2425 4218 2495 4276 ab
2522 4217 2780 4275 adulterii
2807 4215 3059 4284 crimine,
3090 4229 3282 4270 verum
3311 4214 3478 4271 etiam
3501 4231 3533 4271 a
3560 4213 3813 4272 fornica-

2211 4310 2381 4366 tionis
2404 4308 2786 4381 inquinatione
2814 4323 2872 4364 se
2900 4306 3135 4364 liberum
3164 4303 3455 4361 servavit?
3478 4304 3608 4361 Haec
3627 4310 3811 4360 autem

2130 4426 2181 4487 Β
2211 4396 2688 4472 parvipendimus,
2731 4397 2779 4453 si
2809 4396 3081 4487 virtutum
3123 4392 3256 4487 ejus
3286 4401 3535 4487 tempora
3581 4393 3813 4487 minime

2212 4505 2523 4564 pensamus.
2549 4484 2794 4543 Necdum
2824 4484 2974 4539 enim
3007 4481 3077 4539 ad
3102 4481 3505 4540 restrictionem
3532 4482 3714 4541 carnis
3732 4497 3812 4538 re-

2210 4580 2403 4637 velata:
2433 4575 2619 4650 gratia;
2669 4571 2975 4630 districtior
3020 4588 3253 4630 censura
3302 4578 3654 4645 processerat,
3688 4585 3809 4642 qua

2209 4684 2321 4725 non
2342 4667 2526 4724 solum
2546 4663 2814 4737 corporis,
2836 4660 2930 4720 sed
2950 4669 3005 4721 et
3018 4660 3200 4720 cordis
3222 4660 3504 4719 lasciviam
3520 4656 3810 4731 reprehen-

2206 4756 2312 4815 dit.
2345 4754 2592 4816 Necdum
2620 4755 2924 4811 multorum
2943 4750 3346 4812 continentium
3376 4747 3644 4806 castitatis
3661 4747 3809 4806 bona

2208 4972 2369 5048 quod,
2398 4979 2553 5048 gite,
2578 4978 2751 5030 tamen
2770 4972 3101 5045 plerumque,
3124 4984 3244 5043 quas
3274 4964 3520 5048 abundat
3537 4967 3601 5048 in
3618 4962 3803 5048 Germ.

2208 5038 2280 5177 2:1
2281 5038 2609 5174 (ilnt'aEdit'is,
2666 5052 2723 5104 et
2750 5038 2872 5120 quae
2923 5038 3115 5103 contra
3138 5038 3289 5102 ‘caat.
3342 5039 3473 5100 Mss.
3529 5038 3695 5097 ﬁdem
3723 5044 3807 5095 est

2322 5136 2339 5173 l
2406 5160 2419 5173 .

2322 5118 2419 5174 ita.

2275 5191 2299 5225 ⁸
2338 5186 2865 5265 Sanavimus_et_iam
2894 5185 3046 5244 hunc
3074 5185 3260 5265 locum
3305 5185 3365 5242 in
3399 5183 3608 5265 Germ.,
3636 5180 3803 5240 Corb.

2205 5261 2390 5319 Germ.
2443 5267 2498 5317 et
2549 5260 2609 5316 in
2656 5259 2839 5315 Editis
2872 5256 3378 5330 corruptissimum,
3423 5256 3663 5312 maxime
3703 5269 3806 5325 ope

2202 5333 2331 5391 Mss.
2372 5333 2561 5390 Norm.
2593 5331 2980 5401 Nullumsane
3013 5330 3322 5401 legitimum
3349 5332 3806 5401 sensum_extnn-:

2204 5402 2333 5477 dere
2362 5403 2643 5477 potuimus
2670 5416 2740 5455 ex
2779 5399 2868 5477 his
2899 5416 3020 5473 quas
3067 5394 3337 5477 exhibent
3366 5398 3590 5477 Vulgat_i
3620 5415 3633 5454 :
3666 5394 3807 5477 quod

2203 5476 2342 5532 enim
2363 5470 2644 5553 disiunctas
2678 5471 2854 5553 reatui
2884 5470 3151 5553 sententia
3181 5472 3375 5553 subdit,
3406 5470 3511 5553 etc.
3543 5470 3592 5525 E
3613 5474 3807 5553 contra

2205 5555 2354 5622 patet
2381 5538 2580 5622 nostris}
2599 5544 2727 5622 lect.
2757 5538 3551 5622 sensus,__sci_licet.fornicarios
3576 5547 3631 5597 et
3649 5538 3801 5596 adul-

2204 5613 2351 5678 ieros
2380 5617 2438 5675 in
2460 5613 2643 5674 verbis
2672 5614 2923 5691 Apostoli
2951 5613 3239 5687 distingui.

3598 5782 3625 5817 /
