4162 6184
302 358 415 418 201

1095 344 1468 403 MOBALIUM
1498 348 1634 404 LIB.
1675 346 1829 405 XXI.
1866 374 1938 388 —
1971 346 2046 403 IN
2082 345 2308 403 CAPUT
2344 345 2533 401 XXXI
2569 346 2632 402 B.
2672 345 2818 403 JOB.

628 472 959 549 prodierant,
986 476 1042 526 et
1085 478 1270 527 tamen
1298 472 1487 528 beatus
1516 472 1618 529 Job
1645 472 1898 544 exempla
1921 471 1975 532 Α
2003 475 2221 537 terram,
2252 472 2276 506 ⁸
2312 476 2363 525 et
2400 470 2670 526 nascentia
2694 469 2809 541 ejus
2851 467 3033 541 (Deut.
3079 485 3266 541 mn,
3290 472 3410 547 22).
3438 472 3585 546 Ignis

305 568 622 633 munditiae,
653 580 772 636 quae
814 577 926 617 non
972 568 1269 632 acceperat,
1308 561 1572 617 tradebat.
1620 562 1671 617 A
1708 560 1897 617 multis

305 669 493 718 autem
523 669 667 712 nunc
697 650 860 706 etiam
889 657 1013 720 post
1031 648 1457 721 prohibitionem
1478 648 1576 705 Dei
1596 650 1777 705 carnis
1796 650 1895 706 im-

306 744 582 806 munditia
621 745 981 813 perpetretur.
1015 738 1156 793 Hinc
1192 754 1319 809 ergo
1346 738 1713 810 colligendum
1740 745 1842 806 est,
1874 739 1893 773 ¹

306 852 435 905 cum
463 840 617 889 tanta
643 830 807 899 culpa
836 842 984 883 nunc
1010 826 1175 882 etiam
1195 834 1316 898 post
1344 835 1673 899 praeceptum
1695 827 1753 882 in
1781 842 1897 898 gra-

308 926 470 982 vibus
497 916 862 990 delinquitur,
890 930 1015 972 cum
1046 922 1248 986 quanta
1275 915 1434 971 laude
1464 923 1623 970 antea
1648 932 1681 971 a
1707 914 1900 988 gravi-

308 1016 412 1073 bus
424 1006 822 1067 abstinebatur.
841 1002 947 1070 Qui
967 1002 1015 1057 si
1031 1002 1136 1059 hoc
1155 1019 1398 1075 unquam
1418 1005 1629 1071 fecerit,
1650 1004 1898 1060 eamdem

307 1103 527 1174 culpam
555 1095 700 1151 verti
721 1092 829 1150 sibi
857 1090 1067 1162 expetit
1094 1090 1153 1147 in
1182 1107 1421 1163 poenam,
1451 1091 1639 1148 dicens
1669 1110 1683 1148 :

908 1196 1135 1255 CAPUT
1183 1198 1305 1254 XII.

378 1314 551 1371 Vnus.
584 1309 670 1365 10.
698 1337 769 1349 -
801 1306 1041 1362 Scortum
1072 1304 1295 1359 alterius
1322 1305 1392 1360 sit
1417 1321 1561 1360 uxor
1586 1320 1723 1373 mea,
1747 1310 1797 1359 et
1815 1320 1900 1360 su-

302 1418 404 1475 per
427 1400 579 1455 illam
607 1396 952 1450 incurventur
977 1391 1095 1447 alii.
1638 1406 1641 1409 ν

382 1506 468 1562 19.
518 1499 777 1559 Luxuria:
818 1498 1015 1553 crimen
1058 1513 1220 1568 usque
1262 1497 1333 1552 ad
1356 1496 1701 1569 perditionem
1726 1503 1902 1563 vorat,

306 1608 586 1662 omnesque
613 1589 829 1662 uirtutes
874 1585 1112 1641 destruit.
1145 1585 1307 1641 Nemo
1335 1585 1417 1639 hic
1444 1586 1555 1639 sine
1575 1591 1803 1655 peccato.
1833 1614 1904 1626 —

311 1682 385 1738 Et
413 1656 543 1753 quia
569 1656 891 1749 pleiumque
917 1674 1021 1730 hoc
1041 1673 1188 1746 quod
1216 1673 1466 1729 faciendo
1488 1688 1598 1728 non
1619 1671 1905 1744 perpendi-

308 1786 434 1826 mus
479 1783 639 1841 quam
688 1781 849 1837 grave
895 1764 990 1831 sit,
1022 1762 1281 1835 patiendo
1328 1777 1620 1833 pensamus
1659 1758 1903 1831 ejusdem

2004 561 2205 632 quippe
2246 567 2448 615 terram
2496 566 2657 632 atque
2698 557 2817 630 ejus
2852 558 3130 615 nascentia
3166 560 3423 629 comedit,
3458 578 3586 618 cum

2002 648 2178 705 libido
2203 663 2448 716 carnem,
2476 654 2637 719 atque
2663 662 2763 719 per
2790 645 2933 703 hanc
2958 646 3145 702 omnia
3161 645 3301 702 bene
3319 655 3439 704 acta
3458 665 3585 705 con-

2002 738 2191 795 sumit.
2222 738 2359 794 Nam
2403 736 2673 809 quidquid
2710 734 2892 808 prodit
2929 751 2999 792 ex
3025 736 3182 808 fruge
3217 734 3586 803 rectitudinis,

2005 826 2111 883 hoc
2138 826 2402 882 nimirum
2430 831 2742 881 concremat
2769 823 2988 880 ﬂamma
3014 823 3403 896 corruptionis.
3432 821 3589 877 Dicat

2006 931 2133 986 ergo
2181 932 2193 971 :
2238 913 2383 985 Ignis
2428 919 2503 967 est
2542 928 2703 981 usque
2746 912 2819 967 ad
2858 913 3205 984 perditionem
3236 912 3513 978 devorans,
3542 915 3591 964 et

1986 1002 2185 1058 omnia
2208 1001 2485 1056 eradicans
2510 1000 2792 1070 genimina,
2822 1000 2952 1072 quia
2978 1000 3023 1056 si
3051 1000 3419 1071 corruptionis
3446 997 3589 1053 malo

2008 1107 2119 1147 non
2149 1089 2441 1155 resistitur,
2468 1095 2522 1143 et
2550 1087 2646 1142 illa
2663 1087 2851 1158 procul
2872 1086 3043 1143 dubio
3061 1095 3289 1159 pereunt
3310 1103 3429 1159 qum
3448 1084 3591 1141 bona

2008 1176 2355 1233 videbantur.
2374 1174 2477 1229 Sed
2493 1175 2671 1230 solent
2679 1175 2977 1231 nonnullos
2990 1174 3058 1232 ad
3073 1175 3441 1231 humilitatem
3455 1172 3593 1227 vitia

2008 1274 2268 1332 sternere,
2295 1272 2456 1335 atque
2484 1263 2552 1318 ad
2583 1272 2851 1320 tumorem
2881 1266 3081 1321 mentis
3109 1265 3341 1321 virtutes
3358 1266 3588 1320 elevare.

2012 1354 2151 1429 [Vet.
2182 1352 2278 1426 X.]
2310 1352 2675 1420 Quaerendum
2715 1370 2841 1425 ergo
2882 1354 3043 1410 nobis
3071 1363 3172 1422 est,
3201 1355 3247 1410 si
3278 1354 3467 1409 beatus
3492 1351 3595 1408 Job

2010 1444 2069 1500 in
2122 1450 2272 1498 tanta
2316 1440 2583 1496 castitatis
2638 1440 2911 1497 munditia
2965 1442 3129 1497 etiam
3184 1440 3413 1496 humilis
3465 1439 3590 1496 fuit.

2011 1529 2117 1588 Sed
2144 1537 2364 1585 sanctus
2390 1529 2478 1583 vir
2504 1545 2629 1584 cum
2668 1529 2778 1583 alta
2806 1528 3074 1584 virtutum
3103 1536 3304 1596 teneat,
3338 1543 3501 1600 quam
3525 1525 3596 1582 de

2010 1633 2071 1675 se
2110 1616 2344 1673 humilia
2372 1616 2593 1683 sentiat,
2621 1624 2841 1687 repente
2881 1617 3075 1689 aperit,
3102 1634 3230 1675 cum
3256 1614 3542 1688 subjungit
3577 1629 3592 1669 :

2600 1721 2827 1780 CAPUT
2862 1724 3013 1781 XIII.

307 1860 427 1914 vim
456 1828 716 1913 facinoris
736 1853 881 1927 quod
901 1870 957 1909 se
978 1853 1115 1925 pati,
1136 1852 1181 1906 si
1205 1868 1327 1906 reus
1345 1851 1438 1918 sit,
1468 1850 1663 1905 debere
1691 1848 1901 1904 denun-

2079 1832 2249 1889 Vnns.
2283 1830 2369 1887 13.
2393 1862 2463 1873 -
2482 1830 2541 1888 Si
2567 1834 2847 1903 contempsi
2852 1832 3122 1901 judicium
3135 1834 3597 1890 subirecumseroo

306 1946 442 2011 tiat,
461 1942 817 2017 exprimendo
843 1941 1179 2006 manifestat,
1209 1940 1396 1995 dicens
1424 1958 1437 1995 :

381 2035 558 2091 Vens.
593 2034 676 2100 11,
710 2032 791 2088 12.
821 2062 891 2074 -
917 2032 1028 2087 Hoc
1073 2029 1209 2085 enim
1255 2027 1405 2098 nefas
1451 2033 1529 2083 est
1570 2032 1620 2084 et
1646 2027 1903 2097 iniquitas

304 2125 549 2180 maxima
567 2141 590 2188 ;
616 2123 750 2194 ignis
778 2128 852 2177 est
879 2137 1041 2191 usque
1067 2121 1139 2176 ad
1174 2118 1523 2191 perditionem
1548 2116 1829 2181 devorans,
1856 2120 1907 2169 et

306 2213 487 2269 omnia
514 2210 790 2266 eradicans
821 2209 1106 2280 genimina.

392 2305 535 2365 688
564 2309 679 2365 Hoc
707 2307 853 2364 inter
898 2311 1183 2378 peccatum
1214 2303 1381 2359 distat
1413 2311 1469 2359 et
1496 2301 1726 2369 crimen,
1756 2298 1903 2372 quod

306 2412 474 2454 omne
500 2396 709 2452 crimen
738 2401 1022 2467 peccatum
1049 2400 1151 2461 est,
1181 2408 1292 2447 non
1322 2400 1504 2447 tamen
1532 2404 1694 2446 omne
1719 2401 1905 2460 pecca-

306 2493 429 2541 tum
459 2485 669 2540 crimen
715 2491 815 2539 est.
846 2484 918 2537 Et
954 2482 1012 2536 in
1042 2480 1146 2537 hac
1171 2481 1287 2535 vita
1315 2479 1479 2534 multi
1507 2478 1623 2532 sine
1652 2475 1904 2542 crimine,

302 2573 502 2629 nullus
540 2587 675 2626 vero
704 2585 819 2625 esse
848 2570 967 2624 sine
995 2567 1232 2638 peccatis
1259 2566 1426 2620 valet.
1457 2563 1610 2620 Unde
1638 2570 1692 2617 et
1718 2561 1908 2633 praedi-

302 2669 467 2718 cator
499 2665 745 2725 sanctus,
766 2672 892 2712 cum
922 2656 1104 2709 virum
1135 2654 1364 2724 dignum
1394 2653 1563 2723 gratia
1590 2650 1904 2708 sacerdotali

310 2746 676 2811 describeret,
709 2759 1053 2815 nequaquam
1083 2740 1226 2795 dixit
1252 2757 1264 2794 :
1287 2740 1343 2795 Si
1374 2741 1496 2812 quis
1522 2739 1637 2794 sine
1654 2745 1900 2810 peccato;

307 2835 427 2901 sed,
464 2831 659 2902 Siquis
687 2831 800 2884 sine
817 2829 1036 2883 crimine
1061 2828 1285 2897 esl(Til.
1306 2845 1349 2894 ι,
1379 2828 1457 2897 6).
1487 2826 1619 2894 Quis
1633 2842 1763 2882 vero
1790 2842 1904 2881 esse

310 2924 432 2979 sine
460 2927 681 2993 peccato
709 2918 910 2985 valeat,
939 2933 1064 2972 cum
1103 2916 1338 2971 Joannes
1384 2914 1531 2971 dicat
1561 2932 1573 2969 :
1608 2915 1666 2971 Si
1692 2914 1905 2969 dixeri-

313 3028 434 3067 mus
476 3010 602 3079 quia
634 3013 902 3079 peccatum
941 3023 1045 3060 non
1086 3006 1352 3069 habemus,
1382 3005 1716 3075 nosmetipsos
1743 3005 1906 3058 sedu-

312 3099 502 3165 cimus,
529 3104 576 3151 et
602 3096 798 3151 veritas
828 3095 885 3149 in
902 3094 1169 3148 nobisnon
1198 3099 1272 3147 est
1294 3092 1352 3163 (Ι
1374 3093 1531 3149 loan.
1556 3110 1595 3160 Ι,
1618 3093 1696 3164 8).
1722 3094 1782 3148 In
1799 3108 1907 3163 qua

2009 1936 2122 1976 meo
2149 1922 2171 1955 ⁵
2205 1926 2255 1975 et
2282 1920 2482 1977 ancilla
2505 1936 2642 1986 mea,
2671 1937 2790 1976 cum
2819 1921 3169 1992 disceptarent
3190 1922 3471 1977 adversum
3493 1935 3594 1975 me.

2082 2025 2172 2084 20.
2202 2025 2350 2084 Mira
2376 2026 2474 2081 Job
2491 2026 2551 2081 in
2577 2032 2726 2083 tanta
2749 2028 2871 2082 vita
2894 2026 3193 2082 innocentia
3217 2024 3507 2081 humilitas.
3525 2052 3599 2067 —

2012 2113 2121 2182 Qui
2146 2114 2294 2170 enim
2316 2112 2556 2184 judicari
2584 2132 2710 2173 cum
2725 2115 2901 2172 servis
2922 2115 3247 2188 ancillisqne
3266 2130 3377 2171 non
3391 2113 3595 2181 renuit,

2012 2202 2226 2275 liquido
2236 2201 2443 2259 indicat
2451 2203 2597 2276 quod
2607 2211 2793 2261 contra
2806 2204 3022 2261 nullum
3031 2219 3273 2275 unquam
3283 2201 3599 2275 proximum

2013 2290 2157 2362 apud
2186 2306 2241 2345 se
2269 2291 2518 2348 tumidus
2543 2292 2669 2348 fuit.
2701 2295 2849 2348 lnter
2876 2292 2995 2350 haec
3019 2300 3200 2349 autem
3223 2291 3356 2347 libet
3373 2288 3597 2357 intueri,

2014 2378 2185 2434 vitam
2201 2396 2354 2435 suam
2375 2380 2433 2435 in
2450 2380 2707 2438 omnibus
2722 2390 2924 2454 quanta
2939 2382 3027 2436 vir
3040 2388 3258 2437 sanctus
3270 2378 3600 2436 discretione

2014 2468 2332 2525 custodivit.
2355 2469 2476 2525 Non
2514 2468 2661 2523 enim
2686 2470 2845 2540 longe
2875 2469 3128 2541 superius
3141 2467 3319 2524 dixit:
3348 2466 3600 2529 Videbam

2013 2573 2091 2611 me
2124 2556 2366 2626 juvenes,
2413 2563 2463 2612 et
2504 2557 2974 2623 abscondebantur,
3004 2564 3052 2611 et
3090 2573 3232 2611 senes
3273 2559 3602 2625 assurgentes

2013 2646 2257 2713 stabant;
2280 2647 2545 2719 principes
2572 2648 2838 2703 cessabant
2864 2648 3028 2719 loqui,
3058 2653 3106 2702 et
3121 2647 3341 2717 digitum
3353 2661 3599 2718 superpo-

2012 2736 2203 2791 nebant
2228 2736 2313 2790 ori
2331 2753 2425 2791 suo
2442 2754 2463 2801 ;
2490 2753 2661 2790 vocem
2674 2752 2826 2791 suam
2847 2736 3145 2791 cohibebant
3162 2736 3335 2800 duces,
3354 2740 3402 2789 et
3420 2733 3601 2805 lingua

2012 2841 2193 2879 eorum
2236 2825 2442 2897 gutturi
2482 2843 2575 2881 suo
2621 2826 2937 2882 adhwrebat.
2975 2825 3117 2899 [Rec.
3160 2823 3256 2898 X.]
3285 2825 3445 2881 Nunc
3470 2839 3602 2879 vero

2012 2911 2092 2966 ait
2123 2929 2135 2967 :
2170 2912 2228 2968 Si
2266 2913 2547 2982 contempsi
2578 2912 2847 2981 judicium
2890 2913 3066 2967 subire
3100 2930 3215 2967 cum
3247 2929 3395 2967 servo
3419 2927 3530 2966 meo
3552 2915 3603 2965 et

2013 3006 2214 3061 ancilla
2258 3022 2394 3071 mea,
2439 3022 2556 3060 cum
2591 3004 2734 3060 689
2779 3008 3126 3078 disceptarent
3166 3008 3448 3062 aduersum
3496 3021 3598 3062 me.

2014 3092 2149 3159 Quis
2177 3092 2341 3164 digne
2367 3094 2712 3150 considerare
2741 3095 2920 3150 valeat
2948 3093 3114 3166 hujus
3141 3094 3249 3149 viri
3277 3101 3389 3149 tam
3416 3092 3602 3149 subli—
3646 3156 3649 3161 ί

315 3185 572 3241 videlicet
610 3191 958 3256 peccatorum
989 3189 1041 3237 et
1076 3182 1372 3237 criminum
1402 3180 1755 3237 distinctione
1780 3194 1910 3250 pen-
1938 3175 1982 3236 C
2018 3181 2408 3238 miavirtutum
2422 3182 3035 3255 moderamina‘nnquo
3050 3190 3200 3239 tanta
3213 3190 3295 3238 est
3306 3184 3603 3240 auctoritas

313 3273 545 3331 sandum
566 3280 647 3328 est
667 3272 797 3344 quia
815 3270 1084 3326 nonnulla
1111 3276 1330 3341 peccata
1356 3268 1595 3323 animam
1624 3268 1901 3339 polluunt,

313 3362 341 3401 ²
359 3378 521 3433 quam
542 3360 776 3416 crimina
794 3359 1173 3429 exstinguunt.
1199 3356 1351 3412 Unde
1370 3356 1558 3412 beatus
1576 3355 1677 3411 Job
1692 3354 1901 3411 crimen

314 3450 551 3505 luxuriat
570 3447 858 3516 deﬁniens,
875 3447 951 3502 ait
975 3464 985 3501 :
1020 3446 1166 3516 Ignis
1185 3453 1258 3500 est
1285 3462 1447 3516 usque
1473 3446 1544 3500 ad
1558 3443 1903 3515 perditionem

313 3537 595 3603 devorans,
625 3537 752 3608 quia
794 3534 1059 3590 nimirum
1100 3541 1283 3589 reatus
1310 3532 1475 3604 hujus
1501 3530 1762 3587 facinoris
1792 3545 1904 3584 non

311 3624 499 3679 solum
529 3638 702 3692 usque
747 3622 814 3677 ad
857 3621 1292 3694 inquinationem
1324 3621 1581 3684 maculat,
1612 3618 1707 3675 sed
1734 3632 1907 3689 usque

310 3712 385 3767 ad
417 3709 782 3782 perditionem
808 3718 979 3765 vorat.
1000 3710 1072 3764 Et
1099 3708 1228 3780 quia
1244 3707 1545 3780 quamlibet
1572 3707 1680 3761 alia
1700 3704 1908 3760 fuerint

310 3798 467 3854 bona
496 3812 677 3867 opera,
708 3796 751 3850 si
783 3796 1012 3851 luxuriae
1043 3795 1221 3852 scelus
1249 3810 1361 3850 non
1391 3794 1652 3860 abluitur,
1680 3792 1908 3847 immen-

312 3885 476 3941 sitate
520 3884 690 3956 hujus
729 3884 977 3940 criminis
1005 3884 1335 3950 obruuntur,
1361 3890 1579 3939 secutus
1604 3879 1860 3953 adjunxit
1890 3895 1925 3936 ει

313 3975 392 4030 Et
418 3974 598 4029 omnia
624 3974 901 4029 eradicans
926 3974 1207 4046 genimina.
1236 3972 1528 4029 Genimina
1554 3971 1754 4045 quippe
1779 3976 1909 4027 sunt

313 4064 513 4120 animae
544 4062 893 4134 operationes
910 4062 1089 4119 bonae.
1122 4061 1225 4119 Cui
1261 4069 1438 4116 lamen
1466 4060 1512 4115 si
1541 4075 1795 4132 perverso
1822 4075 1908 4115 or-

318 4150 449 4207 dine
476 4168 603 4207 caro
632 4150 971 4217 dominatur,
996 4151 1119 4222 igne
1147 4149 1383 4205 luxuriae
1410 4148 1596 4205 omnia
1621 4149 1758 4205 bene
1786 4164 1907 4219 pro-

316 4240 430 4295 lata
458 4247 900 4296 concrementur.
931 4238 1093 4295 Nulla
1121 4238 1322 4310 quippe
1357 4244 1483 4293 ante
1519 4237 1910 4310 omnipotentis

317 4327 420 4383 Dei
449 4329 636 4384 oculos
659 4327 891 4399 justitiae
919 4327 1243 4399 pietatisque
1280 4336 1409 4382 sunt
1435 4343 1619 4398 opera,
1647 4343 1766 4399 quae
1792 4343 1909 4383 cor-

2011 3267 2317 3340 regiminis,
2340 3269 2485 3326 utad
2505 3270 2788 3327 silentium
2808 3271 3210 3343 restringantur
3228 3269 3395 3326 duces
3415 3289 3426 3326 :
3451 3279 3603 3328 tanta

2011 3356 2572 3428 humilitascordis,ut
2581 3376 2817 3434 exaequo
2827 3361 2895 3419 ad
2900 3360 3175 3434 judicium
3186 3360 3599 3433 venirepermit.

2010 3452 2199 3502 tantur
2223 3448 2455 3504 ancillae.
2478 3449 2619 3506 Ecce
2644 3458 2867 3522 apparet
2895 3449 3036 3507 miro
3060 3450 3225 3506 modo
3253 3449 3311 3505 in
3340 3455 3604 3521 potestate

2012 3532 2355 3606 principibus
2384 3536 2406 3569 ⁶
2435 3534 2635 3606 potior,
2658 3535 2715 3590 in
2745 3537 3043 3592 certamine
3070 3535 3245 3593 servis
3263 3535 3517 3609 aequalis;
3541 3533 3602 3592 in

2013 3628 2159 3677 coetu
2178 3620 2490 3693 principum
2505 3638 2716 3677 memor
2735 3623 3103 3695 regiminis,in
3117 3624 3413 3680 certamine
3430 3626 3605 3682 famu-

2015 3707 2195 3763 lorum
2215 3725 2425 3764 memor
2438 3708 2869 3765 conditionis.Se
2890 3710 3090 3784 quippe
3110 3711 3212 3766 sub
3233 3728 3363 3767 vero
3375 3713 3603 3770 domino

2014 3795 2283 3851 famulum
2304 3796 2833 3868 conspicit,ideoque
2853 3798 3034 3853 cordis
3055 3797 3347 3853 altitudine
3365 3814 3421 3853 se
3440 3815 3604 3870 super

2015 3882 2253 3939 famulos
2280 3899 2392 3937 non
2417 3883 2656 3938 extollit.
2689 3883 2844 3938 Unde
2872 3892 2925 3937 et
2953 3883 3203 3955 protinus
3228 3882 3415 3939 subdit
3445 3902 3459 3939 :

2608 3971 2834 4027 CAPUT
2862 3972 3011 4029 XIV.

2086 4060 2256 4119 Vnus.
2289 4060 2375 4116 14.
2406 4089 2476 4101 -
2509 4060 2648 4127 Quid
2674 4060 2809 4115 enim
2834 4060 3033 4131 faciam
3059 4077 3177 4117 cum
3202 4064 3500 4119 surrexerit
3530 4065 3606 4122 ad

2011 4150 2361 4223 iudicandum
2405 4150 2589 4204 Deus?
2636 4154 2686 4204 et
2730 4165 2847 4205 cum
2890 4150 3178 4221 quaesierit,
3220 4152 3349 4222 quid
3390 4170 3639 4226 responp,

2016 4240 2151 4385 de;
2164 4239 2314 4394 Ἐπὶ
2339 4327 2465 4383 aliis
2491 4332 2752 4397 prwsunt,
2781 4327 2889 4382 Deo
2917 4344 2971 4383 se
2995 4328 3198 4385 subesse
3222 4346 3423 4402 semper
3437 4340 3603 4390 atten-

317 4414 594 4486 ruptionis
608 4416 861 4488 contagio
880 4422 1253 4471 monstrantur
1272 4414 1575 4470 immunda.
1598 4415 1742 4482 Quid
1761 4416 1908 4470 enim
2016 4413 2349 4480 dant—Qui
2375 4420 2670 4469 venturum
2692 4412 2935 4483 judicem
2980 4416 3204 4487 cogitat,
3231 4416 3605 4479 indesinenter

317 4504 547 4576 prodest
574 4505 620 4559 si
648 4506 732 4575 pie
762 4505 1048 4578 quisquam
1079 4504 1389 4560 necessitati
1417 4502 1747 4574 compatitur
1774 4518 1910 4573 pro-
1937 4518 1988 4577 D
2018 4503 2263 4577 quotidie
2309 4503 2586 4558 rationum
2629 4519 2850 4558 suarum
2888 4504 2947 4558 in
2977 4506 3173 4562 melius
3200 4524 3388 4567 causas
3411 4521 3597 4583 parat;

316 4589 482 4654 ximi,
513 4590 732 4661 quando
759 4590 927 4662 impie
948 4592 969 4625 ³
999 4590 1351 4660 semetipsum
1366 4589 1597 4644 destruit
1616 4589 1903 4644 habitatio-
2013 4596 2034 4630 ⁷
2067 4592 2163 4664 qui
2190 4598 2456 4646 aeternum
2485 4589 2782 4645 Dominum
2824 4598 3058 4647 tremore
3107 4594 3290 4651 cordis
3334 4596 3602 4669 intuetur,

318 4692 446 4732 nem
487 4679 630 4734 Dei?
674 4678 731 4735 Si
769 4694 895 4750 ergo
937 4696 1032 4751 per
1076 4678 1257 4735 cordis
1294 4677 1621 4733 munditiam
1658 4677 1906 4733 libidinis
2012 4679 2136 4752 jura
2180 4675 2492 4750 temporalis
2537 4676 2770 4732 dominii
2815 4693 2977 4750 super
3016 4679 3291 4752 subjectos
3330 4686 3599 4747 moderari

318 4764 541 4821 flamma
557 4784 669 4823 non
691 4768 1080 4839 exstinguitur,
1102 4768 1374 4824 incassum
1405 4766 1659 4838 quaelibet
1678 4766 1910 4823 virtutes
2015 4769 2381 4842 compellitur.
2412 4765 2704 4839 Perpendit
2732 4766 2878 4822 enim
2907 4768 2989 4824 nil
3014 4783 3130 4827 esse
3149 4774 3295 4845 quod
3322 4782 3603 4846 tempora-

320 4852 599 4922 oriuntur,
628 4855 773 4911 sicut
797 4871 893 4927 per
924 4857 1148 4928 Moysen
1178 4854 1383 4912 dicitur
1406 4872 1416 4909 :
1444 4854 1590 4925 Ignis
1616 4853 1818 4910 exarsit
1842 4854 1909 4909 ab
2016 4856 2143 4913 liter
2170 4864 2364 4929 praeest
2390 4855 2621 4923 caeteris,
2650 4853 2868 4926 quando
2888 4855 2971 4911 illi
2991 4856 3062 4913 ad
3080 4859 3411 4915 reddendam
3439 4861 3602 4917 ratio-

316 4940 413 4996 ἱνα
429 4958 564 5011 mea,
579 4950 629 4999 et
648 4944 857 4999 ardebit
873 4945 1124 5015 usquead
1148 4944 1348 5015 inferos
1378 4942 1663 5009 deorsum;
1688 4944 1913 5001 comedet
2018 4962 2145 5002 nem
2175 4945 2362 5001 subest
2388 4944 2483 5017 qui
2528 4941 2649 4999 sine
2676 4941 2785 4997 ﬁne
2822 4941 3340 5017 dominatur.-Szepe
3366 4961 3604 5020 namque

406 5169 644 5243 {Laud.,
666 5171 790 5228 Val.
814 5172 898 5231 Cl.
921 5180 976 5228 et
988 5173 1175 5229 Norm.
1188 5171 1278 5243 sic
1296 5169 1528 5237 habent;
1551 5179 1607 5227 at
1625 5172 1685 5227 in
1700 5172 1912 5243 Germ.,

323 5238 493 5299 Corb.
527 5242 715 5298 Germ.
739 5251 792 5299 et
822 5244 882 5299 in
902 5243 1081 5300 Editis
1097 5242 1296 5315 legitur
1312 5260 1323 5298 :
1341 5259 1458 5297 cum
1475 5249 1676 5312 quanta
1688 5238 1911 5317 culpa";

317 5327 443 5366 cum
471 5318 644 5377 tanta,
673 5321 780 5370 etc.

398 5381 422 5416 ³
451 5381 662 5451 Germ.,
692 5384 890 5459 Laud.,
921 5383 1315 5459 Corb._Germ.,
1335 5383 1458 5441 Val.
1491 5382 1574 5440 Cl.
1596 5390 1652 5439 et
1668 5384 1915 5459 plerique

317 5451 538 5521 Norm.,
570 5470 696 5525 nam
719 5451 944 5510 cm'mina
965 5451 1320 5525 exstinguunt.

396 5526 419 5557 ³
462 5525 525 5579 In
562 5524 726 5598 C_orb.
776 5526 986 5594 Germ.,
1023 5524 1210 5598 prima
1229 5542 1424 5598 manu,
1453 5528 1685 5597 Turon.,
1715 5526 1915 5597 Laud.,

322 5570 542 5677 δοκεῖ,
566 5570 987 5677 “samiae;
1018 5570 1918 5677 ί³ξᾲ”ἱξε’ὲξῖἱιῖζξόοὲὖξ“ἱέ’ἑέὠ’ἶζέεᾌῖ

317 5664 729 5747 qundahmanu
764 5664 821 5724 et
866 5668 1117 5740 Vulgatis
1161 5664 1489 5725 habentibus
1537 5668 1599 5725 in
1648 5664 1918 5744 semetipso

2092 5177 2117 5211 ⁴
2144 5174 2306 5256 Corb.
2338 5174 2522 5231 Germ.
2552 5181 2608 5230 et
2633 5172 2832 5242 Laud.,
2860 5179 2911 5229 et
2933 5172 3252 5238 nascentias,
3283 5173 3431 5247 quod
3459 5174 3607 5234 infra

2554 5315 2791 5396 (ξθιῃθῑἸ
2822 5319 2885 5396 et
2896 5311 3109 5396 ancillis
3291 5309 3321 5381 ;“
3338 5324 3501 5392 atque
3525 5318 3608 5378 ita

2022 5385 2553 5513 ωῗῖθὲαῗείῗιξτέη
2572 5384 2751 5511 ἓὲἐιῗῗ
2774 5384 3430 5515 ίθόἔῗἛῗίτῖηῗέεξὲοηξίῖ
3456 5459 3491 5517 d

2309 5498 2348 5518 .,
2526 5499 2538 5510 .
2744 5498 2781 5518 .,
2923 5498 2935 5509 .
3039 5499 3077 5518 .,
3287 5501 3323 5518 ..
3393 5476 3452 5515 in
3494 5478 3560 5518 oc

2023 5498 2235 5596 Noun,
2370 5498 2608 5601 habent;
2647 5498 2808 5596 cujiis
2834 5498 3609 5601 voci;

2022 5616 2123 5656 nus
2151 5597 2431 5671 potentior,
2460 5597 2521 5671 in
2548 5596 2731 5654 Germ.
2757 5604 2813 5654 et
2839 5597 3111 5671 vulgatis.

2096 5673 2126 5745 7_
2145 5668 2466 5745 Edititquia
2483 5669 2608 5745 dum
2625 5673 2895 5745 (uicinum.
2914 5668 3207 5745 sequimur
3232 5672 3361 5731 Mss.
3391 5675 3603 5743 Germ.,

2025 5739 2151 5800 Val.
2181 5738 2537 5811 Cl.,Norm.,
2566 5738 2729 5799 Corb.
2761 5740 2972 5811 Germ.,
2998 5738 3115 5799 'etc.

609 5833 850 5894 Panos.
882 5835 1132 5893 LXXVI.
3289 5838 3322 5896 1
