4162 6184
548 350 659 422 203

1740 346 1993 411 SANCTI
2026 350 2363 412 GBEGORII
2398 348 2626 412 HAG!"

3715 355 3821 415 204

541 470 859 551 transitoria
895 488 1133 565 potesne
1175 474 1421 539 autumn
1465 488 1564 556 per
1593 479 1823 553 abrupta
1864 477 2118 538 elationis
2146 482 2201 545 Α
2230 484 2444 554 petunt,
2461 481 2559 539 sed
2582 479 2801 555 quando
2815 478 2883 537 ab
2902 477 3108 536 eisdem
3136 477 3369 537 subditis
3386 476 3561 537 Deum
3591 480 3818 541 minime

542 573 707 649 rapit.
754 574 827 630 Et
874 572 1003 645 quia
1045 582 1110 627 eo
1153 571 1385 644 quisque
1427 568 1734 637 exmilitur,
1762 580 1872 641 quo
1912 585 1972 627 se
2006 582 2123 626 esse

542 674 707 741 super
750 661 963 741 aliquos
1008 658 1180 728 videt,
1210 660 1368 716 illum
1398 662 1611 731 oportet
1650 657 1747 733 qui
1773 667 1937 730 super
1959 671 2017 715 se
2041 660 2125 715 est

540 766 755 827 semper
798 750 1044 825 aspiciat,
1073 756 1136 806 ut
1178 748 1298 821 ejus
1341 754 1493 805 metu
1518 746 1614 821 qui
1641 758 1809 818 supra
1833 749 2019 805 omnia
2042 752 2125 805 est

540 849 873 901 crescentem
898 837 1231 897 intrinsecus
1252 839 1423 895 animi
1439 842 1709 893 tumorem
1736 842 1966 908 premat.
1990 840 2007 874 ί
2038 837 2123 891 Ιιι⁴

540 937 728 988 tuetur
762 929 910 986 enim
953 926 1048 1002 qui
1092 925 1194 983 sub
1238 925 1359 1000 ipso
1404 925 1537 991 sint,
1573 923 1667 979 sed
1694 923 2001 979 consideret
2024 922 2126 979 sub

541 1036 651 1093 quo
704 1017 820 1091 ipse
872 1004 969 1085 sit,
1021 1021 1085 1072 ut
1133 1019 1205 1071 ei:
1255 1010 1693 1072 consideratione
1733 1008 1852 1066 Veri
1889 1009 2124 1079 domini,

540 1107 815 1166 decrescat
858 1112 1042 1161 tumor
1085 1100 1236 1161 falsas
1280 1098 1693 1157 dominationis.
1740 1096 1895 1155 Unde
1938 1096 2128 1154 beatus

538 1194 663 1267 Job,
694 1193 823 1272 quia
850 1191 967 1264 ejus
988 1188 1260 1262 judicium
1290 1188 1384 1262 qui
1409 1196 1574 1260 super
1598 1185 1786 1244 omnia
1810 1194 1893 1244 est
1910 1187 2126 1256 metuit,

539 1283 634 1340 hic
676 1274 744 1338 ad
784 1278 1083 1353 temporale
1117 1277 1391 1351 judicium
1434 1276 1657 1335 famulis
1700 1275 1926 1350 aequalis
1951 1275 2126 1341 venit,

538 1369 728 1435 dicens
762 1387 773 1426 :
811 1368 869 1433 Si
909 1367 1191 1441 contentpsi
1208 1367 1473 1439 judicium
1496 1365 1673 1423 subire
1697 1378 1810 1421 eum
1838 1380 1987 1421 servo
2016 1372 2128 1420 meo

538 1466 589 1518 et
620 1452 820 1517 ancilla
848 1468 981 1526 mea,
1005 1470 1123 1516 cum
1162 1456 1517 1530 disceptarent
1550 1456 1834 1513 aduersum
1857 1470 1955 1511 me.
1990 1453 2133 1521 Quid

538 1546 676 1613 enim
717 1542 913 1627 factam
936 1562 1053 1603 cum
1079 1544 1374 1627 surrexerit
1398 1542 1471 1600 ad
1497 1542 1850 1613 judicandutit
1874 1538 2013 1598 Deus
2028 1544 2056 1599 7
2081 1547 2133 1597 et

2229 571 2412 627 timeri
2448 569 2884 643 deprehendunt,
2914 575 2977 623 ut
3015 569 3253 625 humana
3292 570 3485 627 saltem
3520 571 3820 630 formidine

2230 674 2451 733 peccare
2492 667 2761 729 metuant,
2820 659 2916 733 qui
2970 659 3163 717 divina
3204 659 3416 732 judicia
3457 677 3568 718 non
3613 664 3821 720 formi—

2232 749 2384 806 dant.
2426 750 2779 821 Nequaquam
2826 765 2955 821 ergo
3005 749 3281 821 praepositi
3327 765 3396 806 ex
3437 750 3544 808 hoc
3586 753 3821 824 quaesito

2229 837 2430 893 timore
2470 838 2813 909 superbiant,
2853 836 2911 893 in
2951 853 3061 910 quo
3096 853 3209 893 non
3248 854 3403 894 suam
3444 839 3694 910 gloriam,
3723 841 3821 897 sed

2233 924 2579 981 subditorum
2595 925 2867 996 justitiam
2899 933 3171 997 quatrunt.
3196 926 3258 981 In
3285 941 3351 981 eo
3376 926 3524 981 enim
3545 927 3691 998 quod
3710 943 3819 984 me-

2232 1019 2352 1068 tum
2381 1012 2487 1068 sibi
2515 1029 2548 1068 a
2572 1028 2822 1084 perverse
2850 1014 3165 1070 viventibus
3193 1014 3444 1085 exigunt,
3473 1015 3628 1087 quasi
3654 1032 3685 1071 a
3706 1033 3819 1073 non

2234 1099 2575 1171 hominibus,
2603 1102 2699 1158 sed
2726 1102 2903 1159 brutis
2930 1101 3260 1158 animalibus
3288 1102 3663 1173 dominantur,
3690 1105 3821 1176 quia

2236 1189 2492 1245 videlicet
2526 1207 2597 1246 ex
2645 1207 2752 1264 qua
2788 1198 2940 1264 parte
2968 1191 3223 1248 bestiales
3249 1200 3380 1248 sunt
3407 1192 3635 1262 subditi,
3663 1209 3733 1249 ex
3756 1209 3821 1249 ea

2233 1279 2397 1343 etiam
2427 1279 2627 1341 debent
2652 1281 2937 1341 formidini
2961 1281 3143 1352 jacere
3170 1280 3455 1341 substrati.

2305 1366 2395 1425 24.
2426 1368 2594 1424 Nulla
2628 1377 2828 1440 cogente
2857 1370 2977 1425 vitii
3002 1370 3301 1441 corrigendi
3327 1370 3645 1437 necessitate,
3667 1386 3822 1443 pra:-

2239 1454 2338 1513 lati
2360 1456 2521 1515 metui
2544 1456 2832 1533 refugiant,
2862 1464 2911 1514 et
2931 1458 3110 1528 pluris
3136 1458 3409 1514 wstimari.
3427 1489 3497 1501 —
3525 1459 3659 1515 Cum
3690 1474 3822 1514 vero

2236 1540 2390 1599 deest
2433 1544 2632 1603 vitium
2681 1546 2829 1621 quod
2870 1546 3195 1618 corrigatur,
3226 1564 3337 1604 non
3386 1538 3455 1605 de
3498 1545 3840 1613 excellentia_

537 1654 657 1694 cum
696 1630 980 1707 quasierit,
1008 1626 1137 1705 quid
1174 1629 1490 1702 respondebo
1521 1629 1651 1685 uti?
1689 1629 1793 1697 Qui
1830 1634 1894 1684 ut
1920 1634 2134 1701 semper
2237 1632 2652 1704 potestatis,sed
2681 1633 2749 1693 de
2775 1633 3083 1708 aequalitate
3110 1635 3444 1693 conditionis
3472 1633 3733 1707 gaudent;
3766 1640 3823 1692 et

536 1739 635 1781 cor
678 1721 737 1776 in
779 1719 1091 1776 humilitate
1131 1717 1423 1788 deprimat,
1463 1726 1806 1789 neqaaquam
1835 1716 1894 1772 in
1924 1716 2130 1774 eisdem

2235 1732 2348 1785 non
2377 1718 2555 1776 solum
2579 1712 2647 1781 ab
2675 1721 2754 1779 eis
2782 1723 2975 1793 metui,
3005 1722 3099 1781 sed
3126 1722 3287 1780 etiam
3315 1723 3437 1796 plus
3456 1740 3618 1795 quam
3638 1740 3822 1779 neces-

536 1811 762 1870 famulis
808 1807 1099 1881 conspicit,
1128 1807 1277 1881 quod
1318 1806 1426 1869 sibi
1472 1812 1648 1870 status
1692 1813 1775 1862 est
1800 1804 2009 1878 dispar,
2034 1804 2131 1863 sed
2157 1826 2207 1889 Β
2235 1822 2293 1863 se
2322 1814 2405 1866 est
2446 1806 2705 1867 honorari
2735 1810 3034 1883 refugiunt.
3066 1804 3250 1885 Neque
3277 1813 3425 1869 enim
3456 1812 3572 1868 leve
3602 1829 3657 1869 se
3685 1829 3820 1886 per-

537 1901 688 1978 qued
712 1907 912 1958 natura
933 1898 1267 1957 communis.
1296 1896 1453 1959 Unde
1486 1897 1654 1959 etiam
1681 1896 1870 1959 subdit
1896 1914 1913 1956 :

971 2006 1200 2068 CAPUT
1236 2008 1343 2066 xv
1369 2005 1514 2081 [νει.
1547 2004 1680 2080 x13.

606 2110 778 2176 Vnus.
811 2115 898 2173 iii.
923 2142 997 2158 -
1016 2112 1272 2185 Nunquid
1293 2126 1402 2169 non
1426 2112 1487 2167 in
1512 2117 1664 2169 utere
1691 2111 1817 2182 fecit
1837 2126 1937 2177 me,
1957 2108 2056 2184 qui
2078 2108 2132 2171 et

534 2202 693 2268 etiam
716 2210 961 2278 operatus
987 2208 1083 2270 est,
1111 2207 1164 2259 et
1185 2202 1442 2273 [mm
1460 2202 1520 2258 in
1543 2202 1707 2260 uulua
1732 2216 1871 2257 unus
1886 2203 1917 2258 γ

606 2304 698 2381 22.
725 2311 956 2386 Cogitent
972 2308 1323 2387 aequalitatem
1339 2292 1671 2375 conditioan
1690 2320 1797 2364 non
1827 2312 2130 2381 potestatem

536 2400 744 2461 ordinis
760 2401 791 2457 ?
830 2405 878 2455 et
911 2398 1037 2472 plus
1061 2396 1308 2473 prodesse
1334 2412 1494 2468 quam
1516 2408 1744 2469 prwesse
1770 2396 2029 2453 studeant.
2057 2426 2129 2440 -

537 2480 863 2561 Potentibus
888 2486 1025 2543 viris
1050 2501 1245 2559 magna
1270 2490 1352 2541 est
1378 2485 1556 2542 virtus
1584 2483 1936 2553 humilitatis,
1952 2485 2130 2542 consi-s

537 2566 725 2638 derata
752 2575 1029 2653 aequalitas
1058 2571 1412 2630 conditionis.
1444 2571 1647 2629 Omnes
1674 2588 1908 2646 namque
1938 2571 2130 2629 homi-s

538 2676 639 2728 nes
664 2673 860 2727 natura
886 2665 1119 2740 aequales
1145 2674 1369 2730 sumus;
1400 2660 1493 2719 sed
1522 2661 1749 2719 accessit
1776 2662 2127 2735 dispensata-3

537 2755 627 2814 rio
645 2753 860 2833 ordine,
879 2759 942 2815 ut
961 2742 1285 2826 quibusdam
1314 2750 1525 2825 prmlati
1554 2750 1857 2807 videamur.
1882 2750 1938 2807 Si
1958 2750 2128 2822 igitur

536 2841 648 2904 hoc
687 2858 722 2899 a
760 2847 940 2898 mente
968 2839 1328 2921 deprimimus
1355 2837 1500 2912 quod
1538 2838 1911 2910 temporaliter
1937 2844 2126 2894 access

534 2928 632 3003 sit,
659 2931 972 2990 invenimus
1016 2929 1184 2987 citius
1210 2924 1358 3004 quod
1387 2926 1715 2984 naturaliter
1751 2934 1959 2983 sumus.
1990 2927 2125 2982 Pls:

536 3026 772 3101 ru’tnque
796 3021 943 3079 enim
972 3034 1030 3077 se
1048 3018 1234 3075 animo
1252 3020 1471 3089 accepta
1488 3021 1724 3089 potestas
1744 3014 1956 3087 objicit,
1976 3028 2125 3071 euma

536 3118 647 3190 que
663 3108 890 3167 tumidis
904 3104 1331 3179 cogitationibus
1349 3102 1514 3160 fallit.
1548 3102 1714 3160 Manu
1729 3116 1856 3175 ergo
1877 3101 2125 3159 humilli-

537 3185 645 3296 {na
663 3194 1117 3296 considerationis
1128 3190 1523 3296 deprimendus
1544 3190 1630 3296 ‘est
1648 3198 1835 3296 tumor
1848 3192 2121 3296 elationis.
2152 3185 2199 3246 ϐ

533 3284 601 3350 Si
625 3287 773 3345 enim
802 3284 944 3358 apud
978 3282 1319 3354 semetipsam
1348 3294 1503 3337 mens
1530 3280 1811 3337 descendit
1834 3280 1903 3337 de
1920 3281 2126 3339 vertice

534 3375 820 3445 culminis,
841 3372 1005 3431 citius
1032 3372 1312 3445 planitiem
1334 3370 1548 3428 invenit
1566 3370 1829 3427 naturalis
1849 3370 2124 3444 aequalita-

534 3466 632 3526 tis.
668 3464 827 3534 Nam,
854 3471 918 3519 ut
942 3460 1153 3536 praefati
1183 3472 1397 3529 sumus,
1426 3474 1615 3518 omnes
1648 3459 1900 3517 homines
1928 3464 2126 3517 natura

537 3552 773 3630 aquales
801 3551 1009 3625 genuit,
1029 3549 1124 3615 sed
1143 3549 1391 3607 Variante
1411 3550 1731 3607 meritorum
1752 3548 1965 3618 ordine,
1988 3549 2126 3605 alios

536 3638 664 3701 aliis
689 3638 1021 3714 dispensatio
1051 3639 1266 3697 occulta
1284 3639 1579 3712 postponit.
1604 3639 1724 3711 ipsa
1743 3646 1924 3694 autem
1946 3637 2125 3693 divera

536 3726 691 3798 sitas,
721 3742 841 3807 qua;
870 3726 1097 3789 accessit
1115 3734 1185 3787 ex
1212 3724 1372 3795 vitio,
1401 3733 1545 3783 recte
1574 3732 1654 3781 est
1672 3722 1879 3783 dirinis
1898 3724 2127 3799 judiciis

536 3816 813 3889 ordinata,
843 3820 905 3875 ut
933 3816 1063 3895 quia
1089 3816 1269 3873 omnis
1297 3814 1467 3874 homo
1503 3815 1609 3872 iter
1653 3816 1783 3871 vitat
1818 3828 1971 3889 atque
2012 3828 2126 3872 non

535 3905 804 3981 graditur,
830 3902 971 3963 alter
1003 3903 1071 3962 ab
1119 3904 1290 3962 altero
1320 3904 1555 3978 regatur.
1586 3903 1769 3961 Sancti
1799 3908 1980 3960 autem
2018 3903 2126 3959 viri

534 4009 663 4057 cum
710 4002 971 4065 praesunt,
1018 4009 1129 4049 non
1188 3992 1247 4048 in
1291 4000 1348 4049 se
1384 3996 1704 4064 potestatem
1750 3991 1981 4060 ordinis,
2031 3989 2127 4047 sed

537 4078 901 4152 aequalitatem
918 4078 1258 4136 Conditionis
1276 4076 1587 4148 attendunt,
1618 4095 1718 4136 nec
1745 4090 1973 4150 praeesse
2002 4094 2127 4151 gau-

537 4166 673 4224 dent
699 4164 1040 4232 hominibus,
1070 4167 1166 4223 sed
1189 4166 1463 4239 prodesse.
1491 4154 1686 4222 Sciunt
1705 4166 1850 4222 enim
1873 4165 2019 4239 quod
2032 4182 2129 4222 and

535 4253 680 4326 tiqui
726 4260 907 4325 patres
946 4255 1143 4323 nostri,
1171 4270 1284 4311 non
1322 4263 1435 4312 tam
1465 4268 1617 4325 reges
1644 4253 1933 4309 hominum
1962 4266 2127 4327 quam

538 4342 783 4417 pastores
801 4346 1058 4414 pecorum
1077 4341 1246 4400 fuisse
1260 4347 1655 4401 memorantur.
1667 4340 1739 4398 Et
1753 4354 1879 4398 cum
1890 4342 2003 4399 Noe
2021 4338 2127 4401 Do-

539 4435 725 4492 minus
742 4430 977 4516 ﬁliisque
991 4435 1110 4517 ejus
1128 4437 1335 4496 diceret
1358 4458 1370 4495 :
1395 4434 1541 4495 690
1559 4426 1782 4495 Crescite
1807 4440 1856 4493 et
1872 4436 2127 4509 multiptia

2237 1894 2349 1967 peti
2378 1888 2639 1951 damnum
2669 1894 3000 1955 humilitatis
3032 1898 3285 1970 credunt,
3313 1899 3358 1957 si
3388 1899 3455 1957 ab
3484 1900 3563 1956 eis
3588 1918 3683 1975 pro
3713 1918 3822 1958 me-

2236 1981 2347 2045 rito
2363 1982 2588 2067 fortasse
2613 1982 2824 2041 ordinis
2839 1985 3012 2057 pluris
3026 1987 3384 2045 aestimentur.
3417 1986 3559 2045 Hinc
3577 1996 3659 2045 est
3674 1989 3821 2045 enim

2237 2071 2387 2155 quod
2438 2072 2647 2155 primus
2701 2080 2885 2146 pastor
2936 2075 3220 2142 Ecclesiae,
3271 2093 3421 2144 cum,
3460 2077 3720 2135 adorante
3762 2096 3823 2135 se

2236 2158 2513 2231 Cornelio,
2541 2178 2703 2234 super
2729 2180 2785 2220 se
2812 2162 2917 2219 sibi
2947 2161 3212 2220 honorem
3243 2164 3452 2221 videret
3480 2165 3724 2223 oblatum
3752 2164 3824 2225 ad

2237 2252 2603 2326 mqualitatem
2630 2252 2966 2310 conditionis
2994 2270 3103 2311 suae
3122 2253 3288 2310 citius
3319 2255 3571 2324 recurrit,
3601 2254 3818 2314 dicens:

2240 2334 2423 2411 Surge,
2453 2345 2502 2395 et
2523 2340 2631 2413 ipse
2663 2358 2752 2413 ego
2779 2334 2929 2398 homo
2958 2359 3074 2401 sum
3104 2340 3244 2415 (Act.
3274 2359 3334 2411 Χ,
3364 2342 3478 2415 26).
3512 2343 3645 2411 Quis
3672 2344 3820 2401 enim

2237 2429 2444 2486 nesciat
2470 2428 2615 2502 quod
2636 2430 2909 2487 conditori
2936 2448 3034 2488 suo
3050 2430 3216 2488 homo
3240 2430 3431 2489 debeat
3449 2441 3501 2489 et
3520 2449 3630 2488 non
3645 2429 3821 2488 homi-

2238 2519 2299 2576 ni
2326 2520 2640 2592 prosterni?
2668 2521 2807 2590 Quia
2826 2538 2953 2595 ergo
2980 2522 3262 2579 humiliari
3282 2522 3386 2580 sibi
3413 2523 3536 2595 plus
3550 2540 3710 2596 quam
3732 2522 3821 2578 de-

2236 2607 2360 2667 buit
2374 2608 2689 2681 proximum
2710 2608 2947 2677 vidit,ne
2961 2612 3107 2666 ultra
3120 2608 3479 2667 humanitatis
3491 2618 3659 2667 metas
3670 2627 3821 2666 mens

2236 2695 2644 2765 intumesceret,
2664 2713 2780 2754 esse
2804 2716 2861 2753 se
2886 2698 3164 2755 hominem
3196 2698 3531 2771 recognovit,
3558 2706 3822 2773 quatenus

2235 2782 2375 2840 illati
2405 2781 2510 2841 sibi
2540 2783 2766 2841 honoris
2792 2784 3084 2841 elationem
3116 2786 3387 2857 frangeret
3413 2803 3483 2842 ex
3520 2786 3821 2842 considera-

2233 2878 2292 2926 ta
2315 2870 2622 2944 aequalitate
2641 2870 2996 2928 conditionis.
3019 2870 3161 2927 Hinc
3178 2889 3210 2926 a
3228 2873 3434 2928 Joanne
3454 2874 3677 2944 angelus
3695 2873 3820 2929 ado-

2235 2966 2405 3026 ratus,
2434 2966 2736 3016 creaturam
2784 2975 2841 3016 se
2880 2976 2995 3015 esse
3025 2960 3305 3031 cognovit,
3335 2957 3558 3015 dicens:
3604 2962 3726 3018 Vide
3752 2970 3819 3018 ne

2235 3044 2417 3115 feceris
2439 3064 2458 3111 ;
2482 3061 2756 3103 conservus
2779 3053 2896 3103 tuus
2915 3063 3053 3117 sum,
3076 3052 3123 3101 et
3137 3046 3373 3117 fratrum
3395 3053 3602 3102 tuorum
3627 3048 3815 3121 (Apoc.

2236 3151 2357 3204 XIX,
2378 3132 2444 3192 10
2467 3154 2481 3204 ;
2514 3150 2658 3202 xm,
2682 3136 2912 3208 9).Hinc
2931 3136 3216 3209 propheta,
3237 3153 3362 3193 cum
3383 3136 3449 3192 ad
3471 3136 3709 3195 videnda
3728 3157 3820 3195 su-

2732 3225 2837 3282 lius
2852 3224 3096 3284 hominis
3116 3232 3344 3283 vocatur
3367 3226 3547 3296 (Ezec.
3564 3244 3647 3291 lli,
3664 3227 3741 3298 i),
3759 3235 3823 3283 ut

2231 3309 2428 3371 ductus
2447 3310 2515 3369 ad
2534 3308 2792 3382 coelestia,
2816 3312 3096 3370 hominem
3118 3330 3173 3370 se
3194 3329 3308 3369 esse
3327 3314 3658 3370 meminerit.
3685 3316 3762 3370 Ac
3774 3313 3821 3372 si

2229 3414 2356 3459 eum
2377 3398 2567 3459 divina
2584 3418 2693 3457 vox
2710 3399 2889 3459 verbis
2903 3401 3269 3473 apertioribus
3290 3401 3581 3458 admoneat
3600 3403 3817 3460 dicens:

2229 3488 2499 3551 Memento
2520 3487 2653 3561 quid
2677 3488 2774 3556 sis,
2798 3504 2867 3545 ne
2895 3488 2963 3546 de
2987 3488 3075 3545 his
3102 3489 3171 3545 ad
3201 3506 3320 3563 quae
3349 3490 3558 3561 raperis
3584 3491 3824 3547 extolla-

2231 3575 2330 3644 ris,
2362 3576 2457 3635 sed
2492 3575 2842 3635 altitudinem
2890 3577 3241 3633 revelationis
3283 3584 3528 3650 tempera
3560 3579 3824 3634 memoria

2230 3662 2586 3725 conditionis.
2610 3665 2777 3723 Exeo
2805 3681 2934 3738 ergo
2960 3665 3330 3738 colligendum
3356 3673 3437 3722 est
3459 3672 3661 3741 quanta
3680 3683 3823 3723 com-

2233 3753 2417 3813 munis
2445 3760 2655 3810 natura:
2685 3755 2952 3811 memoria
2978 3754 3037 3811 in
3059 3754 3222 3813 corde
3249 3755 3481 3826 deprimi
3499 3754 3693 3811 debeat
3720 3762 3823 3812 ter-

2232 3858 2378 3923 renas
2420 3845 2703 3917 potestatis
2731 3853 2935 3913 tumor,
2975 3845 3021 3901 si
3067 3861 3137 3901 ex
3164 3844 3526 3901 humanitatis
3557 3842 3823 3903 vocabulo

2232 3933 2433 4006 agitur,
2464 3950 2533 3991 ne
2577 3933 2924 4006 cogitationis
2964 3933 3131 3990 elatio
3159 3949 3229 3990 ex
3257 3933 3479 3990 secretis
3510 3930 3825 3992 ccelestibus

2233 4027 2539 4092 generetur.
2580 4019 2749 4094 Cujus
2776 4020 3033 4078 videlicet
3061 4019 3422 4078 humanitatis
3452 4019 3588 4076 bene
3630 4018 3823 4099 beatus

2232 4107 2335 4166 Job
2360 4123 2572 4183 semper
2599 4109 3026 4168 recordationem
3057 4109 3257 4177 tenuit,
3281 4106 3377 4181 qui
3414 4107 3494 4163 ait
3526 4125 3538 4163 :
3568 4107 3825 4180 Nunquid

2230 4211 2339 4257 non
2363 4197 2422 4254 in
2448 4205 2593 4254 utero
2622 4197 2741 4271 fecit
2766 4216 2865 4265 me,
2885 4198 2977 4270 qui
2996 4203 3043 4255 et
3068 4198 3221 4254 illum
3241 4202 3489 4268 operatus
3516 4203 3612 4263 est,
3636 4203 3684 4252 et
3710 4197 3822 4267 for-

2231 4287 2396 4345 mavit
2434 4287 2491 4344 in
2516 4289 2676 4345 vulva
2715 4290 2895 4345 unus?
2923 4288 3004 4345 Ac
3030 4286 3080 4343 si
3118 4293 3301 4358 aperte
3330 4284 3481 4343 dicat
3512 4302 3524 4343 :
3561 4280 3676 4343 Cur
3710 4301 3826 4342 non

2232 4389 2385 4448 atque
2416 4373 2707 4432 debeamus
2736 4375 2794 4433 in
2830 4375 3123 4447 cujuslibet
3146 4374 3347 4447 negotii
3364 4371 3577 4445 judicio
3596 4372 3821 4442 discuti,

2232 4461 2330 4536 qui
2356 4477 2453 4536 per
2479 4462 2781 4522 conditoris
2810 4463 3109 4537 potentiam
3140 4478 3329 4518 sumus
3350 4461 3632 4534 aequaliter
3650 4452 3823 4515 facti?

538 4521 735 4580 camini
756 4521 848 4624 ’.εἰ
862 4524 1067 4599 implete
1086 4532 1304 4624 terram,
1330 4524 1518 4587 subdit
1548 4518 1560 4583 Ξ
1590 4525 1665 4584 Et
1692 4529 1865 4582 terror
1889 4528 2126 4624 uester‘ac

2233 4518 2339 4608 §ed
2358 4518 2493 4624 ltitia
2812 4518 2930 4623 Ejus
2958 4558 3117 4624 atque
3136 4518 3471 4605 humilitatis
3488 4556 3605 4604 acta
3623 4563 3821 4617 cogno-

538 4614 737 4666 νενηστ-
752 4610 823 4666 sit
839 4622 997 4689 super
1014 4608 1200 4669 cuncta
1212 4614 1470 4671 animiin
1486 4620 1639 4669 terra:
1660 4613 1866 4686 (Gener.
1885 4628 1966 4682 rx,
1981 4611 2123 4685 1,2).

536 4696 661 4761 Non
688 4698 836 4758 enim
862 4700 941 4758 ait
971 4718 983 4757 :
1016 4700 1100 4757 Sit
1131 4708 1299 4773 super
1324 4701 1596 4772 homines,
1626 4704 1723 4779 qui
1749 4701 1922 4760 futuri
1957 4708 2125 4769 aunt;

536 4786 656 4869 sed,
688 4788 770 4848 Sit
785 4798 945 4867 super
968 4792 1152 4851 cuncta
1181 4786 1445 4849 animalia
1475 4796 1647 4847 ter-rw.

608 4870 700 4933 13.
740 4875 909 4933 Homo
960 4870 1368 4933 irratiOttalibus
1411 4876 1787 4948 animantibus,
1814 4890 1922 4935 non
1955 4876 2129 4933 autem

536 4960 739 5018 me
762 4961 1061 5019 horninibus
1085 4968 1283 5018 natura
1300 4968 1375 5018 est
1386 4962 1915 5034 prolatus—Homo
1929 4965 2129 5038 quippe

538 5049 873 5109 animalibus
901 5050 1394 5119 irrationabiiibus,
1424 5038 1536 5107 non
1568 5058 1752 5109 autem
1780 5054 1988 5110 caeteris
2016 5053 2127 5108 ho-

540 5136 787 5203 minibus
799 5147 998 5209 natura
1010 5140 1269 5215 praelatus
1284 5147 1367 5196 est
1381 5156 1398 5209 ;
1426 5145 1484 5197 et
1509 5136 1723 5201 idcirco
1747 5140 1797 5195 ei
1827 5138 2052 5209 dicitur,
2064 5148 2128 5197 ut

539 5226 612 5283 ab
625 5227 959 5285 animalibus
973 5238 1029 5285 et
1046 5245 1158 5286 non
1177 5230 1245 5286 ab
1261 5227 1486 5285 homine
1506 5226 1921 5300 timeatur,quia
1938 5235 2130 5290 contra

539 5321 795 5375 mmor
823 5317 1107 5393 superbire
1119 5324 1221 5386 est,
1238 5314 1309 5374 ab
1324 5316 1521 5395 aquati
1540 5315 1685 5377 velle
1694 5316 1903 5386 timeri,
1925 5332 2128 5397 quam—

537 5400 628 5458 vis
653 5403 977 5485 plerumque
1002 5410 1038 5469 at
1062 5405 1298 5469 subditis
1324 5407 1491 5469 etiam
1510 5407 1685 5469 sancti
1706 5408 1813 5464 viri
1833 5408 2017 5469 timeri
2036 5412 2128 5481 ap:

613 5612 635 5648 ί
650 5609 1335 5691 ἓᾴὶῐριιιιιρ,ᾕιίπεατιιὴξ
1354 5622 1657 5691 repugnant
1681 5617 1839 5691 enini~
1858 5616 2129 5691 eiemplas

539 5657 1331 5763 rit§§537853c6558351ﬁ
1355 5657 1843 5763 ἓᾘξὸἒῖἐὲἑ
1858 5657 2011 5763 3133

540 5704 626 5740 nl
649 5704 777 5741 meo.
809 5704 864 5738 et
890 5704 1065 5738 sanun
1086 5704 1331 5754 uregoru
1394 5704 1469 5745 ra
1492 5704 1707 5749 ,ositum
1792 5750 1795 5755 ,
1862 5704 2061 5749 utaan

540 5753 831 5812 militatem
861 5767 963 5810 nos
980 5758 1256 5824 provocet,
1277 5704 1531 5813 uariauit
1550 5758 1623 5815 ad
1646 5704 2125 5830 coma-auem:

2234 4638 2585 4710 vimus,nunc
2596 4641 2941 4698 liberalitatis
2955 4657 3118 4714 opera
3128 4634 3821 4712 cognoscamus.Sequitur:

2519 4750 2747 4811 CAPUT
2774 4751 2906 4811 XVI
2936 4747 3077 4823 [Vet.
3098 4749 3232 4813 XII,
3259 4748 3381 4804 Rea.
3408 4744 3536 4819 x1].

2307 4854 2478 4913 Vnus.
2511 4855 2734 4913 i6.—Si
2759 4852 2944 4926 negaui
2966 4851 3108 4922 quod
3136 4849 3378 4907 uolebant
3396 4850 3751 4922 pauperibus,
3777 4854 3829 4906 et

2237 4944 2414 4999 oculos
2437 4943 2611 5001 uidua
2632 4949 2929 5015 exspectare
2945 4938 3066 5009 feci.

2306 5050 2396 5107 25.
2428 5050 2744 5107 Liberalitas
2770 5048 2867 5105 Job
2883 5043 3207 5119 pauperibus
3231 5043 3411 5100 dantis
3441 5043 3515 5099 ad
3537 5059 3720 5099 eorum
3737 5059 3824 5097 oo—

2239 5143 2368 5195 tum.
2393 5139 2496 5208 Qui
2515 5146 2672 5196 extra
2696 5144 2859 5195 metas
2877 5135 3072 5213 inopiae
3102 5139 3309 5208 petunt,
3338 5132 3568 5188 obtinere
3594 5149 3702 5189 non
3724 5148 3827 5187 meo

2235 5232 2443 5288 rentur.
2463 5257 2529 5270 --
2549 5228 2655 5287 Per
2682 5216 2800 5283 hmo
2826 5224 2975 5281 dicta
3002 5222 3090 5279 vir
3110 5228 3331 5281 sanctus
3359 5218 3687 5285 ostenditur,
3717 5233 3831 5277 non

2238 5311 2416 5368 solum
2443 5312 2513 5368 ad
2534 5312 2775 5385 inopiam
2800 5310 3155 5383 pauperibus,
3176 5308 3272 5365 sed
3299 5307 3464 5363 etiam
3492 5304 3560 5361 ad
3588 5303 3832 5361 habendi

2236 5408 2567 5467 desiderium
2593 5407 2916 5466 deservisse.
2955 5406 3063 5464 Sed
3090 5406 3226 5481 quid
3251 5405 3301 5462 si
3326 5404 3445 5478 ipsa
3468 5400 3672 5457 vellent
3689 5396 3827 5461 691

2237 5624 2351 5693 non
2360 5615 2471 5693 gyri
2487 5616 2871 5693 ,εῐὼείιῃζεθῤ-
2890 5617 2987 5693 qui
3014 5614 3203 5693 praesit
3226 5614 3409 5693 nobis.

2216 5754 2231 5765 κ
2309 5688 2338 5729 ί
2360 5682 2624 5761 Vineae,
2653 5682 2779 5751 vn.
2809 5682 2985 5749 cnfer
3008 5682 3221 5756 eam,
3249 5688 3299 5742 et
3327 5683 3538 5757 replete.
