4162 6184
442 387 564 445 ,207

1669 375 1928 433 SANCTI
1967 375 2303 432 GREGORII
2339 375 2566 431 MAGNI

459 508 673 564 verbum
699 521 858 578 super
883 504 1068 560 datum
1095 503 1309 570 bonum,
1338 507 1387 556 et
1435 507 1660 570 utraque
1687 515 1803 553 cum
1849 497 2052 552 homine
2079 502 2130 560 A
2157 499 2278 570 ipso
2308 497 2546 554 deterior
2579 497 2698 565 ﬁat,
2727 511 2836 570 quo
2862 512 2921 552 se
2949 496 3218 568 indigenti
3263 500 3522 571 proximo
3553 502 3742 560 melio-

451 595 745 670 justiﬁcato
785 589 974 664 (Ibid,
1005 593 1120 663 t7),
1170 590 1448 657 videlicet,
1478 595 1544 645 ut
1569 588 1758 644 datum
1803 583 2060 642 exhiberi

462 683 653 742 debeat
680 699 775 754 per
819 682 1099 754 pietatem,
1148 689 1206 738 et
1235 682 1442 736 bonum
1482 678 1710 734 verbum
1755 674 1932 732 tribui
1964 689 2061 746 per

463 768 852 826 humilitatem.
870 771 944 825 At
957 778 1170 838 contra,
1185 770 1282 824 alii
1297 785 1497 839 egenos
1510 767 1704 822 fratres
1717 781 1828 821 non
1839 763 2062 820 student

461 859 626 914 rebus
651 858 847 913 fulcire
879 875 1004 914 cum
1035 859 1268 930 possint,
1310 857 1404 914 sed
1431 854 1650 912 blandis
1693 861 1910 908 tantum
1936 866 2062 908 ser-

463 945 754 1020 monibus‘
785 947 992 1002 fovere.
1026 948 1175 1014 Quos
1203 945 1556 1002 vehementer
1571 941 1758 999 Jacobi
1789 939 2062 1012 praedica-

451 1027 516 1114 ’ίλ
537 1042 756 1091 Csancta
784 1034 1154 1106 reprehendit,
1205 1033 1427 1090 dicens:
1477 1031 1535 1089 Si
1569 1037 1743 1086 autem
1769 1029 1943 1099 frater
1967 1030 2066 1082 aut

459 1133 623 1177 ‘oror
637 1122 772 1177 nudi
795 1129 939 1190 sunt,
969 1130 1016 1176 et
1031 1123 1264 1191 indigent
1291 1122 1427 1175 victu
1454 1119 1782 1190 quotidiana,
1811 1117 2062 1171 dicatau-

486 1218 585 1267 tem
602 1211 800 1281 aliquis
825 1228 892 1266 ea:
918 1211 1063 1267 vobis
1081 1213 1192 1266 illis
1215 1229 1233 1266 :
1265 1214 1340 1268 Ite
1369 1229 1424 1265 in
1451 1228 1598 1282 pace,
1626 1206 1978 1278 calefactmini
2015 1208 2067 1260 et

467 1299 787 1356 saturamini
803 1316 943 1364 ;non
959 1300 1206 1355 dederitis
1225 1307 1398 1355 autem
1418 1301 1490 1354 eis
1504 1317 1621 1371 (μίας
1634 1295 1926 1353 necessaria
1939 1300 2064 1348 sunt

467 1388 702 1460 corpori,
729 1389 857 1458 quid
880 1389 1024 1444 vobis
1045 1390 1330 1461 proderit?
1363 1389 1385 1424 ³
1411 1390 1558 1456 Quos
1585 1389 1820 1444 Joannes
1845 1398 2062 1456 quoque

469 1477 768 1548 Apostolus
785 1476 1062 1545 admonet,
1103 1477 1293 1533 dicens
1319 1495 1330 1532 :
1364 1477 1550 1532 Filioti
1575 1476 1697 1539 mei,
1725 1490 1829 1526 non
1858 1473 2063 1542 diliga-

469 1581 590 1620 mus
615 1567 788 1633 verbo,
816 1584 906 1621 nec
950 1567 1151 1636 lingua,
1187 1566 1276 1618 sed
1320 1581 1472 1633 opere
1498 1571 1546 1617 et
1572 1562 1786 1615 veritate
1830 1559 1887 1629 (Ι
1901 1559 2058 1615 Joan.

471 1668 559 1720 In,
593 1655 704 1724 18).
753 1655 991 1709 Dilectio
1025 1668 1261 1722 namque
1298 1657 1487 1705 nostra
1514 1663 1728 1718 semper
1752 1645 2064 1702 exhibenda

472 1745 556 1794 est
571 1746 626 1793 et
644 1741 993 1793 veneratione
1019 1738 1312 1803 sermonis,
1335 1743 1389 1790 et
1419 1735 1728 1790 ministerio
1773 1733 2058 1804 largitatis.

2170 601 2285 641 rem
2315 593 2490 658 putat.
2523 586 2707 642 Minus
2734 585 2935 656 quippe
2961 585 3121 657 inops
3164 593 3246 640 est
3272 587 3368 660 qui
3396 596 3601 646 vestem
3631 609 3745 649 non

2168 671 2333 730 habet
2357 691 2522 748 quam
2550 673 2645 748 qui
2695 672 3083 729 humilitatem.
3126 673 3279 730 Unde
3327 693 3544 734 necesse
3573 691 3652 736 est
3681 691 3744 740 ut

2169 779 2296 820 cum
2324 772 2530 820 natura;
2569 768 2768 818 nostrae
2794 770 3072 818 consortes
3109 763 3379 818 exteriora
3405 781 3518 821 non
3548 768 3747 826 habere

2171 857 2560 928 conspicimus,
2586 872 2750 928 quam
2793 855 2966 912 multa
3003 855 3162 910 nobis
3199 855 3379 911 desint
3423 857 3568 914 bona
3609 861 3747 916 inte-

2172 943 2317 1000 riora
2343 961 2670 1016 pensemus;
2704 951 2974 1016 quatenus
2998 959 3112 998 sese
3141 959 3302 1014 super
3329 945 3520 1016 inopes
3547 948 3749 1019 cogita-

2171 1031 2251 1087 tio
2277 1048 2388 1087 non
2431 1033 2628 1100 elevet,
2656 1047 2784 1088 cum
2831 1030 3057 1085 solerter
3096 1029 3248 1084 videt
3292 1031 3421 1102 quia
3462 1048 3564 1089 nos
3595 1043 3750 1096 tanto

2173 1121 2360 1176 verius
2386 1129 2590 1192 quanto
2618 1127 2672 1174 et
2699 1119 2930 1174 interius
2956 1117 3262 1189 indigentes
3287 1136 3498 1176 sumus.

2243 1209 2331 1266 31.
2375 1209 2556 1265 Etiam
2593 1207 2869 1279 incognitis
2909 1213 3148 1277 erogetur
3185 1208 3522 1280 eleemosyna.
3564 1243 3636 1256 --
3679 1217 3752 1274 Et

2173 1305 2302 1377 quia
2329 1311 2458 1360 sunt
2485 1303 2741 1360 nonnulli
2769 1303 2866 1376 qui
2893 1301 3115 1375 pietatis
3156 1317 3266 1358 suae
3292 1303 3504 1360 viscera
3529 1308 3752 1366 tendere

2171 1407 2343 1462 usque
2369 1391 2438 1446 ad
2457 1391 2765 1462 incognitos
2793 1390 3065 1456 nesciunt,
3095 1388 3190 1444 sed
3215 1389 3349 1445 solis
3375 1407 3513 1464 quos
3533 1410 3628 1465 per
3653 1413 3752 1454 as.

2171 1479 2486 1534 siduitatem
2517 1479 2726 1535 notitiae
2757 1479 3052 1534 didicerint
3067 1477 3414 1547 miserentur,
3452 1481 3594 1551 apud
3615 1500 3753 1556 quos

2172 1566 2438 1622 nimirum
2467 1567 2592 1638 plus
2618 1565 2966 1621 familiaritas
2994 1581 3157 1636 quam
3199 1573 3396 1622 natura
3423 1569 3589 1634 valet,
3619 1571 3752 1629 dum

2173 1653 2502 1726 quibusdam
2531 1652 2831 1710 necessaria
2857 1669 2969 1707 non
2999 1653 3127 1724 quia
3170 1651 3440 1722 homines,
3487 1657 3581 1712 sed
3625 1660 3755 1730 quia

2173 1743 2289 1798 noti
2317 1750 2469 1810 sunt,
2502 1743 2828 1814 largiuntur,
2849 1741 2986 1797 bene
3001 1759 3148 1798 nunc
3175 1758 3270 1814 per
3296 1743 3514 1800 beatum
3541 1747 3642 1804 Job
3657 1748 3756 1804 di-

545 1826 684 1901 [Vet.
715 1825 889 1899 XIV.]
920 1826 1354 1896 30.Pauperibus
1370 1826 1738 1894 eleemosynam
1753 1823 1954 1890 dantes,
1967 1839 2063 1892 pa-
2095 1842 2143 1903 Β
2173 1832 2318 1888 citur
2348 1849 2359 1887 ;
2397 1831 2456 1888 Si
2481 1832 2694 1902 despexi
2701 1837 3122 1902 pratereuntem,
3146 1848 3202 1886 eo
3231 1832 3371 1902 quod
3398 1849 3503 1887 non
3517 1835 3757 1901 habuerit

477 1917 645 1972 tronis
670 1933 892 1971 munera
920 1915 1208 1986 offerimus.
1243 1914 1568 1971 Seminamus
1604 1928 1719 1982 qua:
1741 1917 1921 1983 postea
1947 1928 2065 1967 cum

474 2021 664 2076 magno
677 2003 857 2074 fenore
867 2002 1450 2058 metamus.—Multum
1465 2015 1596 2054 vero
1611 1998 1678 2054 ad
1703 1997 2062 2054 edomandam

478 2092 661 2150 dantis
685 2091 996 2164 superbiam
1025 2091 1191 2158 valet,
1221 2090 1268 2144 si
1293 2106 1420 2145 cum
1451 2096 1662 2144 terrena
1679 2087 1878 2143 tribuit
1899 2087 2066 2142 verba

478 2181 712 2239 sollicite
742 2181 985 2252 magistri
1013 2179 1250 2237 cmlestis
1271 2185 1481 2250 penset,
1511 2177 1607 2249 qui
1635 2175 1744 2231 ait:
1779 2175 1955 2232 Facite
1979 2192 2066 2230 vo-

480 2271 560 2326 bis
583 2270 775 2326 amicos
794 2271 856 2325 de
869 2285 1167 2324 mammona
1192 2267 1512 2338 iniquitatis,
1542 2273 1602 2321 ut
1619 2282 1738 2320 cum
1753 2264 2064 2335 defeceritis,

478 2357 736 2429 recipiant
760 2375 849 2413 eos
875 2359 933 2412 in
956 2364 1152 2414 (eterna
1182 2355 1516 2410 tabernacula
1555 2354 1704 2425 (Luc.
1736 2370 1855 2422 xw,
1896 2353 1978 2423 9).
2007 2350 2066 2408 Si

480 2445 629 2501 enim
647 2461 835 2501 eorum
854 2444 1116 2500 amicitiis
1132 2451 1332 2498 aeterna
1347 2441 1695 2496 tabernacula
1709 2438 2065 2511 acquirimus,

482 2531 675 2587 dantes
703 2531 896 2601 procul
919 2529 1089 2584 dubio
1117 2545 1341 2599 pensare
1369 2528 1650 2594 debemus,
1673 2525 1801 2596 quia
1825 2523 2069 2596 patronis

482 2620 667 2690 potius
683 2634 910 2673 munera
927 2617 1209 2674 oﬁ'erimus
1223 2634 1388 2690 quam
1407 2616 1594 2689 egenis
1613 2617 1759 2672 dona
1775 2617 2060 2690 largimur.

484 2707 626 2764 Hinc
651 2722 747 2777 per
775 2707 1002 2760 Paulum
1031 2703 1264 2760 dicitur:
1308 2705 1486 2762 Vestra
1511 2706 1838 2762 abundantia
1849 2707 2071 2762 illorum

481 2793 718 2866 inopiam
729 2793 992 2863 suppleat,
1011 2797 1071 2846 ut
1093 2798 1142 2846 et
1157 2791 1376 2848 illorum
1393 2793 1723 2849 abundantia
1750 2799 1936 2848 vestra:
1959 2792 2072 2847 ino-

478 2883 588 2956 piae
611 2881 680 2936 sit
695 2883 1105 2952 supplementum
1144 2880 1232 2951 (II
1251 2881 1374 2938 Cor.
1407 2898 1530 2951 vm,
1564 2881 1676 2952 14).
1719 2881 1788 2938 Ut
1815 2881 2071 2938 videlicet

485 2970 717 3029 sollicite
744 2969 1141 3042 perpendamus
1169 2971 1296 3044 quia
1315 2979 1370 3028 et
1395 2989 1488 3028 eos
1516 2989 1653 3046 quos
1681 2989 1830 3029 nunc
1857 2973 2066 3044 inopes,

485 3060 779 3127 cernimus,
837 3058 1174 3115 abundantes
1235 3059 1560 3133 quandoque
1608 3061 1954 3132 videbimus;
2017 3066 2072 3115 et

487 3153 632 3212 693
664 3148 756 3219 qui
787 3145 1128 3244 abundantes
1172 3146 1492 3218 aspicimur,
1517 3148 1565 3203 si
1606 3149 1792 3219 largiri
1832 3149 2073 3221 negligi—
2101 3184 2146 3244 ο

487 3260 612 3300 mus
626 3240 952 3315 quandoque
977 3239 1166 3312 inopes
1186 3240 1410 3296 erimus.
1439 3240 1542 3308 Qui
1564 3241 1747 3313 itaque
1765 3257 1913 3298 nunc
1938 3249 2072 3298 tem-

487 3331 672 3406 porale
714 3327 1020 3384 subsidium
1047 3328 1267 3400 pauperi
1284 3326 1497 3395 tribuit,
1525 3328 1593 3384 ab
1619 3344 1683 3383 eo
1727 3329 2073 3400 postmodum

487 3426 750 3493 perpetua
784 3423 1125 3489 recepturus,
1152 3423 1212 3470 ut
1243 3417 1320 3470 ita
1351 3414 1552 3483 dicam,
1581 3415 1736 3488 quasi
1763 3416 1833 3472 ad
1859 3417 2072 3488 frugem

488 3520 688 3568 terram
717 3509 940 3577 excolit,
977 3523 1096 3580 quae
1141 3505 1288 3578 quod
1315 3506 1588 3578 acceperit
1621 3505 1846 3564 uberius
1871 3505 2070 3563 reddit.

489 3600 675 3656 Restat
726 3613 852 3669 ergo
906 3604 969 3653 ut
1000 3611 1282 3668 nunquam
1309 3593 1474 3649 elatio
1504 3601 1691 3665 surgat
1733 3611 1802 3650 ex
1849 3608 2074 3650 munere

491 3686 709 3763 quando
746 3686 1002 3743 videlicet
1041 3684 1196 3741 dives
1233 3700 1300 3739 ex
1329 3700 1394 3740 eo
1425 3684 1572 3757 quod
1613 3683 1835 3755 pauperi
1879 3683 2076 3740 tribuit

492 3779 605 3851 agit
629 3785 690 3832 ut
713 3777 769 3831 in
796 3782 1116 3848 perpetuum
1146 3789 1350 3846 pauper
1391 3789 1504 3828 non
1545 3772 1636 3828 sit.
1674 3772 1872 3827 Beatus
1908 3771 2077 3843 igitur

492 3867 594 3924 Job
619 3873 682 3922 ut
717 3865 1006 3936 diligenter
1031 3862 1342 3919 ostenderet
1371 3860 1656 3917 humilitas
1681 3868 1842 3933 atque
1869 3860 2078 3916 miseri-

490 3953 680 4010 cordia
705 3958 909 4022 quanta
931 3951 983 4005 in
1009 3965 1074 4006 eo
1098 3949 1266 4005 fuerit
1292 3948 1728 4006 consideratione
1745 3948 1950 4004 sociata
1961 3948 2076 4004 ait:

443 4039 453 4052 '
497 4041 557 4096 Si
574 4037 784 4106 despexi
803 4041 1222 4107 pransi-euntem,
1251 4052 1310 4089 eo
1343 4035 1484 4102 quod
1509 4051 1612 4088 non
1640 4034 1878 4088 habuerit
1912 4035 2084 4091 indu-

492 4130 742 4190 mentum,
769 4129 818 4178 et
842 4123 1034 4192 absque
1062 4123 1378 4192 operimento
1401 4137 1691 4192 pauperem
1711 4138 1732 4185 ;
1759 4121 1807 4174 si
1830 4138 1936 4176 non
1965 4123 1986 4156 ³
2005 4121 2082 4176 be-

493 4211 808 4268 nedixerunt
824 4209 956 4263 mihi
981 4210 1149 4264 latera
1166 4208 1302 4276 ejus,
1327 4212 1376 4262 et
1389 4207 1452 4262 de
1468 4207 1748 4262 velleribus
1761 4207 1934 4262 ovium
1946 4224 2082 4263 mea-

493 4314 618 4355 rum
643 4296 926 4366 calefactus
965 4301 1058 4352 est.
1091 4295 1172 4352 Ac
1217 4294 1266 4350 si
1293 4302 1477 4367 aperte
1521 4295 1756 4351 diceret:
1810 4296 1870 4350 In
1899 4311 2084 4350 amore

497 4384 736 4462 proximi
765 4401 876 4440 uno
920 4383 1220 4456 eodemque
1257 4383 1450 4439 ordine
1477 4391 1532 4440 et
1565 4383 1832 4456 superbiae
1862 4384 2082 4453 vitium,

2167 1922 2547 1976 indumentum.
2581 1921 2775 1992 Ignoto
2803 1919 2952 1974 enim
2973 1920 3228 1990 proximo
3259 1920 3545 1978 misertum
3575 1940 3631 1980 se
3658 1924 3758 1980 in-

2170 2009 2337 2077 dicat,
2365 2025 2528 2082 quem
2547 2015 2962 2080 praetereuntem
2987 2015 3168 2075 vocat,
3191 2008 3321 2080 quia
3339 2009 3598 2068 videlicet
3613 2013 3759 2084 apud

2171 2099 2317 2171 piam
2345 2105 2584 2154 mentem
2610 2099 2734 2170 plus
2760 2103 2956 2152 natura
2985 2095 3134 2150 valet
3179 2111 3342 2167 quam
3371 2097 3587 2154 notitia.
3618 2101 3757 2156 Nam

2173 2191 2227 2240 et
2253 2184 2626 2256 unusquisque
2673 2182 2768 2255 qui
2821 2181 3053 2254 indiget,
3082 2196 3148 2237 eo
3175 2180 3296 2253 ipso
3321 2197 3432 2256 quo
3459 2182 3627 2241 homo
3653 2193 3759 2254 est,

2172 2279 2228 2328 et
2247 2271 2363 2344 jam
2394 2270 2706 2344 incognitus
2733 2286 2847 2326 non
2874 2277 2975 2326 est.
3009 2269 3274 2342 Sequitur
3305 2285 3317 2324 :

2588 2357 2816 2416 CAPUT
2853 2357 2962 2412 XX
3000 2355 3142 2430 [Rea
3182 2355 3326 2431 XV].

2246 2448 2418 2505 Vens.
2449 2447 2540 2503 2L
2588 2476 2660 2487 —
2717 2445 2774 2502 Si
2833 2445 3000 2501 levavi
3025 2461 3182 2516 super
3224 2445 3492 2517 pupillum
3536 2465 3758 2505 manum

2175 2553 2364 2604 meam,
2395 2537 2417 2570 ‘
2445 2535 2602 2590 etiam
2629 2551 2744 2589 cum
2782 2533 3016 2590 viderem
3041 2551 3120 2588 me
3144 2533 3204 2588 in
3227 2541 3389 2605 porta
3415 2537 3757 2608 superiorem.

2247 2623 2335 2680 32.
2377 2623 2555 2679 Sancti
2583 2622 2798 2678 libenter
2821 2621 3082 2693 injuriam
3121 2621 3422 2692 patiuntur,
3451 2631 3498 2679 et
3524 2642 3639 2695 qua:
3663 2625 3766 2681 sibi

2177 2711 2426 2766 debentur
2450 2716 2632 2764 cavent
2659 2709 2953 2763 districtius
2979 2709 3201 2779 exigere.
3219 2740 3290 2751 —
3307 2712 3422 2767 Mos
3448 2712 3592 2783 apud
3620 2722 3762 2770 vete-

2178 2815 2264 2853 res
2298 2796 2406 2852 fuit
2434 2805 2496 2852 ut
2532 2797 2600 2852 ad
2631 2803 2844 2868 portam
2877 2797 3118 2852 seniores
3137 2796 3408 2865 sederent,
3437 2799 3530 2870 qui
3554 2809 3761 2857 certan-

2177 2885 2317 2942 tium
2335 2884 2518 2957 jurgia
2539 2881 2831 2955 judiciaria
2871 2883 3274 2938 examinatione
3304 2885 3326 2918 5
3355 2884 3758 2956 discernerent;

2179 2981 2446 3050 quatenus
2465 2971 2749 3041 urbem,in
2771 2987 2878 3042 qua
2901 2971 3246 3028 concorditer
3258 2981 3531 3044 oporteret
3551 2975 3760 3046 vivere,

2179 3059 2455 3119 discordes
2477 3059 2704 3115 minime
2724 3059 3010 3114 intrarent.
3047 3059 3200 3115 Unde
3226 3068 3281 3116 et
3317 3077 3412 3132 per
3438 3062 3761 3134 prophetam

2179 3147 2448 3206 Dominus
2467 3147 2603 3203 dicit
2635 3163 2647 3200 :
2684 3147 2994 3202 Constituite
3023 3147 3080 3200 in
3102 3154 3264 3218 porta
3284 3147 3549 3217 judicium
3579 3150 3765 3222 (Amos

2181 3259 2238 3308 v,
2265 3239 2375 3310 15).
2409 3238 2524 3293 Hoc
2544 3235 2726 3307 itaque
2748 3235 2868 3290 loco
2887 3235 3020 3307 quid
3057 3244 3227 3308 portae
3255 3238 3480 3294 nomine
3507 3239 3767 3311 exprimi-

2182 3335 2274 3382 tur
2299 3325 2404 3381 nisi
2435 3323 2488 3379 id
2518 3322 2664 3395 quod
2683 3322 2941 3394 agebatur
2966 3323 3023 3378 in
3049 3331 3206 3395 porta
3224 3324 3254 3380 ?
3281 3324 3435 3382 Sicut
3461 3327 3608 3383 enim
3637 3343 3768 3400 pug-

2182 3431 2312 3471 nare
2337 3420 2512 3470 castra
2537 3409 2796 3478 dicimus,
2819 3426 2916 3482 pro
2937 3427 3002 3467 eo
3031 3412 3177 3484 quod
3207 3420 3480 3484 pugnatur
3509 3416 3531 3450 ⁸
3558 3430 3628 3470 ex
3655 3430 3768 3470 cas-

2182 3502 2313 3568 tris;
2346 3500 2422 3556 ita
2457 3497 2752 3570 judicium,
2782 3497 2926 3570 quod
2975 3497 3035 3552 in
3065 3507 3220 3570 porta
3258 3498 3343 3570 agi
3391 3506 3766 3566 consueverat,

2182 3596 2339 3662 porta
2361 3586 2696 3643 nominatur.
2729 3587 2790 3642 In
2823 3593 2980 3658 porta
2999 3601 3128 3658 ergo
3151 3603 3208 3642 se
3235 3586 3570 3658 superiorem
3595 3586 3768 3654 videt,

2185 3679 2278 3752 qui
2299 3695 2354 3734 se
2371 3676 2613 3732 melioris
2631 3675 2800 3748 partis
2815 3690 2930 3730 esse
2952 3675 3010 3730 in
3033 3673 3248 3747 judicio
3287 3674 3560 3748 aequitatis
3579 3675 3772 3732 merito

2185 3765 2472 3838 conspicit.
2523 3764 2720 3819 Beatus
2747 3762 2916 3834 igitur
2959 3761 3082 3830 Job,
3113 3764 3242 3835 quia
3278 3779 3379 3819 nec
3421 3772 3558 3820 tunc
3584 3773 3776 3823 contra

2188 3855 2459 3926 pupillum
2488 3855 2508 3890 ⁷
2542 3867 2762 3907 manum
2793 3850 3029 3917 exeruit,
3059 3867 3185 3904 cum
3213 3867 3269 3906 se
3297 3851 3459 3905 etiam
3491 3866 3587 3922 per
3598 3851 3777 3922 justi-

2185 3944 2278 3998 tiae
2319 3941 2573 3996 meritum
2605 3939 2870 4010 potiorem
2898 3937 3058 4004 vidit,
3089 3938 3248 3994 nobis
3287 3939 3504 3994 timoris
3530 3941 3775 4010 regulam

2189 4030 2496 4095 insinuans,
2516 4025 2653 4082 dicit
2684 4042 2696 4080 :
2737 4025 2794 4080 Si
2812 4024 2980 4079 levavi
3005 4041 3164 4096 super
3183 4025 3454 4097 pupillum
3479 4031 3624 4088 694
3651 4045 3780 4085 ma.

2189 4143 2318 4182 num
2333 4121 2683 4189 meam,etiam
2699 4135 2816 4175 cum
2834 4119 3062 4176 viderem
3087 4137 3168 4175 me
3181 4120 3239 4175 in
3251 4128 3414 4192 porta
3431 4125 3774 4194 superiorem.

2191 4215 2273 4271 Ac
2299 4212 2343 4268 si
2373 4216 2618 4282 patenter
2631 4207 2778 4263 dicat
2797 4223 2809 4261 :
2827 4207 3013 4279 Neque
3027 4215 3162 4263 tunc
3172 4207 3430 4264 utilitatis
3450 4225 3581 4266 meae
3604 4228 3781 4283 nego-

2191 4299 2269 4356 tia
2295 4297 2499 4352 virtute
2527 4302 2717 4351 contra
2737 4293 3009 4366 pupillum
3026 4294 3251 4367 exsequi
3273 4295 3673 4369 volui,quando
3696 4314 3782 4354 me

2194 4389 2252 4444 in
2265 4383 2477 4457 judicio
2491 4383 2657 4438 etiam
2671 4397 2742 4437 ex
2751 4380 2969 4453 justitia
2996 4382 3262 4454 potiorem
3281 4382 3420 4440 vidi.
3448 4384 3586 4458 [Vet.
3617 4387 3667 4441 X
3678 4386 3718 4441 V
3738 4383 3778 4460 .]

497 4484 553 4532 et
573 4473 871 4545 impietatis
921 4488 1191 4546 premens,
1237 4479 1652 4544 praetereuntem
1680 4473 1990 4545 quempiam
2032 4479 2087 4526 et
2117 4523 2166 4546 ἢ
2192 4474 2377 4534 Sancti
2405 4470 2606 4528 etenim
2637 4469 2742 4525 viri
2769 4469 2990 4542 quando
3027 4487 3152 4526 cum
3202 4472 3452 4543 personis
3478 4473 3784 4530 minoribus

2117 4523 2168 4582 D

495 4563 782 4622 humiliter
826 4562 1095 4634 aspiciens
1133 4577 1244 4616 non
1291 4561 1537 4632 despexi,
1575 4567 1631 4616 et
1659 4560 2085 4616 misericorditer
2118 4557 2167 4582 ν
2193 4561 2606 4621 contentionum
2637 4557 2855 4630 negotia
2881 4559 3142 4627 subeunt,
3176 4559 3310 4615 dum
3342 4577 3566 4631 gravare
3602 4561 3686 4614 vel
3722 4560 3780 4614 iu

497 4651 740 4711 calefeci.
763 4649 1026 4722 Quisquis
1046 4648 1192 4704 enim
1223 4665 1384 4721 super
1407 4665 1532 4706 eum
1548 4649 1637 4706 cui
1653 4649 1861 4720 aliquid
1882 4649 2080 4704 tribuit

497 4744 642 4802 fastu
668 4757 725 4797 se
754 4739 1008 4796 elationis
1053 4737 1290 4805 extollit,
1331 4737 1591 4809 majorem
1622 4738 1838 4808 culpam
1867 4739 2080 4794 intrin-

499 4847 655 4890 secus
681 4826 1046 4902 superbiendo
1101 4826 1328 4897 peragit,
1383 4842 1547 4897 quam
1590 4827 1930 4884 extrinsecus
1959 4828 2078 4882 lar-

501 4919 721 4994 giendo,
743 4915 1068 4982 mercedem,
1097 4914 1264 4986 ﬁtque
1287 4914 1400 4986 ipse
1421 4914 1583 4969 bonis
1603 4914 1956 4971 interioribus
1983 4931 2082 4971 nu-

501 5011 626 5078 dus,
648 5026 775 5066 cum
801 5007 1012 5065 nudum
1041 5002 1274 5075 despicit
1303 5003 1571 5071 vestiens;
1603 5019 1775 5076 eoque
1805 5004 1916 5077 agit
1942 5011 2006 5061 ut
2026 5021 2084 5061 se

577 5201 596 5234 ¹
635 5196 897 5267 Vindoc.,
930 5199 1131 5268 favere.

507 5268 842 5394 ἀίἔῆΝοιἹιι.³
883 5266 1036 5338 quod
1086 5271 1331 5326 Joannes.
1381 5267 1592 5337 Germ.,
1647 5266 1835 5338 quibus
1861 5267 2090 5324 Joannes

577 5408 602 5446 ³
641 5406 850 5462 Gemet.
863 5450 876 5474 ,
893 5408 1013 5462 bene
1048 5411 1300 5466 dir-erunt
1327 5429 1424 5468 me.

578 5478 600 5552 ξ
638 5478 798 5552 peest
826 5477 980 5552 etiam
1007 5478 1075 5552 in,
1095 5481 1263 5537 Laud.
1294 5489 1348 5536 et
1383 5483 1518 5552 pler.
1550 5481 1740 5538 Norm.

577 5549 599 5583 ⁵
617 5547 816 5624 locus
845 5547 935 5624 hic
964 5549 1112 5624 varie
1141 5547 1424 5624 torquetur
1453 5553 1510 5607 in
1566 5553 1691 5608 Mss.
1756 5551 1990 5624 Vindoc.
2038 5557 2093 5606 et

509 5618 672 5680 Corb.
705 5617 888 5672 Germ.
923 5617 1142 5684 habent,
1164 5617 1557 5690 distinguerent.
1590 5624 1794 5680 Turon.
1826 5631 1881 5678 et
1907 5622 2093 5689 Germ,

508 5690 896 5766 distringerent.
953 5689 1178 5759 Pratel.,
1208 5689 1390 5760 Becc.,
1421 5694 1560 5749 Utic.
1591 5701 1645 5748 et
1687 5695 1822 5766 pler.
1875 5693 2092 5760 Norm.,

509 5763 882 5838 disjungerent.

2189 4649 2439 4708 minimis
2457 4647 2677 4715 timent,
2698 4645 2803 4719 ipsi
2831 4654 3021 4702 contra
3041 4645 3316 4719 justitiam
3349 4647 3561 4719 gravari
3581 4663 3784 4719 nequa-

2191 4755 2355 4814 quam
2383 4737 2681 4809 refugiunt.
2715 4735 2906 4792 Sciunt
2937 4735 3138 4807 quippe
3174 4735 3303 4806 quia
3340 4733 3520 4789 omnis
3542 4733 3786 4789 humana

2189 4827 2403 4900 justitia
2453 4824 2729 4896 injustitia
2773 4839 2888 4880 esse
2919 4825 2939 4858 ⁸
2969 4822 3408 4896 reprehenditur,
3438 4822 3484 4878 si
3515 4822 3786 4878 divinitus

2197 4914 2444 4971 districts
2467 4911 2769 4984 judicetur.
2793 4911 2944 4968 Unde
2976 4910 3082 4966 hoc
3110 4910 3257 4983 quod
3286 4910 3391 4966 sibi
3421 4911 3684 4982 competit
3701 4926 3784 4965 ca-

2198 5008 2331 5060 vent
2357 4998 2710 5055 vehementer
2733 4998 2972 5071 exigere,
3001 5014 3070 5055 ne
3097 5013 3288 5055 eorum
3315 5005 3472 5054 actus
3495 5011 3784 5070 supernam

2273 5200 2296 5235 °
2323 5198 2536 5265 Norm.,
2564 5195 2622 5251 in
2639 5195 2848 5251 castris.

2273 5270 2294 5305 "
2322 5270 2404 5326 Ita
2446 5259 2608 5324 Corb.
2634 5266 2842 5337 Germ.,
2874 5263 3028 5321 Laud
3053 5272 3110 5322 et
3151 5265 3228 5337 pl.
3258 5265 3472 5337 Norm.,
3501 5262 3594 5337 ubi
3636 5259 3788 5317 Editi

2203 5355 2330 5398 cum
2354 5339 2537 5396 Germ.
2587 5336 2794 5407 habent
2815 5351 3030 5389 manum
3057 5334 3331 5407 exercuit,-
3368 5334 3615 5407 etpaulo
3633 5337 3788 5407 post,

2200 5409 2542 5484 potentiorem
2601 5422 2662 5460 ro
2683 5405 2961 5476 potiorem,
2990 5413 3053 5460 ut
3083 5406 3282 5478 legitur
3347 5405 3511 5462 assiin
3545 5405 3602 5460 in
3633 5405 3788 5470 Mss.,

2207 5478 2506 5532 praesertim
2554 5422 2716 5532 δοιὼ.
2775 5475 2984 5532 Germ..
3027 5475 3242 5532 Norm..
3292 5421 3523 5532 'Furon"
3580 5473 3788 5532 Germ..

2246 5478 2506 5536 raesertim
2554 5473 2716 5532 Corb.
2775 5475 2984 5542 Germ.,
3027 5473 3242 5544 Norm.,
3292 5473 3523 5545 Turon.,
3580 5473 3788 5542 Germ.,

2252 5550 2404 5616 aud.,
2433 5553 2488 5602 et
2514 5545 2635 5602 Val.
2669 5546 2752 5603 Cl.

2331 5617 2878 5747 Alligdeprehenditur
2905 5624 2968 5673 ut
2986 5623 3068 5674 est
3096 5617 3156 5672 in
3185 5622 3390 5674 recent.
3421 5616 3682 5685 Excusis,
3705 5615 3793 5672 in-

2253 5709 2268 5747 ι
2297 5708 2344 5747 ιε
2485 5732 2498 5745 .

2211 5705 2344 5750 νιῐιε
2369 5705 2498 5747 ωδε.
