4162 6184
465 201 571 262 311

1659 203 1920 266 δΔΝΩΤΙ
1957 205 2294 272 GREGORH
2327 207 2556 272 MAGNI

3645 227 3753 294 us

777 336 828 395 at
848 347 940 404 ego
1200 349 1310 398 non
1333 335 1508 395 solum
1535 343 1756 405 ictuum,
1785 338 1874 397 sed
1899 337 2059 400 etiam
2081 347 2140 408 Α
2167 341 2340 400 vescit
2371 341 2665 414 invenisse.
2695 342 2804 402 Sed
2831 344 2976 408 inter
3003 344 3124 406 hac
3149 349 3490 421 pensandum
3517 361 3603 410 est
3623 357 3755 429 quia

467 426 650 482 cretum
681 424 864 498 (Agger
885 441 951 494 ιι,
974 424 1052 497 7).
1083 425 1258 493 Quam
1283 429 1495 488 scilicet
1521 437 1898 503 tempestatem
1921 430 2058 502 quia

467 513 643 580 sancti
671 513 780 572 viri
809 513 1102 586 vigilanter
1127 516 1403 589 aspiciunt
1421 519 1577 592 quasi
1597 527 1873 578 tumentes
1895 521 2059 592 super

467 615 524 658 se
549 601 792 674 quotidie
821 600 1020 662 ﬂuctus
1045 617 1438 678 expavescunt,
1467 616 1628 681 atque
1656 625 1726 665 ea
1753 609 1843 667 his
1868 609 2059 668 tribu-

466 689 764 750 lationibus
793 692 812 726 ¹
853 707 978 766 quae
1022 693 1292 754 mundum
1336 697 1546 754 feriunt
1589 697 1894 768 prmvident
1934 714 2056 771 quae

465 787 783 851 sequantur.

532 866 622 925 36.
659 869 930 928 Iudicium
963 877 1257 930 extimum
1291 872 1461 930 sancti
1493 871 1826 943 formidant:
1855 879 2054 944 quanto

461 957 986 1030 mgis-mammam
1003 957 1182 1016 debent
1189 966 1508 1032 peccatores.
1523 961 1673 1018 Bene
1699 969 1883 1018 autem
1912 963 2054 1018 sub-

464 1043 645 1102 ditur:
675 1051 744 1104 Et
765 1048 975 1119 pondus
1019 1047 1132 1117 ejus
1158 1047 1302 1117 ferro
1324 1063 1435 1102 non
1457 1047 1632 1122 potui,
1661 1049 1924 1120 quoniam
1957 1049 2052 1122 qui

461 1135 694 1190 extremi
717 1135 916 1206 judicii
937 1135 1236 1192 adventum
1266 1135 1480 1196 intenta
1506 1144 1691 1194 mente
1719 1137 2050 1206 considerat,

459 1223 706 1292 profecto
735 1224 887 1280 videt
913 1224 1043 1294 quia
1071 1230 1255 1279 tantus
1284 1240 1454 1296 pavor
1482 1225 1757 1292 imminet,
1783 1235 2051 1298 quantum

459 1325 572 1366 non
599 1311 776 1368 solum
807 1321 940 1369 tunc
957 1313 1168 1384 videre,
1189 1313 1284 1370 sed
1309 1329 1365 1370 se
1392 1315 1558 1372 etiam
1581 1331 1730 1370 nunc
1749 1315 2050 1388 prmvidere

457 1400 826 1471 pertimescat.
869 1400 1321 1460 Consideratione
1363 1419 1601 1477 namque
1645 1403 1784 1460 tanti
1829 1405 2051 1460 terroris

458 1498 612 1546 metu
636 1493 855 1550 animus
882 1495 1130 1567 palpitat,
1153 1502 1210 1550 et
1237 1495 1564 1550 intentionis
1591 1510 1700 1549 suae
1725 1495 1916 1550 oculos
1945 1495 2050 1550 de-

451 1579 693 1649 clinans,
741 1583 945 1638 intueri
990 1583 1137 1655 quod
1175 1582 1440 1654 praevidet
1475 1589 1708 1638 recusat.
1750 1583 1894 1638 Bene
1921 1599 2050 1655 ergo

2164 429 2356 489 beatus
2383 431 2484 491 Job
2510 433 2618 493 ista
2643 432 2713 492 de
2739 451 2795 492 se
2819 435 3064 509 loquitur
3089 437 3340 498 laudatus
3355 440 3752 515 etﬂagellatus.

2161 521 2224 580 Si
2254 523 2423 595 igitur
2449 525 2641 582 saltem
2666 524 2737 581 ad
2758 525 3075 584 meritorum
3105 529 3413 600 profectum
3439 527 3518 590 ita
3537 549 3754 605 percus-

2159 626 2257 668 sus
2295 620 2377 668 est
2407 613 2506 686 qui
2546 615 2630 671 sic
2667 614 2878 682 timuit,
2925 617 3200 688 quomodo
3215 619 3508 678 feriendus
3537 629 3620 682 est
3655 623 3752 696 qui

2161 705 2470 762 contemnit
2489 705 2517 762 i’
2535 704 2823 774 Quomodo
2835 705 3158 778 depressum
3170 717 3299 766 sunt
3317 709 3642 782 Deijudicia
3659 729 3753 779 eos

2161 793 2260 863 qui
2302 809 2361 848 se
2394 795 2630 860 elevant,
2653 793 2700 850 si
2738 801 2793 850 et
2829 795 2954 852 illos
2977 795 3046 852 ad
3075 804 3289 868 tempus
3315 797 3632 870 deprimunt
3655 799 3754 872 qui

2163 878 2282 942 hac
2299 897 2513 953 semper
2539 883 2597 938 in
2615 882 2927 940 humilitate
2948 883 3249 942 formidant
3264 885 3294 942 ?
3313 885 3600 954 Quomodo
3620 902 3753 958 pon-

2163 967 2265 1024 dus
2294 971 2396 1026 Dei
2427 970 2627 1041 poterit
2653 970 2794 1028 ferre
2834 971 2929 1043 qui
2968 969 3221 1042 despicit,
3253 972 3302 1030 si
3341 971 3450 1030 hoc
3483 981 3541 1035 et
3569 973 3663 1030 ille
3692 973 3750 1032 in

2163 1057 2385 1114 verbere
2426 1060 2650 1130 pertulit
2690 1059 2788 1131 qui
2833 1075 2929 1130 per
2966 1059 3224 1116 timorem
3264 1059 3521 1132 praevidit
3541 1062 3570 1118 ?
3599 1063 3750 1120 Unde

2159 1162 2505 1220 summopere
2532 1146 2943 1205 formidandum
2973 1147 3133 1204 nobis
3155 1156 3236 1206 est
3265 1149 3405 1208 illud
3432 1157 3600 1210 tanta:
3627 1150 3751 1207 dis-

2159 1236 2435 1293 trictionis
2479 1254 2729 1294 examen.
2765 1235 2988 1294 Constat
3016 1243 3198 1294 autem
3237 1238 3366 1310 quia
3403 1237 3462 1296 in
3505 1237 3608 1295 hac
3635 1239 3752 1300 vita

2155 1340 2284 1382 cum
2329 1327 2588 1396 percutit,
2625 1327 2673 1382 si
2719 1325 3123 1398 percussionem
3169 1327 3436 1384 correctio
3479 1327 3748 1400 sequitur,

2159 1411 2452 1484 disciplina
2480 1413 2650 1484 patris
2672 1420 2778 1480 est,
2797 1429 2908 1468 non
2931 1413 3015 1468 ira
3023 1411 3266 1484 judicia;
3297 1431 3450 1470 amor
3478 1415 3749 1486 corrigen-

2158 1503 2232 1562 tis
2245 1511 2348 1570 est,
2367 1519 2478 1560 non
2493 1502 2770 1560 districtio
2795 1503 3092 1576 punientis.
3117 1505 3204 1560 Ex
3228 1505 3345 1577 ipso
3365 1522 3492 1578 ergo
3519 1521 3747 1576 praesen-

2158 1595 2203 1650 ti
2232 1591 2458 1650 verbere
2487 1591 2702 1664 judicia
2735 1599 2937 1649 aeterna
2963 1591 3240 1664 pensanda
3274 1600 3423 1650 sunt.
3455 1593 3598 1650 Hinc
3625 1600 3749 1650 ete-

460 1658 698 1722 dicitur:
745 1672 829 1759 Et
854 1672 1064 1759 pondus
1089 1671 1390 1759 γαίας-[φνῄᾲ
1430 1687 1537 1759 non
1558 1670 1732 1759 potui,
1759 1671 1888 1744 quia
1920 1688 2048 1728 cum
2079 1696 2128 1759 Β
2156 1684 2275 1740 nim
2307 1658 2642 1755 perpendere
2669 1658 3014 1754 summopere
3033 1681 3293 1740 debemus
3312 1681 3587 1756 quomodo
3607 1681 3746 1740 fera-

458 1767 706 1826 supernaa
725 1757 1022 1828 majestatis
1041 1758 1156 1814 vim
1177 1757 1245 1816 ad
1269 1757 1546 1829 judicium
1570 1757 1842 1814 venientis
1859 1765 2042 1814 terro-

2155 1783 2248 1831 tur
2287 1773 2385 1829 illa
2415 1787 2537 1845 quas
2564 1769 2842 1844 reprobat,
2881 1769 2929 1826 si
2967 1767 3101 1828 ferri
3141 1769 3304 1828 modo
3331 1770 3430 1828 vix
3456 1769 3603 1828 valet
3625 1767 3746 1844 ejus

457 1855 682 1919 remque
705 1845 846 1900 tanti
877 1845 1148 1902 examinis
1166 1845 1564 1903 considerando
1583 1847 1800 1903 animus
1822 1855 2052 1904 conatur

459 1929 767 2014 exquirere,
800 1950 932 1990 mox
951 1933 1021 1990 ad
1050 1937 1402 2010 semetipsum
1425 1936 1722 2009 refugiens,
1751 1949 1866 1992 sese
1889 1951 2056 2010 expa‘

530 2074 554 2112 ‘
581 2073 708 2134 Val.
737 2075 846 2147 CL,
866 2093 984 2150 qua
1007 2079 1242 2136 nondum
1267 2079 1490 2151 feriunt.

2158 1865 2243 1924 ira
2273 1878 2394 1938 quae
2422 1869 2636 1935 purgat.

1199 2359 1536 2445 LIBER
1643 2355 2255 2447 VIGESIMUS
2372 2351 2993 2446 SECUNDUS.

463 2516 652 2596 Quod
683 2527 1036 2601 supererat
1059 2521 1291 2600 capitis
1331 2537 1482 2601 xxxx
1533 2519 1692 2601 libri
1729 2519 1842 2583 Job
1897 2517 2290 2601 terplicatur,
2356 2511 3036 2601 commenda-atumat!

3173 2514 3451 2576 mertim
3519 2513 3741 2576 animi

777 2594 1078 2685 demissio
1118 2592 1181 2662 et
1220 2600 1600 2674 moderatio.
1643 2592 1998 2678 patientia,
2033 2597 2351 2669 charttas,
2397 2599 2460 2655 et
2491 2609 2648 2672 erga
2689 2593 2973 2654 subditos
3012 2592 3399 2654 sollicitudo.

971 2725 1199 2787 CAPUT
1235 2729 1527 2789 PRIMUM.

523 2819 580 2878 1.
609 2817 698 2877 Ad
722 2819 1003 2876 cavendam
1029 2819 1462 2892 desperationem,
1492 2819 1616 2876 licet
1638 2824 1772 2875 recte
1797 2833 1832 2874 α
1859 2833 1911 2873 se
1935 2833 2041 2890 ges-

454 2915 629 2966 torum
658 2906 952 2963 recordari.
995 2937 1068 2948 —
1091 2909 1109 2942 ¹
1142 2905 1298 2974 Quod
1331 2922 1364 2963 a
1388 2923 1475 2964 me
1513 2923 1654 2980 smpe
1681 2905 1794 2978 jam
1833 2905 2042 2963 dictum

451 3006 554 3068 est,
583 2997 690 3056 hoc
721 3013 807 3054 me
835 2996 1026 3054 crebro
1053 3003 1294 3068 repetere
1323 3013 1615 3054 onerosum
1645 3013 1755 3053 non
1784 3003 1885 3064 est,
1915 2993 2044 3070 quia

450 3095 506 3146 et
549 3088 872 3162 praedicator
907 3087 1152 3160 egregius
1187 3087 1362 3144 dicit:
1395 3088 1596 3144 Eadem
1632 3087 1778 3142 vobis
1823 3086 2046 3142 scribere

447 3179 582 3235 mihi
619 3179 826 3248 quidem
851 3177 874 3212 ³
912 3192 1019 3230 non
1047 3176 1281 3247 pigrum,
1323 3176 1468 3231 vobis
1493 3181 1666 3232 autem
1696 3175 2045 3231 necessarium

453 3265 622 3342 (Phil.
653 3283 738 3334 III,
765 3267 846 3337 1).
873 3263 1071 3320 Beatus
1096 3263 1196 3320 Job
1223 3264 1430 3322 idcirco
1454 3269 1628 3336 gestas
1663 3264 1896 3320 virtutes
1919 3279 2040 3318 nar.

2149 2724 2276 2785 dam
2335 2724 2490 2796 quasi
2539 2721 2940 2791 misericordes,
2986 2722 3080 2778 sed
3131 2740 3475 2800 nequaquam
3525 2719 3738 2804 justas;

2150 2812 2414 2888 quosdam
2446 2827 2574 2871 vero
2599 2811 2755 2882 quasi
2778 2808 2977 2882 justos,
3000 2809 3093 2866 sed
3121 2811 3179 2866 in
3207 2827 3265 2866 se
3291 2811 3476 2884 potius
3494 2827 3656 2888 quam
3681 2811 3740 2870 in

2149 2903 2386 2962 Domino
2415 2900 2772 2959 confidentes.
2795 2901 2868 2956 Et
2895 2908 3103 2956 certum
3123 2905 3204 2956 est
3235 2901 3363 2974 quia
3390 2918 3490 2961 nec
3518 2903 3739 2966 castitas

2150 2991 2210 3048 in
2249 2989 2368 3063 ejus
2407 2989 2570 3051 corde
2610 3005 2740 3046 vera
2765 2997 2867 3057 est,
2897 2989 2986 3045 cui
3021 2987 3308 3046 humilitas
3335 2989 3504 3058 deest,
3535 2991 3738 3064 quippe

2153 3080 2176 3115 ³
2201 3080 2331 3154 quia
2361 3077 2614 3152 superbia
2641 3095 2697 3139 se
2728 3079 3056 3134 intrinsecus
3083 3087 3465 3151 corrumpente
3495 3079 3737 3144 fornica-

2152 3177 2266 3239 tur,
2291 3170 2340 3226 si
2363 3168 2714 3241 semetipsum
2745 3166 2998 3240 diligens,
3029 3183 3060 3223 a
3086 3165 3280 3224 divino
3301 3167 3506 3230 recedit
3530 3183 3736 3231 amore.

2149 3259 2260 3316 Nec
2285 3256 2572 3316 humilitas
2595 3271 2725 3314 vera
2764 3262 2846 3312 est
2873 3256 2962 3312 cui
3004 3255 3380 3318 misericordia
3406 3256 3600 3332 juncta
3625 3273 3741 3322 non

449 3341 555 3424 rat,
601 3355 729 3430 quia
763 3352 908 3410 inter
945 3352 1338 3425 increpationis
1379 3351 1550 3409 verba
1585 3359 1641 3408 et
1676 3350 2042 3424 percussionis
2073 3381 2118 3442 Ο
2149 3353 2252 3414 est,
2273 3346 2401 3442 quia
2418 3361 2518 3402 nec
2547 3342 2706 3442 debet
2727 3341 3165 3442 humilitasdici,
3188 3344 3397 3442 qum‘ad
3416 3347 3742 3419 compassio.

448 3443 677 3505 verbera
711 3442 1100 3518 deprehensus,
1139 3457 1172 3499 a
1211 3443 1326 3515 spei
1367 3441 1568 3500 ﬁducia
1609 3447 1848 3497 mentem
1887 3450 2040 3495 suam

448 3533 764 3607 labefactari
792 3531 1119 3590 considerat.
1149 3531 1325 3588 Multa
1354 3530 1554 3603 quippe
1581 3537 1637 3586 et
1657 3531 1826 3603 egisse
1845 3543 1902 3585 se
1931 3543 2040 3583 ma-

449 3621 505 3678 la
531 3619 598 3676 ab
617 3619 1025 3691 increpantibus
1053 3619 1247 3675 amicis
1276 3617 1544 3687 audierat,
1576 3625 1631 3674 et
1657 3635 1726 3675 ne
1745 3617 1925 3674 verbis
1949 3629 2039 3690 pa-

447 3708 584 3765 riter
613 3713 667 3766 et
702 3705 932 3780 ﬂagellis
961 3720 1142 3779 pressa
1177 3706 1235 3762 in
1266 3706 1697 3778 desperationem
1729 3721 1880 3761 mens
1907 3719 2040 3760 cor—

446 3806 592 3868 ruat,
612 3797 756 3858 banc
786 3809 882 3872 per
910 3811 1132 3855 suarum
1149 3797 1419 3853 virtutum
1447 3793 1766 3853 memoriam
1795 3793 1864 3850 ad
1886 3810 2037 3867 spem

445 3889 728 3958 reformat,
760 3895 823 3944 ut
852 3901 1195 3966 nequaquam
1225 3901 1282 3943 se
1299 3872 1504 3942 debeat
1528 3885 1585 3940 in
1612 3883 1920 3941 calamitate
1948 3882 2038 3940 de-

439 3976 632 4052 jicere,
661 3992 782 4052 qum
809 3975 1226 4051 tranquillitatis
1262 3988 1374 4038 suae
1403 3979 1648 4043 tempore
1671 3989 1730 4028 se
1765 3971 2040 4030 memine-

444 4072 534 4122 rat
557 4071 672 4118 tam
702 4061 963 4118 sublimia
989 4063 1182 4135 egisse.
1211 4060 1351 4126 Quia
1371 4060 1541 4131 igitur
1573 4057 1895 4116 intentionis
1921 4059 2039 4133 eius

446 4157 591 4222 697
613 4163 833 4206 causam
860 4149 1129 4216 diximus,
1161 4154 1330 4204 restat
1355 4151 1420 4202 ut
1455 4145 1670 4202 auditas
1699 4147 1931 4205 virtutes
1957 4149 2038 4204 il-

443 4245 555 4311 lius
579 4241 856 4302 subtiliter
880 4241 1298 4316 perpendamus.

513 4335 568 4396 2.
605 4334 720 4394 Una.
732 4331 903 4386 virtus
917 4331 1029 4386 sine
1046 4329 1194 4396 aliis,
1214 4327 1478 4387 autnulla
1494 4335 1589 4396 est,
1604 4335 1702 4386 aut
1711 4331 1948 4390 minima.
1967 4364 2038 4378 _

443 4425 561 4484 Hoc
586 4428 768 4479 autem
791 4420 1032 4494 primum
1062 4417 1347 4476 sciendum
1376 4425 1479 4488 est,
1502 4417 1631 4491 quia
1655 4419 1902 4493 quisquis
1925 4422 2034 4477 vir-

439 4519 561 4572 tute
598 4510 784 4585 aliqua
825 4509 1029 4582 pollere
1071 4505 1336 4576 creditur,
1375 4515 1510 4564 tunc
1543 4507 1810 4564 veraciter
1844 4510 2032 4581 pollet,

441 4619 569 4663 cum
587 4599 740 4656 vitiis
762 4613 831 4654 ex
860 4597 970 4653 alia
994 4605 1146 4672 parte
1165 4611 1276 4653 non
1305 4592 1570 4668 subjacet.
1598 4597 1734 4652 Nam
1759 4596 1806 4652 si
1828 4613 1897 4652 ex
1925 4598 2033 4654 alio

441 4690 600 4751 vitiis
623 4687 900 4756 subditur,
932 4701 1031 4744 nec
1059 4685 1166 4744 hoc
1194 4693 1276 4743 est
1304 4685 1565 4755 solidum,
1597 4686 1694 4742 ubi
1723 4693 1866 4742 stare
1883 4695 2034 4758 puta-

439 4781 620 4840 batur.
663 4778 1012 4858 Unaquaeque
1065 4775 1214 4830 enim
1265 4773 1446 4831 virtus
1494 4782 1648 4830 tanto
1701 4775 1883 4832 minor
1931 4785 2032 4844 est,

441 4873 646 4947 quanto
673 4865 870 4922 desunt
896 4872 1104 4922 eceterae
1130 4880 1142 4918 :
1179 4877 1308 4919 nam
1339 4879 1482 4935 saepe
1513 4863 1776 4937 quosdam
1804 4863 2035 4936 pudicos

441 4957 663 5033 quidem
687 4955 1011 5024 vidissenos
1039 4952 1293 5026 contigit,
1314 4952 1410 5016 sed
1436 4965 1548 5009 non
1579 4952 1848 5021 humiles;
1875 4968 2032 5027 quos-

441 5045 571 5104 dam
583 5061 714 5101 vero
730 5043 886 5118 quasi
901 5041 1167 5111 humiles,
1184 5039 1280 5098 sed
1294 5058 1406 5098 non
1431 5039 1810 5098 misericordes
1831 5059 1846 5110 ;
1875 5057 2031 5115 quos-

515 5190 536 5226 ³
563 5187 788 5245 Recent.
820 5185 952 5256 Ed.,
991 5185 1133 5256 quod
1157 5191 1279 5244 ante
1316 5201 1468 5256 sepe.
1501 5183 1792 5256 Sequimur
1810 5183 1938 5242 Mss.
1979 5189 2035 5240 et

443 5258 789 5386 "3153511.
812 5324 1000 5384 Codex
1017 5325 1454 5397 elegantissimus
1467 5333 1522 5384 et
1535 5323 2030 5394 emendatissimus,

445 5397 591 5496 ΙΙῑὶοᾶ
624 5413 695 5496 ξε
725 5397 884 5496 Bene.
926 5397 1146 5496 optimm
1183 5413 1398 5471 quoque
1440 5405 1606 5468 notat,
1648 5413 1754 5454 non
1789 5397 2031 5469 pigitum,

446 5467 594 5543 quod
623 5467 902 5523 derivatur
933 5483 965 5522 a
991 5469 1151 5538 piget.
1198 5467 1217 5470 “
1308 5467 1328 5471 '
1592 5467 1597 5468 '
1790 5467 1809 5469 ν
1856 5467 1868 5469 ί

446 5612 464 5622 _
517 5538 728 5622 ’,βίῦίιι
746 5538 901 5620 Velia
922 5537 1126 5622 abeunt
1143 5555 1273 5620 mss.
1451 5539 1516 5606 In
1541 5536 1744 5599 Turon.
1768 5545 1823 5604 et
1847 5538 2028 5622 Germ.

445 5610 672 5686 luitur:
703 5609 833 5680 quia
857 5609 1106 5680 superbia
1139 5625 1194 5668 es
1221 5609 1540 5668 intrinsecus
1567 5615 1930 5682 corrumme
1954 5624 2032 5664 se-

2059 4739 2111 4798 D

2149 3450 2276 3492 nem
2291 3435 2544 3491 fraternae
2561 3431 2796 3493 miseriae
2813 3431 2989 3490 nescit
3012 3434 3288 3492 inclinari.
3312 3432 3420 3492 Nec
3438 3437 3742 3500 misericor-

2148 3519 2241 3578 dia
2269 3538 2396 3578 vera
2422 3529 2504 3583 est
2531 3537 2652 3596 qum
2671 3537 2702 3577 a
2718 3521 3050 3579 rectitudine
3071 3519 3300 3598 justitiae
3329 3525 3516 3580 existit
3541 3521 3739 3596 aliena,

2148 3615 2278 3688 quia
2295 3631 2414 3688 quas
2444 3619 2621 3686 potest
2647 3628 2742 3684 per
2773 3609 3102 3683 injustitiam
3135 3611 3329 3684 pollui,
3352 3613 3524 3670 nescit
3551 3613 3741 3687 procul

2147 3703 2318 3762 dubio
2344 3698 2675 3776 sibimetipsi
2698 3701 2966 3759 misereri.
2990 3699 3098 3758 Nec
3114 3697 3332 3772 justitla
3352 3719 3480 3760 vera
3507 3712 3591 3759 est
3622 3719 3744 3778 qum

2146 3793 2407 3855 ﬁduciam
2436 3809 2592 3852 suam
2625 3809 2737 3853 non
2764 3793 2824 3850 in
2866 3791 3150 3850 conditore
3180 3795 3452 3862 omnium,
3476 3795 3570 3850 sed
3603 3796 3658 3852 in
3684 3812 3743 3854 se

2145 3881 2396 3948 fortasse,
2438 3887 2534 3942 aut
2575 3880 2634 3938 in
2675 3878 2836 3938 rebus
2882 3877 3120 3935 conditis
3162 3879 3338 3950 ponit,
3369 3879 3498 3952 quia
3539 3881 3671 3941 dum
3707 3899 3742 3942 a

2145 3977 2385 4034 creatore
2402 3983 2553 4040 spem
2578 3965 2874 4033 subtrahit,
2903 3965 3016 4038 ipse
3042 3965 3148 4024 sibi
3170 3965 3490 4040 principalis
3505 3968 3740 4042 justitize

2145 4057 2392 4120 ordinem
2421 4055 2705 4127 pervertit.
2737 4054 2855 4116 Una
2882 4054 3065 4128 itaque
3094 4054 3272 4113 virtus
3314 4050 3434 4116 sine
3469 4057 3618 4127 aliis,
3645 4066 3742 4119 aut

2144 4147 2371 4210 omnino
2389 4142 2544 4202 nulla
2555 4149 2658 4212 est,
2679 4149 2774 4198 aut
2799 4141 3138 4215 imperfecta.
3172 4141 3242 4204 Ut
3261 4142 3436 4216 enim,
3457 4145 3602 4204 sicut
3622 4149 3742 4222 qui-

2142 4237 2372 4298 busdam
2399 4235 2580 4294 visum
2611 4241 2714 4302 est,
2747 4233 2814 4292 de
2844 4233 3040 4306 primis
3066 4241 3302 4308 quatuor
3330 4235 3634 4300 virtutibus
3662 4240 3739 4303 ιο-

2143 4342 2302 4401 quur,
2347 4326 2370 4360 ⁸
2411 4323 2724 4398 prudentia,
2767 4323 3150 4394 temperantia,
3187 4321 3537 4396 fortitudine,
3577 4335 3742 4404 atque

2137 4415 2383 4506 justitia;
2405 4420 2562 4506 tanto
2588 4412 2840 4506 perfectae
2855 4419 2984 4506 sunt
2997 4412 3248 4485 singulm,
3270 4422 3476 4506 quanto
3495 4417 3741 4480 vicissim

2141 4499 2362 4564 sibimet
2397 4501 2725 4575 conjunctae.
2771 4499 3076 4572 Disjunctaa
3114 4509 3297 4560 autem
3341 4503 3594 4576 perfecta
3625 4522 3740 4572 esse

2141 4610 2482 4668 nequaquam
2513 4600 2762 4666 possunt,
2781 4592 2912 4664 quia
2930 4607 3031 4649 nec
3050 4591 3344 4665 prudentia
3361 4609 3488 4652 vera
3515 4603 3598 4652 est
3616 4611 3736 4667 qum

2133 4682 2306 4757 justo,
2335 4691 2644 4754 temperans
2669 4687 2724 4737 et
2751 4679 2912 4737 fortis
2946 4696 3056 4736 non
3077 4688 3178 4750 est,
3199 4697 3300 4738 nec
3323 4681 3560 4754 perfecta
3587 4690 3738 4742 tem-

2141 4773 2390 4846 perantia
2413 4787 2534 4844 quai
2563 4771 2742 4838 fortis,
2773 4768 2926 4841 justa
2975 4776 3031 4826 et
3062 4768 3300 4840 prudens
3345 4784 3458 4825 non
3505 4777 3609 4839 est,
3638 4787 3740 4833 nec

2142 4859 2411 4919 fortitudo
2436 4859 2650 4930 integra
2689 4874 2812 4932 qua:
2853 4856 3115 4930 prudens,
3145 4863 3453 4930 temperans
3499 4866 3555 4918 et
3587 4859 3739 4932 justa

2142 4967 2257 5007 non
2279 4958 2384 5018 est,
2403 4965 2507 5007 nec
2523 4963 2654 5006 vera
2673 4946 2898 5020 justitia
2917 4963 3040 5021 quae
3064 4948 3325 5021 prudens,
3339 4947 3506 5006 fortis
3530 4957 3586 5010 et
3602 4958 3736 5017 tem-

2143 5055 2336 5111 perans
2361 5053 2474 5094 non
2505 5045 2606 5094 est.

2141 5180 2415 5260 metipsum
2441 5175 2662 5260 diligat:
2689 5197 2724 5238 a
2753 5178 2862 5260 diu.
2899 5177 3084 5260 timore
3117 5175 3438 5260 fornicatur.
3471 5175 3733 5260 Xal._Cl.,

2141 5249 2444 5325 fornicatur
2461 5249 2786 5325 semetipsum
2807 5249 3044 5325 dieidem
3063 5267 3098 5304 a
3121 5249 3450 5325 div._amore.
3473 5249 3705 5314 Vindoc.

2141 5295 2470 5399 'sernetipsum
2505 5295 2726 5399 ditig‘ens
2771 5321 2950 5399 odio.
2977 5335 3177 5399 _amgre
3214 5295 3550 5394 fornicatui‘;
3590 5295 3732 5399 quod

2142 5389 2540 5456 etiam—habent
2568 5389 2757 5452 Norm.
2786 5397 2840 5451 et
2871 5389 3032 5449 Corb.
3067 5389 3252 5450 Germ.

2215 5465 2238 5538 ἦ
2269 5463 2430 5542 Corb.
2464 5463 2973 5542 Germ.,.Norm.‘e_t
3001 5464 3154 5542 plur;
3176 5479 3302 5542 cum
3325 5461 3586 5542 vet._l_td.,
3600 5481 3733 5542 pru-

2215 5481 2238 5502 ’
2269 5481 2430 5527 μοι-υ.
2464 5481 2672 5530 uerm.,
2698 5481 2886 5521 norm.
2919 5481 2973 5518 et
3041 5481 3142 5520 iur.
3177 5481 3302 5521 cum
3325 5481 3432 5520 vet.
3456 5481 3586 5534 ιω,
3643 5481 3733 5522 ru-

2141 5529 2340 5602 deri‘tt'a,
2385 5532 2749 5605 temperantia.
2796 5481 3082 5605 [οτιῑιωῗυ.
3126 5525 3284 5605 atque
3314 5533 3555 5602 Iustitia,
3590 5481 3734 5592 [gnto

2097 5657 2112 5666 .
2139 5605 2384 5682 perfecta
2407 5610 2535 5668 tum
2561 5604 2801 5676 singuiw.
