4162 6184
1068 191 1438 251 MORALIUM
1474 188 1609 250 LIB.
1650 190 1829 250 XXII.
1866 212 1943 238 -ι
1971 188 2047 251 IN
2077 188 2307 251 CAPUT
2341 190 2532 251 XXXI
2567 195 2631 250 Β.
2668 194 2812 251 JOB.

330 396 337 397 ,
376 328 430 388 3.
459 322 712 387 Mil
729 321 827 379 Iob
838 325 1204 376 consuerunt.
1234 344 1306 362 -ι-
1334 318 1533 375 Beatus
1557 316 1881 391 itsquelob,
1909 321 1964 381 Α
1987 318 2096 386 Qui
2123 318 2271 375 eriim
2299 318 2465 376 rebus
2486 317 2803 376 labentibus
2816 312 3584 389 summie-mum-

310 418 459 496 ςυοά
484 431 595 473 non
618 427 776 469 unam
794 410 914 465 sine
932 409 1061 477 alia,
1090 408 1185 469 sed
1557 406 1618 463 in
1635 407 1880 496 sevirtu-
1993 406 2166 476 hitur,
2187 418 2301 481 quo
2322 407 2502 464 tendit
2525 406 2859 496 quedtenet.
2876 406 3039 496 Prius
3274 406 3583 466 Mum

308 492 400 567 tes
423 502 684 569 habuerit,
710 497 1087 556 enumerando
1132 497 1376 569 singulas
1402 495 1717 553 innotescit.
1743 496 1881 552 Nam
1993 502 2163 552 estne
2173 497 2299 570 quis
2310 495 2632 569 temporalia
2656 494 2873 566 diligat,
2908 492 3187 551 undeinde
3204 504 3276 555 ne
3300 496 3585 554 ineisdem

308 594 451 652 bona
472 586 747 663 pudicitia
774 586 1082 652 insinuans,
1110 582 1249 639 dicit
1277 600 1290 639 :
1320 583 1380 640 Si
1404 584 1668 654 deceptum
1691 589 1768 639 est
1791 598 1902 638 σον·
1989 585 2383 656 temporalibus
2408 601 2532 659 quas
2556 598 2671 642 non
2691 584 2761 641 ad
2780 583 3195 641 delectationem
3232 582 3362 652 sibi,
3391 584 3486 640 sed
3513 585 3587 642 sd

307 697 467 740 που
490 693 650 749 super
675 675 947 731 mulierem
969 674 1131 745 (Cap.
1149 671 1409 744 xxxr,9).
1429 672 1611 744 Atque
1628 678 1692 729 ut
1704 672 1883 728 eidem
1993 694 2158 737 usum
2180 677 2399 744 retinet,
2428 674 2687 731 ﬁduciam
2728 677 2917 746 ponat,
2947 671 3211 747 quoniam
3255 670 3587 743 conjunctis

307 767 575 844 pudicitiae
603 765 1007 821 demonstraret
1032 760 1365 817 humilitatis
1392 761 1620 833 gratiam
1655 761 1884 817 nullate—

305 873 402 916 nus
426 855 689 922 defuisse,
728 859 852 925 post
896 858 1090 909 cratera
1132 848 1418 922 subjungit
1454 866 1468 905 :
1514 850 1574 906 Si
1607 848 1888 920 contempsi

303 948 464 1005 subire
479 944 752 1014 judicium
771 957 888 995 cum
914 956 1061 995 seruo
1080 954 1189 994 meo
1221 940 1397 1010 (Vere.
1434 937 1547 1009 13).
1577 937 1684 1006 Qui
1711 945 1773 993 ut
1786 937 1886 994 hu-

306 1033 514 1091 militati
541 1048 661 1088 sum
684 1027 997 1085 ostenderet
1014 1025 1447 1083 misericordiam
1473 1025 1641 1081 fuisse
1657 1024 1886 1097 conjun-

301 1128 455 1188 ctam,
480 1120 651 1192 paulo
672 1124 794 1189 post
817 1116 955 1172 dicit
989 1132 1002 1174 :
1043 1116 1103 1171 Si
1124 1114 1310 1185 negavi
1336 1114 1477 1185 quod
1501 1113 1740 1170 colebant
1751 1130 1888 1185 pau-

299 1210 504 1285 peribus
544 1211 573 1279 (
588 1209 736 1266 Vers.
785 1206 899 1276 16).
936 1208 1117 1277 Atque
1165 1211 1229 1261 ut
1264 1203 1692 1260 misericordiam
1731 1217 1885 1259 suam

300 1296 599 1356 ostenderet
628 1295 700 1351 de
730 1293 966 1366 justitia
1001 1292 1184 1350 radice
1211 1292 1563 1361 descendere,
1594 1292 1758 1364 paulo
1783 1308 1891 1348 su-

298 1387 474 1462 perius
498 1383 795 1457 praemisit,
825 1382 1016 1439 dicens
1045 1398 1059 1436 :
1087 1382 1147 1438 Si
1180 1382 1526 1437 ambulaviin
1561 1382 1814 1446 vanitate,
1840 1386 1893 1435 et

295 1473 557 1548 festinavit
592 1474 653 1528 in
678 1473 911 1543 dolopes
944 1487 1090 1526 meus
1121 1470 1296 1543 (Verr.
1327 1470 1409 1542 ὃ).
1441 1471 1620 1542 Atque
1648 1476 1711 1524 ut
1735 1482 1890 1523 mon-

294 1569 553 1621 straretur
582 1576 752 1634 quam
781 1557 951 1615 fuerit
976 1558 1045 1615 ad
1069 1566 1266 1615 cuncta
1293 1559 1547 1631 pavidus,
1573 1566 1631 1614 et
1666 1557 1736 1614 ad
1759 1572 1891 1613 orn-

1996 762 2410 824 decurrentibus
2425 778 2555 819 mox
2572 766 2776 819 statum
2796 768 2957 818 suum
2985 760 3204 818 animus
3229 760 3428 832 perdit.
3446 759 3585 815 Nam

1996 856 2128 912 vita
2154 852 2434 927 presentis
2486 853 2687 909 ﬂuctus
2729 851 2904 907 trahit
2947 858 3111 925 quem
3142 851 3310 918 levat,
3339 856 3394 906 et
3420 846 3587 904 ualde

1998 943 2222 1001 demens
2247 949 2331 999 est
2357 941 2454 1015 qui
2481 942 2539 997 in
2563 941 2712 997 unda
2739 940 3004 1009 volvitur,
3034 946 3090 996 et
3133 940 3377 1013 plantam
3418 936 3587 1019 ﬁgere

1999 1042 2246 1091 conatur.
2278 1032 2383 1089 Sed
2428 1037 2557 1087 sunt
2585 1028 2831 1103 plerique
2857 1030 2952 1102 qui
2980 1028 3083 1086 etsi
3120 1029 3181 1085 in
3208 1028 3372 1085 rebus
3407 1032 3585 1084 trans-

1998 1123 2256 1179 euntibus
2274 1122 2533 1178 ﬁduciam
2552 1134 2897 1192 nequaquam
2918 1125 3150 1192 ponunt,
3165 1134 3291 1176 cum
3309 1126 3493 1177 tamen
3511 1117 3587 1175 si-

1998 1212 2169 1268 bimet
2196 1211 2265 1266 ad
2283 1226 2416 1266 usus
2454 1209 2786 1265 necessarios
2813 1208 3029 1264 abunde
3047 1207 3266 1277 adsunt,
3298 1215 3478 1265 mente
3503 1215 3583 1264 tan

2000 1304 2108 1360 cita
2135 1303 2409 1357 laetantur.
2441 1299 2559 1366 Qua
2586 1300 2645 1354 in
2673 1312 2732 1355 re
2751 1298 2982 1355 dubium
3004 1314 3115 1355 non
3138 1307 3241 1366 est,
3274 1298 3404 1372 quia
3429 1305 3585 1356 tanto

1998 1391 2228 1464 quisque
2274 1389 2459 1444 minus
2502 1387 2653 1444 dolet
2697 1386 2873 1459 quod~
2891 1385 3074 1443 desint
3108 1396 3331 1454 aeterna,
3378 1393 3583 1461 quanto

1998 1482 2170 1554 magis
2197 1479 2394 1553 gaudet
2421 1477 2568 1551 quod
2595 1475 2778 1533 adsint
2802 1476 3159 1549 temporalia;
3191 1485 3246 1533 et
3272 1478 3367 1552 qui
3398 1477 3584 1535 minus

2000 1570 2147 1627 dolet
2194 1570 2342 1643 quod
2391 1567 2573 1625 desint
2610 1567 2953 1639 temporalia,
2987 1567 3189 1624 certius
3216 1574 3493 1641 exspectat
3519 1574 3585 1625 ut

294 1651 383 1708 nia
415 1650 851 1721 circumspectus
876 1648 1112 1704 inferius
1155 1648 1370 1715 asserit,
1411 1647 1601 1703 dicens
1630 1663 1643 1700 :
1677 1647 1891 1715 Semper

2002 1662 2180 1719 adsint
2208 1666 2428 1715 aeterna.
2462 1658 2577 1713 Hoc
2596 1657 2778 1729 itaque
2796 1656 2864 1713 de
2889 1656 3115 1713 terrenis
3140 1658 3302 1714 rebus
3322 1657 3581 1729 gaudium

293 1740 424 1795 enim
450 1740 611 1809 quasi
639 1744 886 1793 tumentes
910 1752 1070 1809 super
1096 1753 1174 1792 me
1215 1738 1401 1807 [luctus
1429 1735 1579 1789 timui
1604 1733 1891 1791 Dominum

2002 1752 2188 1808 beatus
2214 1749 2316 1806 Job
2348 1764 2461 1806 non
2489 1763 2546 1804 se
2570 1746 2831 1805 habuisse
2856 1748 3175 1819 testiﬁcans,
3205 1748 3488 1822 subjungit
3500 1746 3582 1806 di-

296 1824 473 1899 (νοτε.
504 1828 631 1897 2ὅ).
663 1825 768 1893 Qui
807 1824 1020 1881 scilicet
1066 1825 1126 1883 in
1165 1825 1439 1897 prosperis
1467 1824 1697 1896 positus,
1725 1831 1890 1895 atque

300 1915 656 1974 abundantia
681 1929 858 1971 rerum
886 1915 1082 1982 fultus,
1130 1916 1145 1948 ⁸
1174 1915 1221 1971 si
1241 1930 1392 1986 spem
1416 1921 1511 1969 aut
1538 1915 1596 1969 in
1619 1911 1735 1969 suis
1756 1910 1892 1967 acti-

299 2003 409 2062 bus
438 2004 617 2061 autin
649 2004 1154 2061 circumﬂuentibus
1189 2003 1352 2059 rebus
1380 2009 1623 2075 poneret,
1644 2000 1889 2073 profecto

292 2094 476 2169 justus
503 2109 622 2151 non
648 2102 806 2151 esset.
845 2094 950 2151 Sed
978 2093 1199 2168 quando
1227 2094 1329 2149 iste
1356 2091 1445 2147 vir
1484 2098 1705 2149 sanctus
1734 2091 1793 2147 in
1832 2105 1893 2147 se

299 2199 450 2257 spem
482 2184 693 2256 posuit,
721 2184 816 2256 qui
844 2192 1029 2257 aperte
1048 2184 1186 2243 dicit
1210 2202 1223 2240 :
1250 2186 1382 2240 Ecce
1407 2198 1515 2238 non
1539 2188 1616 2237 est
1626 2180 1894 2237 auxilium

291 2274 421 2329 mihi
448 2275 510 2329 in
534 2291 619 2330 me
643 2276 771 2344 (Job
800 2288 881 2339 vr,
908 2275 1006 2345 13)
1024 2276 1052 2331 7
1076 2272 1215 2347 [γει.
1243 2279 1295 2329 et
1335 2274 1453 2329 Rea.
1471 2270 1579 2343 11.]
1609 2268 1753 2336 Quid
1766 2280 1894 2339 ergo

295 2377 443 2418 nunc
470 2371 747 2435 superest,
799 2364 909 2418 nisi
955 2369 1019 2419 ut
1072 2363 1216 2434 ipsas
1269 2376 1490 2434 quoque
1535 2357 1760 2414 divitias
1786 2369 1896 2428 qua

291 2458 478 2506 mente
506 2451 815 2524 possederit
842 2451 1146 2507 innotescat
1173 2452 1202 2505 ?
1234 2450 1329 2504 Ait
1348 2448 1496 2503 enim
1531 2465 1543 2501 :

366 2544 529 2602 698
552 2547 688 2602 Car.
716 2562 880 2612 xxxi,
907 2546 1081 2602 Vsus.
1100 2543 1191 2601 21’s.
1223 2574 1288 2585 —
1318 2543 1378 2598 Si
1402 2540 1589 2613 putavi
1603 2554 1900 2596 aurumm-

287 2633 395 2693 δατ
421 2649 633 2699 meum,
662 2637 710 2687 et
734 2633 927 2703 obryzo
953 2631 1091 2697 dixi,
1120 2630 1317 2703 ﬁducia
1346 2645 1475 2686 mea.

950 2735 1177 2793 CAPUT
1194 2736 1261 2793 II.

355 2826 413 2886 4.
444 2827 578 2884 Non
604 2826 664 2879 in
690 2825 975 2880 tabentibus
1002 2824 1223 2889 divitiis,
1253 2825 1343 2879 sed
1370 2824 1426 2880 in
1461 2824 1569 2881 Dea
1598 2823 1708 2881 solo
1738 2822 1896 2896 confi,

294 2914 899 2986 dendum.—Obryzum
917 2913 1184 2969 dicimus3
1206 2912 1411 2968 obrude
1426 2929 1642 2969 aurum.
1665 2914 1896 2969 Sanctus

1996 1856 2128 1901 08118
2148 1855 2168 1897 .'

2462 1927 2689 1986 CAPUT
2724 1929 2800 1987 ΠῘ
2838 1928 2975 2003 [νει.
3017 1927 3154 2004 HI].

2069 2017 2238 2076 Vsus.
2269 2014 2359 2074 25.
2383 2046 2455 2059 —
2484 2017 2542 2073 Si
2573 2018 2777 2074 laetatus
2804 2034 2917 2073 sum
2961 2035 3119 2089 super
3160 2017 3342 2074 multis
3383 2015 3584 2074 divitiis

1997 2109 2147 2175 meis,
2175 2113 2225 2163 et
2246 2107 2374 2180 quia
2395 2107 2635 2180 plurima
2658 2106 2854 2180 reperit
2877 2124 3066 2163 manus
3091 2125 3223 2163 mea.

2072 2197 2125 2253 5.
2161 2196 2337 2253 Sancti
2364 2196 2618 2251 bonorum
2648 2196 3016 2267 temporalium
3043 2213 3176 2253 anus
3193 2202 3289 2253 aut
3311 2196 3582 2268 largiendo

1997 2287 2333 2359 partiuntur,
2351 2292 2448 2341 aut
2464 2288 2827 2345 contemnme
2850 2289 3010 2345 totum
3037 2286 3315 2359 deponunt.
3344 2317 3415 2329 -—
3436 2286 3583 2342 San-

2002 2375 2079 2433 cti
2132 2374 2333 2450 quippe
2386 2374 2495 2433 viri
2535 2374 2595 2431 in
2625 2374 2791 2447 hujus
2819 2374 3271 2449 peregrinationis
3313 2393 3579 2447 aerumna,

2005 2464 2264 2539 quoniam
2294 2479 2413 2521 eam
2463 2479 2628 2535 quam
2676 2471 2939 2536 appetunt
2977 2463 3158 2520 adhuc
3204 2465 3462 2521 creatoris
3494 2464 3583 2525 sui

2004 2552 2236 2626 speciem
2267 2552 2641 2623 contemplari
2654 2552 2882 2615 minime
2902 2551 3179 2622 sinuntur,
3210 2569 3427 2608 omnem
3451 2569 3583 2629 prie-

2004 2641 2175 2697 sentis
2189 2640 2315 2697 vitae
2337 2640 2551 2713 copiam
2576 2640 2820 2712 inopiam
2855 2638 3137 2715 deputant,
3168 2639 3297 2714 quia
3325 2640 3586 2705 videlicet

2004 2728 2083 2787 nil
2118 2737 2272 2786 extra
2300 2732 2472 2787 Deum
2502 2728 2705 2789 suﬁicit
2751 2734 2919 2786 menti
2951 2747 3070 2805 qum
3108 2731 3373 2787 veraciter
3408 2730 3584 2787 Deum

2004 2820 2231 2894 quzerit;
2256 2824 2310 2874 et
2338 2818 2656 2892 plerumque
2673 2820 2752 2875 eis
2779 2820 2895 2891 ipsa
2922 2836 3020 2877 sua
3046 2818 3382 2883 abundantia
3405 2820 3467 2875 ﬁt
3493 2835 3587 2885 ve-

2003 2907 2287 2963 hementer
2312 2923 2557 2975 onerosa,
2579 2906 2708 2981 quia
2733 2907 2840 2964 hoc
2858 2906 3037 2980 ipsum
3065 2906 3301 2978 graviter
3328 2906 3586 2981 tolerant,

302 3020 429 3077 ergo
458 3005 547 3059 vir
582 3018 683 3058 nec
712 3018 905 3057 aurum
950 3002 1138 3068 robur,
1180 3018 1283 3058 nec
1322 3001 1427 3057 sibi
1466 3017 1578 3058 esse
1607 3000 1892 3076 obryzum,
1924 3018 1971 3085 ο
2004 2995 2149 3085 quod
2171 2994 2491 3085 festinantes
2505 2993 2572 3049 ad
2592 2994 2822 3085 patriam
2844 2994 2902 3049 in
2923 2993 3118 3085 itinere
3140 2994 3583 3085 multa‘portant.

301 3094 359 3153 id
388 3102 467 3150 est
484 3093 644 3149 rudis
672 3092 791 3147 auri
812 3091 1009 3147 molem
1034 3091 1291 3147 ﬁduciam
1321 3090 1577 3159 credidit,
1598 3091 1725 3165 quia
1740 3107 1889 3162 spem
1930 3078 1970 3085 ’
2005 3082 2158 3139 Unde
2187 3080 2249 3137 ﬁt
2276 3088 2336 3137 ut
2377 3078 2494 3137 hac
2521 3097 2645 3137 cum
2694 3078 3067 3153 indigentibus
3096 3081 3362 3155 proximis
3389 3082 3585 3151 devote

302 3181 326 3220 ³
349 3191 507 3256 atque
539 3180 959 3237 delectationem
985 3197 1137 3236 suam
1164 3181 1223 3236 in
1252 3179 1423 3236 solius
1450 3180 1621 3252 gratia
1646 3178 1893 3243 condito-

301 3271 377 3330 ris
400 3272 597 3342 ﬁgens,
623 3284 800 3342 neque
827 3269 893 3324 de
923 3269 1226 3347 quantitate
1255 3269 1397 3339 auri,
1418 3284 1593 3341 neque
1620 3268 1687 3324 de
1716 3267 1893 3340 specie

301 3358 568 3434 peccavit.
586 3360 662 3414 De
688 3366 929 3415 creatore
950 3359 1150 3431 quippe
1178 3359 1487 3431 desperasse
1516 3358 1713 3426 fuerat,
1739 3374 1891 3428 spem

304 3447 361 3505 in
389 3457 636 3506 creatura
684 3448 945 3519 posuisse.
988 3448 1050 3502 In
1095 3447 1257 3503 rebus
1296 3455 1475 3504 autem
1519 3446 1703 3507 dubiis
1742 3462 1891 3527 spem

305 3537 500 3593 ﬁxerat
526 3535 683 3590 dives
708 3536 819 3604 ille,
850 3535 945 3607 qui
974 3535 1189 3593 dicebat
1238 3554 1250 3591 :
1301 3536 1518 3605 Anima,
1546 3536 1699 3593 habes
1724 3536 1895 3603 multa

309 3625 449 3683 bona
475 3627 495 3658 ὀ
527 3624 757 3692 reposita
782 3625 839 3677 in
863 3642 1030 3679 annos
1057 3625 1341 3697 plurimos,
1369 3625 1644 3696 requiesce,
1672 3624 1893 3689 comede,

308 3713 443 3776 bibe,
473 3712 708 3782 epulare.
746 3711 843 3767 Sed
866 3714 1000 3767 hunc
1024 3729 1256 3784 superna
1279 3730 1383 3767 eoa:
1399 3714 1656 3784 increpat,
1684 3712 1856 3766 dicens
1874 3727 1894 3767 :

311 3801 500 3868 Stulte,
516 3801 618 3854 hac
630 3806 771 3854 nocte
782 3802 1015 3865 animum
1031 3808 1174 3856 tuam
1188 3806 1426 3872 repetunt
1442 3818 1476 3856 α
1491 3806 1537 3855 te
1553 3818 1574 3866 ;
1592 3814 1710 3871 qua
1724 3802 1897 3854 autem

307 3888 532 3964 parasti,
573 3887 723 3957 cujus
746 3896 900 3943 erunt
925 3892 951 3960 (
958 3890 1085 3944 Luc.
1103 3904 1208 3955 x11,
1243 3887 1441 3961 19,20)
1473 3889 1501 3946 ῗ
1527 3888 1732 3945 Eadem
1745 3888 1894 3944 enim

312 3988 462 4038 nocte
489 3976 742 4036 sublatus
790 3985 895 4044 est,
928 3978 1023 4051 qui
1074 3979 1133 4034 in
1183 3993 1367 4033 rerum
1421 3978 1527 4035 sibi
1560 3976 1898 4034 abundantia

317 4069 482 4125 multa
512 4075 764 4139 tempora
792 4067 972 4123 fuerat
1003 4069 1362 4139 praestolatus,
1392 4075 1455 4124 ut
1484 4067 1694 4125 scilicet
1719 4067 1815 4142 qui
1836 4067 1897 4125 in

316 4153 527 4229 longum
567 4156 676 4212 sibi
706 4155 953 4212 subsidia
979 4156 1286 4228 colligendo
1313 4157 1665 4229 prospiceret,
1693 4156 1897 4212 subse-

318 4254 565 4318 quentem
600 4245 749 4300 diem
785 4244 872 4299 vel
901 4259 1073 4300 unum
1110 4244 1339 4300 minime
1374 4246 1604 4301 videret.
1641 4245 1807 4312 Quasi
1835 4244 1895 4300 in

2001 3169 2326 3244 partiantur,
2344 3175 2611 3244 quatenus
2625 3168 2757 3228 dum
2786 3169 2955 3235 sumit
2984 3168 3085 3226 iste
3106 3169 3252 3244 quod
3270 3187 3380 3227 non
3400 3171 3585 3245 habet,

2002 3260 2238 3334 deponat
2265 3259 2358 3316 ille
2402 3258 2549 3339 quod
2580 3258 2816 3334 amplius
2862 3257 3128 3329 habebat;
3162 3276 3264 3317 nec
3302 3260 3589 3321 conviator

2000 3366 2209 3411 vacuus
2234 3347 2498 3417 ambulet,
2519 3364 2620 3415 nec
2639 3364 2763 3404 eum
2795 3364 2957 3433 quem
2991 3344 3266 3411 retardare
3294 3348 3352 3404 in
3373 3348 3463 3405 via
3495 3366 3587 3423 po-

1999 3443 2144 3497 terat
2168 3435 2402 3503 nimium
2431 3453 2571 3493 onus
2585 3437 2972 3510 gravet.Electi
2991 3453 3118 3510 ergo
3138 3434 3204 3493 de
3230 3436 3403 3503 multa
3417 3437 3587 3501 abun-

2002 3521 2191 3581 dantia
2221 3524 2449 3580 minime
2497 3528 2641 3593 899
2673 3524 2950 3603 laetantur,
2995 3541 3158 3598 quam
3205 3524 3461 3591 videlicet
3488 3542 3589 3603 pro

2002 3638 2189 3691 amore
2215 3623 2451 3681 cmlestis
2479 3621 2797 3697 patrimonii
2824 3632 2919 3681 aut
2947 3623 3226 3695 largiendo
3246 3624 3589 3699 dispergunt,

2003 3720 2101 3777 aut
2119 3711 2469 3784 despicienda
2497 3710 2774 3769 deserunt.
2806 3711 3065 3785 Sequitn;
3099 3729 3117 3779 ς

2619 3796 2846 3861 CAPUT
2883 3798 2979 3863 IV-

2075 3886 2248 3953 Vnas.
2265 3884 2451 3951 36-28.
2466 3914 2539 3937 -ε
2561 3884 2622 3945 Si
2645 3884 2756 3943 vidi
2779 3885 3066 3951 salaricum
3082 3884 3326 3967 fulgeret,
3346 3893 3395 3945 et
3409 3888 3591 3953 lunam

2002 3977 2316 4037 incedentem
2362 3976 2540 4040 clare;
2574 3980 2623 4035 et
2676 3974 2907 4039 tutulum
2945 3980 3020 4041 est
3060 3974 3120 4039 in
3150 3972 3446 4041 abscondito
3498 3992 3591 4033 cor

2002 4084 2197 4134 mum.
2224 4072 2272 4123 οι
2295 4065 2561 4129 osculatus
2588 4081 2705 4129 sum
2730 4082 2947 4131 manum
2985 4081 3154 4131 meam
3176 4082 3270 4123 ore
3292 4081 3425 4141 mea.
3467 4082 3591 4139 qua

2004 4164 2079 4215 est
2103 4156 2356 4231 iniquitas
2382 4154 2644 4223 maxime.
2672 4160 2723 4221 et
2744 4156 2951 4227 negatio
2976 4161 3162 4223 contra
3182 4155 3353 4223 Deum
3378 4154 3593 4221 «ltissim

2002 4263 2168 4305 mum.
2947 4260 2968 4289 θ
3049 4273 3056 4285 ο

319 4333 466 4431 squis
489 4333 641 4390 enim
672 4333 1040 4431 deﬂuentibus
1066 4332 1486 4388 fundamentum
1516 4349 1717 4406 ponere
1734 4333 1893 4389 estin
1920 4369 1977 4431 Β
2074 4336 2128 4393 6.
2159 4336 2349 4395 Sensus
2374 4340 2627 4399 coercent,
2649 4339 2700 4391 et
2722 4335 2966 4395 continuo
2991 4328 3171 4395 studio
3203 4335 3350 4401 intra
3374 4342 3597 4401 martem

317 4421 475 4477 rebus
500 4422 811 4479 labentibus
840 4422 954 4494 spei
975 4421 1232 4479 ﬁduciam
1264 4422 1402 4478 velle
1428 4422 1681 4479 solidare.
1707 4422 1898 4478 Stante
1921 4421 1970 4431 ”
2004 4440 2155 4479 suam
2178 4438 2230 4478 se
2256 4423 2524 4495 colligunt.
2541 4452 2612 4475 -.——
2638 4423 2914 4485 Incertum
2943 4439 3055 4486 non
3083 4430 3165 4489 est
3192 4422 3338 4497 quod
3363 4431 3596 4497 utraque

318 4506 458 4565 alim
499 4508 563 4563 in
606 4516 927 4581 perpetuum
966 4510 1102 4576 Deo,
1132 4515 1422 4563 transeunt
1464 4508 1668 4565 omnia.
1699 4510 1723 4545 ⁸
1751 4506 1897 4575 Quid

319 4606 437 4668 ergo
452 4613 486 4653 a
509 4603 694 4653 stante
720 4597 910 4669 fugere
940 4604 1042 4663 est,
1062 4594 1171 4650 nisi
1193 4595 1603 4650 transeuntibus
1632 4596 1791 4651 rebus
1815 4596 1896 4651 in-

324 4678 514 4742 ﬂuere
547 4687 576 4742 ?
606 4685 742 4753 Quis
768 4700 1004 4758 namque
1026 4698 1267 4755 unquam
1297 4682 1697 4739 decurrentiam
1721 4683 1902 4739 ﬁumi-

319 4776 695 4833 numtumidis
725 4780 749 4815 ⁸
776 4776 1078 4832 verticibus
1106 4779 1293 4846 raptus
1337 4789 1556 4829 manere
1598 4775 1711 4846 ipse
1756 4774 1903 4831 ﬁxus

317 4864 507 4938 potuit,
535 4865 794 4923 deorsum
816 4865 964 4921 unda
992 4863 1267 4919 deﬂuente
1295 4862 1325 4919 Ῥ
1350 4862 1613 4937 Quisquis
1640 4878 1769 4935 ergo
1795 4862 1902 4919 dea-

316 4945 477 5010 m
500 4954 736 5023 devitat,
758 4960 1004 5027 superest
1031 4960 1092 5009 ut
1112 4951 1259 5025 quod
1288 4950 1480 5007 deﬂuit
1509 4952 1704 5023 fugiat,
1722 4966 1792 5006 ne
1805 4960 1903 5023 per

319 5031 423 5101 hoc
441 5042 592 5116 quod
619 5050 768 5099 amat
787 5044 848 5099 in
863 5042 969 5100 hoc
983 5048 1206 5113 cogatur
1221 5039 1505 5112 pervenire
1531 5042 1551 5076 "
1582 5039 1729 5113 quod
1739 5039 1897 5095 vitat.

387 5237 410 5277 ¹
441 5239 663 5298 Pratell.
696 5249 752 5298 et
778 5241 876 5297 alii
903 5241 1115 5306 Norm.,
1135 5237 1182 5292 si
1196 5253 1337 5309 spem
1361 5236 1423 5291 in
1448 5234 1559 5290 suis
1585 5234 1786 5291 actibus
1806 5251 1905 5307 po-

501 5313 740 5385 profecto
762 5313 1074 5385 justum”
1097 5316 1253 5385 esset:

386 5376 665 5454 'iTu'ronq
697 5376 894 5451 Laud,
934 5381 1056 5439 Val.
1089 5379 1195 5448 CL,
1224 5380 1438 5447 Norm.,
1476 5376 1611 5432 rude
1637 5386 1903 5434 aurum...

322 5453 500 5511 fidem
527 5453 656 5512 auri
673 5458 880 5512 molem.

2007 4512 2127 4571 haec
2154 4511 2450 4577 luminaria
2497 4509 2756 4575 humanis
2799 4510 3123 4577 ministeriis
3162 4512 3441 4587 deputata,
3467 4510 3593 4573 οωιί

2008 4597 2223 4661 militiae
2236 4605 2521 4661 vocantur.
2542 4598 2605 4654 In
2621 4613 2854 4669 quorum
2865 4599 3075 4659 cultum
3093 4600 3296 4663 multos
3315 4600 3594 4669 novimus,

2008 4687 2286 4760 Scriptura
2298 4694 2457 4755 teste,
2476 4686 2758 4757 cecidisse,
2777 4685 2921 4745 sicut
2930 4688 3035 4746 acri
3043 4696 3199 4761 ptum
3228 4696 3343 4755 est:
3364 4689 3595 4746 Adora-

2007 4776 2509 4839 eeruntuniversam
2539 4775 2788 4839 militiam
2818 4777 2932 4839 cali
2953 4777 3062 4850 (IV
3078 4779 3201 4850 Reg.
3229 4794 3374 4846 xvn,
3397 4776 3597 4842 l6).Et

2009 4864 2139 4939 quia
2165 4865 2246 4921 sol
2274 4871 2328 4921 et
2355 4864 2488 4929 luna
2528 4863 2688 4925 aliter
2716 4865 2976 4927 videntur
3002 4865 3072 4922 ad
3111 4881 3296 4934 usum,
3324 4864 3485 4920 aliter
3523 4862 3597 4923 ad

2010 4954 2440 5022 venerationem,
2466 4969 2530 5019 eo
2559 4969 2709 5021 more
2734 4969 2841 5027 quo
2870 4970 2902 5010 a
2928 4952 3234 5019 cultoribus
3274 4949 3388 5015 suis
3416 4952 3595 5007 ven‘e-

2008 5042 2122 5107 rari
2148 5042 2349 5111 solent,
2378 5041 2549 5107 solem
2568 5049 2624 5111 et
2668 5043 2857 5111 lunam
2900 5042 3093 5109 hostes
3119 5038 3223 5109 Joh
3251 5053 3595 5114 nequaquam

2082 5236 2110 5274 ‘
2131 5237 2307 5305 Plur.,
2334 5239 2531 5310 posita.

2084 5308 2108 5343 ⁵
2135 5309 2346 5376 Norm.,
2377 5309 2539 5367 Corb.
2576 5307 2760 5367 Germ.
2788 5314 2846 5366 et
2870 5306 3083 5378 ϐοτη..
3110 5304 3240 5377 Μ
3266 5320 3388 5378 ergo
3429 5303 3538 5363 nisi
3562 5322 3600 5361 a

2012 5383 2181 5439 stante
2209 5378 2389 5448 fugere
2412 5385 2506 5444 est,
2538 5379 2927 5439 tramutibus

2088 5450 2111 5484 ⁶
2136 5446 2344 5516 Germ,
2373 5464 2563 5505 omnes
2603 5449 2817 5519 Norm.,
2866 5447 3065 5518 Laud.,
3114 5446 3278 5507 Corb.
3327 5447 3515 5518 Germ.
3543 5452 3599 5519 Ol

353 5525 410 5605 _'
437 5527 650 5584 Gemet.
675 5529 880 5600 aliique
908 5525 1095 5581 Norm.
1145 5536 1211 5577 ac
1249 5521 1453 5577 Turon.
1489 5537 1504 5586 ;
1545 5526 1705 5592 atque
1738 5516 1910 5575 dilec-
2014 5518 2291 5605 V4.91,
2306 5526 2361 5575 et
2386 5520 2681 5605 participas.

325 5596 533 5655 ﬂauam.

2088 5592 2111 5626 τ
2146 5590 2408 5658 Vindoc.,
2437 5589 2578 5661 quod
2600 5590 2765 5647 nocet.
