4162 6184
1743 207 1992 266 SANCTI
2026 209 2361 268 GREGORII
2395 211 2624 270 MAGNI

3719 231 3819 290 216

549 299 754 389 ν
776 346 838 389 σε
857 331 1134 405 perhibet,
1177 347 1280 390 nec
1313 333 1555 390 laetatum
1600 332 1772 388 fuisse
1795 348 1918 426 con
1945 347 2128 401 suum,
2155 338 2209 398 Α
2238 335 2533 392 novatione
2557 335 2810 394 fervoris.
2843 339 3027 402 Nescit
3050 341 3199 398 enim
3225 359 3380 401 mens
3429 363 3526 420 per
3560 359 3824 426 torporem

548 433 652 482 nec
673 421 980 477 osculatum
998 435 1222 478 manum
1249 435 1343 477 ore
1365 437 1483 476 suo.
1516 421 1578 476 In
1607 435 1715 493 qua
1755 419 2012 478 videlicet
2029 437 2128 477 os-

546 507 841 576 culatione,
869 507 1006 583 quid
1034 507 1185 566 aliud
1225 523 1391 580 quam
1419 509 1606 581 gratia,
1618 510 1986 567 venerationis
2021 527 2130 567 ex-

545 595 846 666 primitur?
864 595 1022 664 Quod
1039 597 1086 652 si
1120 595 1336 654 fecisset
1362 613 1626 670 unquam,
1649 597 1756 655 hoc
1781 599 2129 673 iniquitatem

545 682 840 738 maximam
895 690 950 738 et
977 682 1078 738 Dei
1105 685 1452 756 negationem
1480 693 1660 742 vocat.
1709 685 1817 742 Sed
1843 695 2131 760 postquam

543 776 695 825 tanta
719 769 786 826 de
813 785 870 826 se
886 769 1023 828 locis
1039 773 1418 844 superioribus
1447 774 1723 830 virtutum
1744 775 1992 831 culmina
2009 792 2131 831 nar-

541 859 707 929 ravit,
727 862 744 895 ¹
761 859 896 933 quid
910 876 1063 917 nunc
1077 862 1282 918 mirum
1300 871 1590 932 memorat,
1606 865 1653 920 si
1675 864 1848 920 solem
1867 881 1932 920 ac
1944 864 2134 918 lunam

541 961 656 1003 non
703 964 762 1004 se
807 947 1060 1006 adorasse
1089 951 1454 1008 manifestat?
1482 952 1638 1008 Unde
1684 951 2024 1024 pensandum
2053 957 2136 1006 est

541 1033 690 1107 quod
713 1043 1002 1109 postquam
1033 1037 1090 1091 in
1117 1053 1250 1092 auro
1279 1053 1392 1094 non
1420 1037 1677 1094 habuisse
1724 1037 2005 1106 ﬁduciam,
2035 1053 2138 1093 nec

539 1123 600 1180 in
628 1125 819 1182 multis
863 1127 1077 1184 divitiis
1107 1129 1351 1184 limatum
1398 1143 1455 1184 se
1481 1129 1650 1185 fuisse
1681 1137 1928 1198 testatur,
1957 1128 2136 1185 adhuc

539 1211 611 1267 ad
633 1212 956 1270 sublimiora
1003 1214 1248 1283 ducitur,
1280 1224 1342 1272 ut
1372 1223 1526 1273 tanto
1571 1233 1672 1273 nos
1700 1217 1870 1288 magis
1897 1216 2133 1284 erudiat,

541 1307 748 1370 quanto
775 1301 844 1358 de
869 1317 926 1358 se
955 1303 1138 1376 aliqua
1183 1303 1444 1360 subtilius
1489 1313 1690 1361 narrat.
1725 1305 1820 1360 Ait
1849 1305 1999 1361 enim
2032 1321 2044 1359 :
2079 1304 2140 1360 Si

539 1387 655 1443 uidi
677 1390 837 1444 solem
862 1406 979 1445 cum
1004 1389 1249 1460 fulgeret,
1279 1397 1330 1446 et
1355 1393 1539 1448 lunam
1563 1393 1874 1448 incedentem
1901 1393 2062 1460 clare,
2090 1399 2139 1446 et

542 1475 773 1532 latatum
797 1482 873 1532 est
897 1477 956 1531 in
981 1477 1282 1534 abscondito
1301 1495 1393 1534 cor
1407 1497 1598 1535 meum.
1622 1479 1767 1546 Quid
1797 1479 1902 1536 hoc
1929 1480 1988 1536 in
2016 1481 2138 1537 loco

539 1562 728 1620 videre
752 1565 976 1634 dicitur,
1006 1565 1116 1622 nisi
1145 1565 1520 1622 desideranter
1549 1566 1798 1622 intueri?
1828 1566 1982 1624 Unde
1995 1567 2139 1623 Psal-

541 1651 706 1708 mista
722 1653 831 1708 ait:
856 1653 1199 1724 Iniquitatem
1215 1655 1238 1688 ³
1255 1655 1302 1708 si
1329 1655 1578 1726 conspexi
1603 1655 1662 1708 in
1692 1655 1847 1710 corde
1871 1673 2004 1722 meo,
2035 1673 2142 1713 non
2169 1695 2216 1756 B

539 1741 797 1797 exaudiat
818 1742 958 1797 Deus
986 1742 1163 1813 (Psal.
1193 1758 1324 1810 va,
1349 1742 1463 1812 18).
1483 1742 1614 1810 Quae
1642 1742 1907 1798 nimirum
1929 1744 2137 1816 iniqui-

538 1835 626 1884 tas
648 1828 706 1883 in
733 1845 826 1885 ore
855 1829 1094 1901 exprimi
1128 1845 1240 1884 non
1271 1836 1473 1901 posset,
1507 1829 1554 1884 si
1585 1845 1698 1884 non
1728 1831 2136 1901 conspiceretur

541 1915 603 1971 in
620 1916 801 1972 corde.
825 1917 930 1972 Sed
949 1915 1101 1972 aliud
1128 1924 1212 1970 est
1229 1915 1418 1972 videre
1437 1931 1534 1988 per
1546 1915 1844 1988 judicium,
1860 1916 2011 1972 aliud
2040 1935 2136 1990 per

541 2003 866 2076 appetitum.
885 2005 1084 2060 Beatus
1104 2020 1232 2076 ergo
1250 2003 1352 2059 Job
1365 2004 1665 2076 fulgentem
1696 2006 1889 2073 solem,
1919 2014 1972 2062 et
1991 2007 2134 2062 clare

541 2090 878 2148 incedentem
897 2093 1086 2148 lunam
1121 2108 1468 2164 nequaquam
1484 2092 1688 2149 vidisse
1701 2109 1757 2149 se
1778 2093 2055 2165 perhibet,
2073 2102 2136 2150 ut

539 2196 599 2237 se
648 2180 984 2237 demonstret
1038 2182 1320 2253 praesentis
1375 2182 1513 2238 lucis
1557 2183 1792 2254 speciem
1835 2200 1948 2240 non
1976 2200 2136 2256 appe-

538 2269 690 2327 tisse.
720 2273 800 2326 Ac
827 2271 874 2327 si
903 2279 1024 2344 post
1053 2271 1368 2344 despectum
1396 2281 1627 2330 terrenae
1653 2291 1764 2330 suae
1783 2273 2134 2330 abundantiae

469 2427 474 2434 _
539 2366 788 2431 patenter
813 2357 1056 2415 insinuet
1087 2377 1099 2414 :
1134 2360 1279 2427 Quid
1307 2361 1511 2429 dicam,
1540 2362 1672 2434 quia
1694 2378 2041 2435 nequaquam
2076 2363 2132 2418 in

539 2461 675 2502 auro
701 2445 915 2502 laetatus
941 2462 1086 2514 sum,
1118 2447 1212 2519 qui
1239 2447 1296 2502 in
1327 2447 1443 2519 ipsa
1468 2463 1686 2521 quoque
1731 2449 1853 2504 luce
1879 2465 2136 2520 corporea

539 2531 838 2589 delectatus
863 2549 975 2588 non
1018 2550 1141 2589 sum
1159 2535 1188 2590 ‘l
1234 2534 1420 2590 Sancti
1451 2535 1654 2590 etenim
1701 2535 1808 2591 viri
1851 2543 2132 2608 postquam

539 2620 728 2676 omnia
754 2620 1036 2690 praesentis
1065 2621 1192 2676 vitae
1238 2621 1638 2678 oblectamenta
1665 2622 1995 2694 despiciunt,
2025 2639 2136 2696 prae

539 2703 693 2760 illius
720 2705 863 2761 lucis
885 2705 1115 2761 internae
1145 2706 1457 2776 dulcedine,
1485 2707 1554 2763 ab
1583 2707 1686 2764 hac
1717 2708 1976 2764 exteriori
2005 2709 2139 2764 ani-

539 2809 694 2849 mum
720 2794 841 2850 luce
860 2795 1015 2866 quasi
1044 2811 1077 2850 a
1100 2795 1342 2851 tenebris
1361 2803 1618 2852 avertunt
1646 2813 1658 2850 :
1690 2798 2036 2870 multumque
2055 2813 2134 2853 se-

539 2896 667 2947 cum
692 2881 1024 2940 intrinsecus
1051 2883 1414 2953 contendunt,
1436 2901 1504 2940 ne
1523 2883 1692 2956 hujus
1719 2885 1880 2954 lucis,
1898 2901 2018 2958 quas
2031 2885 2134 2941 ful-

539 2976 630 3042 get
657 2970 1021 3040 extrinsecus,
1051 2971 1413 3029 delectatione
1443 2973 1743 3045 rapiantur.
1777 2975 1899 3030 Lux
1935 2975 2134 3047 quippe

538 3058 782 3116 visibilis
808 3059 856 3116 si
882 3060 1100 3116 incaute
1129 3061 1452 3134 diligitur,a
1471 3063 1591 3118 luce
1614 3063 1882 3120 invisibili
1913 3079 2008 3120 cor
2033 3079 2132 3119 οω-
2163 3035 2207 3095 c

426 3190 431 3201 .
537 3153 713 3214 catur,
734 3146 864 3218 quia
875 3156 1080 3218 quanto
1108 3157 1264 3204 extra
1286 3166 1342 3203 se
1361 3149 1585 3204 inhians
1603 3151 1824 3206 animus
1857 3151 2130 3218 funditur,

536 3242 692 3290 tanto
745 3235 982 3306 amplius
1020 3235 1080 3290 in
1123 3233 1357 3292 internis
1401 3236 1686 3292 obtutibus
1728 3237 2126 3294 reverberatur.

538 3318 693 3376 Unde
718 3319 943 3374 solertes
971 3318 1177 3392 quique
1204 3336 1273 3375 ne
1302 3323 1581 3393 corporeis
1606 3322 1858 3378 sensibus
1878 3323 2130 3379 nimisad

538 3405 810 3463 exteriora
835 3406 1170 3475 dilabantur,
1201 3408 1468 3464 continuo
1497 3409 1680 3466 studio
1711 3409 1853 3466 intra
1892 3417 2128 3468 mentem

538 3511 692 3552 suam
715 3495 929 3551 occulta
983 3493 1246 3550 custodia:
1301 3495 1596 3568 disciplina
1645 3513 1700 3553 se
1749 3498 2038 3571 colligunt,
2067 3505 2130 3554 ut

539 3590 694 3640 tanto
719 3582 891 3654 magis
925 3580 1284 3639 inveniantur
1310 3585 1544 3641 interius
1559 3585 1778 3656 integri,
1796 3595 2002 3659 quanto
2029 3585 2128 3641 mi-

539 3686 647 3728 nus
671 3678 800 3726 sunt
827 3669 1072 3726 exterius
1115 3669 1244 3726 fusi.
1279 3671 1395 3728 Hoc
1421 3671 1570 3728 enim
1599 3672 1789 3744 vigore
1821 3670 2128 3744 disciplina

539 3760 686 3816 intra
713 3757 912 3814 mentis
939 3775 1050 3814 suae
1069 3775 1126 3815 se
1165 3775 1363 3817 arcana
1389 3761 1812 3829 constrinxerat,
1840 3762 1936 3833 qui
1965 3767 2130 3816 exte-

538 3848 702 3907 rioris
713 3849 840 3905 vitae
861 3849 1162 3922 appetitum
1191 3850 1654 3924 fugiens,dicebat
1677 3869 1689 3906 :
1712 3851 1867 3907 Diem
1895 3851 2129 3907 hominis

537 3954 645 3994 non
668 3937 958 4009 concupiui,
985 3941 1007 3973 ³
1039 3945 1096 3994 tu
1121 3938 1222 3994 scis
1253 3937 1466 4010 (Jerem.
1497 3956 1638 4005 xvu,
1671 3938 1783 4010 16).
1815 3937 1972 4006 Quod
1999 3953 2127 4009 ergo

537 4025 684 4096 apud
695 4027 1013 4096 prophetam
1033 4026 1240 4084 dicitur
1263 4045 1274 4083 :
1295 4029 1450 4083 Diem
1473 4027 1699 4082 hominis
1711 4045 1820 4082 non
1836 4028 2126 4100 concupiui,

538 4109 840 4177 tuscis,hoc
857 4110 924 4166 de
951 4111 1245 4183 semetipso
1273 4112 1464 4168 beatus
1491 4112 1593 4169 Job
1612 4113 1794 4169 verbis
1822 4113 1948 4169 aliis
1973 4130 2128 4170 asse-
2193 4154 2199 4161 ι

537 4196 778 4268 rit,quia
801 4198 1105 4269 fulgentem
1127 4199 1298 4254 solem
1326 4207 1381 4254 et
1411 4201 1598 4256 lunam
1627 4201 1968 4258 incedentem
1984 4203 2128 4259 clare

536 4300 652 4342 non
677 4283 900 4350 viderit,
927 4293 1090 4358 atque
1117 4301 1188 4341 ex
1215 4285 1304 4342 his
1341 4287 1400 4342 in
1437 4287 1622 4344 cordis
1665 4288 1868 4346 abditis
1913 4291 2128 4347 laetatus

537 4387 652 4429 non
681 4371 775 4440 sit,
805 4371 936 4444 quia
963 4371 1229 4430 nimirum
1259 4373 1492 4446 gaudere
1533 4391 1646 4432 non
1683 4383 1898 4448 poterat
1937 4377 2122 4435 de-his
2149 4377 2202 4438 D

536 4477 658 4536 quae
683 4477 780 4534 per
803 4461 1179 4521 delectationis
1205 4464 1543 4522 desiderium
1571 4479 1683 4524 non
1712 4465 1954 4524 videbat.

608 4549 747 4622 [Vet.
768 4551 803 4606 Ι
807 4551 893 4624 ν.)
917 4553 968 4608 7.
996 4551 1194 4608 Caveat
1209 4571 1272 4609 ne
1290 4571 1400 4609 siue
1407 4555 1708 4625 prudentia:
1719 4557 2038 4614 innituntur.
2055 4588 2126 4599 —

535 4637 595 4695 Si
621 4653 752 4694 vero
777 4646 976 4695 cuncta
1009 4638 1127 4696 haec
1169 4657 1290 4714 quas
1312 4641 1476 4714 juxta
1526 4641 1815 4700 historiam
1843 4643 2126 4700 tractando

537 4732 681 4792 700
731 4724 1092 4783 discurrimus
1145 4744 1242 4799 per
1285 4729 1558 4802 allegoria;
1604 4747 1821 4804 quoque
1866 4733 2128 4804 mysteria

533 4829 958 4898 perscrutemur,
981 4819 1117 4893 quid
1129 4819 1235 4878 hoc
1253 4821 1314 4877 in
1329 4823 1451 4880 loco
1470 4840 1666 4880 aurum
1685 4824 2004 4896 accipimus,
2017 4827 2126 4884 nisi

533 4911 780 4986 praeclari
810 4909 1123 4966 intellectus
1170 4910 1492 4982 ingenium;
1543 4911 1679 4984 quid
1721 4912 1988 4986 obryzum
2017 4915 2126 4972 nisi

534 4996 952 5072 mentem?qum
973 4995 1104 5053 dum
1134 4996 1260 5068 igne
1298 4997 1502 5054 amoris
1528 4999 1875 5072 excoquitur,
1914 5017 2126 5074 semper

535 5086 597 5142 in
621 5102 678 5142 se
704 5095 884 5144 servat
911 5085 1215 5144 claritatem
1243 5086 1680 5159 pulchritudinis
1707 5089 2028 5162 quotidiana
2042 5091 2126 5147 in-

607 5334 628 5406 ξ
654 5333 852 5406 Laud,
881 5337 1022 5406 quod
1045 5355 1185 5395 nunc
1209 5341 1467 5397 nimirum
1492 5349 1766 5400 memorat.

606 5404 630 5440 ²
681 5405 826 5460 Prat.
855 5404 910 5462 et
937 5406 1032 5462 alii
1072 5411 1288 5478 Norm.,
1316 5413 1366 5467 si
1713 5431 1820 5470 non
1874 5416 2124 5472 exaudiet

533 5491 818 5645 Derﬁeest
845 5587 901 5636 tu
917 5583 1018 5637 scis
1045 5584 1104 5640 in
1132 5587 1300 5656 Utic.,
1328 5590 1526 5650 Pratel.
1555 5609 1618 5650 ac
1644 5592 1788 5666 plur.

2237 424 2262 460 ⁸
2290 431 2650 516 veterascere,
2679 442 2801 499 quae
2827 428 3009 484 studet
3036 446 3132 502 per
3159 433 3493 494 desiderium
3519 424 3730 516 semper
3748 448 3826 503 in-

2235 513 2454 570 choare.
2485 513 2630 570 Hinc
2657 529 2892 588 namque
2919 532 3015 588 per
3041 517 3271 577 Paulum
3300 523 3506 582 dicitur
3535 547 3549 585 :
3584 513 3828 593 Renova-

2237 600 2370 656 mini
2393 601 2592 672 spiritu
2607 604 2794 660 mentis
2821 611 3003 662 vestra:
3032 607 3249 678 (Ephes.
3283 627 3362 677 Iv,
3385 612 3502 686 23).
3528 617 3672 676 Hinc
3687 623 3827 680 Psal-

2241 690 2424 759 mista,
2453 691 2548 762 qui
2577 691 2648 749 ad
2681 694 3032 765 perfectionis
3071 693 3185 768 jam
3216 700 3433 758 culmen
3484 719 3828 782 pervenerat,

2240 780 2397 852 quasi
2417 781 2683 838 inchoans
2701 783 2918 840 dicebat
2939 803 2950 840 :
2973 785 3124 854 Dixi,
3141 804 3278 842 nunc
3287 793 3414 862 arpi
3435 795 3614 863 (Psal.
3637 780 3828 868 Lxxvr,

2245 868 2360 941 11),
2389 869 2518 941 quia
2545 870 2803 927 videlicet
2849 874 2896 928 si
2942 874 3228 938 lassescere
3255 877 3323 933 ab
3373 881 3644 940 inchoatis
3671 886 3828 946 bonis

2243 955 2522 1024 nolumus,
2552 959 2712 1015 valde
2733 977 2950 1017 necesse
2973 970 3055 1017 est
3085 971 3145 1018 ut
3169 965 3427 1022 inchoare
3458 985 3559 1026 nos
3587 975 3830 1044 quotidie

2243 1044 2548 1102 credamus.
2576 1049 2688 1104 Nec
2707 1049 2965 1106 abhorret
2993 1067 3026 1106 a
3052 1054 3282 1109 rationis
3304 1056 3496 1114 ordine
3525 1062 3672 1132 quod
3697 1080 3828 1122 auro

2245 1133 2483 1192 dicimus
2512 1136 2794 1208 ingenium
2813 1138 3107 1211 designari,
3123 1143 3251 1214 quia
3261 1144 3407 1200 sicut
3439 1147 3495 1202 in
3509 1161 3828 1210 ornamento

2243 1237 2439 1277 aurum
2467 1225 2815 1296 supponitur,
2841 1235 2903 1282 ut
2941 1243 3274 1298 gemmarum
3306 1233 3540 1306 desuper
3570 1238 3704 1295 ordo
3737 1241 3831 1296 di-

2244 1319 2526 1383 sponatur,
2547 1313 2624 1368 ita
2650 1313 2799 1370 clara
2824 1323 3136 1372 sanctorum
3165 1318 3383 1390 ingenia
3411 1323 3623 1381 divinis
3649 1345 3832 1384 mune-

2245 1401 2400 1457 ribus
2429 1401 2714 1459 humiliter
2741 1405 3181 1475 suhsternuntur,
3223 1417 3277 1464 et
3303 1409 3567 1469 distincta
3588 1433 3752 1488 super
3777 1435 3832 1475 se

2247 1489 2542 1560 gratiarum
2559 1491 2702 1548 dona
2721 1495 3048 1566 percipiunt.
3071 1497 3144 1552 Et
3166 1499 3272 1553 nisi
3292 1501 3426 1571 quid
3441 1503 3623 1560 simile
3637 1522 3833 1564 aurum

2246 1594 2372 1635 cum
2393 1579 2660 1651 sapientia
2673 1581 2915 1650 haberet,
2937 1584 3158 1654 quidam
3178 1587 3394 1658 sapiens
3413 1593 3644 1650 minime
3666 1595 3834 1652 dixis-

2247 1673 2328 1720 set
2357 1683 2368 1720 :
2400 1667 2672 1738 Sapientia
2727 1669 2996 1739 abscousa,
3027 1679 3074 1726 et
3107 1673 3382 1730 thesaurus
3437 1679 3662 1747 invisus,
3718 1701 3836 1753 qua:

2245 1751 2449 1806 utilitas
2481 1753 2536 1806 in
2565 1755 2837 1825 utriusque
2865 1756 3053 1827 (Eccli.
3085 1775 3183 1829 xx,
3211 1760 3279 1817 32
3304 1779 3318 1828 ;
3341 1780 3456 1830 xm,
3490 1767 3580 1838 17)
3604 1751 3836 1827 ?Sancti

2245 1845 2427 1895 autem
2458 1839 2566 1895 viri
2595 1840 2764 1897 robur
2807 1859 2968 1899 suum
3007 1861 3201 1902 aurum
3243 1865 3354 1905 non
3379 1851 3664 1923 deputant,
3705 1857 3838 1927 quia

2245 1927 2586 1999 quantolibet
2630 1931 2850 2002 ingenio
2893 1932 3158 2005 fulgeant,
3188 1937 3331 1994 nihil
3375 1957 3433 1996 se
3459 1957 3577 1998 esse
3608 1959 3679 1998 ex
3721 1944 3840 2000 suis

2245 2015 2458 2071 viribus
2487 2025 2733 2088 pensant.
2763 2019 2834 2074 Et
2861 2035 2984 2075 cum
3013 2024 3216 2078 sentire
3238 2029 3425 2082 omnia
3449 2030 3698 2086 valenter
3718 2049 3838 2102 pos-

2243 2111 2392 2172 sunt,
2424 2105 2576 2175 prius
2609 2106 2914 2178 intelligere
2939 2111 3256 2182 semetipsos
3283 2115 3532 2185 cupiunt,
3564 2127 3840 2188 quatenus

2245 2190 2432 2246 lumen
2456 2191 2664 2263 ingenii
2691 2208 2840 2248 more
2859 2193 2992 2250 solis
3011 2195 3162 2266 prius
3175 2197 3414 2256 illustret
3440 2202 3622 2260 locum
3647 2207 3704 2261 in
3727 2225 3840 2279 quo

2245 2278 2443 2347 oritur,
2473 2287 2528 2335 et
2573 2281 2922 2352 postmodum
2972 2291 3185 2352 caetera,
3228 2287 3296 2344 ad
3331 2305 3450 2363 quae
3489 2278 3840 2363 procedendo

2245 2364 2528 2434 dilatatur,
2555 2383 2623 2424 ne
2649 2368 2696 2424 si
2721 2369 3057 2427 intendendo
3084 2378 3474 2445 cognoscendis
3495 2381 3622 2438 aliis
3640 2392 3840 2439 semet-

2248 2453 2395 2523 ipsos
2421 2455 2691 2522 nesciant,
2717 2455 2794 2511 ibi
2813 2457 2946 2513 solis
2964 2459 3151 2515 radius
3172 2462 3267 2518 ubi
3295 2465 3472 2522 oritur
3487 2468 3840 2528 obtenebres-

2245 2547 2352 2597 cat.
2386 2541 2599 2612 Ingenii
2631 2543 2815 2615 itaque
2848 2545 3109 2601 virtutem
3143 2548 3210 2603 ad
3251 2556 3680 2622 cognoscendam
3717 2576 3840 2630 pro-

2247 2627 2423 2698 priam
2439 2627 2815 2686 inﬁrmitatem
2829 2630 3097 2704 dirigunt,
3119 2643 3280 2708 atque
3293 2641 3713 2702 exinﬁrmitatis
3723 2627 3838 2703 suae

2246 2719 2443 2774 melius
2491 2721 2804 2791 cognitione
2831 2724 3237 2781 convalescunt.
3271 2732 3480 2786 Aurum
3511 2750 3642 2805 ergo
3669 2737 3841 2792 robur

2243 2823 2355 2862 non
2375 2807 2638 2876 creditur,
2657 2810 2703 2864 si
2735 2809 2793 2864 in
2821 2820 3044 2882 accepto
3067 2813 3286 2886 ingenio
3313 2818 3512 2876 ﬁducia
3534 2839 3649 2879 non
3673 2826 3839 2882 habe-

2242 2901 2354 2984 tur.
2387 2895 2544 2984 Quod
2569 2895 2706 2953 bene
2737 2898 2993 2955 Salomon
3022 2900 3341 2972 admonens,
3371 2907 3448 2962 ait
3480 2925 3492 2962 :
3523 2910 3674 2967 Habe
3702 2916 3840 2984 ﬁdu-

2241 2982 2378 3038 ciam
2395 2983 2453 3036 in
2483 2983 2718 3047 Domino
2735 2986 2756 3020 ⁵
2786 2985 2842 3040 in
2865 2992 2966 3041 toto
2985 2989 3138 3044 corde
3158 2997 3266 3056 tuo,
3287 2999 3334 3046 et
3351 3011 3414 3048 ne
3432 2982 3842 3072 innitaris-pru-

2242 3071 2429 3126 dentia;
2466 3078 2568 3126 tute
2595 3073 2779 3143 (Prov.
2810 3091 2898 3141 ιιι,
2931 3076 3012 3146 5).
3039 3077 3196 3134 Dicat
3224 3096 3350 3152 ergo
3383 3101 3394 3138 :
3431 3084 3488 3139 Si
3508 3071 3719 3155 putavi
3745 3107 3846 3145 au-

2243 3173 2364 3212 rum
2396 3159 2564 3214 robur
2588 3177 2780 3226 meum,
2813 3168 2862 3217 et
2887 3163 3080 3234 obryzo
3112 3166 3250 3234 dimi,
3283 3169 3480 3238 ﬁducia
3505 3191 3646 3230 mea.
3682 3179 3766 3232 Ac
3797 3179 3842 3233 si

2242 3253 2430 3336 aperte
2457 3246 2714 3314 fateatur,
2736 3247 2922 3306 dicens
2956 3269 2967 3306 :
3000 3251 3109 3309 Nec
3129 3271 3248 3326 quae
3274 3259 3540 3316 veraciter
3559 3263 3843 3336 intellexi,

2243 3349 2366 3392 meo
2380 3334 2618 3426 ingenio
2637 3336 2831 3406 tribui,
2854 3336 2956 3426 nec
2976 3343 3148 3397 menti
3178 3347 3434 3417 propriae,
3452 3350 3498 3404 si
3532 3367 3644 3423 qua
3669 3334 3844 3426 egisse

2241 3437 2330 3477 me
2379 3420 2526 3478 bona
2569 3425 2822 3496 contigit,
2853 3425 2972 3484 haec
2999 3430 3378 3502 principaliter
3415 3420 3843 3510 deputavirQui

2240 3511 2423 3570 adhuc
2449 3511 2709 3570 subtilius
2737 3515 3109 3576 humilitatem
3144 3521 3304 3578 nobis
3333 3525 3418 3581 sui
3463 3527 3646 3584 cordis
3691 3531 3844 3588 insi-

2239 3615 2439 3670 nuans,
2469 3601 2722 3675 adjungit
2747 3603 2936 3661 dicens
2964 3625 2977 3662 :

2698 3707 2926 3767 CAPUT
2957 3713 3008 3769 ν
3038 3711 3186 3788 [Rec.
3223 3718 3362 3792 III].

2311 3810 2484 3869 Vsus.
2522 3812 2612 3870 25.
2640 3845 2711 3856 —
2757 3817 2818 3872 Si
2862 3819 3066 3873 luctatus
3094 3838 3212 3876 sum
3239 3839 3398 3894 super
3422 3827 3604 3881 multis
3632 3829 3846 3890 divitiis

2238 3897 2386 3961 meis,
2415 3904 2466 3952 et
2488 3900 2618 3966 quia
2639 3901 2882 3970 plurima
2900 3906 3097 3974 reperit
3111 3923 3299 3962 manus
3325 3927 3459 3966 mea.

2307 3983 2362 4076 β.
2596 3985 2655 4038 in
2699 3987 2867 4042 sacris
2911 3991 3100 4046 litteris
3143 3993 3429 4067 intelligere
3450 4003 3846 4076 periculosum,

2237 4071 2346 4127 nisi
2389 4072 2650 4128 intellecta
2686 4077 3068 4134 custodiantur.
3099 4109 3170 4122 —
3196 4082 3340 4148 Quid
3377 4071 3580 4146 multas
3607 4071 3850 4154 divitias

2239 4160 2531 4232 appellatas
2551 4176 2648 4232 per
2668 4163 3126 4234 signiﬁcationem
3157 4170 3180 4204 ο
3203 4172 3500 4244 credimus,
3531 4179 3638 4234 nisi
3663 4183 3849 4240 abun-

2238 4251 2424 4308 dantia
2438 4252 2693 4307 acumina
2725 4253 3084 4311 consiliorum
3107 4257 3136 4312 δι’
3155 4258 3286 4325 Quae
3320 4268 3615 4334 quaerentis
3632 4285 3850 4331 manus

2237 4341 2472 4409 invenit,
2501 4359 2628 4397 cum
2651 4342 2767 4400 haec
2793 4344 3053 4416 cogitatio
3071 4351 3354 4406 tractantis
3373 4353 3566 4425 gignit.
3591 4357 3706 4414 Has
3732 4369 3848 4420 ete-

2233 4427 2352 4482 nim
2383 4427 2644 4483 Salomon
2691 4428 2971 4499 sapientiae
3011 4429 3236 4488 divitias
3265 4441 3671 4510 contemplatus
3701 4445 3786 4503 ait
3827 4464 3869 4504 :~

2238 4515 2452 4572 Corona
2475 4515 2795 4585 sapientium
2815 4517 3013 4572 divitia:
3033 4536 3214 4574 eorum
3237 4521 3422 4593 (Prov.
3447 4543 3566 4594 xxv,
3588 4530 3707 4602 24).
3731 4534 3844 4601 Qui

2235 4602 2366 4676 quia
2405 4601 2628 4658 divitias
2677 4619 2788 4659 non
2828 4607 3046 4662 metalla
3075 4615 3308 4678 terrena,
3343 4613 3437 4669 sed
3483 4601 3845 4687 prudentiam

2236 4691 2506 4759 nominat,
2537 4690 2692 4748 illico
2723 4707 2819 4763 per
2845 4695 3288 4752 contrarietatem
3314 4700 3501 4756 subdit
3532 4721 3545 4758 :
3583 4705 3845 4765 Fatuitas

2236 4782 2521 4836 stultorum
2584 4781 2941 4852 imprudentia
2993 4781 3207 4856 (Ibid)
3259 4785 3317 4841 Si
3367 4789 3514 4845 enim
3569 4808 3844 4853 coronam

2234 4867 2563 4939 sapientium
2585 4874 2827 4924 terrenas
2851 4868 3076 4926 divitias
3095 4871 3322 4939 diceret,
3347 4879 3536 4946 procul
3561 4879 3742 4939 dubio
3761 4884 3842 4940 fa-

2231 4955 2484 5010 tuitatem
2515 4955 2810 5042 stultorum
2836 4965 3204 5030 paupertatem
3229 4963 3410 5032 potius
3430 4981 3595 5038 quam
3625 4969 3845 5042 impru-

2231 5043 2474 5100 dentiam
2505 5041 2784 5099 fateretur.
2809 5044 3063 5102 Seddum
3083 5047 3391 5106 fatuitatem
3413 5041 3841 5116 stultorumiim-

2231 5131 2579 5205 prudentiam
2608 5132 2875 5202 subdidit,
2905 5135 3216 5207 sapientum
3261 5137 3484 5198 divitias
3528 5145 3660 5216 quia
3689 5163 3842 5219 pru-

2303 5385 2327 5462 f
2354 5384 2564 5462 (ζει-φη
2591 5383 2762 5462 haud.
2797 5393 2868 5462 et_
2879 5385 3040 5462 Corb.
3073 5393 3286 5462 Germ.,
3311 5400 3638 5452 veterescere.

2227 5454 2536 5580 w:deCorb.
2585 5455 2792 5525 Germ.,
2844 5458 3041 5532 Laud.,
3071 5454 3360 5520 Germfet
3411 5466 3572 5536 plen,
3623 5483 3692 5521 ea:
3727 5473 3839 5524 toto

2303 5597 2326 5632 ⁶
2348 5593 2608 5666 Vindoc.,
2637 5599 2878 5660 dicimus.
