4162 6184
1733 175 1979 237 SANCTI
2015 175 2350 234 GREGORII
2385 176 2612 235 MAGNI

533 308 821 375 ccultant.
841 303 966 368 Noti
981 298 1282 376 euoluitur
1297 299 1500 360 debitor
1519 299 1612 370 qui
1627 299 1796 358 multa
1814 301 2011 366 reddit,
2030 301 2120 358 sed
2147 302 2201 372 Α
2230 301 2422 359 bemus
2449 301 2720 374 inspicere
2742 315 2862 374 qum
2883 299 3028 358 bona
3047 299 3280 360 necdum
3298 299 3716 374 fecimns,qusn
3735 317 3808 366 οι

531 395 628 468 qui
647 390 1042 460 omnim-80]
1071 389 1273 463 quippe
1303 389 1361 451 in
1395 389 1606 461 fulgore
1641 397 1724 448 est
1747 389 1954 450 bonum
1983 407 2120 462 opus

533 482 596 554 in
645 480 1106 546 manifestatiune.
1151 478 1428 550 Scriptum
1473 494 1710 550 namque
1745 485 1828 536 est
1870 496 1883 536 :
1929 479 2124 536 Luceut

535 569 634 632 tua:
662 576 838 628 castra
863 584 1043 629 ceram
1083 567 1399 633 hominibus,
1427 573 1489 624 ut
1511 567 1728 624 videant
1758 583 1921 639 opera
1945 572 2120 624 vestra

534 657 690 727 bona,
717 663 769 716 et
807 657 1101 730 gloriﬁcent
1137 658 1354 716 Patrem
1396 662 1628 714 oestrum
1665 657 1760 728 qui
1788 657 1848 716 in
1871 657 2011 718 oculis
2046 661 2122 716 est

535 746 748 818 (Μααι.
780 763 840 815 v,
873 745 986 818 16).
1035 747 1109 804 Et
1154 761 1371 804 rursum
1402 761 1416 800 ε
1450 745 1568 804 Sint
1612 745 1774 804 lumbi
1800 745 1960 806 vestri
1981 761 2120 816 prai-

425 899 432 908 ,
532 835 708 902 cincti,
733 841 785 889 et
812 835 1036 890 lucerna
1065 832 1309 892 ardentes
1333 833 1487 904 (Luo.
1513 849 1619 900 ιιι,
1639 833 1754 903 35).
1785 831 1943 900 Quod
1970 831 2120 890 enim

532 919 640 980 hoc
677 923 736 990 in
775 923 896 982 loco
924 921 1166 994 fulgente
1203 923 1340 989 sole,
1371 920 1430 987 id
1469 921 1528 977 in
1557 921 1858 992 Evangelio
1881 920 2120 978 lucernis

531 1009 848 1074 ardentibus
875 1010 1210 1082 designatur.
1243 1010 1454 1068 Bonum
1485 1009 1687 1082 quippe
1724 1024 1861 1080 opus
1897 1021 2024 1066 cum
2059 1010 2120 1068 in

533 1101 717 1158 medio
735 1098 1073 1172 perﬁdorum
1094 1099 1262 1166 lucet,
1285 1099 1506 1156 lucerna
1524 1097 1679 1156 ardet
1695 1098 1754 1157 in
1773 1104 1962 1165 nocte;
1990 1114 2120 1156 cum

532 1203 664 1244 vero
692 1189 750 1243 in
777 1189 1025 1245 Ecclesia
1054 1187 1383 1259 resplendet,
1401 1188 1482 1245 sol
1511 1187 1682 1258 fulget
1698 1187 1754 1244 in
1771 1185 1880 1244 die.
1905 1187 2120 1244 Bonum

529 1290 668 1348 opus
693 1277 740 1332 si
769 1276 950 1334 adhuc
975 1278 1085 1332 tale
1108 1283 1208 1344 est,
1241 1262 1389 1348 quod
1419 1277 1522 1334 soli
1549 1277 1681 1332 mali
1704 1276 1994 1343 mirantur,
2022 1276 2119 1332 lu—

529 1379 692 1422 cerua
711 1363 970 1420 videlicet
995 1364 1053 1420 in
1074 1370 1232 1420 nocte
1257 1371 1372 1430 est;
1403 1364 1451 1418 si
1478 1372 1660 1422 autem
1690 1364 1765 1422 ita
1791 1363 2027 1435 proﬁcit,
2055 1370 2119 1420 ut

529 1453 720 1510 mirari
747 1470 781 1510 a
808 1453 968 1510 bonis
993 1469 1057 1510 ac
1081 1452 1497 1525 perlectioribus
1524 1453 1713 1523 possit,
1743 1451 2008 1509 nimirum
2035 1452 2118 1508 sol

529 1549 613 1597 est
636 1543 694 1596 in
719 1543 827 1599 die.
863 1544 1074 1601 Bonum
1093 1558 1229 1612 opus
1244 1557 1370 1598 cum
1392 1557 1487 1613 per
1501 1545 1740 1598 activam
1772 1543 1788 1576 ¹
1811 1541 1981 1599 vitam
2002 1557 2120 1598 coro

2229 405 2350 463 quis
2381 389 2494 462 jam
2541 407 2641 448 nos
2669 390 2862 446 fecisse
2890 387 3203 461 gaudemus.
3234 388 3339 446 Sed
3367 387 3530 446 habet
3557 388 3665 447 hoc
3687 390 3804 450 bii-

2230 495 2389 538 mana
2426 480 2717 539 inﬁrmitas
2756 481 3059 552 proprium,
3087 487 3152 538 ut
3175 479 3297 552 plus
3325 479 3376 538 ei
3405 478 3608 536 intueri
3638 479 3802 540 libeat

2227 569 2374 642 quod
2402 569 2510 625 sibi
2539 569 2598 625 in
2625 585 2682 626 se
2701 569 2877 640 placet
2903 583 3066 641 quam
3081 567 3228 641 quod
3246 567 3354 626 sibi
3381 567 3440 624 in
3455 581 3514 624 se
3526 566 3802 639 displicet.

2227 657 2393 728 Eger
2418 658 2619 730 quippe
2647 658 2838 716 oculus
2869 657 3072 725 cordis,
3101 657 3230 714 dum
3262 655 3505 714 laborare
3532 655 3592 712 in
3627 656 3812 722 censi:

2228 746 2508 804 deratione
2538 763 2636 806 sua
2663 747 2878 815 metuit,
2903 747 3054 819 quasi
3094 745 3364 818 quoddam
3403 753 3635 802 stratum
3663 745 3808 804 dele-

2226 836 2484 892 ctationis
2498 837 2556 892 in
2570 835 2875 903 animo,ubi
2895 835 3134 892 molliter
3144 833 3610 906 jaceat,requirit;
3644 840 3810 905 atque

2227 923 2435 980 idcirco
2462 941 2582 997 quae
2611 923 2898 981 commoda
2917 923 2985 980 de
3001 923 3230 995 peractis
3252 921 3414 978 bonis
3438 920 3512 978 sit
3529 929 3816 982 assecutus»

2227 1009 2606 1082 intelligit,sed
2625 1027 2744 1083 quae
2765 1011 2963 1068 damna
2982 1012 3004 1046 ‘
3023 1010 3091 1068 de
3108 1009 3367 1081 neglectis
3389 1009 3597 1081 patitur
3609 1011 3802 1070 nescit.

2225 1099 2552 1173 Plerumque
2599 1101 2747 1156 enim
2786 1099 2891 1158 hoc
2930 1100 3068 1156 vitio
3111 1106 3392 1156 tentantur
3423 1099 3590 1156 etiam
3626 1100 3804 1157 electi.

2227 1188 2551 1261 Plerumque
2564 1204 2765 1248 eorum
2787 1188 2940 1246 cordi
2972 1188 3282 1260 suggeritur
3317 1195 3380 1243 ut
3414 1187 3558 1244 bona
3581 1205 3814 1261 qumque

2227 1293 2347 1349 quae
2375 1277 2620 1357 fecerunt
2645 1278 2715 1334 ad
2739 1279 2983 1336 animum
3005 1284 3282 1343 revocent,
3302 1284 3358 1332 et
3375 1277 3682 1334 securitatis
3697 1276 3811 1348 jam

2227 1364 2419 1422 laetitia
2459 1369 2754 1423 exsultent.
2798 1367 2903 1424 Sed
2945 1368 2992 1422 si
3040 1381 3168 1422 vere
3193 1364 3353 1420 electi
3379 1373 3530 1434 sunt,
3559 1365 3629 1422 ab
3651 1382 3722 1422 eo
3753 1365 3812 1422 in

2227 1468 2338 1524 quo
2363 1453 2469 1510 sibi
2498 1456 2714 1526 placent
2739 1455 2938 1512 mentis
2957 1455 3145 1512 oculos
3177 1453 3479 1522 divertunt,
3505 1470 3726 1512 omnem
3751 1455 3814 1513 in

2226 1558 2284 1600 se
2303 1541 2370 1600 de
2390 1543 2620 1614 peractis
2639 1543 2796 1600 bonis
2810 1544 3056 1601 laetitiam
3077 1542 3409 1613 deprimunt,
3429 1541 3564 1598 etde
3582 1543 3672 1600 bis
3691 1559 3812 1616 qua

528 1629 677 1704 poris
725 1631 894 1700 lucet,
945 1629 1099 1702 quasi
1147 1629 1380 1684 lucernae
1429 1644 1600 1697 more,
1641 1629 1825 1688 lumen
1869 1646 1939 1686 ex
1981 1637 2117 1686 testa
2147 1654 2196 1716 Β
2228 1646 2285 1686 se
2315 1631 2498 1685 minus
2521 1631 3028 1702 egisseintelligunt
3043 1630 3318 1686 tristitiam
3344 1629 3812 1702 requirunt,indi-

527 1717 854 1789 resplendet.
887 1717 1024 1777 Cum
1048 1731 1181 1774 vero
1212 1731 1308 1788 per
1331 1717 1506 1774 solam
1536 1717 1797 1774 virtutem
1830 1718 2028 1782 mentis
2057 1719 2116 1776 in

526 1804 987 1878 contemplatione
1025 1805 1326 1872 attollitur,
1353 1804 1510 1878 quasi
1543 1820 1692 1860 more
1726 1804 1858 1860 solis
1887 1805 1953 1860 de
1977 1806 2117 1862 cmlo

527 1891 754 1950 veniens
795 1895 893 1952 lux
941 1893 1178 1952 videtur.
1220 1892 1360 1961 Quia
1391 1893 1558 1964 igitur
1586 1893 1759 1949 multa
1790 1893 1978 1949 beatus
2013 1893 2116 1958 Job

527 1977 918 2054 hospitalitatis
943 1999 1008 2040 ac
1036 1982 1428 2040 misericordia
1450 1981 1518 2037 de
1533 1997 1589 2037 se
1612 1981 1756 2038 bona
1780 1989 2116 2052 narraverat,

527 2085 647 2144 qua!
677 2071 922 2143 profecto
947 2079 1101 2130 tanto
1128 2070 1309 2130 adhuc
1337 2071 1588 2139 minima,
1609 2078 1815 2144 quanto
1835 2077 1888 2126 et
1911 2087 2116 2142 corpo—

525 2159 716 2216 raliter
741 2167 969 2218 noverat
988 2167 1155 2234 gesta,
1174 2159 1244 2222 ad
1264 2158 1531 2218 virtutum
1548 2155 1880 2230 spiritalium
1895 2159 2118 2222 culmen

525 2237 727 2307 mentis
752 2247 975 2306 oculum
1002 2264 1286 2318 revocans,
1314 2246 1664 2324 perfectionis
1693 2264 1805 2308 suae
1839 2247 2113 2318 meminit,

525 2341 582 2392 et
609 2335 786 2397 lucem
803 2337 1203 2408 exemplorum,
1226 2352 1388 2412 quam
1405 2335 1472 2392 de
1491 2351 1547 2391 se
1561 2329 1686 2394 aliis
1705 2330 1921 2404 tribuit,
1941 2335 2113 2394 solem

523 2424 763 2480 vocavit.
799 2421 942 2499 [Rec.
986 2421 1072 2498 ν.]
1090 2423 1228 2485 Sunt
1253 2439 1384 2486 vero
1410 2419 1664 2482 nonnulli
1695 2423 1788 2500 qui
1819 2440 1944 2484 cum
1969 2424 2114 2480 bona

524 2509 708 2590 aliqua
748 2511 982 2582 faciunt,
1014 2509 1369 2586 iniquitatum
1411 2528 1634 2571 suarum
1682 2513 1931 2584 protinus
1960 2513 2113 2569 obli-

525 2593 835 2671 viscuntur,
857 2606 912 2656 et
935 2595 1117 2658 cordis
1143 2601 1362 2657 oculum
1391 2599 1449 2656 in
1478 2597 1914 2657 consideratione
1942 2595 2111 2656 bono-

523 2702 648 2747 rum
691 2703 917 2758 operum
959 2704 1079 2760 qua
1107 2681 1371 2748 exhibent
1401 2685 1606 2762 ﬁgunt;
1639 2694 1801 2760 atque
1825 2703 1891 2742 eo
1916 2704 1972 2744 se
1992 2685 2110 2760 jam

524 2783 740 2838 sanctos
763 2771 1105 2844 existimant,
1125 2794 1235 2856 quo
1265 2777 1408 2838 inter
1438 2774 1581 2838 bona
1604 2793 1723 2852 quae
1749 2783 1920 2848 agunt
1945 2779 2109 2834 malo-

2230 1736 2363 1792 gnos
2391 1735 2447 1774 se
2476 1720 2770 1786 aestimant,
2788 1727 2842 1774 et
2871 1735 3005 1790 pene
3034 1720 3136 1774 soli
3165 1719 3305 1774 bona
3333 1735 3430 1774 sua
3453 1736 3565 1776 non
3593 1720 3808 1791 vident,

2226 1825 2345 1882 qua:
2375 1809 2432 1863 in
2461 1824 2519 1864 se
2552 1807 2789 1862 videnda
2826 1809 3082 1864 omnibus
3110 1808 3178 1865 ad
3207 1808 3519 1880 exemplum
3543 1809 3806 1882 praebent.

2226 1897 2366 1953 Hinc
2393 1903 2476 1952 est
2500 1895 2645 1968 quod
2679 1895 2896 1962 Paulus,
2924 1895 3054 1950 dum
3082 1898 3298 1968 expleta
3325 1897 3384 1952 in
3421 1912 3478 1954 se
3502 1898 3646 1954 bona
3669 1907 3812 1971 post-

2225 1993 2468 2058 poneret,
2498 1991 2552 2040 et
2582 1985 2697 2039 sola
2731 1983 2911 2038 adhuc
2938 1983 3149 2056 reliqua
3175 1999 3296 2056 quas
3336 1995 3515 2041 essent
3541 1987 3818 2058 explenda

2224 2075 2504 2145 cogitaret,
2531 2072 2676 2128 dixit
2711 2089 2722 2126 :
2757 2073 2874 2141 Ego
2901 2087 2982 2125 me
3009 2087 3115 2126 non
3141 2072 3382 2127 arbitror
3407 2075 3814 2144 apprehendisse

2227 2159 2449 2232 (Philip.
2481 2177 2566 2229 in,
2597 2160 2708 2232 13).
2733 2159 2872 2215 Hinc
2902 2165 2983 2214 est
3010 2159 3156 2231 quod
3187 2165 3249 2215 ut
3275 2168 3454 2232 posset
3477 2177 3534 2216 se
3561 2161 3630 2217 de
3651 2161 3816 2218 bonis

2222 2263 2341 2322 qua:
2365 2247 2554 2320 agebat
2584 2247 2898 2315 humiliare,
2937 2246 3192 2303 studebat
3219 2247 3288 2302 ad
3326 2249 3573 2304 animum
3606 2257 3817 2322 praete-

2220 2336 2325 2393 rita
2353 2327 2494 2393 mala
2521 2336 2798 2404 reducere,
2815 2335 3036 2392 dicens:
3058 2337 3162 2404 Qui
3181 2337 3338 2407 prius
3363 2335 3449 2406 fni
3463 2339 3800 2409 blasphemus

2218 2431 2267 2482 et
2288 2431 2610 2497 persecutor,
2638 2431 2687 2479 et
2713 2424 3113 2479 contumeliosus
3144 2424 3202 2496 (Ι
3232 2423 3366 2480 Tim.
3397 2442 3440 2490 ι,
3473 2425 3586 2494 13).

2293 2513 2430 2588 [νει.
2483 2511 2630 2584 νη]
2673 2512 2756 2568 13.
2805 2512 3030 2578 Quando
3056 2511 3189 2566 bona
3212 2529 3248 2566 a
3276 2527 3327 2566 se
3361 2511 3506 2580 facta
3533 2513 3591 2567 in
3621 2529 3816 2570 memoa

2217 2601 2361 2656 riam
2386 2601 2748 2664 revocari,aut
2771 2615 3004 2654 narrare
3025 2599 3376 2666 liceat.——Qui
3391 2605 3446 2656 et
3459 2601 3504 2658 si
3521 2602 3820 2674 aliquando

2219 2687 2364 2744 dixit
2396 2705 2408 2743 :
2441 2689 2649 2744 Bonum
2671 2692 2932 2742 certamen
2953 2687 3171 2751 certavi,
3193 2703 3408 2742 cursum
3433 2693 3819 2758 consummavi,

2219 2778 2372 2848 ﬁdem
2399 2777 2606 2832 servavi
2637 2777 2724 2847 (ΙΙ
2749 2774 2881 2832 Tim.
2902 2791 2982 2840 Iv,
2998 2776 3054 2848 7)
3075 2776 3446 2832 ‘llntuendum
3470 2792 3820 2852 summopere

523 2881 649 2922 rum
690 2881 940 2934 suorum,
966 2861 1024 2922 in
1063 2863 1262 2944 quibus
1289 2873 1342 2923 et
1369 2862 1596 2922 fortasse
1635 2863 1816 2927 adhuc
1844 2861 2111 2940 implicati
2219 2873 2301 2923 est
2334 2865 2463 2940 quia
2492 2863 2634 2921 illud
2661 2881 2726 2920 eo
2746 2871 2991 2946 tempore
3018 2865 3208 2920 intulit
3224 2879 3332 2936 quo
3353 2863 3467 2936 jam
3491 2879 3560 2922 ex
3586 2883 3820 2940 corpore

524 2963 674 3026 sunt,
692 2949 1012 3017 memoriam
1038 2949 1335 3017 declinant.
1359 2954 1464 3028 Qui
1485 2951 1694 3012 scilicet
1723 2953 1768 3011 si
1800 2951 2114 3012 districtio—
2149 3000 2192 3028 η
2223 2955 2590 3014 discessurum
2634 2967 2691 3010 se
2733 2969 2849 3010 esse
2889 2955 3168 3026 cognovit.
3197 2954 3277 3010 Ibi
3324 2955 3522 3028 quippe
3549 2959 3822 3028 praemisit

524 3061 649 3104 nem
667 3036 876 3118 judicis
904 3037 1196 3116 vigilanter
1225 3039 1589 3111 attenderem,
1604 3042 1726 3116 plus
1741 3037 1806 3098 de
1826 3040 1983 3098 malis
1998 3043 2112 3100 suis
2149 3036 2194 3061 υ
2223 3045 2410 3102 dicens
2444 3061 2454 3099 :
2487 3043 2602 3113 Ego
2631 3042 2766 3097 enim
2781 3041 2901 3111 jam
2928 3041 3150 3106 delibor,
3173 3047 3222 3096 et
3251 3048 3447 3114 tempus
3468 3060 3594 3100 mea:
3615 3045 3823 3101 resolu-

523 3139 830 3196 metuerent
859 3147 1023 3205 quam
1053 3125 1120 3186 de
1168 3125 1502 3202 imperfectis
1554 3129 1716 3186 bonis
1753 3133 2114 3200 exsultarent,
2227 3133 2381 3188 tionis
2407 3131 2571 3186 instat
2603 3129 2790 3201 (Ibid,
2812 3130 2892 3201 6).
2915 3129 3068 3185 Tunc
3095 3145 3222 3200 ergo
3247 3129 3315 3185 ad
3344 3133 3663 3189 memoriam
3702 3149 3820 3206 per-

527 3223 670 3290 703
706 3232 830 3304 plus
867 3229 1204 3302 inspicerent
1249 3227 1396 3302 quod
1439 3226 1506 3284 de
1555 3226 1643 3284 his
1673 3243 1792 3300 quae
1822 3226 2005 3284 adhuc
2037 3227 2117 3282 eis
2224 3221 2514 3277 fectionem
2556 3219 2776 3275 reduxit
2805 3220 3004 3291 operis,
3035 3237 3161 3278 cum
3187 3220 3300 3293 jam
3332 3223 3588 3294 praevidit
3616 3225 3687 3282 ad
3713 3227 3820 3282 lar-

524 3319 733 3398 δεθηάδ
760 3329 890 3383 sum
915 3320 1190 3378 debitores
1219 3327 1498 3384 tenentur,
1526 3333 1690 3392 quam
1717 3316 1864 3389 quod
1893 3333 2118 3390 operanq
2225 3309 2409 3382 gitatis
2436 3307 2672 3398 spatium
2705 3307 2933 3398 minime
2960 3308 3181 3365 subesse
3209 3315 3424 3382 tempus
3455 3313 3816 3385 Operationis.

524 3396 872 3486 tesqutedam
887 3408 1002 3482 jam
1032 3407 1204 3468 debiti
1237 3414 1444 3479 partem
1474 3407 1717 3464 solvunt.
1749 3403 1938 3479 Neque
1966 3407 2117 3466 enim
2225 3399 2380 3456 Sicut
2408 3397 2578 3464 enim,
2624 3396 2759 3486 dum
2788 3396 3054 3467 vivimus,
3087 3398 3348 3456 debemus
3389 3401 3533 3457 bona
3569 3409 3758 3458 nostra
3787 3419 3821 3458 a

525 3499 807 3563 absolutus
827 3505 910 3554 est
925 3498 1140 3558 debitor
1159 3497 1253 3572 qui
1278 3497 1452 3556 multa
1473 3495 1769 3564 reddit,sed
1785 3492 1877 3570 qui
1895 3498 2114 3564 omnia;

525 3603 629 3646 nec
650 3587 721 3646 ad
747 3586 1000 3646 bravium
1023 3587 1269 3646 victoriis
1287 3585 1538 3660 pervenit
1557 3583 1652 3658 qui
1672 3585 1728 3639 in
1751 3600 1946 3657 magna
1969 3593 2120 3656 parte

526 3675 822 3750 spectaculi
851 3675 1113 3736 velociter
1151 3673 1348 3744 currit,
1379 3675 1400 3708 ³
1429 3671 1475 3728 si
1501 3671 1662 3744 juxta
1692 3680 1864 3736 metas
1894 3673 2120 3734 veniens

525 3769 586 3822 in
627 3765 734 3825 hoc
771 3764 919 3840 quod
962 3773 1044 3824 est
1072 3765 1346 3838 reliquum
1387 3761 1592 3823 deﬁcit.
1625 3762 1736 3824 Nec
1767 3761 1836 3821 ad
1863 3762 2122 3835 quaelibet

526 3855 798 3915 destinata
811 3856 928 3914 loca
945 3853 1295 3928 pergentibus
1323 3851 1636 3914 inchoando
1661 3852 1880 3924 prodest
1895 3854 2120 3924 longum

527 3947 633 4002 iter
680 3962 922 4016 carpere,
969 3946 1016 4000 si
1055 3960 1166 4000 non
1207 3944 1374 3998 etiam
1404 3949 1580 4000 totum
1613 3943 1833 4000 valeant
1866 3957 2123 4000 consume

529 4047 697 4088 mare.
726 4032 832 4100 Qui
853 4047 982 4102 ergo
998 4037 1257 4086 alternam
1287 4029 1460 4086 vitam
1488 4028 1809 4099 quaerimus,
1838 4029 1932 4100 qui
1967 4027 2120 4086 aliud

528 4135 691 4194 quam
716 4118 964 4191 quaedam
1000 4117 1197 4174 itinera
1224 4116 1460 4186 agimus,
1497 4130 1593 4184 per
1625 4132 1744 4187 quas
1787 4115 1856 4174 ad
1888 4117 2120 4186 patriam

527 4207 893 4270 festinamus?
933 4204 1040 4262 Sed
1077 4202 1212 4277 quid
1261 4201 1481 4274 prodest
1515 4203 1662 4274 quod
1691 4205 1966 4276 carpimus
2005 4211 2120 4262 tam

528 4297 724 4365 multa,
753 4296 802 4358 si
829 4311 892 4360 ea
917 4308 1039 4368 qua
1066 4291 1137 4352 ad
1164 4289 1594 4372 perveniendum
1619 4300 1850 4362 restant.
1877 4293 2122 4365 negligi-

527 4401 653 4442 mus
679 4386 887 4458 reliqua
902 4385 931 4440 ‘l

599 4475 686 4531 12.
716 4475 837 4532 Non
863 4473 992 4553 quid
1020 4461 1227 4528 itineris
1241 4469 1363 4540 jam
1388 4476 1664 4545 peractum
1681 4470 1780 4553 sit,
1811 4469 2114 4528 considere-

525 4581 666 4630 mus,
690 4563 779 4618 sed
803 4551 934 4642 quid
954 4557 1183 4634 supersit
1191 4551 1790 4634 peragendum—More
1809 4559 1988 4632 itaque
2004 4559 2116 4642 via-

525 4653 733 4720 torum,
763 4640 1104 4722 nequaquam
1145 4645 1404 4702 debemus
1432 4647 1673 4718 aspicere
1711 4654 1976 4720 quantum
2001 4640 2117 4717 lam

529 4745 634 4800 iter
664 4741 898 4813 egimus,
935 4736 1032 4793 sed
1060 4744 1324 4808 quantum
1357 4743 1604 4807 superest
1634 4738 1654 4769 ³
1686 4743 1747 4790 ut
1778 4751 2117 4806 peragamus,

527 4841 592 4889 ut
632 4831 907 4904 paulisper
953 4827 1050 4882 ﬁat
1094 4825 1434 4897 praeteritum
1477 4823 1626 4896 quod
1656 4823 2030 4879 indesinenter
2065 4831 2122 4881 et

529 4914 722 4977 timide
748 4916 930 4976 adhuc
955 4912 1258 4972 attenditur
1281 4912 1553 4970 futurum.
1573 4911 1830 4986 Amplius
1846 4912 2016 4986 igitur
2030 4910 2122 4968 de-

608 5223 626 5264 ι
656 5223 739 5280 Ita
774 5221 946 5292 Corb,
968 5222 1177 5292 Germ.,
1206 5221 1420 5292 Norm.,
1447 5218 1677 5292 Turon.,
1705 5217 1935 5292 Germ,
1947 5216 2119 5292 Laud.

615 5260 624 5264 '
657 5260 739 5280 AW
775 5260 934 5282 υυιυσ
969 5260 1177 5292 υῡιιιι.⁹
1206 5260 1395 5280 ιιυιυιο
1455 5260 1677 5287 annuus,
1707 5260 1890 5281 vus-ua
1947 5260 2119 5274 uuuu-

535 5288 598 5418 {n
639 5285 1053 5371 recentioribus,
1087 5293 1147 5374 in
1182 5263 1489 5374 corporibus
1532 5291 1682 5354 lucet,
1733 5297 1841 5348 vet.
1893 5260 2127 5348 Excusis

559 5369 827 5418 actionem
857 5362 984 5418 Mss.
1019 5364 1404 5418 retinentibus.

559 5362 827 5423 octionem
857 5362 984 5422 Mss.
1019 5362 1404 5422 retinentibus.

607 5429 632 5472 ⁸
671 5425 950 5516 νεῦμαι,
986 5435 1073 5516 sed
1107 5435 1199 5508 qui
1222 5434 1387 5514 juxta
1414 5435 1594 5516 metas.
1629 5434 1710 5494 Ita
1745 5431 1910 5490 etiam
1959 5426 2123 5490 Corb.

538 5499 748 5573 Germ,
777 5497 992 5572 Norm.,
1021 5497 1243 5572 Germ;
1257 5501 1462 5560 omisso
1490 5497 1601 5574 qui.

609 5578 631 5612 ³
669 5575 794 5632 Val.
825 5575 910 5632 Cl.
942 5581 998 5630 et
1026 5574 1196 5630 Laud.
1207 5615 1224 5642 ,
1252 5581 1312 5628 ut
1333 5590 1633 5645 pergamus.

2227 3487 2489 3544 memoria
2517 3485 2797 3557 repellere,
2827 3501 2896 3542 ne
2923 3487 3215 3558 extollant,
3245 3489 3323 3546 ita
3347 3491 3822 3564 appropinquante

2225 3577 2400 3644 exitu,
2430 3577 2749 3647 plerumque
2775 3589 2838 3629 ea
2863 3574 2932 3630 ad
2970 3577 3291 3632 memoriam
3315 3579 3338 3612 ⁵
3369 3578 3568 3634 iterum
3598 3595 3820 3637 revoca-

2226 3681 2370 3733 mus,
2392 3670 2454 3718 ut
2481 3661 2740 3718 videlicet
2768 3661 3028 3718 ﬁduciam
3072 3665 3362 3734 praebeant,
3389 3673 3442 3722 et
3470 3667 3820 3738 desperatum

2225 3751 2480 3810 timorem
2510 3755 2776 3824 premant.
2808 3751 2912 3816 Qui
2936 3751 3034 3805 etsi
3065 3752 3367 3806 Corinthiis
3390 3753 3534 3808 bona
3560 3771 3659 3810 sua
3684 3771 3824 3814 enu-

2228 3847 2490 3908 merando
2533 3847 2797 3914 narravit,
2844 3843 2988 3900 704
3029 3848 3154 3903 illos
3203 3847 3528 3906 conﬁrmare
3577 3853 3822 3925 studuit,

2228 3953 2339 3995 non
2365 3953 2422 3993 se
2450 3934 2749 3993 ostendere.
2777 3935 2914 3990 Nam
2945 3935 3074 4006 quia
3095 3934 3281 3991 eadem
3307 3935 3451 3992 bona
3479 3939 3502 3974 ⁸
3529 3955 3639 3995 non
3670 3941 3729 3996 in
3761 3957 3826 3998 se

2227 4026 2550 4093 attenderet,
2581 4021 2847 4096 patefacta
2867 4021 3221 4078 tribulatione
3243 4025 3474 4096 propriae
3496 4029 3824 4088 tentationis

2228 4115 2448 4172 edocuit
2476 4129 2582 4186 qua
2605 4127 2856 4183 expressa
2879 4107 3166 4183 subjunxit
3185 4127 3196 4168 :
3218 4113 3447 4184 Propter
3470 4118 3612 4186 quod
3631 4120 3822 4188 placeo

2227 4203 2359 4258 mihi
2379 4204 2436 4256 in
2461 4201 2857 4273 inﬁrmitatibus
2889 4199 3016 4256 meis
3045 4199 3136 4272 (ΙΙ
3161 4200 3286 4258 Cor.
3311 4217 3420 4272 xu,
3449 4203 3562 4278 10).
3590 4206 3660 4262 Ut
3684 4221 3821 4278 ergo

2231 4291 2530 4362 discipulos
2552 4289 2868 4357 instrueret,
2891 4287 2957 4344 de
2973 4303 3028 4345 se
3053 4304 3266 4345 summa
3282 4290 3578 4359 referebat;
3602 4300 3663 4348 ut
3683 4309 3822 4352 vero

2149 4350 2201 4412 Β
2230 4393 2287 4436 se
2321 4380 2379 4434 in
2419 4377 2732 4434 humilitate
2762 4377 3081 4446 custodiret,
3110 4375 3565 4436 considerationis
3592 4383 3822 4440 oculum

2225 4465 2412 4531 nonin
2441 4465 2743 4520 virtutibus
2772 4467 2908 4534 suis,
2941 4466 3034 4522 sed
3063 4465 3120 4522 in
3151 4467 3566 4525 inﬁrmitatibus
3597 4470 3818 4529 ﬁxerat.

2227 4555 2440 4614 Habent
2468 4554 2650 4626 itaque
2675 4555 2961 4626 proprium
2987 4556 3161 4612 sancti
3189 4557 3318 4626 viri,
3337 4565 3396 4612 ut
3423 4557 3563 4612 bona
3590 4556 3823 4628 quidem

2228 4663 2348 4720 quae
2391 4651 2558 4715 agunt
2591 4643 2847 4710 videant;
2895 4653 2948 4698 et
2989 4651 3170 4700 tamen
3218 4661 3343 4700 cum
3389 4645 3712 4714 peregerint,
3749 4647 3826 4704 ab

2229 4752 2418 4792 eorum
2448 4735 2711 4788 memoria
2730 4735 2921 4790 oculos
2941 4742 3206 4789 avertant.
3229 4734 3379 4790 Unde
3407 4742 3550 4790 recte
3571 4752 3666 4806 per
3693 4737 3822 4793 bea-

2228 4831 2348 4880 tum
2387 4821 2488 4877 Job
2527 4820 2732 4875 dicitur
2763 4838 2774 4876 :
2809 4821 2870 4876 Si
2909 4821 3021 4875 vidi
3059 4823 3222 4876 solem
3248 4837 3365 4876 cum
3388 4820 3634 4893 fulgeret.
3665 4827 3754 4880 Ac
3772 4825 3821 4881 si

2227 4919 2411 4988 aperte
2442 4909 2648 4968 diceret
2684 4926 2695 4964 :
2730 4909 2880 4982 Opus
2913 4925 3095 4965 meum
3128 4909 3294 4966 etiam
3327 4925 3458 4969 cum
3484 4909 3610 4968 aliis
3633 4911 3832 4981 ex_em-'

2305 5219 2330 5254 ‘
2361 5219 2592 5289 Turon.,
2617 5217 2680 5274 de
2713 5216 3056 5289 negligentiis.

2305 5291 2326 5358 ἕ
2355 5283 2506 5344 Editi
2533 5283 2657 5346 cum
2689 5283 3083 5358 Corb.'Germ.,
3105 5287 3248 5358 justo
3273 5299 3591 5346 revocamus.
3629 5288 3820 5346 Germ.

2235 5357 2431 5438 abjecit
2455 5359 2797 5438 adverbium.
2826 5357 2955 5438 Mss.
2992 5357 3208 5438 Anglic:
3237 5369 3290 5418 et
3315 5361 3436 5419 aliis
3473 5361 3676 5417 nostris
3706 5361 3818 5416 ha-

2234 5429 2490 5506 bentibus
2517 5430 2727 5498 iterum,
2754 5439 2810 5506 et
2844 5429 3296 5506 optimoqujdem
3325 5445 3505 5490 sensu.

2307 5501 2330 5536 ⁸
2359 5499 2586 5568 Turon.,
2611 5517 2717 5556 non
2745 5501 2802 5556 in
2828 5499 2902 5570 se,
2927 5503 3016 5558 sed
3043 5499 3109 5558 ἐπ’
3131 5503 3350 5558 Domino
3373 5501 3674 5562 attenderet.
