4162 6184
252 226 353 293 n1

1029 223 1399 283 MORALIUM
1438 227 1575 287 LIB.
1622 230 1801 297 XXII.
1838 258 1910 291 π
1945 235 2019 295 ΙΝ
2049 194 2282 295 (iiAP‘li'l1
2320 239 2509 297 XXXI
2544 243 2607 298 B.
2647 244 2789 302 10B.

257 354 467 451 piorum
694 347 980 451 tribueret,
1010 350 1079 408 ad
1122 354 1564 451 praesumptiqnis
1591 359 1818 451 gratiam
1845 362 1898 424 Α
1926 360 1988 451 in
2006 360 2113 420 hoc
2129 364 2276 437 quod
2290 364 2360 423 de
2375 382 2432 422 se
2451 368 2799 427 extrinsecus
2817 370 3007 435 haberi
3024 378 3359 451 considerat,
3380 322 3520 443 illud

254 459 360 505 non
380 439 605 509 attendi,
625 439 751 512 quia
765 439 898 501 dum
914 440 982 497 de
1008 457 1072 498 eo
1091 443 1283 499 extolli
1310 444 1497 516 timui,
1516 447 1585 505 ab
1610 448 1829 513 intuen-

254 531 322 590 do
346 548 416 591 ee
441 530 620 589 acules
654 528 850 589 averti.
882 528 1178 602 Sequitur:

838 638 1068 697 CAPUT
1104 640 1225 698 VII.

317 730 443 788 Iam.
470 752 541 772 -
563 728 638 785 Et
668 728 850 783 tunam
878 728 1190 785 incedentem
1216 731 1378 789 clare.

321 816 394 873 ιι.
422 816 589 873 ΡΜ
607 832 676 871 ea:
689 816 839 872 bonis
863 818 1231 889 operibusnon
1249 822 1587 893 aucupanda.
1609 848 1680 867 -
1698 824 1827 882 Post

252 906 570 981 prataissum
628 905 823 974 solem,
870 914 993 978 apte
1025 924 1242 981 quoque
1282 910 1625 967 incedentem
1679 914 1823 970 clare

254 996 417 1051 lunata
441 993 693 1062 subdidi,
713 995 843 1067 quia
862 995 1124 1053 videlicet
1145 1006 1267 1068 post
1280 1015 1418 1072 opus
1435 998 1661 1068 bonum,
1679 1002 1825 1057 fama

250 1082 519 1140 laudabilis
550 1084 828 1156 sequitur,
855 1099 953 1156 per
971 1100 1135 1157 quam
1160 1087 1371 1144 celebre
1400 1104 1599 1145 nomen
1630 1091 1685 1145 in
1720 1089 1822 1149 hac

247 1173 506 1247 praestitis
533 1174 669 1227 vita
691 1180 852 1228 nocte
876 1173 1206 1244 possidetur.
1238 1176 1295 1232 Si
1309 1184 1493 1233 autem
1520 1192 1713 1233 verum
1741 1187 1824 1235 est

243 1262 377 1335 quod
423 1261 651 1335 quidam
710 1269 928 1333 putant,
989 1260 1416 1321 illustrationem
1481 1269 1670 1323 lunam
1724 1284 1821 1340 per

242 1351 500 1408 occultum
537 1351 819 1407 circulum
846 1366 878 1405 a
910 1350 1066 1407 radio
1091 1352 1225 1408 solis
1257 1355 1525 1426 accipere,
1558 1364 1623 1412 ut
1650 1358 1820 1428 possit

243 1439 404 1495 lucem
429 1440 731 1496 nocturnis
748 1439 1004 1495 cursibus
1032 1439 1316 1510 exhibere,
1337 1442 1405 1498 ab
1431 1442 1597 1515 hujus
1615 1444 1820 1515 signiﬁ-

240 1528 457 1585 cationis
503 1528 703 1585 ordine
746 1526 866 1585 haec
892 1542 1109 1601 quoque
1136 1530 1380 1601 suspicio
1399 1546 1510 1586 non
1542 1531 1817 1588 abhorret.

239 1617 389 1674 Fama
416 1618 620 1690 quippe
647 1633 681 1673 a
705 1616 852 1672 bono
878 1632 1040 1689 opere
1066 1618 1213 1674 vires
1230 1619 1453 1691 accipit,
1484 1622 1500 1655 ι
1535 1628 1589 1676 et
1614 1621 1821 1677 favoris

1936 449 2286 515 obliviscitur
2309 454 2375 511 ad
2404 456 2552 529 quod
2582 457 2855 519 introrsus
2876 462 3189 529 anhelabat.

2006 539 2146 630 [νος.
2186 542 2364 617 mn]
2409 545 2494 603 15.
2541 547 2913 619 Intelligsntia,
2942 549 3079 611 bona
3105 570 3287 624 opera,
3317 559 3518 630 laudes,

1933 628 2223 686 humilitati
2247 633 2343 689 Job
2365 632 2530 705 (quod
2554 652 2683 693 rm
2708 637 2919 710 accidit)
2948 636 3085 696 nihil
3113 650 3423 701 nocuerunt.
3447 628 3519 699 μέ

1933 716 2074 786 Quia
2097 719 2265 791 igitur
2281 730 2529 783 sanctum
2548 724 2732 783 virum
2752 727 3120 801 intelligentia
3135 732 3389 791 scientiis
3407 750 3519 795 non

1931 808 2197 879 corrupit,
2244 809 2310 867 de
2347 812 2536 871 multis
2573 812 2788 873 divitiis
2815 816 3048 889 gaudere
3075 818 3345 890 despexit.
3379 820 3519 888 Quia

1932 910 2062 953 vero
2106 912 2233 955 eum
2286 900 2604 971 magnitudo
2652 904 2833 975 operis
2890 921 3002 963 non
3051 906 3289 975 inﬂavit,
3346 908 3516 973 solem

1929 980 2230 1055 fulgentem
2259 1003 2368 1045 non
2392 988 2553 1045 vidit.
2588 989 2727 1057 Quia
2754 1000 2937 1055 autem
2968 994 3128 1061 illum
3173 998 3193 1033 ⁷
3241 1012 3345 1055 nec
3372 996 3518 1057 fama.

1931 1073 2109 1130 laudis
2140 1077 2359 1144 extulit,
2385 1078 2531 1135 clare
2566 1079 2907 1145 incedentem
2953 1085 3141 1141 lunam
3170 1087 3399 1147 minime
3423 1094 3519 1147 ata-

1929 1162 2124 1219 tendit.
2156 1163 2295 1220 Sunt
2320 1165 2468 1221 enim
2488 1167 2742 1223 nonnulli
2767 1169 2861 1240 qui
2890 1184 2953 1225 eo
2982 1170 3041 1227 in
3082 1172 3372 1231 elationem
3400 1189 3516 1231 car-

1928 1261 2117 1321 ruunt,
2148 1270 2256 1325 quo
2284 1269 2380 1324 per
2400 1253 2657 1311 subtilem
2687 1256 3109 1329 intelligentiam
3138 1262 3228 1319 vel
3258 1279 3377 1335 quae
3405 1278 3516 1321 non

1930 1341 2137 1398 faciunt
2161 1342 2304 1398 bona
2331 1351 2684 1413 cognoscunt.
2720 1346 2788 1400 Hi
2838 1347 3105 1404 nimirum
3132 1364 3295 1421 super
3324 1351 3515 1408 multis

1929 1430 2141 1489 divitiis
2171 1432 2446 1499 laetantur,
2479 1447 2604 1488 cum
2635 1432 2893 1504 quaelibet
2915 1450 3131 1491 summa
3160 1436 3514 1507 intelligendo

1928 1522 2227 1592 reperiunt,
2260 1528 2422 1593 atque
2450 1521 2507 1575 in
2536 1521 2771 1578 elatione
2805 1524 2937 1595 ipsis
2967 1525 3384 1585 inventionibus
3398 1542 3514 1584 cor-

1928 1617 2279 1680 rumpuntur.
2308 1610 2449 1666 Sunt
2500 1624 2631 1665 vero
2680 1612 2933 1668 nonnulli
2985 1630 3122 1687 quos
3151 1614 3515 1686 intelligentia

234 1707 449 1780 gratiam
470 1708 628 1780 quasi
643 1708 950 1763 claritatem
966 1705 1193 1764 luminis
1206 1710 1462 1781 aspergit.
1483 1711 1583 1766 Est
1603 1718 1657 1766 et
1669 1710 1810 1768 aliud

1927 1698 2149 1771 quidem
2181 1714 2291 1753 non
2323 1698 2521 1764 elevat,
2561 1697 2656 1754 sed
2696 1700 2945 1759 exhibita
2990 1704 3236 1775 operatio
3285 1703 3509 1761 exultat.

234 1795 285 1850 in
310 1796 440 1852 luna
460 1796 616 1870 quod
644 1811 739 1868 per
752 1795 1175 1852 similitudinem
1195 1796 1342 1853 bona
1367 1800 1646 1871 spargenti
1661 1799 1820 1856 fames

228 1884 536 1940 conveniat.
569 1883 691 1938 Lux
736 1897 969 1955 namque
1010 1881 1128 1955 ejus
1157 1883 1325 1940 etiam
1363 1885 1423 1941 in
1462 1886 1819 1943 tenebrarum

229 1975 469 2042 tempore
498 1971 605 2027 iter
631 1970 1036 2029 ambulantibus
1051 1972 1314 2043 ostendit,
1345 1974 1475 2048 quia
1500 1982 1556 2031 et
1585 1974 1719 2032 dum
1746 1974 1818 2031 de

229 2058 394 2115 aliena
437 2059 556 2115 vita
583 2058 680 2115 lux
712 2058 888 2117 laudis
931 2061 1152 2130 emicat,
1181 2062 1321 2118 alios
1349 2063 1373 2099 ⁸
1400 2062 1473 2119 ad
1491 2063 1819 2121 exercitium

228 2146 348 2203 boni
376 2148 560 2219 operis
594 2148 852 2215 illustrat;
881 2164 1115 2222 cumque
1140 2148 1294 2207 illius
1314 2152 1509 2223 opinio
1537 2155 1688 2210 clara
1717 2170 1823 2211 co—

228 2236 519 2307 gnoscitur,
555 2236 689 2292 huic
744 2237 903 2309 quasi
955 2238 1199 2310 pergenti
1232 2239 1290 2294 in
1322 2239 1519 2296 itinere
1580 2243 1819 2314 exempl!

227 2322 397 2379 lumen
448 2324 745 2396 prabetur.
776 2323 884 2379 Sed
936 2339 1330 2399 nonnunquam
1380 2345 1518 2400 opus
1574 2330 1719 2402 quod
1749 2330 1818 2387 ab

224 2412 389 2468 aliena
422 2414 691 2485 opinione
729 2414 968 2469 sumitur
1005 2414 1189 2470 minus
1218 2415 1429 2471 mundo
1459 2416 1731 2474 desiderio
1758 2419 1817 2473 in

224 2501 395 2556 animo
424 2501 728 2557 formatur.
756 2502 896 2555 Nam
922 2500 1156 2557 inﬁrme
1186 2510 1402 2559 mentes
1428 2520 1555 2561 cum
1580 2504 1727 2561 bona
1753 2506 1819 2562 de

220 2587 330 2647 aliis
382 2588 659 2653 audiunt,
687 2586 986 2660 aliquando
1013 2604 1070 2647 se
1098 2588 1169 2649 ad
1217 2591 1589 2661 Operationem
1618 2600 1818 2648 rectam

224 2691 314 2737 non
347 2688 555 2735 amore
604 2673 853 2743 virtutis,
884 2673 976 2731 sed
1005 2674 1368 2731 delectatione
1413 2677 1589 2733 laudis
1616 2696 1819 2736 accen-

223 2761 366 2823 dunt.
396 2763 477 2820 Et
506 2760 758 2833 profecto
792 2760 963 2833 liquet
988 2764 1116 2835 quia
1136 2764 1283 2820 sicut
1314 2766 1334 2798 ³
1360 2772 1557 2825 natura
1576 2768 1708 2824 solis
1735 2777 1815 2825 est

226 2860 280 2911 ut
305 2865 540 2925 quasque
595 2849 843 2920 attigerit
873 2851 1131 2907 accendat
1157 2859 1212 2907 et
1253 2852 1441 2923 siccet,
1475 2856 1553 2911 ita
1607 2858 1814 2915 lunaris

230 2941 361 3013 ignis
384 2947 466 2999 est
494 2938 781 3011 proprium
805 2945 867 2994 ut
887 2937 1155 3014 quidquid
1176 2943 1471 3015 contigerit
1489 2954 1684 3003 exurat
1696 2948 1813 3020 qui-

1926 1786 2194 1854 Quidum
2246 1786 2490 1844 actiones
2537 1802 2661 1842 suas
2710 1789 3032 1860 respiciunt,
3081 1791 3225 1863 apud
3274 1798 3511 1848 mentem

1926 1893 2081 1934 suam
2101 1875 2208 1933 sibi
2236 1883 2459 1933 caeteros
2478 1874 2825 1947 dedignanda
2844 1885 3199 1953 postponunt.
3228 1879 3296 1935 Hi
3321 1878 3512 1937 videli-

1925 1976 2014 2025 cet
2037 1967 2139 2023 etsi
2168 1966 2446 2023 inmultis
2474 1965 2688 2021 divitiis
2717 1983 2828 2023 non
2858 1968 3114 2038 gaudent,
3144 1969 3312 2025 solem
3326 1976 3511 2025 tamen

1925 2056 2225 2128 fulgentem
2244 2055 2436 2112 vident
2465 2056 2487 2090 ⁸
2515 2055 2644 2128 quia
2663 2055 2729 2113 de
2757 2056 2872 2112 sola
2890 2056 3022 2115 boni
3049 2058 3229 2131 operis
3244 2058 3512 2129 magnitu-

1927 2145 2057 2202 dine
2074 2146 2227 2218 quasi
2245 2145 2384 2202 alios
2401 2144 2759 2217 despicienda.
2767 2152 3004 2205 tument.
3028 2148 3102 2203 Et
3113 2156 3242 2205 sunt
3256 2146 3511 2205 nonnulli

1926 2249 2064 2306 quos
2092 2250 2194 2290 nec
2218 2234 2462 2306 operatio
2490 2235 2709 2305 propria
2735 2236 2991 2303 extollit;
3031 2235 3127 2293 sed
3151 2252 3278 2295 cum
3298 2236 3509 2293 laudari

1924 2322 1992 2378 ab
2030 2322 2347 2380 hominibus
2376 2336 2474 2393 pro
2518 2321 2621 2379 hac
2661 2322 2851 2381 eadem
2878 2323 3024 2381 bona
3050 2326 3364 2395 operatione
3389 2341 3510 2382 eoa-

1925 2411 2127 2485 perint,
2158 2412 2292 2483 ipsis
2321 2411 2609 2469 hominum
2638 2411 2921 2471 favoribus
2943 2412 3171 2480 devicti,
3201 2414 3359 2485 quasi
3384 2429 3511 2471 ma-

1924 2510 2059 2571 gnos
2082 2516 2140 2555 se
2170 2498 2434 2573 quosdam
2461 2499 2519 2556 in
2544 2517 2646 2557 sua
2673 2500 3005 2572 cogitatione
3033 2501 3402 2572 conspiciunt,
3429 2507 3508 2558 st-

1923 2607 2029 2664 que
2054 2608 2087 2647 a
2111 2590 2293 2649 cordis
2320 2589 2569 2647 custodia
2606 2588 3004 2649 dissolvuntur.
3046 2590 3114 2647 Hi
3142 2590 3385 2663 profecto
3404 2591 3508 2650 etsi

1921 2680 2220 2752 fulgentem
2241 2680 2410 2736 solem
2426 2679 2614 2735 videre
2629 2680 2945 2748 noluerunt,
2964 2680 3152 2739 lunam
3170 2685 3352 2737 tamen
3363 2680 3509 2737 clare

1923 2767 2261 2824 incedentem
2279 2769 2599 2840 respiciunt,
2621 2769 2751 2841 quia
2768 2768 2912 2824 inter
2932 2766 3100 2839 hujus
3112 2768 3240 2824 vita
3259 2768 3508 2827 tenebras

1922 2856 2053 2912 dum
2081 2858 2138 2912 in
2183 2855 2462 2929 opinionis
2508 2873 2619 2912 sum
2661 2857 2909 2913 claritate
2957 2858 3203 2916 animum
3240 2857 3504 2928 deﬁgunt,

1921 2944 2255 3001 humilitatis
2278 2946 2506 3016 gratiam
2537 2945 2693 3017 quasi
2719 2960 2789 3000 ex
2818 2952 3089 3001 nocturno
3115 2946 3323 3001 lumine
3347 2945 3506 3001 amit-

221 3028 358 3097 dem,
386 3029 480 3087 sed
509 3026 796 3085 exurendo
823 3025 1116 3087 humidum
1144 3029 1355 3087 reddat.
1388 3031 1476 3089 Ad
1504 3035 1670 3091 vitam
1717 3037 1815 3108 igi-
1842 3065 1887 3125 ο
1918 3039 2083 3097 tunt;
2120 3039 2174 3086 et
2200 3032 2472 3086 intuentes
2497 3031 2707 3097 lunam,
2740 3045 2797 3085 se
2821 3045 2931 3085 non
2957 3029 3168 3096 vident,
3195 3029 3293 3100 qui
3312 3036 3504 3087 semet-

222 3134 310 3189 gur
336 3118 535 3174 bonam
551 3118 692 3175 alios
725 3118 747 3153 ⁴
769 3133 869 3188 pro
883 3134 1069 3176 amore
1087 3120 1188 3176 Dei
1211 3122 1436 3178 affectus
1454 3126 1587 3182 recti
1611 3128 1809 3198 operis,

219 3205 353 3263 alios
384 3222 514 3267 vero
569 3221 726 3262 amor
782 3205 961 3263 laudis
994 3206 1319 3265 inﬂammat.
1355 3211 1458 3267 Sed
1515 3229 1640 3269 cum
1670 3222 1816 3271 recta

219 3296 388 3366 operis
420 3295 621 3359 affectu
661 3293 1036 3364 accendimur,
1064 3299 1219 3370 quasi
1263 3316 1358 3371 per
1382 3302 1564 3373 ignem
1601 3305 1731 3359 solis
1757 3317 1811 3359 a-

222 3384 473 3440 vitiorum
501 3382 730 3440 homore
746 3382 1039 3440 siccamur.
1071 3385 1213 3441 Eum
1240 3402 1371 3444 vero
1398 3405 1564 3462 quem
1590 3391 1659 3447 ad
1674 3409 1811 3463 opus

219 3469 414 3529 bonum
442 3471 622 3532 laudis
649 3487 802 3527 amor
830 3479 1110 3542 provocat,
1141 3476 1434 3546 concupita
1454 3477 1626 3546 fama,
1648 3493 1805 3551 quasi

221 3560 360 3630 luna,
382 3563 629 3633 attingit,
655 3562 781 3633 quia
796 3560 1054 3620 videlicet
1074 3562 1192 3635 ejus
1211 3566 1456 3624 animum
1479 3576 1533 3624 et
1551 3571 1807 3629 accendit

218 3658 267 3711 et
292 3650 544 3713 resolvit.
594 3649 850 3739 Accendit
877 3652 1093 3709 scilicet
1129 3653 1198 3710 ad
1246 3656 1572 3712 exercitium
1602 3660 1803 3739 operis,

218 3739 443 3799 lascivit
474 3754 603 3799 vero
618 3738 685 3797 ad
700 3742 1195 3813 concupiscentiam
1228 3741 1453 3800 favoris.
1479 3738 1805 3820 Plerumque

218 3832 388 3887 tamen
415 3826 485 3884 ad
533 3827 836 3885 exercenda
868 3828 1013 3889 bona
1035 3845 1201 3903 opera
1233 3830 1412 3887 aliena
1454 3848 1553 3889 nos
1593 3834 1805 3892 utiliter

218 3916 454 3987 exempla
475 3914 827 3988 persuadent.
855 3916 1072 3975 Etcum
1092 3925 1272 3974 mente
1288 3918 1489 3979 humili
1524 3922 1801 3993 opinionis

220 4003 393 4063 alienae
429 4004 575 4061 bona
606 4004 960 4075 suscipimus,
991 4012 1178 4062 nostra
1216 4007 1301 4065 vel
1333 4007 1402 4063 ad
1431 4008 1627 4067 melius
1656 4010 1798 4070 bona

222 4094 582 4164 producimus,
616 4095 705 4150 vel
733 4093 801 4151 ad
821 4095 1027 4153 bonum
1056 4097 1201 4153 mala
1222 4105 1615 4168 permutamus.
1635 4098 1794 4163 Cum-

222 4194 317 4256 que
340 4199 435 4241 nos
486 4184 555 4240 de
610 4184 728 4241 vita
755 4183 993 4255 proximi
1046 4184 1207 4241 fama
1262 4186 1519 4258 splendor
1546 4186 1790 4257 irradiat,

224 4282 361 4328 mens
383 4279 587 4340 nostra,
623 4280 686 4328 ut
714 4271 1096 4344 praediximus,
1122 4274 1144 4307 ⁵
1186 4290 1306 4346 quia
1334 4273 1404 4331 ad
1430 4274 1789 4339 obtinendum

226 4356 425 4415 Virtutis
454 4360 558 4415 iter
584 4375 641 4416 se
666 4358 879 4430 dirigit,
902 4360 1058 4433 quasi
1078 4360 1137 4415 in
1168 4360 1311 4417 lunae
1341 4361 1548 4417 lumine
1578 4379 1790 4433 gressus

226 4447 379 4517 ponit.
434 4447 541 4507 Sed
564 4448 709 4507 sicut
734 4464 804 4507 ex
834 4446 1015 4505 aliena
1041 4449 1302 4520 opinione
1333 4448 1677 4521 proﬁcimus,
1708 4453 1787 4510 sic
1816 4446 1825 4481 λ

228 4530 545 4608 plerumque,
561 4536 610 4593 si
632 4536 786 4595 fama
816 4544 1015 4595 nostra:
1047 4539 1068 4573 θ
1104 4536 1353 4593 laudibus
1383 4538 1791 4610 intendimus,a

224 4619 406 4681 Virtute
428 4640 751 4694 vacuantur,
783 4632 927 4693 705
953 4625 1085 4698 quia
1116 4640 1243 4681 cum
1262 4623 1563 4681 delectatur
1573 4627 1790 4687 animus

287 4808 307 4885 ξ
340 4808 594 4885 Yindoo.,
626 4820 675 4868 et
700 4812 1001 4885 splendoris
1028 4811 1281 4885 gratique.

287 4878 309 4914 ³
342 4881 420 4938 Ita
444 4874 741 4945 cum'Mss.‘
765 4884 926 4945 Corb.
958 4874 1167 4950 Germ.,
1196 4882 1409 4948 Norm.,
1436 4874 1635 4949 Laud.,
1664 4876 1788 4938 Val.

226 4937 298 5011 (21.
327 4958 375 5006 et
395 4937 710 5015 ’véij‘izdii.’
719 4937 805 5017 '16
816 4937 1054 5011 iacchi."
1065 4937 1216 5021 vero,
1233 4937 1317 5007 had
1346 4937 1635 5007 eiercendri
1659 4937 1793 5007 bona.

224 5022 397 5090 aperis.
424 5024 609 5081 Germ.
636 5031 813 5081 totum
845 5026 991 5081 hunc
1021 5025 1201 5080 locum
1230 5021 1310 5079 sic
1337 5022 1634 5088 contrahit,
1665 5024 1793 5092 quia

223 5095 266 5144 et
303 5093 417 5147 dum
452 5097 514 5150 de
539 5098 720 5152 aliena
746 5098 855 5151 vita
910 5099 1005 5151 tua:
1045 5111 1160 5165 qua:
1182 5095 1331 5149 illius
1359 5094 1601 5165 opinione
1643 5097 1793 5165 clara

221 5167 525 5239 ουσηοεσὶιαν
579 5168 895 5236 ostenditur,
926 5164 1225 5238 huic’quasi
1278 5164 1516 5236 pergenti
1543 5181 1608 5219 ea:
1634 5164 1791 5220 itine-

225 5238 580 5389 reifligcentq
604 5314 817 5365 natura:
843 5308 970 5365 solis
991 5314 1081 5376 est,
1102 5308 1228 5364 Mss.
1248 5314 1303 5363 et
1329 5305 1501 5376 antiq.
1533 5304 1638 5360 Ed.
1666 5320 1793 5362 con-

222 5375 625 5436 indicantibus.

285 5449 303 5482 ⁸
341 5449 570 5521 Turon.,
602 5452 813 5521 Germ.,
844 5450 1004 5509 Corb.
1055 5451 1264 5518 Germ.,
1296 5464 1422 5506 cum
1471 5451 1546 5522 pl.
1576 5448 1792 5518 Norm.,

221 5524 306 5586 per
328 5532 577 5577 amorem.

256 5590 600 5670 .‘._Vindoc.,
653 5612 770 5665 qua:
823 5595 898 5652 ad
938 5590 1243 5650 obtinendas
1263 5590 1484 5648 uirtutes
1509 5591 1590 5649 ita
1636 5604 1690 5647 se
1713 5590 1794 5650 di-

222 5666 335 5731 ,ηπ

1926 3121 2070 3192 ipsos
2090 3119 2299 3176 nescire
2328 3119 2623 3190 incipiunt,
2651 3118 2784 3176 dum
2804 3119 3004 3175 mentis
3021 3119 3211 3176 oculos
3230 3119 3290 3177 in
3308 3120 3503 3177 transi-

1922 3211 2128 3265 torium
2156 3210 2397 3265 favorem
2428 3208 2693 3281 deﬁgunt.

1994 3299 2080 3356 16.
2121 3299 2269 3357 Varii
2311 3298 2384 3353 ad
2426 3298 2673 3353 virtutem
2698 3308 3010 3370 progressus
3036 3305 3089 3354 et
3113 3300 3332 3371 gradus.
3364 3301 3506 3367 ουάι

1916 3387 1976 3441 in
1994 3403 2098 3443 uno
2117 3400 2319 3458 quoque
2334 3388 2682 3443 metuendum.
2712 3410 2783 3429 υ·-
2808 3387 2901 3444 Sic
2926 3395 3108 3443 autem
3134 3387 3505 3459 profectuth
3578 3404 3585 3407 ·

1917 3474 2231 3541 hominum,
2273 3476 2416 3532 sicut
2466 3477 2804 3532 incrementa
2835 3491 2952 3532 esse
3000 3476 3369 3549 oenspicimus
3402 3491 3503 3532 sro-

1914 3564 2222 3620 bustorum.
2247 3564 2346 3620 Vis
2366 3564 2567 3636 quippe
2585 3564 2784 3620 futura:
2810 3565 3022 3621 arboris
3051 3562 3204 3636 prius
3221 3566 3280 3621 in
3293 3565 3504 3625 semine

1913 3660 2016 3720 est,
2046 3652 2393 3725 postmodum
2409 3655 2467 3708 in
2484 3654 2633 3720 'ortu,
2655 3659 2818 3725 atque
2835 3654 2905 3709 ad
2923 3661 3231 3710 extremum
3251 3651 3504 3726 produci-

1910 3747 2004 3798 tur
2030 3743 2089 3798 in
2117 3758 2316 3799 ramos.
2345 3743 2436 3799 Sic
2464 3743 2730 3797 nimirum
2760 3744 2840 3798 sio
2867 3743 3299 3815 uniuscujusque
3320 3746 3501 3802 virtus

1910 3833 2205 3889 succrescit
2241 3830 2536 3902 operantis.
2569 3830 2885 3886 Seminatur
2925 3840 3161 3902 namque
3186 3831 3246 3885 in
3282 3832 3500 3886 intelli—

1910 3920 2110 3994 gentia,
2141 3916 2321 3975 orltnr
2347 3917 2404 3972 in
2429 3914 2767 3988 operatione,
2797 3923 2959 3988 atque
2986 3917 3055 3972 ad
3082 3916 3343 3974 ultimum
3368 3926 3497 3974 eon-

1907 4009 2133 4066 valescit
2163 4022 2333 4079 usque
2360 4005 2430 4062 ad
2459 4004 2735 4077 profectus
2774 4004 2959 4076 magni
2991 4004 3361 4061 latitudinem.
3391 4004 3497 4063 Sed

1902 4116 2029 4157 cum
2075 4096 2377 4170 quemlibet
2404 4111 2501 4150 sua
2528 4094 2894 4166 intelligentia
2922 4093 3165 4163 extollit,
3191 4093 3353 4150 arbor
3375 4111 3496 4168 qua

1902 4187 2038 4253 oriri
2064 4193 2278 4260 poterat
2302 4186 2362 4245 in
2415 4182 2626 4245 semine
2666 4182 2951 4254 putrescit.
2994 4181 3132 4239 Cum
3162 4190 3345 4249 autem
3374 4190 3497 4265 post

1899 4277 2269 4357 operationem
2336 4273 2537 4330 bonam
2593 4270 2846 4326 elationis
2897 4274 3046 4344 peste
3098 4272 3491 4355 corrumpitur,

1896 4359 2047 4443 quasi
2058 4362 2171 4435 jam
2193 4364 2313 4418 orta
2326 4360 2579 4419 siccatur.
2604 4359 2743 4416 Cum
2759 4374 2891 4414 vero
2906 4368 3083 4434 neque
3105 4360 3490 4433 intelligentia,

1896 4466 2072 4525 neque
2095 4451 2337 4523 operatio
2366 4446 2691 4523 corrumpit,
2723 4448 2747 4482 ο
2771 4448 2863 4503 sed
2895 4455 3243 4504 excrescente
3270 4447 3493 4522 magni-

1898 4541 2110 4608 tudine,
2135 4537 2266 4617 dum
2286 4538 2443 4592 favor
2458 4534 2802 4593 laudantium
2824 4537 3094 4611 sequitur,
3115 4545 3277 4614 atque
3297 4556 3329 4595 a
3344 4547 3492 4598 statu

1897 4646 1997 4689 suo
2010 4626 2149 4685 bene
2168 4622 2444 4700 operantis
2461 4623 2709 4680 animum
2725 4623 2945 4694 evertit,
2970 4622 3283 4707 linguarum
3297 4632 3491 4684 ventos

1973 4810 1993 4845 ⁶
2025 4802 2175 4873 Editi
2208 4802 2319 4864 fere
2349 4822 2559 4874 omnes,
2584 4800 2829 4874 laudibus
2846 4802 3132 4874 inhiamus.
3164 4800 3491 4874 Inhaesimus

1897 4872 2467 4954 biss.Corh._(_}e1:m.,
2497 4872 2727 4954 Turo_n.,
2758 4872 2955 4954 Laud,
2983 4874 3195 4954 ρει-σιτ,
3219 4872 3487 4954 _Vindoo.,

1898 4946 2086 5024 Noun.
2123 4958 2178 5024 et
2204 4949 2307 5024 Ed.
2339 4949 2528 5024 Paris._
2562 4946 2720 5024 itas,
2759 4946 2855 5024 ubi
2901 4945 3485 5024 legitur-Linguam“.

1971 5023 1990 5057 ⁷
2023 5020 2185 5078 Corb.
2219 5020 2431 5088 Germ.,
2478 5018 2602 5076 Val.
2633 5013 2743 5085 CL,
2781 5013 3034 5084 Ehroieq
3071 5014 3171 5078 alii
3214 5013 3404 5079 Neria.
3433 5020 3491 5077 et

1901 5093 2111 5165 Germ.,
2134 5090 2405 5165 _necfama
2437 5089 2743 5165 laudabilis.
2843 5156 2853 5165 _
2891 5155 2903 5165 ί
2987 5156 3003 5165 _
3089 5161 3100 5165 _
3264 5160 3275 5165 _
3306 5154 3318 5165 ,

1973 5165 1994 5199 ⁸
2023 5155 2202 5233 Verba
2237 5155 2576 5233 hiemesque
2595 5159 2677 5233 _a_d
2709 5155 3034 5233 despicienda
3077 5160 3277 5233 tument
3302 5155 3491 5233 inclu-

1898 5235 2038 5302 sive,
2065 5232 2266 5289 desunt
2282 5233 2344 5289 in
2360 5224 2578 5297 Germ.,
2595 5224 2856 5294 Vindeé.,
2878 5224 3042 5287 Cor-h.
3069 5225 3253 5293 Germ.
3278 5233 3336 5287 et
3353 5227 3487 5284 Nor-

1899 5321 2237 5451 ωῗηίλῖοςειιη
2269 5374 2360 5429 sed
2398 5376 2715 5451 ερονεεσοῖιεο
2740 5362 3363 5451 assummum
3389 5362 3490 5451 ta.-

1897 5464 1997 5503 υον
2025 5465 2045 5513 ;
2073 5446 2206 5501 olim
2227 5451 2410 5500 tamen
2444 5441 2722 5513 legebatur
2751 5443 2810 5499 in
2835 5441 2979 5503 Utio.
3007 5449 3060 5500 et
3088 5441 3270 5511 Becc.,
3306 5446 3368 5501 ut
3393 5441 3492 5513 hic

1899 5510 2118 5595 legitur.
2145 5518 2209 5595 In
2242 5522 2353 5595 vet.
2378 5514 2485 5572 Ed.
2502 5510 2684 5571 babes
2706 5530 2737 5595 ,ι’
2758 5514 2848 5579 sed
2878 5519 3251 5579 maceriam
3272 5510 3490 5585 magni-

1903 5585 2133 5647 tudinem
2154 5588 2282 5644 dum
2307 5585 2538 5658 favor...
2569 5585 2830 5655 sequitur.
