4162 6184
655 282 772 342 223

1867 267 2116 327 SANC'I'I
2156 265 2492 326 GREGORII
2528 262 2755 323 MAGNI

659 406 823 463 arbor
850 400 1099 476 pertulit,
1123 406 1180 455 et
1205 412 1369 455 omne
1395 397 1542 471 quod
1569 397 1628 453 in
1657 412 1721 453 ea
1742 394 2028 451 robustum
2049 408 2247 451 creve-
2274 393 2338 460 Al
2363 398 2546 464 specto
2576 391 2724 446 enim
2774 387 2983 445 honore
3028 386 3349 456 conditoris,
3410 386 3755 458 semetipsum
3807 390 3922 460 plus

654 502 740 551 rat
764 498 1055 564 tempestas
1095 488 1255 544 famae
1283 487 1551 544 radicitus
1580 485 1803 542 evulsit.
1835 483 1955 551 Quo
1982 482 2129 537 enim
2155 498 2246 537 ar-

653 580 757 638 bor
776 579 941 636 altius
973 577 1042 634 ad
1069 575 1351 648 superiora
1375 574 1695 642 surrexerit,
1725 588 1791 629 eo
1818 578 2110 628 ventorum
2132 570 2247 626 vim

655 664 1033 722 vehementius
1064 662 1251 729 sentit,
1282 661 1414 734 quia
1446 676 1555 733 quo
1585 659 1709 731 plus
1742 657 1974 730 quisque
2005 656 2062 711 in
2090 653 2250 710 bonis

654 752 911 826 operibus
938 749 1234 818 attollitur,
1264 764 1331 805 eo
1360 747 1618 819 ampliori
1665 744 1734 802 ab
1782 761 1879 801 ore
1907 742 2248 801 laudantium

655 840 789 899 ﬂatu
814 841 1092 911 fatigatur.
1123 839 1180 895 Si
1214 839 1397 910 itaque
1422 836 1605 893 adhuc
1632 833 1797 891 arbor
1829 834 1887 889 in
1916 832 2124 888 semine
2146 837 2249 899 est,

656 929 1011 989 metuendum
1037 936 1121 984 est
1138 943 1206 983 ne
1226 928 1346 1000 ipsa
1367 926 1613 984 scientiae
1634 922 1949 994 cognitione
1976 920 2246 993 putreﬁat.

655 1017 713 1075 Si
729 1017 843 1089 jam
871 1016 941 1073 ad
968 1016 1272 1088 virgultum
1305 1013 1531 1085 prodiit,
1560 1008 1865 1069 curandum
1896 1014 1979 1063 est
2008 1023 2077 1068 ne
2108 1007 2253 1063 hanc

656 1121 851 1163 manus
877 1103 1129 1160 elationis
1173 1107 1379 1172 tangat,
1410 1107 1573 1173 atque
1610 1114 1644 1153 a
1686 1094 1965 1153 viriditate
2001 1110 2113 1150 suae
2146 1109 2252 1150 ac-

654 1188 826 1251 tionis
876 1191 1153 1248 arefaciat.
1197 1190 1254 1247 Si
1310 1196 1492 1245 autem
1524 1185 1731 1243 valenti
1776 1183 1970 1240 robore
2014 1181 2128 1255 jam
2181 1181 2252 1237 ad

656 1282 769 1337 alta
815 1295 872 1336 se
915 1278 1189 1343 sublevat,
1219 1277 1379 1333 valde
1408 1273 1820 1332 formidandum
1856 1278 1959 1339 est,
2001 1287 2070 1326 ne
2111 1269 2254 1326 hanc

656 1367 890 1425 admotae
918 1365 1097 1424 laudis
1123 1372 1320 1422 ventus
1349 1364 1566 1437 gravior
1600 1361 1864 1419 radicitus
1890 1359 2107 1414 evellat.

732 1463 871 1539 [Vet.
898 1463 1026 1538 IX.]
1058 1460 1200 1518 706
1232 1463 1319 1519 17.
1349 1460 1598 1517 Pericula
1624 1474 1690 1512 ea:
1721 1454 1869 1525 fama
1919 1461 1968 1509 et
2011 1450 2254 1510 humanis

663 1554 929 1627 laudibus,
946 1554 1086 1609 Deus
1099 1550 1357 1623 permittit
1370 1547 1563 1618 opponi
1580 1544 1939 1599 detractiones.
1950 1566 2028 1585 -—
2046 1542 2151 1598 Sed
2171 1543 2252 1597 in-

660 1648 749 1696 ter
777 1640 897 1696 haec
920 1639 1204 1697 sciendum
1231 1645 1313 1692 est
1327 1636 1456 1708 quia
1475 1649 1543 1688 ne
1560 1630 1933 1686 immoderatis
1957 1634 1974 1665 ¹
1999 1629 2253 1685 laudibus

660 1742 940 1795 eruamur,
970 1729 1293 1799 plerumque
1338 1721 1480 1777 miro
1512 1718 1739 1776 rectoris
1768 1717 1941 1773 nostri
1992 1716 2252 1772 modera-
2277 1745 2325 1806 Β

660 1816 812 1872 mine
842 1815 1008 1871 etiam
1038 1809 1470 1869 detractionibus
1510 1806 1733 1863 lacerari
1765 1804 2157 1878 permittimur,
2188 1811 2254 1861 ut

661 1921 789 1963 cum
816 1922 918 1961 nos
940 1920 1054 1961 vox
1073 1902 1346 1958 laudantis
1374 1900 1572 1966 elevat,
1599 1897 1786 1967 lingua
1800 1893 2138 1950 detrahentis
2156 1893 2256 1949 hu-

665 1994 865 2061 miliet,
897 1993 1027 2066 quia
1049 2000 1104 2047 et
1132 1991 1295 2047 arbor
1321 2003 1461 2060 saepe
1490 2002 1610 2059 quae
1640 1980 1808 2040 uni‘us
1838 1983 1989 2039 venti
2017 1982 2259 2054 impulsu

664 2082 743 2140 ita
768 2082 1096 2153 impellitur,
1125 2088 1187 2135 ut
1214 2094 1348 2151 pene
1369 2077 1484 2147 jam
1511 2074 1628 2129 erui
1657 2087 1812 2145 posse
1835 2071 2107 2137 videatur,
2128 2071 2256 2126 alte-

663 2174 782 2229 rius
807 2189 837 2227 e
863 2172 1082 2228 diverso
1112 2168 1384 2225 venientis
1413 2165 1545 2220 ﬂatu
1573 2164 1823 2233 erigitur,
1850 2169 1904 2216 et
1922 2176 2041 2231 quae
2063 2159 2166 2216 hac
2186 2174 2257 2214 ex

663 2266 814 2330 parte
844 2258 1203 2314 inﬂexionem
1232 2255 1479 2328 pertulit,
1510 2254 1578 2309 ab
1608 2254 1716 2308 alia
1762 2251 1830 2307 ad
1864 2259 2065 2307 statum
2094 2250 2253 2305 redit.

665 2345 819 2402 Unde
844 2353 898 2400 et
930 2345 1023 2399 illa
1043 2344 1206 2399 arbor
1230 2343 1337 2398 alte
1366 2340 1608 2397 radicata
1626 2339 1782 2412 quasi
1802 2339 1945 2393 inter
1970 2336 2257 2392 adversan-

664 2440 745 2489 tes
773 2440 967 2488 ventos
1014 2431 1127 2487 fixa
1166 2436 1408 2497 steterat,
1452 2444 1572 2501 quae
1602 2426 1819 2483 dicebat
1855 2443 1867 2480 :
1900 2426 2006 2480 Per
2031 2423 2259 2494 gloriam

665 2528 715 2577 et
737 2521 1128 2591 ignobilitatem,
1156 2536 1253 2589 per
1278 2517 1560 2587 infamiam
1605 2523 1652 2570 et
1706 2516 1892 2570 bonam
1945 2512 2146 2583 famam
2176 2510 2266 2583 (II

671 2611 797 2665 Cor.
828 2625 908 2676 v1,
938 2608 1019 2677 8).
1052 2609 1203 2677 Stepe
1223 2606 1371 2660 enim
1392 2606 1511 2659 laus
1533 2603 1672 2659 bene
1696 2604 1904 2674 agentis
1933 2601 2158 2657 auribus
2177 2600 2259 2655 in-

667 2697 906 2749 solenter
935 2692 1177 2758 admota,
1217 2689 1349 2744 dum
1381 2688 1517 2744 foris
1560 2688 1904 2743 sermonibus
1947 2685 2256 2759 perstrepit,

606 2826 617 2835 .
671 2782 821 2837 intus
850 2778 1141 2852 quamdam
1173 2777 1345 2831 menti
1375 2777 1398 2811 ⁸
1427 2791 1522 2847 per
1547 2775 1798 2843 tacitum,
1829 2774 2081 2830 elationis
2108 2780 2259 2828 tem-

669 2874 931 2939 pestatem
962 2864 1137 2937 gignit
1161 2881 1173 2919 :
1207 2863 1375 2935 fitque
1404 2869 1468 2917 ut
1486 2862 1611 2928 hoc,
1634 2861 1782 2934 quod
1805 2861 2022 2916 animus
2050 2858 2117 2913 de
2144 2856 2259 2911 hu-

668 2954 846 3011 manis
864 2952 1150 3009 favoribus
1165 2949 1382 3022 gaudet,
1399 2965 1509 3005 non
1538 2949 1698 3004 facile
1717 2948 1962 3004 exterius
1988 2944 2257 3011 ostendat,

667 3043 762 3099 sed
789 3049 976 3098 tamen
1009 3037 1378 3110 corruptionis
1429 3038 1542 3091 vim
1594 3052 1703 3090 non
1746 3035 1982 3091 tenuiter
2028 3031 2261 3087 interius

669 3096 887 3185 sentiat.
916 3096 990 3184 Et
1003 3096 1133 3182 sunt
1146 3096 1401 3181 n‘onnulli
1426 3140 1562 3196 quos
1583 3123 1659 3178 ita
1679 3123 1797 3178 laus
1817 3121 1992 3188 inﬂat,
2012 3128 2071 3174 ut
2088 3133 2259 3189 usque
2294 3096 2337 3155 Ο

669 3217 739 3273 ad
766 3216 930 3271 verba
953 3214 1209 3269 elationis
1237 3210 1532 3283 pertrahat.
1575 3208 1809 3275 Quidam
1842 3223 1992 3275 vero,
2025 3213 2086 3261 ut
2120 3220 2261 3276 prae-

676 3304 940 3371 diximus,
973 3302 1079 3357 hoc
1106 3301 1285 3372 ipsum
1315 3298 1616 3370 patefacere
1645 3294 1793 3368 quod
1817 3295 2102 3350 elevantur
2126 3307 2262 3346 eru-

670 3393 920 3459 bescunt,
949 3399 1111 3463 atque
1139 3388 1342 3444 auditis
1387 3387 1500 3441 suis
1552 3383 1839 3457 praconiis
1870 3381 2214 3437 extolluntur
2244 3398 2258 3447 ;

670 3482 765 3538 sed
798 3489 982 3537 tamen
1011 3493 1183 3549 usque
1210 3475 1279 3531 ad
1308 3474 1563 3530 elationis
1605 3471 1771 3526 verba
1809 3486 1922 3525 non
1952 3476 2178 3536 exeunt,
2207 3475 2263 3523 et

672 3571 904 3641 gaudere
927 3583 985 3623 se
1014 3557 1072 3621 iii
1122 3564 1328 3620 talibus
1379 3578 1491 3618 non
1527 3559 1840 3617 ostendunt.
1894 3557 2045 3614 Unde
2073 3556 2264 3611 beatus

671 3654 795 3720 Job,
843 3655 972 3725 quia
1017 3658 1246 3707 noverat
1275 3656 1617 3720 arrogantem
1647 3663 1703 3703 se
1748 3662 1859 3702 non
1899 3645 2079 3701 solum
2108 3644 2262 3699 nullo

672 3743 839 3800 modo
883 3743 940 3798 in
982 3740 1187 3807 verbis,
1231 3739 1326 3794 sed
1366 3738 1533 3793 etiam
1573 3737 1630 3792 in
1674 3733 2003 3807 cogitatione
2048 3747 2265 3804 quoque

650 3832 840 3890 'tacita
866 3831 1095 3888 minime
1122 3828 1312 3895 fuisse,
1342 3834 1629 3900 postquam
1655 3823 1804 3880 dixit
1834 3840 1849 3879 :
1883 3822 1943 3880 Si
1967 3821 2080 3877 vidi
2106 3822 2267 3876 solem

669 3937 789 3978 cum
814 3920 1062 3993 fulgeret,
1091 3924 1143 3974 et
1171 3919 1354 3974 lunam
1376 3913 1692 3969 incedentem
1707 3912 1876 3978 clare,
1903 3908 2057 3968 illico
2083 3906 2268 3964 subdi-

654 4009 758 4065 ~dit
794 4025 812 4066 :

1270 4121 1498 4180 CAPUT
1523 4119 1670 4177 VIII.

742 4233 918 4292 Vnus.
931 4232 1023 4289 27.
1053 4259 1125 4271 —
1147 4230 1223 4286 Et
1241 4229 1473 4282 laetatum
1493 4229 1566 4279 est
1584 4223 1641 4277 in
1654 4223 1952 4278 abscondito
1970 4240 2061 4278 cor
2076 4241 2266 4281 meum.

746 4339 833 4395 18.
863 4338 940 4394 De
972 4335 1083 4390 suis
1114 4331 1361 4389 laudibus
1398 4331 1479 4386 vel
1523 4329 1674 4384 tacite
1715 4328 1890 4384 laturi
1926 4328 2158 4383 vetitum.
2198 4357 2272 4371 —

674 4426 794 4497 Qua
828 4425 1086 4482 videlicet
1119 4419 1467 4477 attestatione
1504 4416 1639 4491 quid
1665 4416 1826 4473 nobis
1857 4416 2129 4484 innuitur,
2160 4416 2266 4472 nisi
2294 4439 2344 4499 D

674 4515 821 4589 quod
848 4529 1043 4585 magno
1070 4519 1222 4567 metu
1248 4517 1302 4564 et
1334 4506 1825 4577 circumspectione
1872 4521 2009 4577 opus
2055 4511 2157 4571 est,
2197 4519 2266 4559 ne

675 4619 830 4661 mens
854 4609 1038 4658 nostra
1064 4613 1305 4670 unquam
1337 4595 1405 4651 de
1434 4594 1548 4650 suis
1584 4592 1838 4648 laudibus
1868 4592 1956 4646 vel
1986 4592 2153 4647 tacita
2177 4591 2266 4646 lae-

674 4700 822 4750 tetur
841 4691 869 4748 ?
897 4688 1156 4760 Quisquis
1179 4685 1326 4740 enim
1357 4685 1378 4718 ³
1409 4682 1561 4755 quasi
1598 4682 1903 4736 claritatem
1934 4679 2079 4734 lunae
2102 4678 2264 4733 famae

675 4797 791 4838 sum
810 4775 1245 4850 magnitudinem
1266 4770 1554 4840 conspicit,
1570 4768 1783 4840 sibique
1803 4767 1860 4821 in
1881 4766 2097 4822 occulto
2116 4779 2264 4820 men-

677 4867 749 4925 tis
777 4864 1036 4938 gaudium
1066 4859 1220 4928 facit,
1242 4857 1333 4913 cui
1369 4856 1470 4910 iste
1523 4854 1630 4909 nisi
1681 4852 1891 4908 auctori
1921 4867 1978 4906 se
2002 4850 2265 4923 praetulit,

675 4954 834 5027 cujus
861 4952 1006 5010 dono
1052 4956 1116 5004 ut
1163 4947 1301 5002 bene
1335 4948 1649 5015 operaretur
1695 4940 1953 5011 percepit,
2007 4945 2061 4992 et
2085 4944 2267 4992 tamen

678 5026 889 5116 ineius
915 5051 1143 5097 munere
1170 5034 1239 5091 de
1267 5032 1443 5107 gratia
1469 5045 1580 5086 suae
1606 5028 1785 5086 laudis
1809 5026 2090 5084 bilarescit
2115 5026 2145 5084 ‘i
2166 5027 2269 5083 De-

755 5258 775 5293 ¹
804 5256 911 5313 Pro
937 5268 1191 5311 eruamur
1229 5252 1287 5308 in
1324 5247 1430 5306 Ed.
1471 5247 1671 5320 legitur
1696 5245 1989 5317 erigamur.
2008 5242 2273 5320 _Fortasse

686 5327 1030 5409 aptiqparips
1056 5340 1245 5409 parum
1277 5336 1496 5403 gnarus,
1514 5313 1638 5409 cum
1670 5313 1884 5409 pptaret
1910 5313 2076 5395 verbo
2095 5326 2276 5392 eruere

687 5383 986 5467 signiﬁcari
1011 5383 1237 5467 tantum,
1254 5383 1726 5467 empere,'mutav_it
1740 5402 1994 5467 eruantur
2021 5385 2079 5467 in
2107 5383 2275 5467 eiqu-

685 5451 828 5523 mi’tr.
862 5466 1106 5520 Primum
1135 5451 1347 5535 legitur.
1379 5451 1622 5535 in'ngAs.
1662 5455 2128 5535 Turon.,.l_.aud.r,_
2149 5451 2274 5508 Val.

689 5537 803 5603 CL,
833 5536 1097 5603 Vindoc.,
1119 5526 1334 5601 No'rm.,
1362 5531 1532 5588 duob.
1562 5532 1869 5602 Sangerm.,
1897 5526 1957 5582 id
1984 5533 2067 5581 est
2089 5526 2275 5580 Germ.

690 5616 747 5666 et
770 5579 1039 5734 εἲθὲἆᾶ
1058 5672 1591 5745 Sangerm.,Norm.,
1612 5668 1808 5736 Laud.,
1838 5667 1963 5727 Val.
1996 5664 2080 5723 Cl.
2110 5670 2164 5720 et
2178 5663 2279 5736 pl»

2356 496 2535 537 amare
2576 478 2946 545 convincitur,
2976 475 3134 548 cujus
3155 475 3441 548 prmeoniis
3468 475 3701 531 laetatur.
3736 475 3921 544 Quam-

2356 570 2443 625 vis
2466 583 2858 640 nonnunquam
2887 565 3051 622 etiam
3088 564 3261 621 sancti
3295 563 3404 620 viri
3427 562 3495 619 de
3523 562 3667 620 bona
3689 579 3786 620 sua
3804 565 3923 637 opi-

2356 658 2522 714 nione
2548 655 2834 728 gaudeant;
2865 652 2960 710 sed
2985 668 3111 711 cum
3140 667 3237 724 per
3265 651 3409 708 hanc
3434 650 3503 707 ad
3545 650 3772 707 meliora
3798 667 3925 723 pro-

2357 746 2519 803 ﬁcere
2545 744 2826 800 audientes
2855 749 3105 816 pensant,
3133 756 3246 796 non
3269 738 3385 811 jam
3412 739 3481 796 de
3527 738 3784 810 opinione
3815 755 3925 808 sua,

2358 834 2453 892 sed
2481 833 2549 890 de
2576 834 2955 906 proximorum
2981 829 3218 903 gaudent
3262 827 3502 883 utilitate
3528 827 3662 899 quia
3686 826 3835 883 aliud
3853 835 3929 884 est

2358 922 2572 979 favores
2617 937 2878 995 quaerere,
2908 927 2963 975 et
3010 917 3161 974 aliud
3189 916 3257 973 de
3278 914 3615 987 profectibus
3645 914 3924 972 exsultare.

2359 1011 2478 1079 Qua
2505 1012 2563 1067 in
2582 1027 2641 1066 re
2662 1025 2877 1067 necesse
2891 1016 2972 1063 est
2995 1014 3058 1062 ut
3080 1020 3206 1063 cum
3222 1002 3564 1060 audientium
3584 1002 3809 1059 utilitati
3827 1019 3928 1060 non

2361 1098 2597 1172 proficit,
2614 1105 2851 1153 mentem
2871 1101 3113 1150 nostram
3134 1091 3279 1147 fama
3298 1089 3595 1146 laudabilis
3615 1105 3722 1145 non
3744 1091 3928 1160 elevet,

2361 1188 2457 1245 sed
2480 1188 2687 1260 fatiget.
2716 1185 2854 1243 Cum
2882 1182 3029 1239 enim
3065 1181 3319 1239 humanm
3369 1179 3572 1251 linguae
3601 1180 3934 1235 attestatione

2361 1275 2669 1342 laudamur,
2707 1275 2729 1310 ⁴
2757 1272 2969 1329 occulta
3025 1269 3332 1342 pulsatione
3359 1266 3701 1339 requirimur
3724 1266 3853 1339 quid
3875 1266 3938 1322 de

2361 1365 2655 1436 nobisipsis
2708 1363 3023 1419 sentiamus.
3054 1358 3296 1431 Superba
3325 1357 3527 1412 etenim
3580 1371 3742 1412 mens
3784 1355 3938 1411 etiam

2360 1470 2489 1511 cum
2510 1453 2577 1509 de
2595 1468 2652 1508 se
2670 1452 2807 1506 falsa
2820 1450 2963 1506 bona
2980 1448 3242 1505 dicuntur
3255 1445 3513 1513 exsultat,
3525 1445 3664 1516 quia
3682 1460 3787 1501 non
3806 1442 3942 1515 apud

2361 1543 2535 1598 Deum
2563 1540 2798 1614 qualiter
2823 1539 2995 1605 vivat,
3026 1536 3120 1592 sed
3148 1534 3293 1607 apud
3320 1534 3571 1590 homines
3601 1533 3841 1606 qualiter
3870 1532 3942 1587 in-

2359 1637 2625 1698 notescat,
2683 1628 2973 1699 excogitat.
3003 1626 3279 1682 Iudicium
3307 1623 3455 1678 enim
3483 1621 3551 1679 de
3604 1636 3665 1677 se
3689 1622 3943 1692 omnipo-

2358 1719 2525 1775 tentis
2551 1719 2649 1775 Dei
2675 1718 3001 1788 despiciens,
3029 1723 3085 1771 et
3109 1711 3450 1771 solummodo
3474 1711 3761 1767 hominum
3788 1726 3942 1781 quaa-

2364 1823 2510 1875 rens,
2528 1807 2672 1862 inter
2689 1806 2903 1863 auditas
2923 1803 3109 1860 laudes
3119 1802 3422 1869 extollitur,
3436 1808 3491 1855 et
3509 1816 3630 1872 quae
3642 1797 3745 1855 hoc
3766 1799 3940 1855 solum

2364 1894 2672 1969 quaesierat,
2700 1893 2854 1966 quasi
2869 1893 2936 1948 de
2959 1892 3153 1947 bravio
3180 1891 3361 1962 operis
3378 1890 3612 1945 laetatur.
3644 1891 3717 1944 At
3733 1895 3937 1955 contra,

2365 1986 2413 2042 si
2439 2000 2534 2042 cor
2561 1983 2829 2039 veraciter
2879 1980 3090 2036 humile
3116 1987 3219 2046 est,
3249 1978 3394 2034 bona
3445 1994 3565 2050 quae
3594 1976 3662 2033 de
3690 1991 3746 2032 se
3774 1976 3940 2043 audit,

2363 2081 2460 2131 aut
2485 2072 2713 2128 minime
2736 2069 3099 2142 recognoscit,
3130 2074 3185 2122 et
3211 2067 3341 2138 quia
3370 2066 3507 2121 falsa
3534 2065 3798 2120 dicuntur
3828 2078 3944 2119 me-

2364 2161 2619 2226 tuit;—aut
2645 2166 2791 2216 certe
2847 2157 2894 2213 si
2923 2155 3108 2213 adesse
3131 2169 3195 2208 ea
3240 2152 3344 2208 sibi
3401 2154 3667 2208 veraciter
3721 2152 3848 2217 scit,
3883 2166 3943 2208 eo

2368 2248 2485 2320 ipso
2534 2247 2793 2303 formidat
2846 2260 2915 2301 ne
2942 2244 3010 2300 ab
3064 2250 3265 2298 aeterna
3290 2240 3389 2296 Dei
3424 2239 3786 2295 retributione
3839 2240 3945 2295 sint

2366 2336 2598 2409 perdita,
2644 2351 2753 2408 quo
2793 2334 2910 2389 haec
2939 2330 3247 2390 considerat
3286 2327 3606 2385 hominibus
3648 2327 3944 2399 divulgata,

2369 2431 2512 2488 707
2539 2432 2804 2497 pavetque
2829 2423 3181 2478 vehementer
3198 2435 3266 2474 ne
3284 2433 3405 2490 spes
3432 2416 3606 2473 futuri
3634 2418 3875 2473 muneris
3888 2416 3944 2471 in

2368 2520 2670 2579 mercedem
2697 2526 3036 2593 permutetur
3056 2514 3357 2573 transitorii
3386 2514 3611 2571 favoris.

2442 2629 2527 2685 19.
2557 2627 2737 2684 Sancti
2780 2627 2891 2682 suis
2923 2624 3166 2681 laudibus
3201 2621 3531 2677 cruciantur.
3559 2649 3633 2663 —
3652 2619 3771 2687 Qua
3800 2635 3868 2675 ex
3891 2635 3946 2676 re

2367 2717 2548 2788 agitur
2583 2723 2645 2770 ut
2672 2715 2968 2771 electorum
2994 2713 3213 2767 animus
3254 2725 3453 2781 magno
3484 2708 3711 2764 laudum
3735 2723 3947 2763 suarum

2367 2805 2490 2875 igne
2514 2802 2809 2869 crucietur,
2839 2808 2999 2871 atque
3026 2799 3095 2853 ab
3123 2798 3272 2852 omni
3305 2797 3544 2867 torporis
3573 2797 3660 2852 sui
3702 2796 3948 2867 rubigine

2367 2905 2595 2945 maerore
2611 2887 2956 2959 cogitationis
2970 2891 3327 2957 excoquatur.
3351 2881 3520 2938 Cauta
3537 2884 3690 2939 enim
3711 2882 3949 2942 conside-

2365 2981 2575 3036 ratione
2590 2976 2915 3049 trepidat,ne
2932 2981 3025 3029 aut
3041 2972 3204 3028 dehis
3218 2971 3273 3026 in
3289 2970 3486 3043 quibus
3503 2971 3761 3027 laudatur
3778 2980 3833 3028 et
3845 2988 3951 3028 non

2370 3074 2502 3122 sunt
2520 3065 2695 3137 majus
2723 3064 2819 3119 Dei
2846 3061 3114 3132 judicium
3145 3057 3409 3125 inveniat,
3436 3064 3531 3112 aut
3549 3056 3617 3112 de
3641 3056 3730 3112 bis
3754 3058 3812 3113 in
3839 3058 3952 3130 qui-

2370 3153 2470 3209 bus
2490 3152 2743 3208 laudatur
2756 3158 2810 3206 et
2827 3166 2927 3205 sun
2949 3155 3262 3219 competens
3277 3145 3562 3217 praemium
3582 3144 3791 3216 perdat.
3808 3146 3850 3201 U
3853 3144 3952 3201 nde

2370 3243 2689 3314 plerumque
2718 3237 2781 3294 ﬁt
2802 3245 2864 3293 ut
2891 3238 3034 3293 sicut
3062 3234 3298 3306 injustus
3325 3249 3394 3288 ex
3423 3232 3585 3288 laude
3614 3249 3713 3289 sua
3740 3232 3950 3305 pollui-

2370 3336 2483 3393 tur,
2514 3328 2590 3382 ita
2617 3326 2706 3380 vir
2755 3324 2937 3397 justus
2966 3323 3153 3379 audita
3180 3338 3277 3377 sua
3305 3320 3465 3377 laude
3496 3329 3776 3394 purgetur.
3820 3321 3950 3377 Nam

2372 3415 2502 3470 dum
2527 3414 2671 3469 bona
2697 3428 2818 3485 quae
2836 3412 2948 3483 egit
2967 3410 3035 3465 ab
3062 3408 3383 3465 hominibus
3408 3408 3641 3479 proferri
3663 3408 3940 3479 cognoscit

2371 3505 2569 3561 subtile
2596 3513 2790 3562 contra
2816 3520 2894 3571 se,
2924 3511 2988 3558 ut
3000 3502 3210 3558 dictum
3230 3508 3332 3569 est,
3350 3500 3579 3555 extremi
3602 3498 3798 3570 judicii
3831 3512 3953 3553 exa-

2374 3610 2495 3649 men
2527 3594 2743 3661 metuit,
2765 3609 2830 3649 ac
2855 3591 3102 3663 trepidus
3131 3591 3200 3645 ad
3219 3588 3608 3646 conscientiam
3628 3587 3880 3652 recurrit,
3903 3592 3954 3640 et

2373 3681 2643 3756 quidquid
2661 3682 2778 3738 illic
2790 3681 2934 3737 inest
2947 3679 3375 3752 reprehensibile
3384 3677 3631 3748 corrigit.
3648 3677 3791 3733 Dum
3809 3674 3952 3729 enim

2372 3773 2518 3830 bona
2541 3789 2639 3829 sua
2668 3773 2973 3827 innotuisse
3001 3769 3279 3836 formidat,
3328 3766 3689 3822 subtilitatem
3718 3761 3953 3821 secuturi

2374 3863 2644 3919 examinis
2664 3861 3070 3935 pertimescens,
3118 3857 3162 3911 si
3201 3871 3308 3927 qua
3363 3856 3420 3909 in
3445 3870 3502 3909 se
3552 3854 3694 3908 mala
3746 3852 3957 3910 occulta

2375 3960 2505 4007 sunt
2532 3957 2796 4023 amputat.
2829 3949 2998 4004 Pavet
3016 3960 3248 4016 namque
3278 3943 3323 3999 si
3344 3944 3532 3998 saltem
3561 3941 3686 3996 talis
3716 3942 3830 3997 Deo
3850 3954 3955 3997 non

2376 4040 2682 4098 ostenditur
2736 4037 2911 4111 qualis
2940 4034 3010 4091 ab
3052 4030 3368 4089 hominibus
3430 4037 3672 4101 putatur,
3700 4037 3759 4086 et
3786 4043 3958 4101 neque

2377 4137 2666 4185 contentus
2703 4134 2784 4182 est
2833 4132 2895 4180 ut
2923 4124 2981 4178 in
3010 4138 3117 4195 quo
3146 4119 3325 4193 potuit
3351 4118 3713 4186 innotescere,
3770 4118 3828 4173 in
3856 4119 3957 4175 hoc

2377 4216 2571 4273 debeat
2596 4228 2892 4271 remanere.
2915 4212 3033 4266 Jam
3063 4209 3206 4265 enim
3224 4206 3291 4263 de
3312 4206 3470 4262 bonis
3490 4206 3602 4261 suis
3622 4206 3780 4276 quasi
3805 4204 3954 4261 retri-

2377 4305 2659 4362 butionem
2688 4303 2791 4359 sibi
2814 4301 3016 4357 factam
3044 4298 3296 4364 aestimat,
3317 4295 3423 4351 nisi
3442 4294 3523 4351 eis
3548 4302 3605 4350 et
3626 4294 3735 4350 alia
3753 4312 3874 4367 quae
3890 4293 3953 4349 ab

2378 4392 2696 4449 hominibus
2724 4389 3044 4445 nesciuntur
3067 4384 3348 4457 adjungat.
3367 4381 3521 4440 Unde
3548 4382 3685 4438 bene
3701 4396 3798 4454 per
3815 4382 3953 4438 Salo-

2374 4498 2591 4539 monem
2629 4480 2868 4537 dicitur:
2908 4476 3052 4532 Sicut
3066 4474 3329 4547 probatur
3354 4472 3413 4528 in
3431 4472 3741 4543 conﬂatorio
3763 4485 3955 4541 argen—

2377 4576 2505 4634 tum,
2536 4575 2583 4623 et
2606 4569 2664 4621 in
2693 4566 2908 4637 fornace
2935 4580 3152 4631 aurum,
3184 4563 3257 4618 ita
3277 4560 3540 4632 probatur
3565 4561 3714 4613 homo
3741 4575 3832 4612 ore
3849 4559 3953 4612 lau-

2374 4659 2551 4716 dantis
2569 4661 2754 4731 (Prov.
2772 4674 2954 4725 xxvn,
2971 4658 3064 4729 21)
3076 4700 3088 4712 .
3108 4659 3406 4724 Argentum
3424 4650 3623 4722 quippe
3637 4648 3725 4702 vel
3742 4661 3952 4713 aurum,

2375 4750 2422 4806 si
2438 4749 2727 4820 reprobum
2744 4745 2975 4814 est,igne
2989 4738 3403 4805 consumitur;si
3422 4735 3652 4807 probum
3667 4752 3821 4805 vero,
3839 4736 3954 4806 igne

2376 4839 2700 4895 declaratur.
2724 4834 2814 4889 Sic
2833 4832 3095 4888 nimirum
3117 4836 3199 4884 est
3224 4835 3280 4882 et
3293 4841 3481 4883 sensus
3501 4826 3799 4897 operantis.
3823 4824 3952 4881 Nam

2378 4924 2554 5000 qualis
2585 4923 2676 4991 sit,
2717 4922 2773 4977 in
2803 4936 2867 4975 eo
2894 4917 3040 4991 quod
3081 4914 3336 4971 laudatur
3365 4912 3698 4970 ostenditur.
3731 4912 3785 4969 Si
3814 4910 3953 4967 enim

2377 5030 2438 5073 se
2453 5010 2657 5071 auditis
2670 5010 2784 5067 suis
2801 5006 3054 5064 laudibus
3069 5002 3310 5072 extollit,
3341 5000 3477 5076 quid
3503 5000 3605 5057 iste
3634 5000 3783 5058 aliud
3800 5011 3954 5072 quam

2381 5235 2451 5293 ad
2480 5251 2616 5306 quos
2643 5230 2871 5306 accedit.
2901 5226 3007 5283 Ed.
3030 5223 3200 5306 Paris.
3225 5220 3383 5306 1495,
3412 5216 3955 5306 in_qnalegi:t}1_r3_l’f

2386 5294 2597 5361 tacitam
2633 5301 2875 5359 elationis
2904 5302 3266 5368 tempestatem.
3298 5294 3597 5368 lnAczeteris
3624 5294 3828 5343 omisso
3840 5294 3953 5353 per.

2384 5360 2606 5448 legitur,
2637 5374 2913 5448 taciuzm...
2952 5360 3503 5448 Enipestatem‘gigni‘t.

2459 5430 2479 5481 ἶί
2518 5430 2690 5499 Laud.
2721 5448 2775 5497 et
2793 5440 2915 5495 Val.
2947 5430 3069 5504 CL;
3086 5436 3240 5507 quasi
3266 5430 3505 5507 claritate
3519 5430 3692 5507 luna.

2460 5520 2483 5552 δ
2514 5516 2744 5580 'l‘uron.,
2765 5512 2965 5566 occulta
2994 5500 3393 5580 dispensatione.
3424 5501 3486 5556 In
3511 5500 3723 5556 Gemet.
3753 5509 3855 5569 pro
3876 5503 3955 5547 n-

2387 5585 2660 5662 quirimur
2694 5579 2815 5655 lego
2848 5579 3191 5653 requirimus.
