4162 6184
1005 294 1375 355 MORALIUM
1410 297 1544 354 LIB.
1586 296 1765 353 XXII.
1804 325 1876 340 —
1915 297 1988 354 IN
2024 296 2251 355 CAPUT
2290 296 2476 353 XXXI
2512 296 2577 353 Β.
2615 297 2759 353 JOB.

228 449 417 492 surum
445 431 536 488 vel
562 433 837 500 argentum
865 424 1158 497 reprobum
1188 424 1320 493 fuit,
1348 440 1510 497 quem
1536 423 1796 481 videlicet
1820 427 1875 487 Α
1905 439 2040 480 num
2070 438 2222 479 suam
2252 437 2345 478 ore
2375 437 2476 477 suo
2506 422 2811 479 osculatum
2839 418 3011 476 fuisse
3037 438 3096 478 se
3123 422 3373 495 denegat.
3414 424 3498 482 Ac

227 524 422 580 fornax
450 521 638 591 linguaa
686 513 1070 585 consumpsit?
1100 512 1158 569 Si
1185 521 1366 568 autem
1403 513 1619 568 favores
1667 528 1794 569 suos

226 612 461 679 audiens,
490 608 557 664 ad
584 604 799 677 superni
816 601 1014 673 Judicii
1035 600 1520 657 considerationem
1550 599 1711 668 redit,
1731 616 1796 655 ac

229 719 293 761 ne
318 701 383 757 de
406 698 492 753 his
516 694 659 767 apud
684 696 700 728 ¹
720 692 999 748 occultum
1016 690 1282 746 arbitrum
1301 696 1555 761 gravetur
1576 688 1790 755 metuit,

226 790 366 866 quasi
392 782 800 858 expurgationis
829 781 953 853 igne
980 778 1049 835 ad
1076 777 1507 849 magnitudinem
1528 776 1793 834 claritatis

226 865 493 942 excrescit,
523 880 577 930 et
607 871 754 928 unde
784 867 1099 926 incendium
1128 865 1509 939 trepidationis
1536 866 1792 933 sustinet,

228 969 341 1027 inde
362 964 560 1024 clarius
588 962 785 1033 fulget.
844 959 1042 1013 Beatus
1071 958 1239 1028 igitur
1266 955 1388 1025 Job,
1420 955 1548 1028 quia
1576 970 1792 1027 nequa-

226 1072 367 1131 quam
394 1054 459 1110 de
503 1049 826 1123 operatione
852 1062 909 1102 se
962 1045 1224 1117 praetulit,
1254 1044 1484 1100 ﬁdenter
1510 1042 1674 1099 dicit:
1736 1040 1795 1097 Si

225 1129 321 1202 uidi
343 1145 495 1200 solem
522 1158 648 1197 cum
675 1139 916 1211 fulgeret.
964 1135 1104 1202 Quia
1144 1151 1274 1190 vero
1298 1134 1447 1191 hunc
1475 1133 1497 1168 ³
1543 1150 1575 1188 a
1594 1129 1795 1203 judicii

224 1231 476 1288 interioris
504 1229 719 1285 intuitu
739 1226 885 1282 fama
905 1223 1194 1280 laudabilis
1209 1240 1318 1278 non
1337 1221 1583 1289 divertit,
1603 1218 1795 1291 adjun-

224 1322 317 1393 git:
345 1321 417 1376 Et
446 1320 635 1373 lunam
661 1314 974 1370 incedentem
1005 1313 1163 1367 clare.
1196 1310 1334 1377 Quia
1362 1317 1543 1366 autem
1570 1309 1796 1381 opinio-

224 1412 297 1466 nis
314 1426 416 1465 suae
437 1408 618 1480 gratia
632 1405 879 1461 animum
900 1400 1139 1468 devinci,
1158 1416 1258 1456 nec
1283 1399 1450 1457 tacita
1467 1398 1797 1470 cogitatione

223 1498 472 1572 permisit,
528 1495 788 1568 protinus
815 1490 1091 1548 subdidit:
1139 1492 1213 1546 Et
1265 1488 1313 1543 si
1366 1490 1598 1544 laetatum
1640 1492 1715 1540 est
1741 1485 1799 1539 in

222 1587 501 1643 abscondito
528 1602 628 1641 cor
661 1600 852 1639 meum.
912 1580 1051 1655 [νει.
1086 1576 1184 1651 Χ.]
1214 1580 1287 1635 Et
1315 1579 1446 1652 quia
1473 1578 1798 1649 plerumque

219 1674 610 1734 inconsiderata
637 1686 812 1738 mens,
841 1669 972 1725 dum
996 1667 1313 1723 transitoria
1352 1666 1531 1721 favori
1563 1681 1672 1720 non
1703 1680 1799 1718 re-

1906 514 1953 571 si
1985 519 2229 585 patenter
2256 511 2432 567 dicat:
2467 510 2584 581 Ego
2613 526 2733 565 mea
2765 524 2928 579 opera
2954 516 3215 580 tanquam
3235 528 3356 566 mea
3383 528 3495 568 non

1901 603 2143 675 profero,
2176 600 2307 672 quia
2335 599 2576 655 auctoris
2606 598 2687 653 sui
2713 596 2943 668 gratiam
2978 612 3175 667 negare
3202 598 3497 654 convinci-

1900 697 2012 758 tur,
2042 688 2292 762 quisquis
2306 687 2413 743 sibi
2442 686 2639 743 tribuit
2654 685 2803 759 quod
2828 691 3105 758 operatur.
3129 684 3284 740 Unde
3302 692 3358 739 et
3375 701 3496 756 pro-

1898 780 2049 835 tinus
2077 777 2266 833 subdit
2295 794 2309 835 :

2528 862 2756 923 CAPUT
2800 864 2875 920 X.

1971 972 2142 1027 Vnus.
2173 971 2264 1028 28.
2288 1000 2363 1012 —
2394 971 2523 1037 Quae
2542 975 2615 1024 est
2637 968 3163 1039 iniquiusnmmim,
3199 974 3250 1023 et
3285 967 3493 1040 negatio

1900 1066 2083 1116 contra
2103 1060 2273 1115 Deum
2309 1057 2675 1114 altisssimum.

1972 1147 2030 1203 2i
2045 1189 2061 1203 .
2082 1148 2251 1201 Deum
2277 1152 2430 1216 negat
2452 1145 2545 1215 qui
2566 1145 2628 1201 de
2648 1144 2849 1200 viribus
2867 1145 2978 1199 suis
2999 1145 3294 1216 prwsumit.
3312 1175 3383 1187 —
3410 1144 3501 1200 Li-

1901 1243 2032 1307 quet
2057 1234 2260 1290 etenim
2289 1233 2419 1305 quia
2448 1233 2607 1289 illum
2637 1241 2818 1304 negat,
2849 1231 3009 1303 cujus
3036 1232 3287 1304 despecta
3302 1231 3498 1304 gratia,

1903 1325 2009 1382 sibi
2038 1326 2181 1381 vires
2209 1324 2341 1380 boni
2370 1323 2550 1394 operis
2578 1332 2811 1396 arrogat.
2852 1322 3011 1389 Quod
3041 1331 3186 1380 recte
3205 1337 3418 1394 quoque
3444 1326 3502 1377 et

1903 1416 2166 1489 iniquitas
2194 1414 2436 1472 maxima
2453 1421 2703 1479 vocatur,
2735 1413 2995 1485 quoniam
3026 1429 3189 1469 omne
3215 1420 3497 1484 peccatum

1904 1504 2050 1579 quod
2081 1521 2153 1560 ex
2180 1504 2501 1560 inﬁrmitate
2515 1510 2598 1559 est
2624 1518 2774 1575 spem
2790 1518 3131 1575 nequaquam
3152 1501 3350 1572 perdit,
3371 1499 3502 1572 quia

1903 1609 1937 1650 a
1959 1610 2194 1665 superno
2216 1592 2408 1665 judice
2427 1591 2645 1647 veniam
2674 1590 2927 1662 requirit.
2944 1589 3303 1660 Praesumptio
3315 1595 3498 1643 autem

1903 1680 2130 1737 virtutis
2162 1680 2395 1751 propriae
2426 1686 2583 1734 tanto
2608 1677 2829 1749 gravius
2855 1677 2914 1732 in
2969 1675 3345 1749 desperatione
3393 1682 3496 1743 est,

219 1764 419 1832 nititur,
449 1763 521 1820 ad
571 1762 682 1818 hoc
724 1775 896 1832 usque
946 1755 1300 1830 pertrahitur,
1334 1762 1399 1811 ut
1442 1752 1626 1809 laudet
1681 1752 1797 1822 ipsa

1909 1775 2101 1843 quanto
2130 1766 2346 1837 longius
2372 1765 2442 1821 ab
2460 1765 2793 1821 humilitate.
2825 1763 3073 1837 Cumque
3100 1764 3248 1820 vires
3269 1761 3373 1818 sibi
3400 1761 3500 1825 tri.

220 1851 352 1926 quod
376 1852 534 1918 facit,
566 1846 871 1906 conditioni
900 1862 1021 1920 quae
1051 1842 1329 1918 praemissa
1356 1848 1441 1899 est
1464 1839 1619 1915 quasi
1646 1853 1792 1898 con-

1909 1839 2023 1915 buit
2073 1857 2278 1929 operis,
2301 1854 2371 1911 ad
2411 1853 2747 1926 adjutorium
2789 1869 2901 1910 non
2943 1853 3179 1909 recurrit
3221 1850 3497 1919 auctoris;

216 1959 338 2016 grue
363 1941 745 2000 subinfertur:

824 2026 1054 2086 CAPUT
1081 2024 1179 2082 IX.

275 2120 411 2179 Iam.
446 2149 521 2165 —
548 2119 629 2176 Et
653 2117 915 2174 osculatus
943 2133 1059 2172 sum
1093 2129 1306 2170 manum
1333 2128 1502 2169 meam
1527 2126 1620 2167 ore
1654 2125 1790 2166 meo.

276 2209 360 2266 20.
398 2209 537 2276 Deo,
560 2224 669 2263 non
686 2207 809 2273 sibi,
842 2222 942 2261 sua
969 2205 1105 2259 bona
1132 2220 1291 2274 opera
1317 2202 1575 2257 tribuunt.
1602 2197 1794 2256 Gratia

213 2297 550 2371 preueniens.
577 2326 648 2339 —
675 2296 778 2351 Per
821 2309 1047 2350 manum
1077 2290 1277 2364 quippe
1318 2290 1582 2362 operatio,
1612 2303 1706 2360 per
1732 2301 1795 2341 os

218 2395 384 2444 autem
414 2386 630 2444 locutio
658 2385 1003 2457 designatur;
1026 2382 1168 2439 sicut
1182 2398 1277 2454 per
1296 2382 1640 2439 Salomonem
1659 2376 1795 2435 dici-

217 2483 325 2533 tur:
353 2475 653 2533 Abscondit
669 2474 818 2544 piger
833 2487 1052 2527 manum
1072 2487 1224 2525 suam
1250 2471 1273 2505 ³
1303 2468 1395 2522 sub
1411 2468 1586 2522 axilla
1612 2483 1730 2529 sua,
1750 2470 1801 2520 et

219 2565 410 2620 laborat
438 2564 492 2619 si
514 2563 591 2617 ad
610 2579 667 2616 os
693 2577 850 2615 suum
880 2558 1128 2629 porrigat
1154 2572 1267 2611 eam
1306 2556 1501 2624 (Prov.
1532 2569 1652 2619 xxx,
1680 2552 1798 2623 24).

215 2654 363 2727 Pigro
389 2654 563 2709 labor
591 2658 673 2706 est
726 2664 951 2705 manum
984 2663 1136 2703 suam
1163 2646 1233 2702 ad
1262 2662 1322 2701 os
1354 2644 1645 2716 porrigere,
1676 2644 1804 2715 quia

218 2741 521 2799 desidiosus
551 2739 783 2811 quisque
810 2735 1135 2808 praedicator
1181 2749 1283 2788 nec
1309 2732 1415 2787 hoc
1442 2730 1563 2786 vult
1590 2731 1799 2800 operari

218 2833 347 2908 quod
373 2830 539 2887 dicit.
571 2829 793 2884 Manum
843 2825 1044 2897 quippe
1070 2822 1139 2879 ad
1168 2839 1229 2878 os
1257 2822 1530 2894 porrigere
1566 2829 1648 2877 est
1675 2820 1797 2876 voci

219 2939 317 2979 suae
340 2935 506 2993 opere
533 2915 885 2973 concordare.
931 2913 1155 2969 Manum
1189 2927 1316 2982 ergo
1343 2927 1497 2967 suam
1523 2911 1821 2967 osculatur.

223 3025 307 3065 ore
331 3024 449 3076 suo,
470 3006 569 3078 qui
597 3002 790 3062 laudat
807 3000 955 3074 quod
982 3000 1137 3067 facit,
1156 3007 1212 3054 et
1236 3000 1553 3055 testimonio
1568 2998 1799 3071 pr0priaa

222 3095 502 3153 locutionis
518 3093 627 3150 sibi
656 3092 922 3146 virtutem
948 3087 1145 3144 tribuit
1159 3087 1356 3158 operis.
1380 3088 1497 3153 Qua
1516 3087 1573 3141 in
1602 3103 1660 3141 re
1680 3086 1802 3158 quis
1829 3120 1875 3181 C

228 3183 533 3255 despicitur,
565 3179 673 3236 nisi
712 3180 761 3234 is
792 3178 889 3249 qui
915 3177 1032 3248 ipsa
1077 3175 1337 3247 operandi
1366 3190 1593 3230 munera
1627 3174 1803 3244 largi-

230 3279 312 3327 tur
328 3272 356 3328 ?
384 3270 540 3328 Unde
562 3271 704 3325 bene
730 3283 828 3339 per
840 3265 1115 3336 egregium
1132 3263 1539 3335 praedicatorem
1560 3261 1797 3319 dicitur:

234 3360 364 3426 Quid
380 3366 553 3416 autem
578 3358 752 3421 habes,
782 3354 924 3426 quod
943 3370 1050 3407 non
1075 3352 1361 3424 accepisti?
1390 3352 1449 3409 Si
1462 3357 1636 3407 autem
1656 3353 1800 3412 708

227 3456 473 3528 accepisti,
502 3454 636 3525 quid
658 3451 936 3523 gloriaris,
975 3449 1130 3520 quasi
1154 3466 1261 3503 non
1304 3448 1562 3519 acceperis
1579 3447 1644 3518 (Ι
1671 3447 1799 3503 Cor.

228 3560 299 3611 rv,
328 3544 380 3616 7)
398 3545 428 3600 ‘l
454 3542 641 3599 Sancti
669 3548 849 3595 autem
880 3538 987 3593 viri
1017 3538 1199 3593 sciunt
1224 3543 1346 3608 post
1368 3535 1533 3608 primi
1564 3533 1803 3606 parentis

229 3630 430 3702 lapsum
459 3630 530 3685 de
562 3626 903 3698 corruptibili
932 3625 1100 3696 stirpe
1129 3641 1187 3680 se
1215 3623 1412 3691 editos,
1446 3630 1502 3679 et
1537 3638 1648 3678 non
1676 3623 1803 3677 vir-

228 3726 338 3774 tute
368 3717 610 3789 propria,
644 3716 734 3772 sed
761 3715 1125 3786 praeveniente
1153 3728 1385 3782 superna
1400 3711 1573 3782 gratia
1594 3709 1663 3765 ad
1692 3723 1803 3764 me-

229 3806 359 3863 liora
385 3822 442 3862 se
468 3812 599 3860 vota
616 3804 701 3859 vel
727 3819 887 3875 opera
904 3808 1266 3860 commutatos
1289 3818 1303 3868 ;
1331 3807 1385 3854 et
1409 3797 1678 3871 quidquid
1696 3797 1803 3853 sibi

234 3895 351 3950 mali
376 3895 592 3950 innesse
611 3898 964 3965 cognoscunt,
1011 3891 1079 3946 de
1099 3887 1319 3945 mortali
1348 3886 1643 3958 propagine
1670 3901 1804 3941 sen-

234 3982 364 4038 tiunt
389 3983 649 4038 meritum
673 3999 687 4045 ;
721 3979 989 4053 quidquid
1011 3995 1142 4034 vero
1161 3978 1219 4032 in
1240 3992 1294 4032 se
1321 3975 1452 4030 boni
1481 3973 1802 4045 inspiciunt,

237 4071 546 4128 immortalis
585 4070 770 4142 gratiae
799 4074 1154 4139 cognoscunt,
1187 4065 1413 4133 donum,
1442 4063 1600 4135 eique
1626 4062 1693 4118 de
1718 4079 1804 4119 ac-

239 4168 378 4229 cepto
405 4175 630 4216 munere
684 4157 957 4213 debitores
988 4155 1149 4222 ﬁunt,
1194 4154 1288 4225 qui
1317 4161 1373 4207 et
1422 4150 1805 4223 praeveniendo

240 4244 372 4302 dedit
384 4249 456 4304 eis
474 4249 684 4303 bonum
704 4245 846 4301 velle
865 4243 1005 4316 quod
1025 4244 1339 4307 noluerunt,
1359 4248 1414 4295 et
1427 4238 1806 4311 subsequendo

243 4340 487 4393 concessit
514 4338 720 4393 bonum
741 4350 898 4407 posse
927 4333 1072 4406 quod
1117 4333 1332 4388 volunt.
1366 4329 1518 4384 Unde
1546 4329 1683 4384 bene
1710 4343 1808 4400 per

243 4420 481 4479 Joannem
532 4423 734 4479 dicitur
774 4440 787 4478 :
842 4421 1218 4477 Adoraverunt
1266 4418 1514 4472 viventem
1537 4415 1596 4469 in
1614 4415 1806 4469 scecula

244 4513 555 4578 surculorum,
588 4512 840 4565 mittentes
869 4526 1090 4564 coronas
1115 4524 1240 4563 suas
1267 4511 1388 4561 ante
1414 4505 1659 4559 thronum
1686 4502 1807 4557 Do-

245 4596 390 4665 mini(
396 4600 561 4669 Apoc.
591 4614 670 4666 1v,
695 4598 807 4668 10).
839 4596 1079 4654 Coronas
1106 4608 1339 4665 namque
1359 4607 1483 4647 suas
1511 4595 1636 4644 ante
1657 4586 1803 4641 thro-

245 4700 360 4740 num
384 4686 605 4742 Domini
634 4686 847 4742 mittere
885 4692 968 4741 est
993 4681 1353 4740 certaminum
1380 4694 1605 4735 suorum
1629 4676 1800 4731 victo-

245 4771 340 4828 rias
366 4790 469 4830 non
494 4775 601 4831 sibi
630 4775 893 4844 tribuere,
924 4773 1019 4830 sed
1043 4770 1275 4837 auctori,
1297 4774 1360 4823 ut
1386 4767 1455 4823 ad
1481 4766 1637 4821 illum
1667 4763 1801 4818 refe-

246 4870 352 4916 rant
376 4863 599 4932 gloriam
628 4862 830 4930 laudis,
855 4879 886 4916 a
915 4878 1022 4933 quo
1068 4875 1126 4916 se
1153 4857 1335 4915 sciunt
1363 4855 1508 4910 vires
1534 4851 1803 4923 accepisse

246 4952 759 5008 certaminis.Beatus
806 4967 933 5022 ergo
980 4949 1102 5016 Job,
1186 4946 1315 5019 quia
1360 4944 1438 5000 sic
1490 4942 1634 4998 bona
1683 4955 1804 5012 quae

247 5046 475 5106 operatus
501 5047 584 5095 est
642 5046 847 5105 narrat,
876 5045 940 5094 ut
967 5044 1149 5092 tamen
1198 5034 1316 5089 haec
1341 5049 1453 5089 suae
1501 5025 1806 5102 operationi

246 5137 341 5181 non
365 5128 590 5197 tribuat,
630 5127 727 5185 sed
753 5126 822 5183 ad
849 5124 1087 5183 auctoris
1114 5121 1334 5179 laudem
1363 5125 1630 5185 recurrat,
1681 5130 1808 5171 ma-

283 5361 325 5442 h‘
352 5362 544 5432 Laud,
574 5362 686 5442 duo
715 5361 994 5435 Sangerm.
1028 5355 1235 5442 et_Val.
1269 5353 1378 5423 Cl.,
1406 5349 1685 5442 .occultum
1722 5361 1814 5401 ar-

249 5428 449 5508 δίιῖιζιζη
481 5425 632 5508 quod
654 5425 913 5508 jamqn‘on
940 5432 1103 5508 semel
1135 5425 1567 5508 observavimus.
1613 5490 1625 5500 θ

307 5503 327 5536 ³
356 5496 470 5562 Val.
497 5496 611 5574 CL,
634 5496 890 5574 djudieis
930 5499 1218 5574 interioris.
1245 5496 1506 5574 Vipdoc,
1529 5496 1660 5574 quia
1696 5502 1817 5541 vero

247 5570 366 5629 hunc
386 5562 611 5632 auditus,
629 5562 901 5632 interioris
933 5571 1128 5626 intuitu
1154 5569 1301 5639 fama
1325 5562 1627 5639 laudabilis.

308 5646 327 5678 ³
356 5629 932 5715 Ιιὰᾖᾶ-ξξΝσήῆξᾱιιο
960 5629 1235 5715 Sangerm.
1268 5644 1321 5715 et
1338 5637 1488 5715 plur.
1520 5633 1613 5687 sub
1630 5629 1824 5686 ascella

249 5726 352 5773 ne
380 5706 555 5787 om
581 5706 873 5777 lectionem
903 5706 1170 5772 exhibent
1197 5714 1306 5765 vet.
1334 5706 1483 5762 seu.

1898 1945 2071 2018 ﬁtque
2110 1952 2173 2001 ut
2199 1960 2265 2001 eo
2296 1943 2516 2015 gravius
2544 1949 2795 2015 peccator
2848 1948 3052 2014 pereat,
3083 1956 3195 2013 quo
3221 1947 3279 1995 et
3316 1939 3498 2010 ipsum

1900 2033 2030 2104 hoc,
2060 2035 2191 2108 quia
2216 2041 2300 2090 est
2322 2039 2594 2106 peccator,
2633 2032 2868 2104 ignorat.
2898 2029 3193 2103 Sequitur:

2364 2173 2590 2233 CAPUT
2618 2173 2699 2231 XI
2728 2172 2872 2247 [Rec.
2906 2170 3057 2245 VI]._

1973 2282 2145 2341 Vnus.
2177 2283 2267 2342 29.
2293 2313 2365 2327 —
2395 2283 2454 2341 Si
2477 2283 2687 2354 gavisus
2722 2297 2839 2336 sum
2877 2280 2950 2335 ad
2973 2278 3190 2333 ruinam
3235 2276 3350 2347 ejus
3403 2287 3500 2348 qui

1900 2390 1984 2430 me
2008 2374 2213 2439 oderat,
2242 2379 2293 2429 et
2316 2372 2579 2428 exsultavi
2604 2371 2745 2443 quod
2765 2369 3042 2424 invenisset
3063 2368 3412 2421 summatum.

1975 2461 2063 2518 22.
2083 2461 2176 2515 Dei
2194 2461 2481 2531 discipulos
2519 2476 2615 2514 nos
2633 2458 2768 2527 facit
2782 2458 2898 2512 sola
2914 2455 3164 2510 charitas.
3198 2450 3491 2509 Charitatis

1906 2555 2216 2620 argumenta
2243 2554 2291 2603 et
2331 2547 2501 2619 signa.
2528 2576 2599 2588 —
2660 2542 3066 2615 Omnipotentis
3110 2542 3208 2598 Dei
3255 2558 3355 2597 nos
3383 2555 3499 2596 esse

1908 2636 2225 2709 discipulos,
2258 2636 2374 2692 sola
2403 2633 2653 2693 custodia
2674 2631 2962 2690 charitatis
2992 2630 3205 2703 probat.
3254 2629 3394 2684 Hinc
3418 2634 3501 2684 est

1907 2726 2054 2782 enim
2081 2724 2227 2798 quod
2255 2742 2350 2797 per
2377 2724 2725 2796 semetipsum
2753 2720 2968 2778 Veritas
2996 2717 3169 2775 dicit:
3209 2720 3275 2774 In
3300 2719 3392 2773 hoc
3418 2733 3500 2771 co-

1906 2822 2149 2888 gnoscent
2172 2833 2367 2881 omnes,
2395 2815 2524 2887 quia
2548 2813 2650 2868 mei
2677 2810 2924 2882 discipuli
2946 2810 3091 2875 estis,
3116 2809 3163 2863 si
3180 2808 3502 2864 dilectionem

1908 2903 2198 2959 habueritis
2222 2904 2294 2958 ad
2320 2904 2533 2957 invicem
2559 2901 2747 2971 (Joan.
2775 2914 2901 2962 xm,
2930 2897 3045 2967 35).
3078 2895 3209 2961 Quae
3236 2894 3502 2948 nimirum

1908 2989 2132 3046 dilectio
2154 2991 2200 3045 si
2229 3006 2325 3046 cor
2349 2995 2600 3044 nostrum
2629 2984 2897 3040 veraciter
2924 2982 3118 3053 replet,
3140 2980 3355 3035 duobus
3386 2996 3498 3034 mo-

1908 3077 1993 3132 dis
2021 3076 2236 3132 ostendi
2283 3076 2442 3142 solet,
2458 3073 2669 3130 scilicet
2700 3072 2816 3126 siet
2834 3069 3039 3124 amicos
3062 3067 3121 3121 in
3148 3068 3284 3132 Deo,
3317 3073 3371 3119 et
3393 3064 3495 3119 ini-

1908 3167 2081 3222 micos
2128 3164 2412 3237 diligimus
2459 3168 2680 3234 propter
2706 3162 2902 3217 Deum.
2948 3156 3055 3213 Sed
3089 3155 3374 3211 sciendum
3422 3160 3505 3208 est

1909 3255 2037 3328 quia
2064 3254 2276 3311 inimici
2298 3251 2523 3309 dilectio
2560 3257 2695 3306 tunc
2723 3246 2993 3307 veraciter
3020 3243 3352 3311 custoditur,
3374 3258 3502 3298 cum

1910 3358 2010 3399 nec
2033 3341 2100 3398 de
2127 3342 2374 3414 profectu
2401 3338 2733 3406 addicimur,
2764 3352 2867 3391 nec
2894 3334 2962 3390 de
2990 3332 3152 3388 ruina
3173 3332 3324 3387 illius
3356 3332 3503 3386 laeta-

1909 3449 2053 3489 mur.
2082 3434 2220 3489 Nam
2245 3448 2386 3505 saepe
2414 3432 2473 3487 in
2495 3427 2808 3487 dilectionis
2825 3425 3062 3497 imagine
3073 3439 3199 3495 erga
3214 3421 3502 3477 inimicum

1908 3520 2126 3576 animus
2144 3520 2377 3588 fallitur,
2398 3534 2533 3591 sequ
2556 3534 2587 3573 e
2608 3517 2759 3573 hunc
2786 3514 3014 3585 diligere
3031 3512 3286 3577 aestimat,
3316 3510 3361 3565 si
3388 3506 3506 3578 ejus

1910 3610 2041 3665 vita:
2062 3609 2370 3665 contrarius
2396 3622 2509 3663 non
2539 3605 2759 3660 existat.
2790 3602 2896 3658 Sed
2924 3598 3238 3657 dilectionis
3267 3597 3382 3652 vim
3413 3612 3501 3653 oc-

1910 3699 2056 3756 culte
2082 3705 2138 3753 et
2163 3697 2431 3753 veraciter
2451 3699 2547 3749 aut
2571 3693 2594 3727 ⁴
2623 3691 2898 3762 profectus
2942 3687 3181 3754 inimici,
3210 3693 3307 3741 aut
3341 3701 3501 3741 casus

1912 3787 2226 3857 interrogat.
2259 3785 2372 3839 Hac
2399 3780 2604 3837 etenim
2633 3778 2701 3833 de
2730 3794 2787 3832 re
2815 3777 2884 3832 ad
2913 3778 3135 3847 plenum
3158 3774 3506 3842 semetipsam

1912 3890 2066 3930 mens
2092 3871 2336 3927 hominis
2368 3868 2564 3933 nescit,
2605 3865 2716 3920 nisi
2744 3880 2871 3918 eum
2902 3877 3063 3933 quem
3095 3859 3200 3914 sibi
3242 3858 3508 3913 adversa-

1910 3962 2058 4017 rium
2087 3957 2262 4015 credit
2289 3957 2347 4011 in
2374 3953 2593 4011 defectu
2619 3952 2706 4006 vel
2738 3950 2987 4022 profectu
3018 3953 3253 4001 mutasse
3282 3943 3507 3999 modum

1912 4051 2001 4107 sui
2053 4054 2226 4104 status
2271 4042 2566 4101 invenerit.
2602 4038 2659 4096 Si
2706 4038 2854 4094 enim
2898 4034 2965 4091 de
3008 4031 3363 4105 prosperitate
3400 4029 3508 4085 ad-

1913 4138 2137 4204 dicitur,
2166 4143 2221 4191 et
2245 4132 2313 4191 de
2349 4129 2659 4188 calamitate
2679 4143 2735 4183 se
2765 4123 3002 4182 odientis
3033 4124 3269 4187 laetatur,
3297 4125 3510 4175 constat

1914 4229 2043 4302 quia
2059 4242 2171 4283 non
2190 4229 2336 4280 amat
2350 4234 2512 4293 quem
2534 4232 2644 4272 non
2666 4215 2788 4269 vult
2806 4229 2920 4269 esse
2941 4211 3245 4274 meliorem,
3269 4222 3505 4278 eumque

1913 4296 2078 4371 etiam
2102 4320 2336 4370 stantem
2363 4315 2591 4377 votoper
2610 4304 2880 4377 sequitur,
2910 4316 3073 4374 quem
3100 4296 3364 4354 cecidisse
3391 4311 3511 4367 gra-

1914 4404 2142 4459 tulatur.

1830 4464 1882 4524 Β
1984 4489 2123 4563 [νει.
2157 4485 2285 4559 XL]
2316 4486 2460 4546 709
2481 4479 2572 4537 23.
2604 4478 2708 4547 Qui
2730 4493 3011 4550 possumus
3056 4475 3231 4531 illaesa
3256 4472 3510 4530 charitate

1911 4586 1975 4641 de
1996 4583 2198 4639 inimici
2222 4580 2384 4637 ruina
2410 4574 2605 4639 laturi,
2633 4579 2730 4629 aut
2743 4574 2805 4628 de
2819 4572 2931 4642 ejus
2950 4573 3126 4643 gloria
3142 4571 3337 4625 dolere.
3372 4566 3512 4635 Quid

1912 4672 2091 4729 hacin
2116 4687 2175 4726 re
2210 4666 2511 4725 cavendum.
2536 4692 2609 4706 —
2635 4661 2739 4718 Sed
2782 4661 2926 4715 inter
2951 4659 3068 4715 haec
3108 4656 3391 4714 sciendum
3429 4671 3513 4726 est

1916 4762 2047 4835 quia
2074 4760 2293 4816 evenire
2307 4758 2627 4829 plerumque
2647 4751 2785 4806 solet
2814 4756 2876 4805 ut
2894 4765 3002 4803 non
3020 4748 3219 4802 amissa
3247 4744 3510 4800 charitate

1917 4827 1975 4906 et
2001 4848 2213 4905 inimici
2240 4827 2340 4903 nos
2363 4844 2523 4899 ruina
2552 4838 2812 4906 lzetificet,
2839 4845 2895 4893 et
2932 4851 3151 4893 rursum
3195 4832 3311 4902 ejus
3339 4827 3512 4901 gloria

1917 4938 2035 4994 sine
2054 4935 2278 4991 invidia:
2306 4933 2466 5002 culpa
2483 4927 2790 4993 contristet,
2817 4940 2941 4981 cum
2960 4930 3014 4977 et
3034 4924 3226 4976 ruente
3254 4932 3317 4971 eo
3339 4928 3513 4984 quos-

1920 5026 2045 5083 dam
2064 5023 2202 5079 bene
2221 5020 2357 5091 erigi
2376 5016 2673 5083 credimus,
2691 5020 2745 5068 et
2760 5010 3081 5084 proﬁciente
3107 5006 3205 5060 illo
3227 5003 3513 5091 plerosque

1922 5112 2123 5186 injuste
2149 5082 2388 5185 opprimi
2405 5082 2786 5162 formidamus.
2817 5097 2938 5165 Qua
2965 5095 3025 5150 in
3049 5107 3109 5149 re
3135 5095 3374 5145 mentem
3402 5082 3515 5145 n6-

2001 5342 2027 5378 ‘
2047 5338 2149 5395 Hic
2175 5337 2339 5392 toties
2366 5334 2568 5406 legitur
2606 5332 2902 5406 provectus,
2929 5326 3193 5406 provectu.
3206 5326 3262 5376 et
3277 5315 3514 5406 .simri‘l‘ia,

1933 5415 1990 5470 in
2014 5388 2145 5467 iiééf
2183 5388 2694 5473 ida—obisvangerin:
2723 5405 2779 5452 et
2803 5388 3017 5473 Nor_m.,
3042 5391 3255 5473 quoties
3268 5390 3331 5471 in
3356 5388 3519 5473 ’Eﬁdi-

1932 5458 2230 5551 tis-legitur
2241 5458 2823 5551 pnofectusj.prof:ectu;
2850 5458 3135 5551 etia'm‘tibi
3160 5461 3312 5551 vocis
3336 5458 3519 5551 defici

1938 5529 2020 5609 liis
2034 5529 2335 5622 bisipos—it‘io‘
2354 5529 2423 5600 ad
2453 5529 2811 5622 scribendum
2836 5536 3099 5622 profectus
3118 5529 3520 5622 suaderenvide-

1939 5600 2441 5686 iiiidr'ﬁi’dérecm
2466 5615 2557 5686 vel
2572 5616 2818 5682 provectu
2837 5600 3066 5686 mutasse
3085 5605 3322 5686 modum...
3336 5601 3410 5656 Et
3434 5600 3517 5656 in-

1943 5674 2168 5761 £5,154:
2186 5674 2439 5761 dus'jam
2464 5674 2691 5755 defectus
2713 5697 2804 5737 nec
2818 5683 3094 5755 provectus
