4162 6184
483 320 512 332 ’
593 308 701 374 m

1753 171 1783 180 ς

1785 253 2056 362 sanan
2077 254 2420 364 esseom:
2456 307 2682 365 mem

3759 295 3868 370 ΩΒ

590 439 758 493 stram
792 439 895 490 nec
919 426 1038 506 ejus
1057 431 1171 506 μήτε
1201 421 1480 487 defectus!
1516 425 1696 501 erigit,
1721 429 1824 507 nec
1854 427 1972 501 ejus
1990 425 2170 502 profe'o'
2193 433 2245 492 Α
2343 429 2430 488 25.
2463 424 2509 489 Α
2548 433 2839 490 maledictis
2865 429 3246 490 abstinendum.
3276 454 3348 476 ——
3373 424 3630 492 Peeea'ret
3669 433 3868 507 quippe

588 522 712 582 ctus
739 505 968 588 addicit,
999 519 1045 577 si
1089 525 1236 576 recta
1276 523 1460 602 nostra
1511 505 1770 590 Cogitatio
1814 531 1924 574 non
1953 515 2086 591 quid
2119 519 2178 602 in

589 612 732 686 ipso,
765 607 857 668 sed
879 607 1011 682 quid
1024 607 1091 666 de
1115 607 1234 682 ipso
1253 600 1402 664 circa
1429 603 1566 662 alios
1586 611 1777 677 agatur
1796 605 2048 664 attendit.
2073 600 2178 664 Sed

471 693 478 700 ’
587 691 658 758 ad
683 689 800 756 haec
829 695 1094 754 servanda
1116 691 1275 753 valde
1300 701 1382 753 est
1405 695 1771 752 necessarium
1801 694 2176 752 subtilissima

589 787 936 846 discretionis
950 802 1202 851 examen,
1219 801 1288 842 ne
1308 801 1432 842 cum
1448 791 1632 840 nostra
1647 784 1773 840 odia
1802 785 2176 857 exsequimur,

587 879 850 936 fallamur
868 876 970 933 sub
999 876 1176 948 specie
1199 875 1459 931 utilitatis
1483 869 1691 930 aliena.
1723 873 1779 929 Si
1811 875 1958 930 enim
1980 875 2046 930 de
2074 875 2178 930 ini-

588 965 719 1025 mici
758 965 932 1022 morte
957 962 1302 1036 gaudendum
1329 962 1559 1018 omnino
1574 971 1684 1016 non
1709 969 1871 1026 esset,
1891 960 2178 1016 Psalmista

587 1072 699 1113 non
725 1055 959 1111 diceret:
992 1052 1282 1108 Delabitur
1298 1049 1499 1118 justus,
1527 1061 1644 1102 cum
1667 1045 1860 1102 viderit
1895 1049 2178 1104 vindictam

585 1143 870 1214 impiorum
887 1139 1061 1210 (Psal.
1079 1153 1214 1205 LVII,
1233 1137 1344 1208 11).
1367 1135 1473 1192 Sed
1491 1135 1640 1190 aliud
1655 1141 1736 1190 est
1750 1135 2004 1208 impium,
2025 1137 2177 1193 aliud

585 1243 718 1284 vero
744 1225 1034 1282 inimicum
1063 1225 1292 1297 perpeti.
1339 1225 1473 1280 Nam
1510 1227 1640 1279 sunt
1675 1224 1919 1296 plerique
1961 1224 2175 1281 inimici

583 1316 678 1387 qui
699 1327 810 1371 non
836 1319 967 1370 sunt
993 1313 1170 1385 impii;
1189 1319 1246 1368 et
1263 1318 1392 1369 sunt
1415 1327 1525 1368 non
1543 1311 1684 1366 nulli
1709 1311 1888 1382 impii,
1906 1312 2000 1384 qui
2017 1313 2176 1369 nobis

583 1399 894 1475 specialiter
927 1405 1042 1459 non
1099 1401 1360 1458 videntur
1413 1400 1648 1457 inimici;
1696 1401 1944 1456 Humana
1991 1408 2172 1458 autem

583 1505 739 1547 mens
757 1502 975 1548 omnem
996 1503 1158 1564 quem
1179 1491 1468 1546 inimicum
1497 1489 1710 1555 tolerat,
1747 1487 1910 1544 etiam
1941 1487 2172 1561 impium

583 1585 639 1637 et
663 1581 915 1654 iniquum
933 1585 1108 1654 putet,
1127 1579 1255 1654 quia
1273 1579 1390 1652 ejus
1409 1580 1596 1651 culpas
1613 1578 1758 1650 apud
1784 1580 2170 1652 cogitationem

585 1680 741 1727 suam
788 1670 934 1726 livor
959 1676 1245 1726 accusator
1297 1671 1602 1740 exaggerat.
1635 1667 1995 1734 Quibuslibet
2039 1680 2172 1726 vero

2285 523 2331 581 si
2363 521 2467 580 hoc
2493 525 2704 596 optaret
2729 540 2762 580 a
2789 523 2902 580 Deo
2929 523 3068 592 ﬁeri,
3101 521 3245 597 quod
3264 523 3377 596 ipse
3405 522 3601 591 facere,
3623 523 3708 579 vel
3739 535 3870 578 om:-

2286 613 2421 668 nino
2461 629 2571 669 non
2603 619 2800 686 posset,
2825 613 2933 681 vel,
2957 613 3003 670 si
3033 628 3205 685 posse,
3232 612 3458 668 minime
3476 609 3712 668 deceret.
3731 610 3866 668 Nam

2287 702 2380 774 qui
2412 701 2888 774 maledictionibus
2918 707 3061 764 710
3090 700 3376 757 inimicum
3407 700 3699 772 impetunt,
3733 699 3869 774 quid

2287 792 2438 854 aliud
2467 799 2522 858 in
2541 800 2638 855 illo
2659 800 2832 857 facere
2851 799 3022 855 Deum
3044 798 3257 866 volunt,
3271 798 3376 856 nisi
3393 797 3539 872 quod
3555 798 3661 870 ipsi
3687 795 3870 854 facere

2287 895 2381 942 aut
2397 895 2690 962 nequeunt,
2713 893 2807 944 aut
2821 884 3404 944 erubescunt‘lMortem
3423 890 3658 960 namque
3676 883 3867 942 adver-

2286 976 2428 1033 sario
2457 983 2736 1050 exoptant,
2767 995 2927 1051 quam
2949 985 3001 1034 et
3029 977 3074 1034 si
3104 979 3330 1049 possunt
3360 976 3560 1032 inferre
3590 979 3862 1046 metuunt,

2286 1083 2353 1122 ne
2381 1074 2474 1121 aut
2503 1067 2791 1138 perpetrati
2815 1066 3104 1124 homicidii
3134 1066 3212 1122 rei
3232 1069 3539 1132 teneantur,
3563 1071 3657 1120 aut
3686 1063 3864 1138 iniqui

2285 1161 2580 1232 appareant
2607 1157 2772 1212 etiam
2803 1173 2927 1210 cum
2956 1156 3087 1211 sint.
3122 1151 3266 1222 Quid
3298 1159 3380 1210 est
3407 1163 3536 1226 ergo
3563 1153 3676 1210 Deo
3703 1149 3867 1210 dice-

2285 1259 2340 1298 re
2365 1262 2376 1299 :
2413 1243 2593 1300 Occide
2616 1262 2766 1316 quem
2786 1245 2894 1312 odi,
2917 1245 3024 1300 nisi
3041 1243 3242 1316 apertis
3260 1243 3310 1300 ei
3346 1242 3575 1300 vocibus
3589 1243 3821 1298 clamare
3844 1259 3858 1297 :

2283 1333 2398 1390 Hoc
2427 1333 2511 1390 fac
2527 1351 2648 1390 meo
2667 1333 3000 1400 adversario,
3020 1329 3166 1405 quod
3197 1349 3281 1388 me
3302 1332 3359 1388 in
3390 1329 3549 1390 illum
3569 1331 3743 1387 facere
3763 1345 3865 1388 nec

2282 1429 2617 1493 peccatorem
2647 1419 2837 1478 decet?
2868 1421 2929 1478 In
2949 1419 3148 1494 quibus
3163 1421 3406 1493 profecto
3425 1419 3606 1478 verbis
3619 1431 3864 1490 pensari;
3959 1428 3961 1431 '

2281 1510 2414 1566 dum
2445 1509 2602 1566 nobis
2632 1515 2731 1578 est,
2766 1509 2861 1566 ubi
2891 1510 2992 1566 iste
3020 1509 3108 1564 vir
3139 1509 3363 1581 legerat:
3384 1501 3600 1579 Diligite
3627 1507 3864 1563 inimicat

2280 1603 2476 1653 vestros
2511 1599 2662 1670 (Luc.
2685 1615 2764 1668 v1,
2792 1597 3000 1669 27,35);
3059 1597 3154 1654 ubi
3183 1597 3418 1670 legerat:
3477 1595 3784 1662 Benedicite,
3814 1599 3865 1650 et

2275 1683 2438 1740 nolite
2490 1684 2794 1740 maledicere
2843 1685 3024 1758 (Rom.
3057 1701 3156 1753 χιι,
3191 1680 3302 1754 id);
3353 1691 3407 1740 et
3437 1689 3680 1738 rursum:
3739 1681 3860 1739 Non

580 1757 803 1848 ﬂagitii!
827 1763 1126 1848 intimam?)
1143 1755 1347 1848 {ﬁlling
1366 1755 1590 1848 ίηίίξῐιυθ
1617 1755 1882 1848 credituri
1912 1757 1959 1848 εξ
1981 1757 2170 1813 δάνει’·
2201 1773 2248 1844 Β
2275 1771 2543 1838 reddeates
2571 1775 2771 1830 malum
2788 1755 2890 1848 pro
2919 1777 3082 1840 malo,
3126 1789 3216 1829 nec
3243 1772 3568 1830 maledictum
3577 1781 3679 1843 pro
3697 1769 3860 1826 mnu:

579 1846 757 1902 sarius
783 1843 1011 1900 minime
1035 1844 1290 1900 sentitur.
1311 1843 1431 1911 Qua
1464 1831 1522 1899 in
1554 1854 1613 1899 re
1638 1843 2059 1902 discernendum
2088 1853 2172 1904 est

580 1932 732 1991 aliud
759 1941 876 1990 esse
902 1931 1050 2006 quod
1078 1931 1260 2000 nobis,
1275 1931 1427 1988 aliud
1448 1942 1578 1989 vero
1599 1933 1748 2006 quod
1762 1932 1868 1989 sibi
1885 1941 1942 1989 et
1959 1935 2170 1992 ueteris

579 2033 765 2082 noster
793 2025 1052 2084 inimicus
1077 2032 1256 2082 nocet.
1287 2024 1424 2081 Nam
1457 2023 1506 2080 si
1551 2021 1676 2080 aliis
1698 2024 1877 2080 bonus
1917 2031 2022 2090 est,
2047 2026 2172 2084 sine

581 2122 767 2171 nostra
796 2114 1026 2169 forsitan
1057 2114 1218 2184 culpa
1247 2129 1363 2170 esse
1407 2127 1520 2168 non
1552 2121 1732 2184 potest
1759 2114 1918 2170 nobis
1951 2116 2163 2182 malus;

579 2219 682 2260 nec
711 2202 938 2260 omnino
971 2201 1085 2274 jam
1111 2199 1177 2258 de
1193 2200 1311 2272 ejus
1339 2201 1499 2256 ruina
1523 2200 1868 2274 gaudendum
1889 2210 1992 2271 est,
2022 2205 2045 2240 ²
2076 2219 2169 2258 cu-

573 2289 667 2364 jus
688 2307 788 2346 nos
807 2291 952 2346 solos
983 2295 1192 2346 certum
1223 2297 1304 2345 est
1319 2287 1545 2345 adversa
1562 2289 1834 2346 tolerasse.
1877 2291 2016 2348 Cum
2035 2305 2167 2346 vero

580 2387 766 2437 noster
793 2396 858 2436 ac
917 2379 1216 2434 multorum
1248 2375 1422 2433 hostis
1453 2377 1763 2452 perimitur,
1793 2378 1860 2434 de
1890 2379 2168 2451 ereptione

583 2469 963 2540 proximorum
981 2467 1160 2539 potius
1177 2481 1338 2540 quam
1354 2463 1420 2521 de
1451 2465 1664 2524 inimici
1695 2465 1924 2524 interitu
1952 2481 2167 2524 necesse

577 2561 659 2612 est
689 2563 750 2610 ut
777 2555 994 2610 animus
1023 2555 1254 2610 laetetur.

647 2640 736 2699 24.
777 2637 1172 2700 Condolendum
1199 2645 1276 2696 est
1299 2639 1523 2695 miserta:
1540 2643 1823 2713 pereuntis,
1857 2651 1906 2700 et
1930 2659 2168 2716 congaué

579 2729 804 2784 demtum
823 2724 1049 2796 justitice
1067 2723 1282 2796 judicis.
1311 2758 1382 2770 —
1410 2727 1634 2800 Oportet
1668 2743 1903 2804 namque
1946 2740 2009 2788 ut
2034 2749 2166 2804 pcr-

577 2823 742 2875 eunte
767 2813 1078 2875 adversario
1099 2815 1372 2873 subtiliter
1392 2832 1614 2890 pensare
1634 2819 1948 2890 debeamus,
1965 2827 2018 2877 et
2033 2819 2165 2894 quid

579 2905 843 2964 debemus
873 2907 1046 2963 ruinae
1077 2909 1398 2980 peccatoris,
1425 2907 1624 2983 etquid
1641 2909 1868 2984 justitiae
1895 2912 2160 2973 ferientis.

577 2998 716 3056 Nam
740 3014 865 3054 cum
889 2999 1202 3068 perversum
1235 3000 1503 3070 quemque
1523 2998 1882 3074 Omnipotens
1909 3000 2163 3075 percutit,

575 3094 632 3147 et
659 3078 1060 3144 condole'ndu'm
1077 3092 1158 3141 est
1179 3086 1409 3144 miseriae
1434 3091 1732 3162 pereuntis,
1754 3093 1806 3144 et
1825 3087 2164 3162 congauden-

579 3171 712 3231 dum
737 3167 965 3244 justitiae
991 3168 1220 3243 judicis,
1251 3170 1311 3227 tit
1350 3173 1508 3229 nobis
1537 3177 1592 3229 et
1620 3175 1677 3230 in
1708 3171 1860 3231 luctu
1884 3175 1956 3232 sit
2010 3191 2169 3248 paena

579 3259 870 3316 morientis
890 3257 1152 3331 proximi,
1176 3265 1228 3316 et
1249 3264 1436 3316 rursus
1451 3259 1507 3315 lli
1528 3257 1789 3328 gaudium
1809 3263 1994 3318 veniat
2012 3263 2168 3318 exhi-

577 3347 696 3405 bita
724 3348 950 3421 mqiiitas
977 3345 1277 3420 iudicantis
1318 3347 1439 3417 Dei,
1483 3357 1752 3421 quatenus
1780 3355 1882 3406 nec
1919 3349 2168 3422 pereunti

574 3434 791 3492 homini
822 3436 1122 3491 eXista'mus
1141 3433 1461 3500 adversarii,
1481 3443 1582 3492 nec
1590 3435 1864 3507 iudicanti
1888 3439 1996 3495 Deo
2015 3440 2166 3496 inve-

573 3525 795 3580 niamur
814 3523 1032 3597 ingrati.
1053 3519 1251 3580 Beatus
1280 3524 1449 3596 igitur
1462 3521 1584 3592 Job,
1608 3525 1736 3597 quia
1755 3531 1953 3582 cuncta
1981 3526 2039 3582 in
2075 3525 2167 3584 ad:

573 3611 830 3668 versitate
849 3607 976 3667 odia
989 3609 1224 3683 perfecte
1253 3611 1507 3680 calcavit,
1525 3609 1672 3668 dicat
1697 3629 1710 3668 ε
1734 3613 1792 3668 Si
1823 3615 2036 3685 gavisus
2050 3627 2167 3670 sum

571 3699 646 3757 ad
672 3700 885 3756 ruinam
910 3699 1022 3772 ejus
1041 3700 1132 3772 qui
1159 3713 1238 3754 me
1264 3699 1468 3765 oderat,
1499 3707 1548 3756 et
1573 3687 1837 3757 exsultant
1863 3702 2004 3772 quod
2027 3703 2166 3758 inve-

573 3788 735 3844 nisset
752 3798 867 3843 eum
885 3783 1086 3846 malum
1101 3805 1122 3853 ;
1137 3787 1232 3860 qui
1249 3785 1508 3844 videlicet
1525 3793 1580 3844 et
1601 3787 1892 3846 inimicum
1908 3788 2162 3863 diligens,

572 3873 705 3934 dum
735 3875 1047 3934 adversario
1067 3877 1248 3934 ruenti
1277 3875 1582 3948 condoluit,
1613 3877 1671 3934 in
1695 3878 1854 3935 malis
1873 3878 2023 3936 illius
2051 3880 2164 3953 ipse

570 3960 642 4022 ad
667 3967 876 4022 bonum
908 3967 1103 4034 crevit,
1130 3966 1196 4022 ut
1235 3965 1362 4022 inde
1394 3965 1494 4024 iste
1511 3967 1578 4022 ab
1603 3965 1999 4040 benignitatem
2024 3985 2164 4028 cres-

572 4055 742 4119 ceret,
774 4053 920 4108 unde
950 4053 1108 4108 illum
1140 4053 1284 4108 mala
1299 4060 1418 4125 quae
1455 4053 1764 4109 merebatur
1805 4055 2161 4120 invenissent.

648 4136 790 4206 Quia
813 4155 944 4195 vero
964 4151 1105 4212 saepe
1133 4137 1391 4196 nonnulli
1407 4154 1498 4195 eos
1529 4151 1667 4213 quos
1698 4141 1802 4198 sibi
1828 4144 2165 4205 adversarios

573 4225 854 4282 aestimant
867 4225 1254 4282 maledictione
1283 4225 1515 4296 feriunt,
1547 4230 1805 4300 quoniam
1837 4233 2042 4289 virtute
2072 4241 2162 4292 ne-

575 4313 848 4386 qdaduam
886 4319 1132 4386 possunt;
1168 4311 1226 4369 in
1269 4311 1470 4387 Quibus
1507 4313 1756 4388 patenter
1797 4321 2016 4392 apparet
2043 4330 2163 4396 qum

575 4400 721 4458 mala
739 4401 785 4457 si
815 4410 1035 4475 possent
1050 4402 1311 4470 facerent,
1344 4403 1439 4478 qui
1459 4419 1522 4482 ea
1549 4420 1670 4478 quas
1684 4407 1860 4482 facere
1887 4419 2164 4482 nequeunt

2277 1861 2495 1931 dicto(l
2511 1857 2657 1918 Petr.
2690 1865 2774 1930 in,
2805 1861 2886 1934 9).
2919 1861 3023 1918 Sed
3052 1862 3293 1918 exterius
3323 1876 3430 1917 non
3459 1859 3645 1916 audita
3673 1867 3860 1930 super:

2277 1965 2361 2006 nae
2381 1950 2564 2021 gratiae
2585 1957 2854 2021 prmoepta
2872 1949 3141 2016 servabat,
3157 1950 3285 2022 quia
3297 1949 3414 2006 haec
3427 1949 3484 2004 in
3509 1951 3688 2004 tuente
3707 1945 3860 2002 illius

2276 2038 2448 2094 sancti
2478 2038 2713 2112 Spiritus
2740 2037 2952 2094 afﬂatus
2999 2035 3286 2093 scribebat.
3320 2037 3420 2094 Cui
3461 2044 3644 2092 tamen
3673 2036 3860 2091 minus

2275 2133 2414 2182 esset
2443 2124 2586 2198 quod
2603 2123 2808 2198 positos
2835 2131 2991 2181 extra
3018 2123 3289 2195 diligeret,
3308 2123 3412 2179 nisi
3431 2131 3484 2178 et
3513 2123 3744 2178 interius
3757 2123 3860 2178 vi-

2276 2226 2464 2274 ventes
2479 2235 2766 2292 secumque
2783 2216 3027 2290 quotidie
3050 2221 3431 2273 conversantes
3447 2215 3612 2271 etiam
3623 2209 3858 2271 familia-

2276 2322 2363 2363 res
2389 2306 2728 2363 adversarios
2755 2306 3032 2363 toleraret.
3065 2301 3218 2361 Unde
3246 2302 3569 2376 subjungit:

2697 2485 2924 2548 CAPUT
2953 2487 3082 2546 xm
3111 2485 3256 2562 [Rec.
3291 2483 3439 2562 vn].

2346 2613 2517 2672 Vnus.
2535 2614 2623 2670 31.
2651 2643 2726 2656 -—-
2753 2613 2814 2670 Si
2838 2629 2944 2668 non
2970 2613 3220 2668 dixerunt
3244 2611 3354 2666 viri
3377 2608 3698 2668 tabernaculi
3721 2609 3852 2671 mei:

2278 2701 2406 2769 Qui:
2429 2704 2515 2756 det
2539 2703 2601 2757 de
2627 2702 2877 2756 carnibus
2903 2702 3038 2770 ejus,
3067 2709 3128 2756 ut
3153 2709 3456 2758 saturentur
3474 2702 3503 2758 7

2343 2816 2431 2873 26.
2462 2815 2776 2871 Domesticos
2801 2820 2850 2870 et
2866 2813 3164 2884 familiares
3203 2814 3353 2870 nobis
3381 2814 3718 2869 adversantes
3740 2828 3856 2884 pa-

2277 2903 2456 2958 tienter
2471 2905 2695 2959 tolerare
2720 2897 2974 2957 debemus.
3003 2901 3213 2956 Altaris
3237 2900 3576 2972 sacrificium.
3608 2901 3854 2956 Adversa

2267 2992 2516 3064 patienda
2535 2996 2660 3046 sunt
2676 2990 2902 3046 exterius
2919 2989 3152 3059 fortiter,
3172 2995 3220 3044 et
3239 2989 3462 3044 interius
3475 2987 3762 3044 clementer.
3781 3015 3858 3036 ι·-

2273 3081 2404 3148 Quae
2426 3079 2689 3135 nimirum
2710 3079 2976 3135 sententia
2995 3081 3171 3149 potest
3185 3093 3402 3150 quoque
3418 3091 3512 3149 per
3527 3079 3854 3150 mysterium

2275 3183 2343 3224 ex
2373 3185 2505 3224 voce
2531 3167 2909 3240 Redemptoris
2937 3167 3191 3238 intelligi.
3225 3165 3348 3222 Viri
3377 3166 3580 3238 quippe
3631 3166 3748 3239 ejus
3773 3175 3854 3224 ta-

2276 3257 2554 3314 bernaculi
2581 3255 2650 3312 de
2677 3256 2934 3313 carnibus
2965 3256 3115 3312 illius
3142 3255 3376 3312 saturari
3423 3255 3732 3327 cupierunt,
3763 3259 3851 3314 vel

2275 3343 2449 3402 Judaei
2477 3344 2686 3402 scilicet
2728 3352 3128 3417 persequentes,
3160 3345 3247 3400 vel
3278 3344 3506 3416 gentiles
3549 3345 3852 3416 credentes,

2276 3435 2405 3508 quia
2431 3439 2485 3489 et
2514 3433 2598 3488 illi
2633 3434 2812 3490 moliti
2859 3441 2990 3489 sunt
3014 3449 3214 3506 corpus
3258 3433 3429 3502 illius,
3461 3433 3615 3506 quasi
3643 3448 3855 3492 consu-

2277 3523 2493 3591 mendo,
2524 3523 2890 3595 exstinguere,
2911 3530 2964 3579 et
2980 3523 3070 3580 isti
3092 3523 3422 3580 esurientem
3439 3530 3677 3580 mentem
3695 3533 3850 3582 suam

2275 3611 2584 3669 desiderant
2611 3612 2635 3650 ³
2667 3628 2762 3685 per
2792 3611 3181 3686 quotidianum
3211 3609 3609 3669 immolationis
3635 3614 3853 3670 sacriﬁ-

2273 3701 2420 3756 cium
2449 3699 2516 3756 de
2543 3698 2662 3772 ejus
2689 3701 2947 3758 carnibus
2974 3703 3189 3759 satiare.
3223 3699 3361 3776 [νει.
3386 3701 3501 3758 XII
3503 3701 3545 3776 .]
3573 3702 3677 3760 Sed
3704 3719 3854 3762 nunc

2273 3789 2445 3846 solius
2472 3787 2717 3846 historiae
2734 3792 2994 3846 virtutem
3016 3798 3318 3863 sequentes,
3343 3805 3631 3860 pensemus
3649 3801 3857 3864 quanta

2272 3877 2596 3933 fortitudine
2623 3879 2798 3933 sancti
2820 3878 2927 3932 viri
2958 3878 3178 3933 animus
3190 3884 3348 3932 extra
3375 3876 3628 3949 intraque
3645 3877 3856 3938 solliei-

2271 3970 2362 4020 tus
2387 3963 2454 4019 ad
2483 3964 2670 4020 omnia
2699 3965 2722 4000 ⁸
2751 3965 3003 4036 partitur.
3027 3965 3132 4032 Qui
3151 3965 3198 4021 si
3227 3961 3429 4035 injuste
3442 3965 3728 4036 agentibus
3755 3979 3856 4028 aut

2270 4066 2508 4123 unquam
2537 4067 2634 4122 per
2661 4051 2939 4107 silentium
2969 4053 3200 4117 cederet,
3230 4057 3326 4108 aut
3341 4065 3436 4122 per
3462 4053 3852 4114 rectitudinem

2271 4155 2380 4195 non
2409 4139 2724 4206 contrairet,
2768 4139 3010 4211 profecto
3038 4137 3378 4196 adversarios
3405 4153 3515 4195 non
3547 4140 3850 4203 habuisset.

2271 4226 2374 4284 Sed
2397 4227 2451 4281 in
2479 4241 2543 4282 eo
2562 4226 2709 4299 quod
2722 4227 2838 4282 vias
2853 4227 2982 4282 vitm
3001 4228 3200 4296 tenuit,
3216 4235 3564 4300 exoptatores
3577 4245 3689 4288 sum
3709 4241 3855 4290 mor-

2270 4317 2344 4374 tis
2369 4316 2600 4374 invenit.
2633 4318 2789 4374 Foris
2816 4325 3061 4388 patentes
3075 4317 3414 4375 adversarios
3432 4322 3680 4391 pertulit,
3703 4323 3854 4384 intus

2273 4404 2517 4461 latentes.
2561 4405 2742 4462 Minor
2787 4415 2868 4462 est
2913 4413 3092 4462 autem
3141 4407 3317 4463 virtus
3357 4410 3676 4467 certaminis
3717 4411 3854 4470 foris

573 4491 865 4564 immecari
893 4492 1120 4548 minime
1146 4489 1446 4561 desistunt;
1485 4480 1676 4551 beatus
1719 4480 1821 4553 iob
1871 4480 2161 4556 ostendens
2189 4485 2238 4542 D
2267 4496 2578 4572 quempiam
2624 4495 2809 4552 videre
2838 4497 2980 4550 mala
3007 4511 3128 4568 quea
3157 4504 3394 4569 superet,
3437 4506 3494 4556 et
3532 4499 3680 4558 intus
3707 4503 3852 4574 quod

572 4593 632 4676 se
651 4595 684 4635 a
714 4580 875 4680 culpa
907 4577 1072 4639 etiam
1102 4577 1504 4640 maledictionis
1530 4583 1794 4656 alienum,
1825 4593 2042 4644 secutus
2069 4589 2160 4645 ad-

562 4666 759 4742 iunxit
779 4669 792 4724 ε

890 4829 901 4838 _
1176 4755 1402 4816 cam
1429 4756 1555 4817 χιι.

639 4845 814 4906 Vnus.
845 4844 934 4906 30.
966 4877 1034 4890 -—
1064 4847 1185 4905 Non
1205 4849 1343 4903 enim
1371 4847 1491 4904 dedi
1544 4847 1618 4905 ad
1636 4847 1954 4920 peccandum
1977 4851 2162 4925 guttur

565 4953 760 5006 meum,
787 4937 1153 5012 utexpelerem
1176 4935 1486 4994 maledié‘ens
1513 4937 1751 4999 animum
1775 4938 1960 5038 θέω..

643 5149 666 5186 ί
695 5149 984 5232 omittitur
1006 5149 1162 5223 erigit
1187 5150 1246 5206 in
1260 5151 1401 5232 _Mss.
1429 5152 1645 5232 Narin,
1693 5160 1749 5209 et
1787 5151 1986 5224 legitur
2015 5164 2078 5212 ut
2101 5156 2161 5232 in

571 5222 843 5295 superiori
875 5229 1006 5295 nota
1031 5222 1418 5294 expressimus,
1453 5223 1662 5295 optimo
1701 5239 1830 5280 sane
1846 5222 2041 5295 sensu;
2074 5229 2164 5284 si-

575 5288 802 5359 gniticet
827 5291 976 5346 enim
1005 5288 1226 5350 sanctus
1254 5288 1455 5350 Doctor
1483 5288 1721 5352 mentem
1738 5303 1899 5354 nostr
1933 5315 1989 5354 ω
2017 5288 2162 5356 nulli

575 5359 902 5424 quandoque
931 5363 1102 5418 restiti
1133 5361 1410 5424 subiacere
1439 5373 1534 5424 aut
1558 5355 1760 5424 addici.
1790 5367 1839 5424 si
1879 5313 2162 5424 (feﬁcienta

1989 5369 2166 5428 ciente

574 5427 671 5506 vel
697 5427 1016 5506 proﬁciente
1057 5427 1302 5506 inimico,
1336 5437 1422 5492 vel
1453 5427 1701 5506 laetemur
1728 5427 1814 5496 vel
1863 5427 2160 5506 doleamus.

569 5497 840 5584 Yet-:96:
865 5503 1204 5584 repedavit
1222 5497 1447 5584 ehem
1489 5501 1694 5584 φρει.
1719 5509 1985 5584 εωςοηιω
2033 5497 2167 5584 quia

571 5568 848 5653 signiﬁpet
1093 5582 1148 5632 et
1165 5575 1407 5653 addicere
1423 5568 1570 5653 apud
1595 5568 1918 5652 Gregorium
1933 5587 2004 5653 Aet
2021 5568 2168 5653 ‘a'lips

596 5598 848 5642 lautum
875 5598 1078 5629 uacua“
1093 5598 1148 5632 ut
1165 5598 1407 5634 macero
1423 5598 1570 5650 apud
1595 5598 1918 5652 uregonum
1947 5598 2004 5637 ει
2029 5598 2100 5636 an
2141 5598 2164 5638 8

596 5640 1159 5732 Ψέρὲπὲἔὲωξξι
1204 5646 1349 5732 11.1."
1391 5651 1882 5732 °‘;9’.9‘_‘m.r-15'
1931 5641 2072 5710 Vide
2101 5598 2164 5710 B-

811 5753 855 5788 .,
879 5727 1048 5773 eorm.
1078 5712 1168 5786 76,
1195 5723 1253 5775 et
1277 5712 1682 5788 Ennod.,'dict.
1713 5712 1802 5778 22.

573 5355 902 5436 quandoque
931 5363 1102 5436 restiti
1123 5361 1410 5436 subjacere
1439 5373 1534 5432 aut
1558 5355 1760 5436 addici,
1790 5367 1839 5426 si

2267 4586 2463 4642 toleret
2491 4599 2601 4640 non
2656 4582 2874 4640 habere.
2907 4583 3165 4641 Perfectus
3220 4593 3401 4642 autem
3459 4587 3854 4658 magnitudinis

2258 4664 2380 4732 1aus
2407 4679 2490 4730 est
2517 4672 2746 4730 adversa
2775 4675 2980 4746 perpeti
3008 4675 3060 4730 ei
3089 4677 3332 4732 exterius
3360 4676 3594 4745 fortiter,
3626 4685 3682 4734 et
3715 4679 3854 4740 inte-

2264 4764 2383 4821 rius
2410 4764 2726 4821 clementer.
2759 4764 2897 4821 Nam
2928 4771 3057 4821 sunt
3069 4766 3337 4821 nonnulla
3363 4782 3483 4838 quas
3506 4767 3561 4821 in
3594 4767 3708 4840 ipsa
3722 4782 3853 4843 quo-

2266 4866 2372 4925 que
2399 4853 2758 4908 familiarium
2787 4854 3199 4910 conversatione
3216 4854 3418 4926 corrigi
3437 4865 3718 4930 nequeunt
3733 4857 3855 4916 sine

2265 4943 2429 5015 culpa
2455 4943 2816 5016 corrigentis;
2849 4951 3012 5017 atque
3039 4943 3166 5000 ideo
3191 4959 3320 5000 cum
3350 4943 3438 5001 vel
3487 4945 3854 5018 corrigentem

2341 5157 2366 5242 ξ
2391 5158 2604 5242 lucrm”
2635 5160 2792 5242 cuj_u_s
2813 5175 2918 5214 non
2945 5159 3452 5242 solum;.:.tolerat_'e.

2341 5230 2364 5265 ³
2395 5230 2475 5284 Ita
2503 5229 2844 5286 omnes’Mss.
2886 5231 3080 5298 nostri,
3103 5230 3287 5288 Editis
3316 5229 3662 5298 habentibus,
3685 5229 3860 5302 quoti-

2271 5299 2444 5356 diana:
2473 5301 2843 5356 immolationis
2868 5301 3149 5356 sacriﬁcio.

2308 5302 2444 5406 ia‘aw
2473 5302 3149 5428 immolationis'saorigcio.
3231 5368 3259 5386 η.
3712 5371 3724 5388 υ

2325 5458 2375 5460 κη
2399 5373 2468 5460 1!?
2483 5370 2719 5460 lci-£9.-
2737 5371 2909 5460 ire.
2930 5377 2988 5460 ei
3047 5373 3171 5460 δεμ·
3187 5371 3420 5460 alesque
3435 5371 3858 5460 recentiorem

2377 5448 2524 5507 atur,
2558 5457 2720 5516 qu_am
2765 5442 3054 5516 lectionem
3083 5441 3564 5516 deserere'cogunt
3592 5441 3717 5516 Mss.
3749 5441 3863 5516 duo

2315 5509 3140 5610 angerlmjﬂugonn‘Vipdoc.,
3170 5516 3358 5610 liorm.
3406 5509 3616 5597 otmnes,
3663 5509 3862 5610 Lapdz.

2275 5582 2400 5663 γει.
2425 5583 2504 5639 Cl.
2509 5623 2540 5663 ρ.
2551 5590 2654 5640 etc.
2688 5582 3041 5663 Partiturhic
3059 5582 3297 5643 sumitur
3315 5585 3558 5663 passive;
3583 5598 3706 5663 nam
3727 5583 3865 5663 dici-

2274 5659 2368 5708 tur
2395 5654 2592 5738 partio,
2614 5654 2775 5730 cujus
2802 5659 3082 5736 passivum
3095 5665 3180 5716 est
3187 5653 3424 5732 partior.
3439 5653 3592 5716 Edit.
3614 5653 3866 5719 Barthol.

2282 5721 2447 5780 habet
2469 5731 2696 5797 patitur.

2509 5743 2696 5786 amur.
