4162 6184
275 332 378 393 ne
1064 332 1433 391 MORALIUM
1471 331 1603 390 LIB.
1647 330 1830 395 xxn.
1879 358 1950 380 -ι
1986 337 2060 393 IN
2095 328 2322 393 CAPUT
2360 336 2546 393 XXXI
2583 339 2645 394 B.
2682 314 2826 396 tos.
3444 334 3549 404 ξπ

281 461 588 534 inquinant,
615 460 636 495 ¹
668 458 759 514 vel
789 470 900 515 non
933 461 1161 515 omnino
1189 460 1305 517 haec
1334 466 1577 532 agentem
1609 467 1854 533 gravant,
1885 470 1933 529 Α
1962 472 2173 518 sacrum
2202 442 2479 535 eloquium
2524 457 2691 518 dicit:
2739 446 2997 534 ReSpexit
3023 454 3092 521 ad
3126 472 3355 527 munera
3387 458 3551 543 Abel,

279 565 475 622 magna
516 550 805 620 magisterii
848 556 962 605 arte
998 549 1394 605 dissimulanda
1436 556 1584 618 sunt,
1624 552 1846 624 ipsaque

1958 559 2011 607 et
2038 551 2105 606 ad
2134 550 2268 606 Cain
2311 554 2535 606 munera
2564 562 2671 607 non
2701 550 2971 633 ruspexit;
3006 552 3099 610 sed
3132 556 3287 627 prius
3320 556 3397 613 ait
3422 556 3553 633 quia

278 638 381 695 hac
408 637 840 695 dissimulatione
866 638 1165 695 toleranda.
1196 638 1327 705 Quae
1352 645 1543 695 contra
1572 655 1671 695 nos
1699 639 1851 696 illata
1955 638 2185 710 respexit
2210 636 2281 693 ad
2306 636 2457 707 Abel,
2488 650 2549 696 ac
2576 632 2776 695 deinde
2796 637 3107 711 subjunxlt,
3130 640 3203 697 Et
3222 640 3294 697 ad
3326 648 3554 703 muneris

275 729 433 787 citius
462 743 495 782 ι
521 727 686 785 corde
716 729 987 793 laXamus,
1018 727 1066 782 si
1092 732 1276 782 nostra
1290 727 1434 783 circa
1462 728 1743 799 proximos
1768 743 1849 783 er-

278 825 385 873 rata
399 818 799 891 cognoscimus.
823 816 976 871 Unde
989 816 1126 871 bene
1151 830 1366 888 quoque
1395 832 1489 887 per
1508 816 1850 873 Salomonem

278 904 496 960 dicitur:
532 904 749 960 Cunctis
766 904 1087 959 sermonibus
1114 905 1207 975 qui
1226 904 1475 960 dicuntur
1494 921 1556 959 ne
1575 920 1854 961 accommo-

276 995 354 1049 des
374 1009 467 1048 cor
486 998 660 1058 tuum,
687 1008 755 1047 ne
779 990 917 1061 forte
934 993 1124 1049 audias
1142 1008 1348 1048 servum
1378 1001 1523 1049 tuum
1549 994 1855 1049 maledicen-

278 1090 365 1138 tem
391 1083 500 1140 tibi.
537 1085 652 1142 Scit
677 1084 813 1139 enim
854 1089 946 1138 tua
983 1083 1313 1148 conscientia,
1347 1083 1475 1154 quia
1501 1088 1551 1137 et
1584 1089 1639 1139 tu
1675 1084 1857 1141 crebro

274 1167 592 1227 maledic-isti
619 1172 745 1227 aliis
778 1171 972 1242 (Eccie.
996 1186 1097 1238 vn,
1118 1170 1209 1239 22,
1241 1170 1354 1242 23).
1379 1171 1520 1227 Dum
1550 1171 1698 1227 enim
1730 1189 1859 1245 pen-

273 1268 445 1313 samus
472 1259 667 1330 quales
697 1272 823 1327 erga
847 1257 985 1313 alios
1014 1257 1242 1324 fuimus,
1272 1273 1385 1313 esse
1420 1258 1567 1315 circa
1598 1275 1698 1314 nos
1723 1257 1860 1312 tales

273 1346 401 1402 alios
428 1348 620 1402 minus
649 1347 917 1414 dolemus,
945 1346 1073 1418 quia
1101 1345 1277 1401 aliena
1307 1346 1577 1417 injustitia
1614 1347 1671 1402 in
1702 1348 1861 1405 nobis

272 1432 510 1492 vindicat
535 1435 689 1510 quod
710 1435 768 1491 in
795 1452 852 1492 se
873 1434 1020 1507 iuste
1040 1441 1226 1491 nostra
1255 1434 1593 1493 conscientia
1620 1442 1858 1493 accusat.

412 1524 528 1580 itur
550 1540 568 1582 ε

412 1524 568 1582 itur:

272 1521 410 1602 sequ
675 1636 907 1704 CAPUT
930 1642 1062 1703 XIV
1092 1641 1236 1720 [Rec.
1278 1646 1459 1722 VIII].

333 1747 508 1807 Vsus.
545 1748 639 1808 32.
673 1780 746 1794 --
779 1749 937 1806 Foris
962 1766 1071 1807 non
1093 1752 1290 1808 περιδεᾶ
1306 1751 1644 1825 peregrinus,
1670 1750 1866 1809 ostium

272 1853 440 1897 meum
467 1840 673 1896 uiatori
694 1840 887 1912 patuit.

338 1945 438 2003 27.
463 1945 841 2005 Misericordia
866 1946 924 2003 in
944 1945 1212 2017 parcendo
1238 1948 1478 2004 succedat
1500 1946 1869 2005 misericordia

267 2031 329 2086 in
357 2033 656 2103 largiendo.
674 2062 744 2077 ε-
769 2034 926 2102 Quia,
946 2041 1087 2091 teste
1114 2035 1301 2103 Paulo,
1322 2034 1562 2092 charitas
1583 2035 1795 2108 patiens
1810 2040 1870 2090 et

271 2122 509 2195 benigna
525 2129 663 2186 711
697 2123 1024 2181 describitur
1058 2124 1116 2195 (Ι
1137 2123 1262 2181 Cor.
1284 2138 1411 2193 xm,
1429 2124 1514 2197 4),
1540 2140 1637 2197 per
1660 2125 1869 2196 patien-

271 2218 401 2273 tiam
429 2219 615 2274 aliena
644 2220 789 2275 mala
815 2220 1195 2292 aequanimiter
1232 2218 1451 2287 tolerat,
1484 2236 1580 2292 per
1606 2218 1872 2290 benigni-

271 2311 432 2361 tatem
458 2321 680 2381 quoque
706 2308 848 2363 bona
869 2307 1295 2363 misericorditer
1320 2308 1590 2379 impendit
1610 2321 1725 2362 sua.
1761 2306 1867 2361 Un‘

272 2391 334 2449 de
367 2393 568 2451 beatus
603 2395 708 2451 Job
736 2402 792 2451 et
819 2397 1088 2467 patienter
1116 2396 1444 2452 domesticos
1484 2394 1869 2450 maledicentes

269 2486 525 2557 pertulit,
555 2494 612 2542 et
624 2487 866 2541 viatores
881 2494 1042 2558 atque
1068 2486 1385 2557 peregrinos
1403 2485 1546 2555 apud
1565 2500 1622 2539 se
1634 2483 1869 2552 benigne

264 2575 547 2646 suscepit:
585 2575 700 2629 illis
728 2590 943 2628 morum
979 2573 1232 2643 exempla
1259 2572 1533 2637 tribuens,
1567 2572 1684 2626 istis
1712 2578 1872 2625 exte-

263 2660 488 2715 n'orum
518 2673 624 2729 ope
637 2673 966 2715 concurrens
987 2674 1001 2724 ;
1025 2659 1137 2713 illis
1158 2672 1251 2729 per
1271 2657 1743 2713 mansuetudinem
1759 2672 1868 2714 non

263 2747 534 2804 concitus
559 2746 630 2801 ad
666 2746 1029 2814 irascendum,
1062 2746 1181 2801 istis
1208 2761 1303 2817 per
1335 2745 1762 2801 misericordiam
1798 2746 1867 2802 ad

268 2830 717 2890 subveniendum
751 2841 988 2903 paratus.
1013 2833 1113 2889 Vir
1141 2834 1286 2888 enim
1309 2840 1527 2887 sanctus
1548 2834 1867 2905 Redempto-

276 2938 388 2979 rem
412 2923 637 2994 generis
658 2922 884 2977 humani
908 2938 1001 2995 per
1028 2924 1326 2994 prophetiae
1346 2924 1600 2995 spiritum
1625 2926 1865 2995 intuens,

274 3012 701 3084 medicamenta
719 3026 935 3085 quoque
956 3013 1104 3067 illius
1123 3013 1177 3067 in
1198 3029 1360 3084 opere
1378 3014 1647 3069 servabat.
1668 3014 1868 3087 quibus

275 3116 372 3157 nos
406 3101 692 3167 admonet,
726 3100 946 3156 dicens:
979 3101 1258 3166 Dimittite,
1298 3109 1346 3156 et
1371 3103 1660 3157 dimittetur
1688 3103 1869 3167 vobis;

273 3189 407 3255 date,
449 3195 499 3243 et
542 3164 760 3243 dabitur
787 3188 931 3242 vobis
970 3189 1122 3257 (Luc.
1149 3164 1373 3260 vr,'37).
1403 3190 1425 3224 ³
1459 3192 1596 3245 Dare
1630 3164 1869 3262 namque
1897 3164 1942 3227 ο

274 3282 523 3331 nostrum
555 3275 627 3331 ad
662 3291 748 3332 res
777 3276 1014 3347 pertinet
1043 3292 1177 3348 quas
1200 3278 1442 3333 exterius
1472 3276 1756 3345 habemus,
1787 3276 1869 3333 di-

276 3365 484 3420 mittere
501 3372 687 3420 autem
705 3364 773 3419 ad
793 3364 1151 3419 relaxandum
1176 3364 1419 3421 dolorem
1439 3382 1601 3439 quem
1632 3366 1869 3423 interius

278 3464 342 3508 ex
368 3454 549 3510 aliena
574 3453 737 3524 culpa
760 3453 1158 3509 contraximus.
1191 3453 1296 3509 Sed
1324 3453 1607 3510 sciendum
1633 3460 1714 3508 est
1741 3450 1871 3525 quia

279 3544 369 3616 qui
393 3542 653 3610 dimittit,
681 3550 734 3597 et
762 3558 870 3597 non
892 3542 1005 3609 dat,
1036 3543 1136 3598 etsi
1160 3557 1267 3598 non
1298 3544 1456 3614 plene
1484 3549 1738 3614 operatus
1765 3550 1867 3612 est,

282 3632 571 3686 meliorem
616 3639 793 3686 tamen
840 3637 1047 3701 partem
1100 3631 1488 3687 misericordia:
1534 3630 1730 3685 tenuit.
1763 3629 1869 3697 Qui

278 3727 466 3776 autem
483 3719 600 3787 dat,
618 3724 673 3773 et
686 3720 903 3775 minime
916 3720 1173 3786 dimittit,
1195 3721 1422 3774 omnino
1439 3718 1869 3774 misericordiam

280 3809 489 3863 nullam
529 3806 684 3874 facit,
730 3808 855 3878 quia
898 3810 966 3864 ab
1007 3809 1384 3879 omnipotente
1424 3808 1537 3862 Deo
1566 3821 1765 3861 munus
1801 3820 1871 3862 ex

284 3912 442 3952 manu
472 3911 586 3951 non
618 3896 906 3967 accipitur,
935 3897 1082 3969 quod
1112 3896 1275 3954 corde
1304 3896 1543 3968 obligato
1573 3895 1630 3950 in
1660 3894 1873 3951 malitia

288 3985 576 4055 profertur.

348 4073 433 4129 88.
461 4075 822 4143 Eteemosynm
842 4072 1131 4128 meritoriis
1149 4072 1486 4129 conditiones.
1514 4102 1585 4114 —-
1611 4072 1871 4131 Mundari

289 4163 477 4217 etenim
508 4161 672 4217 debet
696 4163 848 4233 prius
868 4163 1085 4217 animus
1105 4162 1199 4234 qui
1220 4163 1618 4234 eleemosynam
1643 4164 1870 4233 praebet,

292 4250 406 4321 quia
423 4265 585 4305 omne
603 4250 752 4321 quod
773 4249 935 4304 datur
957 4251 1070 4305 Deo
1097 4265 1166 4305 ex
1188 4250 1366 4306 dantis
1390 4257 1567 4306 mente
1588 4256 1866 4321 pensatur.

291 4334 483 4395 Cuncta
514 4338 697 4409 itaque
729 4338 954 4392 malitiae
974 4338 1188 4392 macula
1210 4336 1279 4391 ab
1294 4336 1546 4392 interiori
1567 4344 1753 4392 nostro
1773 4336 1869 4393 ho-

293 4426 427 4481 mine
468 4426 818 4497 cogitationis
864 4424 1247 4480 immutatione
1287 4425 1546 4496 tergenda
1588 4431 1689 4492 est,
1743 4426 1875 4498 quia

1897 1816 1947 1882 B

1958 727 2089 798 ejus.
2130 728 2201 783 Et
2223 744 2439 784 rursum
2469 727 2604 785 dicit
2632 726 2761 801 quia
2787 744 2892 784 non
2918 730 3150 801 respexit
3185 726 3257 785 ad
3302 732 3458 801 Cain,
3488 738 3555 792 ac

1962 814 2157 874 deinde
2172 812 2437 885 subdidit,
2460 816 2562 874 Nec
2574 818 2646 874 ad
2662 828 2880 875 munera
2893 816 3025 889 ejus.
3047 816 3134 875 Ex
3145 817 3326 875 dantis
3347 818 3553 893 quippe

1962 905 2125 964 corde
2168 906 2223 963 id
2254 902 2398 980 quod
2429 906 2590 962 datur
2616 906 2903 979 accipitur.
2933 907 3146 966 Idcirco
3176 922 3287 965 non
3319 904 3456 964 Abel
3486 926 3557 968 ex

1966 992 2306 1061 muneribus,
2334 991 2430 1050 sed
2458 1009 2527 1049 ex
2554 990 2691 1050 Abel
2721 1002 2946 1051 munera
2988 990 3171 1052 oblata
3209 988 3551 1067 placuerunt.

1966 1079 2125 1136 Prius
2165 1094 2398 1153 namque
2435 1082 2503 1137 ad
2535 1097 2659 1137 eum
2707 1082 2905 1154 legitur
2949 1084 3216 1141 Dominus
3254 1085 3557 1159 respexisse

1967 1170 2061 1242 qui
2091 1168 2275 1237 dabat,
2304 1186 2464 1245 quam
2486 1168 2555 1226 ad
2582 1168 2677 1226 illa
2693 1186 2813 1244 quae
2833 1168 3013 1229 dabat.
3037 1172 3191 1229 Unde
3208 1170 3346 1231 bene
3366 1170 3557 1232 beatus

1968 1257 2069 1313 Job
2094 1254 2341 1315 dicturus
2368 1259 2526 1314 nobis
2558 1260 2612 1314 in
2639 1260 3029 1332 hospitalitatis
3051 1263 3221 1333 gratia
3252 1258 3556 1335 largitatem

1970 1354 2142 1412 suam,
2176 1346 2330 1417 prius
2355 1346 2501 1401 circa
2528 1342 2865 1403 adversarios
2896 1350 3124 1419 protulit
3158 1348 3473 1422 patientiam
3505 1348 3561 1409 et

1970 1433 2365 1505 benignitatem
2404 1448 2590 1490 suam:
2617 1434 2641 1469 θ
2672 1432 2819 1509 quod
2847 1436 2913 1491 de
2940 1439 3100 1491 ruina
3125 1451 3233 1492 non
3263 1432 3561 1495 exsultavit

1971 1521 2204 1590 inimici,
2237 1521 2383 1595 quod
2404 1521 2585 1579 verbis
2610 1520 2888 1581 maledicis
2910 1528 3275 1597 persecutores
3295 1532 3420 1583 suos
3450 1542 3559 1581 non
3614 1566 3619 1571 ι

1971 1609 2231 1682 impetiit,
2260 1610 2406 1682 quod
2432 1612 2716 1669 saevientes
2737 1612 3064 1670 intrinsecus
3086 1618 3462 1688 aequanimiter
3482 1626 3560 1676 to-

1972 1697 2249 1766 leravit,et
2275 1704 2409 1754 tunc
2443 1694 2664 1756 demum
2695 1698 3081 1773 hospitalitatis
3109 1714 3218 1759 suae
3240 1705 3559 1761 munificen-

1972 1788 2108 1843 tiam
2150 1786 2414 1858 protulit;
2446 1792 2509 1843 ut
2548 1784 2737 1845 audito
2774 1790 2983 1845 scilicet
3010 1790 3032 1826 ⁸
3074 1794 3403 1849 narrationis
3443 1793 3561 1865 ejus

1973 1874 2187 1943 ordine,
2216 1873 2490 1932 discamus
2518 1876 2646 1948 quia
2670 1877 2941 1933 exteriora
2980 1892 3203 1935 munera
3230 1898 3298 1936 ex
3345 1881 3557 1940 interna

1973 1963 2156 2022 cordis
2189 1962 2461 2018 munditia
2488 1962 2839 2033 condiuntur,
2869 1970 2933 2021 ut
2965 1966 3236 2023 virtutum
3271 1968 3387 2040 ejus
3416 1987 3561 2027 con-

1974 2052 2150 2109 textio
2191 2052 2442 2107 lectorem
2492 2052 2681 2110 doceat
2708 2054 2886 2127 qualis
2913 2055 3056 2126 apud
3101 2073 3159 2113 se
3202 2073 3316 2113 esse
3346 2056 3560 2131 debeat,

1974 2152 2100 2199 cum
2125 2141 2397 2196 exteriora
2427 2139 2568 2196 bona
2599 2141 2723 2198 aliis
2753 2141 3155 2201 subministrat.

2046 2229 2135 2286 29.
2168 2228 2234 2284 In
2276 2228 2421 2284 bonis
2456 2230 2697 2301 operibus
2725 2230 2952 2286 cavenda
2982 2232 3157 2288 elatio.
3195 2263 3267 2275 —
3299 2233 3403 2291 Sed
3440 2236 3562 2309 quis

1975 2334 2032 2376 se
2074 2318 2217 2374 inter
2260 2325 2411 2375 tanta
2439 2321 2707 2376 virtutum
2750 2322 2993 2378 culmina
3033 2331 3280 2379 sanctum
3308 2342 3422 2381 esse
3450 2343 3561 2383 non

1976 2406 2220 2464 crederet
2239 2407 2267 2464 ?
2293 2409 2427 2475 Quis
2448 2426 2556 2466 non
2588 2414 2865 2483 utcunque
2886 2411 3018 2482 ipsis
3050 2416 3134 2467 tot
3160 2413 3370 2469 meritis
3391 2422 3562 2470 tenta-

1977 2507 2147 2566 retur,
2177 2506 2239 2553 ut
2282 2498 2327 2553 si
2369 2500 2586 2571 quando
2625 2506 2687 2554 nt
2717 2497 2882 2554 homo
2910 2499 3270 2573 delinqueret,
3301 2502 3562 2560 delictum

1977 2604 2138 2644 suum
2168 2586 2486 2643 hominibus
2512 2586 2681 2643 nollet
2700 2588 2966 2645 innotesci
2990 2606 3004 2655 ;
3027 2595 3081 2645 et
3108 2589 3225 2645 leve
3244 2606 3357 2647 esse
3383 2591 3563 2648 crede-

1978 2685 2081 2747 ret,
2123 2679 2167 2734 si
2198 2678 2331 2753 quid
2371 2680 2429 2734 in
2463 2680 2709 2736 minimis
2747 2678 2891 2742 712
2928 2687 3210 2752 peccaret;
3241 2681 3564 2757 culpamque

1977 2794 2130 2835 suam
2160 2778 2347 2833 mallet
2374 2778 2395 2813 ⁵
2427 2776 2647 2835 silentio
2674 2786 2852 2851 tegere
2872 2795 3035 2852 quam
3057 2796 3191 2837 voce
3206 2779 3566 2840 confessionis

1977 2866 2229 2938 aperire?
2255 2868 2404 2939 Saepe
2426 2883 2659 2938 namque
2686 2868 2958 2938 contingit
2986 2876 3047 2923 ut
3066 2869 3240 2924 elatus
3261 2869 3560 2926 virtutibus

1977 2956 2215 3022 animus,
2236 2954 2367 3010 dum
2390 2954 2561 3009 multa
2575 2954 2718 3009 bona
2737 2955 2791 3010 in
2811 2955 3172 3010 aestimatione
3190 2956 3562 3025 proximorum

1977 3046 2045 3103 de
2073 3063 2129 3101 se
2160 3043 2335 3115 spargi
2368 3044 2704 3113 cognoverit,
2727 3044 2943 3113 agnosci
2977 3059 3084 3098 non
3106 3034 3241 3097 velit
3269 3044 3314 3099 si
3332 3043 3465 3114 quid
3482 3053 3565 3101 est

1977 3132 2123 3206 quod
2162 3124 2663 3202 reprehensibiliter
2699 3129 2850 3185 facit.
2896 3128 3040 3199 Quas
3076 3128 3334 3186 videlicet
3361 3132 3563 3189 erroris

1976 3218 2227 3275 tenebras
2271 3215 2479 3272 idcirco
2526 3232 2676 3273 mens
2709 3206 2926 3283 tolerat,
2966 3215 3094 3291 quia
3127 3215 3307 3273 cordis
3344 3206 3565 3277 oculum

1978 3315 2162 3363 tumor
2190 3314 2395 3378 gravat.
2428 3304 2579 3362 Unde
2599 3304 2787 3363 beatus
2814 3292 2915 3361 Job
2941 3305 3084 3362 inter
3102 3312 3185 3361 tot
3200 3306 3404 3363 eximia
3428 3308 3569 3366 facta

1978 3394 2270 3463 virtutum,
2302 3393 2395 3467 qui
2417 3388 2527 3450 tam
2559 3402 2805 3450 summus
2825 3393 3039 3450 exstitit
3058 3393 3114 3450 in
3142 3396 3476 3466 operatione,
3504 3403 3569 3453 ut

1979 3480 2376 3546 demonstraret
2403 3499 2567 3556 quam
2587 3478 2821 3542 humilis
2835 3480 3004 3541 fuerit
3023 3483 3081 3540 in
3095 3490 3297 3552 mente,
3320 3482 3569 3557 protinus

1978 3566 2263 3643 adjunxit:

2244 3694 2473 3752 CAPUT
2515 3693 2623 3752 xv
2660 3691 2801 3767 [νει.
2832 3693 2994 3763 XIII,
3031 3695 3152 3751 Bac.
3198 3694 3326 3767 IX].

2047 3796 2220 3859 Vsus.
2269 3802 2357 3858 83.
2402 3830 2474 3844 -
2521 3801 2581 3858 Si
2616 3798 2864 3855 abscondi
2911 3802 3069 3871 quasi
3111 3802 3263 3854 homo
3304 3794 3573 3871 peccatum

1977 3906 2170 3956 meum,
2195 3896 2245 3945 et
2268 3890 2432 3944 celavi
2455 3890 2512 3945 in
2539 3890 2661 3944 sinu
2693 3904 2809 3945 meo
2827 3889 3163 3959 iniquitatem
3179 3902 3365 3943 meum.

2051 3978 2141 4036 30.
2170 3978 2501 4035 Humilitatis
2528 3978 2892 4050 argumentum
2905 3980 2980 4032 est
3005 3975 3215 4047 cuipam
3242 3988 3393 4030 suam
3417 3974 3573 4047 conp

1982 4071 2082 4127 teri
2102 4088 2123 4135 ;
2148 4069 2424 4141 superbire,
2445 4082 2713 4124 emisere.
2737 4067 2956 4124 Peracta
2975 4065 3295 4131 excusando,
3319 4065 3575 4137 graviora

1950 4188 1957 4207 ι
1982 4159 2267 4215 reddimus.
2285 4188 2356 4199 -
2368 4157 2493 4215 Haec
2510 4163 2638 4214 sunt
2656 4169 2890 4230 namque
2908 4170 3051 4211 verm
3070 4152 3400 4210 humilitatis
3422 4154 3574 4210 testi-

1983 4249 2189 4315 monia,
2209 4253 2264 4303 et
2293 4247 2638 4319 iniquitatem
2666 4258 2821 4301 suam
2842 4257 3113 4317 quemque
3130 4256 3477 4315 cognoscere,
3512 4246 3571 4299 et

1981 4337 2256 4407 cognitam
2279 4349 2413 4390 voce
2436 4334 2796 4391 confessionis
2825 4333 3054 4404 aperire.
3080 4332 3152 4386 At
3168 4339 3381 4399 contra,
3403 4331 3573 4386 usita-

1980 4431 2101 4479 tum
2122 4423 2349 4478 humani
2369 4422 2578 4492 generis
2598 4420 2797 4475 vitium
2811 4428 2915 4484 est,
2934 4420 2959 4455 ο
2976 4425 3033 4473 et
3053 4417 3269 4475 latendo
3290 4425 3573 4490 peccatum

292 4513 417 4568 iram
441 4513 650 4585 judicis
672 4515 885 4586 placare
913 4515 1086 4569 nescit
1111 4514 1338 4582 oblatio,
1366 4514 1475 4569 nisi
1502 4528 1571 4569 ex
1597 4513 1871 4570 munditia
1905 4513 1956 4572 D
1983 4512 2346 4577 committere,
2389 4517 2443 4565 et
2481 4508 2833 4565 commissum
2864 4506 3111 4577 negando
3139 4505 3491 4573 abscondere,
3519 4513 3576 4562 et

294 4603 483 4673 placeat
510 4601 807 4659 offerentis.
847 4601 1001 4657 Unde
1016 4601 1281 4671 scriptum
1311 4608 1426 4656 est:
1457 4601 1701 4671 Respexit
1724 4600 1866 4656 Deus
1980 4601 2296 4657 convictum
2325 4596 2666 4654 defendendo
2695 4595 3084 4667 multiplicare.
3114 4595 3201 4650 Ex
3242 4593 3341 4650 illo
3370 4594 3576 4667 quippe

294 4690 360 4743 ad
376 4690 497 4745 Abel
521 4695 571 4743 et
596 4690 671 4744 ad
697 4704 915 4743 munera
946 4688 1082 4758 ejus,
1105 4688 1177 4742 ad
1211 4688 1348 4743 Cain
1368 4693 1541 4741 autem
1567 4693 1617 4740 et
1641 4688 1714 4741 ad
1735 4704 1866 4742 mu—
1977 4680 2133 4763 lapsu
2151 4688 2313 4760 primi
2328 4687 2569 4743 hominis
2581 4685 2701 4742 haec
2714 4690 3006 4758 augmenta
3022 4685 3280 4757 nequitias
3293 4683 3573 4749 ducimus,-

293 4791 415 4833 ἤδη
439 4777 548 4848 ejus
572 4792 683 4834 non
706 4778 937 4850 respexit
952 4778 977 4848 (
988 4777 1168 4833 Genes.
1190 4791 1272 4845 IV,
1290 4774 1347 4844 4,
1362 4774 1443 4847 5).
1470 4773 1655 4846 Neque
1667 4774 1869 4832 etenim

1982 4794 2055 4839 ex
2080 4794 2189 4855 quo
2218 4779 2389 4852 ipsam
2417 4776 2656 4835 radicem
2682 4776 2954 4833 traximus
2982 4776 3177 4849 culpmi
3208 4773 3300 4830 Sic
3326 4782 3567 4842 namque

2053 4958 2079 4996 ⁸
2107 4960 2313 5016 Poster.
2346 4956 2476 5025 Ed.,
2520 4956 2729 5015 silentio
2770 4958 2955 5013 tenere.
2993 4950 3056 5010 In
3094 4950 3199 5008 Ed.
3236 4945 3482 5004 Barthol.
3518 4948 3578 5003 et

1985 5030 2204 5098 Bamb,
2232 5039 2289 5086 et
2331 5032 2391 5086 in
2419 5031 2677 5086 omnibus
2704 5030 2832 5085 Mss.
2878 5026 3100 5091 nostris,
3132 5030 3313 5091 legem,
3342 5032 3413 5073 ex
3438 5030 3572 5090 quo,

1986 5109 2198 5157 mutato
2223 5119 2254 5173 g
2284 5102 2341 5173 in
2368 5118 2425 5168 η,
2455 5101 2621 5173 facile
2645 5098 2993 5173 fuit__eﬂ_icere
3027 5101 3215 5173 tenere.

2060 5175 2082 5208 ε
2116 5159 2446 5227 Ηίονιηίι-ιιήι
2472 5180 2553 5226 est
2572 5172 2700 5227 Mss.
2731 5166 3041 5223 dissidium.
3065 5163 3277 5229 Germ.,
3295 5159 3499 5215 Turon.
3520 5163 3578 5214 et

1985 5242 2152 5300 Corb.
2186 5243 2394 5308 Germ.,
2415 5257 2447 5297 a
2468 5243 2644 5312 prima
2672 5254 2837 5312 manu
2862 5234 3087 5312 habent,
3108 5238 3157 5312 et
3173 5230 3374 5287 tibeudo
3398 5245 3576 5302 pecca-

1988 5320 2119 5383 tum,
2144 5301 2501 5383 quodetiam
2552 5312 2669 5379 lego
2706 5309 2764 5383 in
2811 5303 3075 5383 omnibus
3107 5301 3336 5383 Norm,
3362 5301 3477 5383 ungi
3506 5313 3578 5355 ex

1987 5368 2415 5439 Ebroidensibns
2443 5368 2685 5453 dempto,
2714 5375 2932 5453 in_qug
2958 5372 3154 5453 legitur
3192 5378 3240 5427 et
3264 5368 3337 5428 ad
3365 5368 3567 5453 libitum

1988 5418 2415 5439 mlvlumloauuo
2443 5418 2662 5453 μυηηηυ
2815 5418 2921 5449 ,μυ
2960 5418 3146 5445 Wa"..-
3192 5418 3238 5427 -.
3265 5418 3335 5428 ..ν

1982 5460 2249 5527 peccatum
2286 5452 2615 5527 committere.
2656 5418 2860 5527 haud,
2896 5436 3055 5503 Corb.
3079 5444 3309 5527 _Germ_.l
3341 5456 3504 5527 secun

1990 5490 2263 5593 suis
2571 5490 3574 5597 "suaiztczauratawt

1990 5578 2295 5672 sequuntur
2314 5578 2415 5649 Ed.
2441 5578 2559 5672 Avet'.
2588 5578 3042 5672 Barthol.,Paris.
3065 5595 3121 5644 et
3133 5578 3308 5645 Basil.
3336 5581 3575 5646 Vindoc.

1990 5674 2041 5725 et
2064 5668 2252 5726 blande
2273 5670 2540 5739 peccatum
2563 5668 2895 5727 committere.

358 4957 375 5030 ἲ
404 4958 461 5030 In
490 4966 695 5016 recent.
720 4958 920 5025 Editis,
941 4957 1216 5015 contrario
1242 4972 1422 5025 sensu,
1444 4959 1526 5014 uel
1543 4957 1869 5030 omnimodo;

295 5028 379 5150 (alii
406 5029 631 5154 lectipni
659 5037 965 5104 repugnant
989 5030 1094 5086 Ed.
1130 5036 1243 5086 vet.
1269 5036 1324 5087 et
1346 5030 1501 5098 Msa,
1528 5037 1649 5086 tum
1676 5028 1869 5104 Angl.,

357 5115 403 5152 ω
433 5116 532 5154 nos
561 5118 628 5154 l'l.

357 5115 403 5152 [Il
433 5115 607 5155 llOSU'l
616 5144 628 5156 .

359 5168 379 5202 ³
406 5170 463 5224 In
494 5171 691 5226 iisdem
717 5170 920 5239 Editis,
943 5171 1073 5226 dare
1098 5187 1321 5241 namque
1343 5171 1415 5226 ad
1441 5189 1545 5228 res.
1575 5171 1872 5241 Addimus,

296 5244 542 5307 nostrum,
580 5258 651 5301 ex
690 5242 819 5298 Mss.
852 5243 1054 5299 nostris
1079 5240 1192 5299 fere
1213 5240 1491 5312 Omnibus,
1520 5251 1577 5299 et
1608 5259 1681 5299 ex
1716 5240 1873 5299 anti-l

299 5309 569 5368 qnioribus
594 5313 852 5368 Excnsis.

332 5325 569 5367 UlOl’lDllS
594 5325 852 5369 Εχϐυδιε.

299 5324 569 5380 quionnus
594 5324 852 5369 b‘xcnsis.

359 5382 378 5414 ³
412 5382 606 5457 Laud.,
637 5382 799 5457 Corb.
834 5383 1041 5452 Germ.,
1085 5382 1273 5457 Norm.
1302 5392 1358 5440 et
1392 5384 1493 5457 p|.,
1528 5383 1670 5457 quod
1700 5382 1876 5457 ruina:

297 5465 392 5527 non
410 5455 717 5527 gsnitacit.
748 5456 956 5523 Germ.,
985 5454 1223 5527 secunda
1249 5454 1411 5527 manu
1438 5454 1576 5527 quod
1604 5456 1657 5509 in
1686 5454 1869 5511 ruina.

360 5518 381 5556 ‘
407 5521 681 5598 Plerique,
713 5518 1045 5598 narrationis
1066 5541 1180 5598 sure
1194 5543 1207 5589 ;
1240 5518 1464 5598 fortasse
1483 5534 1671 5584 contra
1697 5542 1874 5598 gram-

300 5594 613 5669 maticorum
642 5596 819 5669 leges;
852 5603 910 5652 at
938 5596 1110 5669 liquet
1143 5594 1874 5669 Gregoriumtalibus'prae—

299 5656 457 5735 septis
486 5683 609 5731 scru
652 5656 819 5723 uiose'
832 5684 942 5722 non
982 5656 1165 5720 6btem
1205 5656 1411 5725 crasse:
1450 5667 1561 5726 duo
1588 5656 1869 5741 Sang‘erm.

301 5737 503 5794 nullum
529 5682 738 5795 habent
774 5751 1074 5795 pronomen
1102 5681 1396 5795 adfectum.

643 5753 711 5795 en

301 5737 503 5794 nullum
529 5737 738 5795 habent
773 5751 1074 5810 pronomen
1102 5737 1396 5807 adjectum.
1701 5737 1724 5741 ⁷
1930 5807 1953 5835 ἁ

1880 5910 1907 5919 ,μ
1924 5912 1927 5915 .

3728 5658 3761 5672 ι
