  <div class='ocr_page' id='page_1' title='image "/cluster/home/n/w/nwhite01/storage/ocr_20150623/76/hvd.32044052772456/123.png"; bbox 0 0 4162 6184; ppageno 0'>
   <div class='ocr_carea' id='block_1_1' title="bbox 581 299 688 356">
    <p class='ocr_par' dir='ltr' id='par_1_1' title="bbox 581 299 688 356">
     <span class='ocr_line' id='line_1_1' title="bbox 581 299 688 356; baseline -0.019 0"><span class='ocrx_word' id='word_1_1' title='bbox 581 299 688 356; x_wconf 77' lang='grc'><strong>231</strong></span> 
     </span>
    </p>
   </div>
   <div class='ocr_carea' id='block_1_2' title="bbox 1785 297 2672 360">
    <p class='ocr_par' dir='ltr' id='par_1_2' title="bbox 1785 297 2672 360">
     <span class='ocr_line' id='line_1_2' title="bbox 1785 297 2672 360; baseline 0.005 -6"><span class='ocrx_word' id='word_1_2' title='bbox 1785 297 2034 356; x_wconf 78' lang='lat' dir='ltr'><strong>SANCTI</strong></span> <span class='ocrx_word' id='word_1_3' title='bbox 2073 300 2408 360; x_wconf 83' lang='lat' dir='ltr'><strong>GREGORII</strong></span> <span class='ocrx_word' id='word_1_4' title='bbox 2444 303 2644 360; x_wconf 85' lang='lat' dir='ltr'><strong>MAGN</strong></span> <span class='ocrx_word' id='word_1_5' title='bbox 2649 304 2672 358; x_wconf 88' lang='grc' dir='ltr'>Ι</span> 
     </span>
    </p>
   </div>
   <div class='ocr_carea' id='block_1_3' title="bbox 3755 315 3853 374">
    <p class='ocr_par' dir='ltr' id='par_1_3' title="bbox 3755 315 3853 374">
     <span class='ocr_line' id='line_1_3' title="bbox 3755 315 3853 374; baseline 0.02 -2"><span class='ocrx_word' id='word_1_6' title='bbox 3755 315 3853 374; x_wconf 78' lang='lat'><strong>232</strong></span> 
     </span>
    </p>
   </div>
   <div class='ocr_carea' id='block_1_4' title="bbox 583 419 3852 508">
    <p class='ocr_par' dir='ltr' id='par_1_4' title="bbox 583 419 3852 508">
     <span class='ocr_line' id='line_1_4' title="bbox 583 419 3852 508; baseline 0.006 -32"><span class='ocrx_word' id='word_1_7' title='bbox 583 421 679 508; x_wconf 86' lang='lat' dir='ltr'><strong>ille</strong></span> <span class='ocrx_word' id='word_1_8' title='bbox 699 419 833 478; x_wconf 88' lang='lat' dir='ltr'><strong>dum</strong></span> <span class='ocrx_word' id='word_1_9' title='bbox 863 421 1072 494; x_wconf 85' lang='lat' dir='ltr'><strong>lignum</strong></span> <span class='ocrx_word' id='word_1_10' title='bbox 1101 421 1332 478; x_wconf 87' lang='lat' dir='ltr'><strong>vetitum</strong></span> <span class='ocrx_word' id='word_1_11' title='bbox 1359 421 1695 493; x_wconf 79' lang='lat' dir='ltr'><strong>contigisset,</strong></span> <span class='ocrx_word' id='word_1_12' title='bbox 1725 421 2013 480; x_wconf 83' lang='lat' dir='ltr'><strong>abscondit</strong></span> <span class='ocrx_word' id='word_1_13' title='bbox 2049 441 2106 480; x_wconf 90' lang='lat' dir='ltr'><strong>se</strong></span> <span class='ocrx_word' id='word_1_14' title='bbox 2131 440 2167 482; x_wconf 88' lang='lat' dir='ltr'><strong>a</strong></span> <span class='ocrx_word' id='word_1_15' title='bbox 2189 428 2244 490; x_wconf 79' lang='grc' dir='ltr'>Α</span> <span class='ocrx_word' id='word_1_16' title='bbox 2270 441 2366 498; x_wconf 88' lang='lat' dir='ltr'><strong>per</strong></span> <span class='ocrx_word' id='word_1_17' title='bbox 2392 428 2713 500; x_wconf 78' lang='lat' dir='ltr'><strong>nequitiam,</strong></span> <span class='ocrx_word' id='word_1_18' title='bbox 2741 443 2778 484; x_wconf 94' lang='lat' dir='ltr'><strong>a</strong></span> <span class='ocrx_word' id='word_1_19' title='bbox 2810 429 3104 504; x_wconf 89' lang='lat' dir='ltr'><strong>semetipso</strong></span> <span class='ocrx_word' id='word_1_20' title='bbox 3129 431 3276 490; x_wconf 88' lang='lat' dir='ltr'><strong>foras</strong></span> <span class='ocrx_word' id='word_1_21' title='bbox 3313 443 3476 490; x_wconf 82' lang='lat' dir='ltr'><strong>exeat</strong></span> <span class='ocrx_word' id='word_1_22' title='bbox 3509 449 3614 508; x_wconf 84' lang='lat' dir='ltr'><strong>per</strong></span> <span class='ocrx_word' id='word_1_23' title='bbox 3637 438 3852 496; x_wconf 86' lang='lat' dir='ltr'><strong>confes-</strong></span> 
     </span>
    </p>
   </div>
   <div class='ocr_carea' id='block_1_5' title="bbox 581 507 2162 584">
    <p class='ocr_par' dir='ltr' id='par_1_5' title="bbox 581 507 2162 584">
     <span class='ocr_line' id='line_1_5' title="bbox 581 507 2162 584; baseline 0.003 -20"><span class='ocrx_word' id='word_1_24' title='bbox 581 507 722 566; x_wconf 90' lang='lat' dir='ltr'><strong>facie</strong></span> <span class='ocrx_word' id='word_1_25' title='bbox 739 509 959 566; x_wconf 88' lang='lat' dir='ltr'><strong>Domini</strong></span> <span class='ocrx_word' id='word_1_26' title='bbox 975 509 1118 565; x_wconf 88' lang='lat' dir='ltr'><strong>inter</strong></span> <span class='ocrx_word' id='word_1_27' title='bbox 1133 509 1284 581; x_wconf 89' lang='lat' dir='ltr'><strong>ligna</strong></span> <span class='ocrx_word' id='word_1_28' title='bbox 1300 509 1555 582; x_wconf 80' lang='lat' dir='ltr'><strong>paradisi.</strong></span> <span class='ocrx_word' id='word_1_29' title='bbox 1577 511 1641 567; x_wconf 92' lang='lat' dir='ltr'><strong>In</strong></span> <span class='ocrx_word' id='word_1_30' title='bbox 1660 527 1768 584; x_wconf 90' lang='lat' dir='ltr'><strong>qua</strong></span> <span class='ocrx_word' id='word_1_31' title='bbox 1780 510 2162 581; x_wconf 89' lang='lat' dir='ltr'><strong>absconsione,</strong></span> 
     </span>
    </p>
   </div>
   <div class='ocr_carea' id='block_1_6' title="bbox 581 598 2164 674">
    <p class='ocr_par' dir='ltr' id='par_1_6' title="bbox 581 598 2164 674">
     <span class='ocr_line' id='line_1_6' title="bbox 581 598 2164 674; baseline 0.001 -18"><span class='ocrx_word' id='word_1_32' title='bbox 581 598 792 656; x_wconf 78' lang='lat' dir='ltr'><strong>scilicet</strong></span> <span class='ocrx_word' id='word_1_33' title='bbox 838 598 965 670; x_wconf 82' lang='lat' dir='ltr'><strong>quia</strong></span> <span class='ocrx_word' id='word_1_34' title='bbox 989 599 1165 655; x_wconf 88' lang='lat' dir='ltr'><strong>Deum</strong></span> <span class='ocrx_word' id='word_1_35' title='bbox 1197 599 1364 655; x_wconf 89' lang='lat' dir='ltr'><strong>latere</strong></span> <span class='ocrx_word' id='word_1_36' title='bbox 1399 615 1510 656; x_wconf 90' lang='lat' dir='ltr'><strong>non</strong></span> <span class='ocrx_word' id='word_1_37' title='bbox 1553 609 1789 674; x_wconf 81' lang='lat' dir='ltr'><strong>poterat,</strong></span> <span class='ocrx_word' id='word_1_38' title='bbox 1818 617 1930 658; x_wconf 93' lang='lat' dir='ltr'><strong>non</strong></span> <span class='ocrx_word' id='word_1_39' title='bbox 1958 601 2164 658; x_wconf 81' lang='lat' dir='ltr'><strong>latendi</strong></span> 
     </span>
    </p>
   </div>
   <div class='ocr_carea' id='block_1_7' title="bbox 467 685 2163 758">
    <p class='ocr_par' dir='ltr' id='par_1_7' title="bbox 467 685 2163 758">
     <span class='ocr_line' id='line_1_7' title="bbox 467 685 2163 758; baseline 0.004 -19"><span class='ocrx_word' id='word_1_40' title='bbox 467 735 472 739; x_wconf 90' lang='lat'><strong>.</strong></span> <span class='ocrx_word' id='word_1_41' title='bbox 579 687 801 743; x_wconf 83' lang='lat' dir='ltr'><strong>eﬂ&#39;ectus</strong></span> <span class='ocrx_word' id='word_1_42' title='bbox 829 685 1180 756; x_wconf 83' lang='lat' dir='ltr'><strong>describitur,</strong></span> <span class='ocrx_word' id='word_1_43' title='bbox 1208 687 1303 746; x_wconf 90' lang='lat' dir='ltr'><strong>sed</strong></span> <span class='ocrx_word' id='word_1_44' title='bbox 1329 688 1555 746; x_wconf 84' lang='lat' dir='ltr'><strong>affectus</strong></span> <span class='ocrx_word' id='word_1_45' title='bbox 1599 697 1840 746; x_wconf 89' lang='lat' dir='ltr'><strong>notatur.</strong></span> <span class='ocrx_word' id='word_1_46' title='bbox 1886 690 1991 758; x_wconf 89' lang='lat' dir='ltr'><strong>Qui</strong></span> <span class='ocrx_word' id='word_1_47' title='bbox 2035 705 2163 746; x_wconf 90' lang='lat' dir='ltr'><strong>cum</strong></span> 
     </span>
    </p>
   </div>
   <div class='ocr_carea' id='block_1_8' title="bbox 577 774 2165 850">
    <p class='ocr_par' dir='ltr' id='par_1_8' title="bbox 577 774 2165 850">
     <span class='ocr_line' id='line_1_8' title="bbox 577 774 2165 850; baseline 0.004 -23"><span class='ocrx_word' id='word_1_48' title='bbox 577 780 893 844; x_wconf 78' lang='lat' dir='ltr'><strong>argueretur</strong></span> <span class='ocrx_word' id='word_1_49' title='bbox 918 790 952 830; x_wconf 92' lang='lat' dir='ltr'><strong>a</strong></span> <span class='ocrx_word' id='word_1_50' title='bbox 976 774 1234 844; x_wconf 91' lang='lat' dir='ltr'><strong>Domino,</strong></span> <span class='ocrx_word' id='word_1_51' title='bbox 1264 775 1414 848; x_wconf 91' lang='lat' dir='ltr'><strong>quod</strong></span> <span class='ocrx_word' id='word_1_52' title='bbox 1435 777 1504 833; x_wconf 94' lang='lat' dir='ltr'><strong>de</strong></span> <span class='ocrx_word' id='word_1_53' title='bbox 1532 777 1681 848; x_wconf 89' lang='lat' dir='ltr'><strong>ligno</strong></span> <span class='ocrx_word' id='word_1_54' title='bbox 1708 777 1881 833; x_wconf 90' lang='lat' dir='ltr'><strong>vetito</strong></span> <span class='ocrx_word' id='word_1_55' title='bbox 1907 777 2165 850; x_wconf 87' lang='lat' dir='ltr'><strong>contigis-</strong></span> 
     </span>
    </p>
   </div>
   <div class='ocr_carea' id='block_1_9' title="bbox 577 861 2164 937">
    <p class='ocr_par' dir='ltr' id='par_1_9' title="bbox 577 861 2164 937">
     <span class='ocr_line' id='line_1_9' title="bbox 577 861 2164 937; baseline 0.004 -22"><span class='ocrx_word' id='word_1_56' title='bbox 577 869 680 928; x_wconf 85' lang='lat' dir='ltr'><strong>set,</strong></span> <span class='ocrx_word' id='word_1_57' title='bbox 707 861 859 919; x_wconf 89' lang='lat' dir='ltr'><strong>illico</strong></span> <span class='ocrx_word' id='word_1_58' title='bbox 883 863 1164 935; x_wconf 84' lang='lat' dir='ltr'><strong>respondit</strong></span> <span class='ocrx_word' id='word_1_59' title='bbox 1181 882 1195 922; x_wconf 88' lang='lat'><strong>:</strong></span> <span class='ocrx_word' id='word_1_60' title='bbox 1219 866 1418 925; x_wconf 80' lang='lat' dir='ltr'><strong>Mulier</strong></span> <span class='ocrx_word' id='word_1_61' title='bbox 1433 883 1593 937; x_wconf 86' lang='lat' dir='ltr'><strong>quam</strong></span> <span class='ocrx_word' id='word_1_62' title='bbox 1610 866 1800 922; x_wconf 75' lang='lat' dir='ltr'><strong>dedisti</strong></span> <span class='ocrx_word' id='word_1_63' title='bbox 1823 867 1954 921; x_wconf 83' lang='lat' dir='ltr'><strong>mihi</strong></span> <span class='ocrx_word' id='word_1_64' title='bbox 1971 868 2164 922; x_wconf 86' lang='lat' dir='ltr'><strong>sociam</strong></span> 
     </span>
    </p>
   </div>
   <div class='ocr_carea' id='block_1_10' title="bbox 574 947 2165 1026">
    <p class='ocr_par' dir='ltr' id='par_1_10' title="bbox 574 947 2165 1026">
     <span class='ocr_line' id='line_1_10' title="bbox 574 947 2165 1026; baseline 0.006 -24"><span class='ocrx_word' id='word_1_65' title='bbox 574 947 694 1019; x_wconf 83' lang='lat' dir='ltr'><strong>ipsa</strong></span> <span class='ocrx_word' id='word_1_66' title='bbox 709 949 840 1005; x_wconf 84' lang='lat' dir='ltr'><strong>mihi</strong></span> <span class='ocrx_word' id='word_1_67' title='bbox 856 951 1000 1006; x_wconf 87' lang='lat' dir='ltr'><strong>dedit</strong></span> <span class='ocrx_word' id='word_1_68' title='bbox 1017 951 1079 1007; x_wconf 85' lang='lat' dir='ltr'><strong>de</strong></span> <span class='ocrx_word' id='word_1_69' title='bbox 1099 952 1260 1024; x_wconf 78' lang='lat' dir='ltr'><strong>ligno,</strong></span> <span class='ocrx_word' id='word_1_70' title='bbox 1279 959 1328 1008; x_wconf 89' lang='lat' dir='ltr'><strong>et</strong></span> <span class='ocrx_word' id='word_1_71' title='bbox 1345 955 1539 1008; x_wconf 81' lang='lat' dir='ltr'><strong>comedi</strong></span> <span class='ocrx_word' id='word_1_72' title='bbox 1551 954 1579 1024; x_wconf 94' lang='lat'><em>(</em></span> <span class='ocrx_word' id='word_1_73' title='bbox 1587 955 1766 1008; x_wconf 88' lang='lat' dir='ltr'><strong>Genes.</strong></span> <span class='ocrx_word' id='word_1_74' title='bbox 1790 969 1876 1020; x_wconf 85' lang='grc' dir='ltr'><strong>ιιι,</strong></span> <span class='ocrx_word' id='word_1_75' title='bbox 1907 955 1996 1024; x_wconf 79' lang='grc'><strong>12)</strong></span> <span class='ocrx_word' id='word_1_76' title='bbox 2008 997 2020 1008; x_wconf 93' lang='grc'><strong>.</strong></span> <span class='ocrx_word' id='word_1_77' title='bbox 2043 957 2165 1026; x_wconf 88' lang='lat' dir='ltr'><strong>Ipsa</strong></span> 
     </span>
    </p>
   </div>
   <div class='ocr_carea' id='block_1_11' title="bbox 575 1039 2165 1112">
    <p class='ocr_par' dir='ltr' id='par_1_11' title="bbox 575 1039 2165 1112">
     <span class='ocr_line' id='line_1_11' title="bbox 575 1039 2165 1112; baseline 0.003 -20"><span class='ocrx_word' id='word_1_78' title='bbox 575 1050 792 1109; x_wconf 88' lang='lat' dir='ltr'><strong>quoque</strong></span> <span class='ocrx_word' id='word_1_79' title='bbox 831 1039 1030 1095; x_wconf 86' lang='lat' dir='ltr'><strong>mulier</strong></span> <span class='ocrx_word' id='word_1_80' title='bbox 1068 1039 1332 1111; x_wconf 86' lang='lat' dir='ltr'><strong>inquisita</strong></span> <span class='ocrx_word' id='word_1_81' title='bbox 1356 1039 1655 1111; x_wconf 82' lang='lat' dir='ltr'><strong>respondit,</strong></span> <span class='ocrx_word' id='word_1_82' title='bbox 1681 1040 1904 1096; x_wconf 89' lang='lat' dir='ltr'><strong>dicens:</strong></span> <span class='ocrx_word' id='word_1_83' title='bbox 1943 1041 2165 1112; x_wconf 84' lang='lat' dir='ltr'><strong>Serpens</strong></span> 
     </span>
    </p>
   </div>
   <div class='ocr_carea' id='block_1_12' title="bbox 574 1123 2162 1202">
    <p class='ocr_par' dir='ltr' id='par_1_12' title="bbox 574 1123 2162 1202">
     <span class='ocr_line' id='line_1_12' title="bbox 574 1123 2162 1202; baseline 0.004 -24"><span class='ocrx_word' id='word_1_84' title='bbox 574 1123 772 1196; x_wconf 85' lang='lat' dir='ltr'><strong>decepit</strong></span> <span class='ocrx_word' id='word_1_85' title='bbox 792 1143 893 1191; x_wconf 86' lang='lat' dir='ltr'><strong>me,</strong></span> <span class='ocrx_word' id='word_1_86' title='bbox 915 1131 967 1180; x_wconf 88' lang='lat' dir='ltr'><strong>et</strong></span> <span class='ocrx_word' id='word_1_87' title='bbox 988 1127 1184 1182; x_wconf 77' lang='lat' dir='ltr'><strong>comedi</strong></span> <span class='ocrx_word' id='word_1_88' title='bbox 1203 1127 1398 1199; x_wconf 88' lang='lat' dir='ltr'><strong>(Ibid.,</strong></span> <span class='ocrx_word' id='word_1_89' title='bbox 1430 1127 1544 1201; x_wconf 84' lang='grc'><strong>13).</strong></span> <span class='ocrx_word' id='word_1_90' title='bbox 1575 1127 1662 1184; x_wconf 86' lang='lat' dir='ltr'><strong>Ad</strong></span> <span class='ocrx_word' id='word_1_91' title='bbox 1691 1127 1798 1186; x_wconf 90' lang='lat' dir='ltr'><strong>hoc</strong></span> <span class='ocrx_word' id='word_1_92' title='bbox 1825 1129 2024 1202; x_wconf 87' lang='lat' dir='ltr'><strong>quippe</strong></span> <span class='ocrx_word' id='word_1_93' title='bbox 2065 1145 2162 1185; x_wconf 90' lang='lat' dir='ltr'><strong>re-</strong></span> 
     </span>
    </p>
   </div>
   <div class='ocr_carea' id='block_1_13' title="bbox 573 1212 2160 1293">
    <p class='ocr_par' dir='ltr' id='par_1_13' title="bbox 573 1212 2160 1293">
     <span class='ocr_line' id='line_1_13' title="bbox 573 1212 2160 1293; baseline 0.004 -28"><span class='ocrx_word' id='word_1_94' title='bbox 573 1212 765 1282; x_wconf 89' lang='lat' dir='ltr'><strong>quisiti</strong></span> <span class='ocrx_word' id='word_1_95' title='bbox 811 1213 1049 1281; x_wconf 82' lang='lat' dir='ltr'><strong>fuerant,</strong></span> <span class='ocrx_word' id='word_1_96' title='bbox 1089 1222 1154 1270; x_wconf 92' lang='lat' dir='ltr'><strong>ut</strong></span> <span class='ocrx_word' id='word_1_97' title='bbox 1196 1222 1479 1286; x_wconf 89' lang='lat' dir='ltr'><strong>peccatum</strong></span> <span class='ocrx_word' id='word_1_98' title='bbox 1527 1217 1673 1288; x_wconf 91' lang='lat' dir='ltr'><strong>quod</strong></span> <span class='ocrx_word' id='word_1_99' title='bbox 1713 1216 2160 1293; x_wconf 81' lang='lat' dir='ltr'><strong>transgrediendo</strong></span> 
     </span>
    </p>
   </div>
   <div class='ocr_carea' id='block_1_14' title="bbox 571 1301 2158 1378">
    <p class='ocr_par' dir='ltr' id='par_1_14' title="bbox 571 1301 2158 1378">
     <span class='ocr_line' id='line_1_14' title="bbox 571 1301 2158 1378; baseline 0.006 -23"><span class='ocrx_word' id='word_1_100' title='bbox 571 1301 964 1358; x_wconf 85' lang='lat' dir='ltr'><strong>commiserant</strong></span> <span class='ocrx_word' id='word_1_101' title='bbox 1003 1304 1314 1362; x_wconf 89' lang='lat' dir='ltr'><strong>conﬁtendo</strong></span> <span class='ocrx_word' id='word_1_102' title='bbox 1356 1307 1617 1362; x_wconf 87' lang='lat' dir='ltr'><strong>delerent.</strong></span> <span class='ocrx_word' id='word_1_103' title='bbox 1666 1307 1820 1364; x_wconf 92' lang='lat' dir='ltr'><strong>Unde</strong></span> <span class='ocrx_word' id='word_1_104' title='bbox 1859 1315 1913 1364; x_wconf 90' lang='lat' dir='ltr'><strong>et</strong></span> <span class='ocrx_word' id='word_1_105' title='bbox 1939 1324 2158 1378; x_wconf 83' lang='lat' dir='ltr'><strong>serpens</strong></span> 
     </span>
    </p>
   </div>
   <div class='ocr_carea' id='block_1_15' title="bbox 573 1385 2156 1464">
    <p class='ocr_par' dir='ltr' id='par_1_15' title="bbox 573 1385 2156 1464">
     <span class='ocr_line' id='line_1_15' title="bbox 573 1385 2156 1464; baseline 0.004 -23"><span class='ocrx_word' id='word_1_106' title='bbox 573 1385 669 1442; x_wconf 92' lang='lat' dir='ltr'><strong>ille</strong></span> <span class='ocrx_word' id='word_1_107' title='bbox 695 1404 1002 1460; x_wconf 88' lang='lat' dir='ltr'><strong>persuasor,</strong></span> <span class='ocrx_word' id='word_1_108' title='bbox 1032 1393 1128 1464; x_wconf 89' lang='lat' dir='ltr'><strong>qui</strong></span> <span class='ocrx_word' id='word_1_109' title='bbox 1155 1409 1266 1448; x_wconf 92' lang='lat' dir='ltr'><strong>non</strong></span> <span class='ocrx_word' id='word_1_110' title='bbox 1294 1401 1410 1450; x_wconf 89' lang='lat' dir='ltr'><strong>erat</strong></span> <span class='ocrx_word' id='word_1_111' title='bbox 1445 1393 1784 1450; x_wconf 90' lang='lat' dir='ltr'><strong>revocandus</strong></span> <span class='ocrx_word' id='word_1_112' title='bbox 1810 1393 1880 1448; x_wconf 90' lang='lat' dir='ltr'><strong>ad</strong></span> <span class='ocrx_word' id='word_1_113' title='bbox 1917 1393 2156 1462; x_wconf 84' lang='lat' dir='ltr'><strong>veniam,</strong></span> 
     </span>
    </p>
   </div>
   <div class='ocr_carea' id='block_1_16' title="bbox 571 1477 2158 1555">
    <p class='ocr_par' dir='ltr' id='par_1_16' title="bbox 571 1477 2158 1555">
     <span class='ocr_line' id='line_1_16' title="bbox 571 1477 2158 1555; baseline 0.004 -24"><span class='ocrx_word' id='word_1_114' title='bbox 571 1491 685 1532; x_wconf 91' lang='lat' dir='ltr'><strong>non</strong></span> <span class='ocrx_word' id='word_1_115' title='bbox 708 1485 790 1534; x_wconf 91' lang='lat' dir='ltr'><strong>est</strong></span> <span class='ocrx_word' id='word_1_116' title='bbox 808 1477 876 1535; x_wconf 93' lang='lat' dir='ltr'><strong>de</strong></span> <span class='ocrx_word' id='word_1_117' title='bbox 893 1480 1056 1552; x_wconf 88' lang='lat' dir='ltr'><strong>culpa</strong></span> <span class='ocrx_word' id='word_1_118' title='bbox 1070 1482 1384 1555; x_wconf 89' lang='lat' dir='ltr'><strong>requisitus.</strong></span> <span class='ocrx_word' id='word_1_119' title='bbox 1407 1483 1773 1552; x_wconf 74' lang='lat' dir='ltr'><strong>Interrogatus</strong></span> <span class='ocrx_word' id='word_1_120' title='bbox 1792 1481 1974 1552; x_wconf 87' lang='lat' dir='ltr'><strong>itaque</strong></span> <span class='ocrx_word' id='word_1_121' title='bbox 1991 1481 2158 1538; x_wconf 93' lang='lat' dir='ltr'><strong>homo</strong></span> 
     </span>
    </p>
   </div>
   <div class='ocr_carea' id='block_1_17' title="bbox 571 1567 2162 1642">
    <p class='ocr_par' dir='ltr' id='par_1_17' title="bbox 571 1567 2162 1642">
     <span class='ocr_line' id='line_1_17' title="bbox 571 1567 2162 1642; baseline 0.001 -20"><span class='ocrx_word' id='word_1_122' title='bbox 571 1573 654 1622; x_wconf 91' lang='lat' dir='ltr'><strong>est</strong></span> <span class='ocrx_word' id='word_1_123' title='bbox 693 1567 790 1624; x_wconf 92' lang='lat' dir='ltr'><strong>ubi</strong></span> <span class='ocrx_word' id='word_1_124' title='bbox 836 1575 998 1637; x_wconf 89' lang='lat' dir='ltr'><strong>esset,</strong></span> <span class='ocrx_word' id='word_1_125' title='bbox 1041 1577 1103 1625; x_wconf 89' lang='lat' dir='ltr'><strong>ut</strong></span> <span class='ocrx_word' id='word_1_126' title='bbox 1131 1577 1490 1642; x_wconf 89' lang='lat' dir='ltr'><strong>perpetratam</strong></span> <span class='ocrx_word' id='word_1_127' title='bbox 1521 1569 1739 1640; x_wconf 88' lang='lat' dir='ltr'><strong>culpam</strong></span> <span class='ocrx_word' id='word_1_128' title='bbox 1767 1572 2076 1639; x_wconf 87' lang='lat' dir='ltr'><strong>respiceret,</strong></span> <span class='ocrx_word' id='word_1_129' title='bbox 2105 1575 2162 1624; x_wconf 88' lang='lat' dir='ltr'><strong>et</strong></span> 
     </span>
    </p>
   </div>
   <div class='ocr_carea' id='block_1_18' title="bbox 571 1653 2160 1728">
    <p class='ocr_par' dir='ltr' id='par_1_18' title="bbox 571 1653 2160 1728">
     <span class='ocr_line' id='line_1_18' title="bbox 571 1653 2160 1728; baseline 0.001 -18"><span class='ocrx_word' id='word_1_130' title='bbox 571 1653 884 1710; x_wconf 87' lang='lat' dir='ltr'><strong>conﬁtendo</strong></span> <span class='ocrx_word' id='word_1_131' title='bbox 911 1665 1257 1726; x_wconf 80' lang='lat' dir='ltr'><strong>cognosceret</strong></span> <span class='ocrx_word' id='word_1_132' title='bbox 1286 1672 1450 1727; x_wconf 89' lang='lat' dir='ltr'><strong>quam</strong></span> <span class='ocrx_word' id='word_1_133' title='bbox 1487 1657 1646 1728; x_wconf 89' lang='lat' dir='ltr'><strong>longe</strong></span> <span class='ocrx_word' id='word_1_134' title='bbox 1672 1671 1707 1712; x_wconf 90' lang='lat' dir='ltr'><strong>a</strong></span> <span class='ocrx_word' id='word_1_135' title='bbox 1743 1655 2046 1712; x_wconf 84' lang='lat' dir='ltr'><strong>conditoris</strong></span> <span class='ocrx_word' id='word_1_136' title='bbox 2071 1657 2160 1712; x_wconf 89' lang='lat' dir='ltr'><strong>sui</strong></span> 
     </span>
    </p>
   </div>
   <div class='ocr_carea' id='block_1_19' title="bbox 569 1738 2160 1816">
    <p class='ocr_par' dir='ltr' id='par_1_19' title="bbox 569 1738 2160 1816">
     <span class='ocr_line' id='line_1_19' title="bbox 569 1738 2160 1816; baseline 0.003 -22"><span class='ocrx_word' id='word_1_137' title='bbox 569 1738 710 1796; x_wconf 81' lang='lat' dir='ltr'><strong>facie</strong></span> <span class='ocrx_word' id='word_1_138' title='bbox 741 1743 757 1775; x_wconf 83' lang='grc'>¹</span> <span class='ocrx_word' id='word_1_139' title='bbox 785 1741 1015 1798; x_wconf 89' lang='lat' dir='ltr'><strong>abesset.</strong></span> <span class='ocrx_word' id='word_1_140' title='bbox 1047 1743 1152 1799; x_wconf 84' lang='lat' dir='ltr'><strong>Sed</strong></span> <span class='ocrx_word' id='word_1_141' title='bbox 1181 1742 1440 1800; x_wconf 86' lang='lat' dir='ltr'><strong>adhibere</strong></span> <span class='ocrx_word' id='word_1_142' title='bbox 1467 1742 1689 1799; x_wconf 90' lang='lat' dir='ltr'><strong>sibimet</strong></span> <span class='ocrx_word' id='word_1_143' title='bbox 1714 1744 1934 1816; x_wconf 86' lang='lat' dir='ltr'><strong>utrique</strong></span> <span class='ocrx_word' id='word_1_144' title='bbox 1961 1743 2160 1799; x_wconf 87' lang='lat' dir='ltr'><strong>defen—</strong></span> 
     </span>
    </p>
   </div>
   <div class='ocr_carea' id='block_1_20' title="bbox 569 1827 2160 1902">
    <p class='ocr_par' dir='ltr' id='par_1_20' title="bbox 569 1827 2160 1902">
     <span class='ocr_line' id='line_1_20' title="bbox 569 1827 2160 1902; baseline 0.004 -20"><span class='ocrx_word' id='word_1_145' title='bbox 569 1827 741 1884; x_wconf 88' lang='lat' dir='ltr'><strong>sionis</strong></span> <span class='ocrx_word' id='word_1_146' title='bbox 769 1829 963 1886; x_wconf 89' lang='lat' dir='ltr'><strong>solatia</strong></span> <span class='ocrx_word' id='word_1_147' title='bbox 1003 1847 1166 1902; x_wconf 86' lang='lat' dir='ltr'><strong>quam</strong></span> <span class='ocrx_word' id='word_1_148' title='bbox 1195 1831 1553 1887; x_wconf 86' lang='lat' dir='ltr'><strong>confessionis</strong></span> <span class='ocrx_word' id='word_1_149' title='bbox 1581 1833 1878 1902; x_wconf 89' lang='lat' dir='ltr'><strong>elegerunt.</strong></span> <span class='ocrx_word' id='word_1_150' title='bbox 1913 1830 2160 1902; x_wconf 87' lang='lat' dir='ltr'><strong>Cumque</strong></span> 
     </span>
    </p>
   </div>
   <div class='ocr_carea' id='block_1_21' title="bbox 570 1919 2162 1992">
    <p class='ocr_par' dir='ltr' id='par_1_21' title="bbox 570 1919 2162 1992">
     <span class='ocr_line' id='line_1_21' title="bbox 570 1919 2162 1992; baseline 0.003 -21"><span class='ocrx_word' id='word_1_151' title='bbox 570 1931 830 1972; x_wconf 89' lang='lat' dir='ltr'><strong>excusare</strong></span> <span class='ocrx_word' id='word_1_152' title='bbox 849 1925 1132 1989; x_wconf 89' lang='lat' dir='ltr'><strong>peccatum</strong></span> <span class='ocrx_word' id='word_1_153' title='bbox 1162 1919 1340 1974; x_wconf 92' lang='lat' dir='ltr'><strong>voluit</strong></span> <span class='ocrx_word' id='word_1_154' title='bbox 1367 1919 1456 1974; x_wconf 91' lang='lat' dir='ltr'><strong>vir</strong></span> <span class='ocrx_word' id='word_1_155' title='bbox 1487 1934 1582 1992; x_wconf 92' lang='lat' dir='ltr'><strong>per</strong></span> <span class='ocrx_word' id='word_1_156' title='bbox 1621 1919 1930 1987; x_wconf 88' lang='lat' dir='ltr'><strong>mulierem,</strong></span> <span class='ocrx_word' id='word_1_157' title='bbox 1961 1919 2162 1975; x_wconf 89' lang='lat' dir='ltr'><strong>mulier</strong></span> 
     </span>
    </p>
   </div>
   <div class='ocr_carea' id='block_1_22' title="bbox 570 2005 2159 2080">
    <p class='ocr_par' dir='ltr' id='par_1_22' title="bbox 570 2005 2159 2080">
     <span class='ocr_line' id='line_1_22' title="bbox 570 2005 2159 2080; baseline 0 -21"><span class='ocrx_word' id='word_1_158' title='bbox 570 2018 667 2075; x_wconf 91' lang='lat' dir='ltr'><strong>per</strong></span> <span class='ocrx_word' id='word_1_159' title='bbox 691 2012 1017 2076; x_wconf 80' lang='lat' dir='ltr'><strong>serpentem,</strong></span> <span class='ocrx_word' id='word_1_160' title='bbox 1045 2014 1317 2062; x_wconf 88' lang='lat' dir='ltr'><strong>auxerunt</strong></span> <span class='ocrx_word' id='word_1_161' title='bbox 1343 2007 1582 2078; x_wconf 87' lang='lat' dir='ltr'><strong>culpam,</strong></span> <span class='ocrx_word' id='word_1_162' title='bbox 1613 2023 1776 2080; x_wconf 90' lang='lat' dir='ltr'><strong>quam</strong></span> <span class='ocrx_word' id='word_1_163' title='bbox 1803 2007 1947 2062; x_wconf 86' lang='lat' dir='ltr'><strong>tueri</strong></span> <span class='ocrx_word' id='word_1_164' title='bbox 1973 2005 2159 2064; x_wconf 88' lang='lat' dir='ltr'><strong>conati</strong></span> 
     </span>
    </p>
   </div>
   <div class='ocr_carea' id='block_1_23' title="bbox 567 2093 2158 2167">
    <p class='ocr_par' dir='ltr' id='par_1_23' title="bbox 567 2093 2158 2167">
     <span class='ocr_line' id='line_1_23' title="bbox 567 2093 2158 2167; baseline 0 -17"><span class='ocrx_word' id='word_1_165' title='bbox 567 2101 733 2150; x_wconf 86' lang='lat' dir='ltr'><strong>sunt:</strong></span> <span class='ocrx_word' id='word_1_166' title='bbox 766 2093 986 2166; x_wconf 88' lang='lat' dir='ltr'><strong>oblique</strong></span> <span class='ocrx_word' id='word_1_167' title='bbox 1017 2093 1190 2149; x_wconf 83' lang='lat' dir='ltr'><strong>Adam</strong></span> <span class='ocrx_word' id='word_1_168' title='bbox 1232 2095 1530 2151; x_wconf 91' lang='lat' dir='ltr'><strong>Dominum</strong></span> <span class='ocrx_word' id='word_1_169' title='bbox 1567 2101 1814 2166; x_wconf 90' lang='lat' dir='ltr'><strong>tangens,</strong></span> <span class='ocrx_word' id='word_1_170' title='bbox 1857 2093 2003 2167; x_wconf 91' lang='lat' dir='ltr'><strong>quod</strong></span> <span class='ocrx_word' id='word_1_171' title='bbox 2044 2093 2158 2166; x_wconf 90' lang='lat' dir='ltr'><strong>ipse</strong></span> 
     </span>
    </p>
   </div>
   <div class='ocr_carea' id='block_1_24' title="bbox 568 2181 2154 2256">
    <p class='ocr_par' dir='ltr' id='par_1_24' title="bbox 568 2181 2154 2256">
     <span class='ocr_line' id='line_1_24' title="bbox 568 2181 2154 2256; baseline 0.001 -19"><span class='ocrx_word' id='word_1_172' title='bbox 568 2181 772 2255; x_wconf 90' lang='lat' dir='ltr'><strong>peccati</strong></span> <span class='ocrx_word' id='word_1_173' title='bbox 799 2190 988 2238; x_wconf 85' lang='lat' dir='ltr'><strong>eorum</strong></span> <span class='ocrx_word' id='word_1_174' title='bbox 1016 2191 1208 2240; x_wconf 89' lang='lat' dir='ltr'><strong>auctor</strong></span> <span class='ocrx_word' id='word_1_175' title='bbox 1235 2184 1529 2253; x_wconf 83' lang='lat' dir='ltr'><strong>exstiterit,</strong></span> <span class='ocrx_word' id='word_1_176' title='bbox 1561 2185 1655 2256; x_wconf 89' lang='lat' dir='ltr'><strong>qui</strong></span> <span class='ocrx_word' id='word_1_177' title='bbox 1687 2183 1970 2240; x_wconf 88' lang='lat' dir='ltr'><strong>mulierem</strong></span> <span class='ocrx_word' id='word_1_178' title='bbox 1992 2183 2154 2251; x_wconf 87' lang='lat' dir='ltr'><strong>fecit;</strong></span> 
     </span>
    </p>
   </div>
   <div class='ocr_carea' id='block_1_25' title="bbox 567 2273 2155 2346">
    <p class='ocr_par' dir='ltr' id='par_1_25' title="bbox 567 2273 2155 2346">
     <span class='ocr_line' id='line_1_25' title="bbox 567 2273 2155 2346; baseline -0.001 -18"><span class='ocrx_word' id='word_1_179' title='bbox 567 2279 624 2328; x_wconf 89' lang='lat' dir='ltr'><strong>et</strong></span> <span class='ocrx_word' id='word_1_180' title='bbox 649 2273 766 2328; x_wconf 85' lang='lat' dir='ltr'><strong>Eva</strong></span> <span class='ocrx_word' id='word_1_181' title='bbox 795 2273 1010 2344; x_wconf 88' lang='lat' dir='ltr'><strong>culpam</strong></span> <span class='ocrx_word' id='word_1_182' title='bbox 1029 2273 1100 2328; x_wconf 89' lang='lat' dir='ltr'><strong>ad</strong></span> <span class='ocrx_word' id='word_1_183' title='bbox 1129 2275 1426 2330; x_wconf 90' lang='lat' dir='ltr'><strong>Dominum</strong></span> <span class='ocrx_word' id='word_1_184' title='bbox 1447 2274 1712 2342; x_wconf 84' lang='lat' dir='ltr'><strong>referens,</strong></span> <span class='ocrx_word' id='word_1_185' title='bbox 1729 2275 1823 2346; x_wconf 86' lang='lat' dir='ltr'><strong>qui</strong></span> <span class='ocrx_word' id='word_1_186' title='bbox 1853 2281 2155 2346; x_wconf 89' lang='lat' dir='ltr'><strong>serpentem</strong></span> 
     </span>
    </p>
   </div>
   <div class='ocr_carea' id='block_1_26' title="bbox 565 2355 2157 2432">
    <p class='ocr_par' dir='ltr' id='par_1_26' title="bbox 565 2355 2157 2432">
     <span class='ocr_line' id='line_1_26' title="bbox 565 2355 2157 2432; baseline -0.001 -16"><span class='ocrx_word' id='word_1_187' title='bbox 565 2355 624 2416; x_wconf 88' lang='lat' dir='ltr'><strong>in</strong></span> <span class='ocrx_word' id='word_1_188' title='bbox 654 2360 906 2431; x_wconf 89' lang='lat' dir='ltr'><strong>paradiso</strong></span> <span class='ocrx_word' id='word_1_189' title='bbox 938 2361 1228 2432; x_wconf 87' lang='lat' dir='ltr'><strong>posuisset.</strong></span> <span class='ocrx_word' id='word_1_190' title='bbox 1255 2361 1360 2430; x_wconf 89' lang='lat' dir='ltr'><strong>Qui</strong></span> <span class='ocrx_word' id='word_1_191' title='bbox 1391 2363 1542 2418; x_wconf 88' lang='lat' dir='ltr'><strong>enim</strong></span> <span class='ocrx_word' id='word_1_192' title='bbox 1569 2377 1663 2418; x_wconf 87' lang='lat' dir='ltr'><strong>ore</strong></span> <span class='ocrx_word' id='word_1_193' title='bbox 1691 2361 1898 2418; x_wconf 90' lang='lat' dir='ltr'><strong>diaboli</strong></span> <span class='ocrx_word' id='word_1_194' title='bbox 1917 2358 2157 2416; x_wconf 89' lang='lat' dir='ltr'><strong>fallentis</strong></span> 
     </span>
    </p>
   </div>
   <div class='ocr_carea' id='block_1_27' title="bbox 563 2447 2156 2521">
    <p class='ocr_par' dir='ltr' id='par_1_27' title="bbox 563 2447 2156 2521">
     <span class='ocr_line' id='line_1_27' title="bbox 563 2447 2156 2521; baseline -0.001 -17"><span class='ocrx_word' id='word_1_195' title='bbox 563 2447 850 2504; x_wconf 86' lang='lat' dir='ltr'><strong>audierant</strong></span> <span class='ocrx_word' id='word_1_196' title='bbox 874 2466 884 2504; x_wconf 94' lang='lat'>:</span> <span class='ocrx_word' id='word_1_197' title='bbox 933 2450 1107 2504; x_wconf 84' lang='lat' dir='ltr'><strong>Erilis</strong></span> <span class='ocrx_word' id='word_1_198' title='bbox 1153 2451 1284 2506; x_wconf 82' lang='lat' dir='ltr'><strong>sicut</strong></span> <span class='ocrx_word' id='word_1_199' title='bbox 1311 2450 1386 2506; x_wconf 86' lang='lat' dir='ltr'><strong>dii</strong></span> <span class='ocrx_word' id='word_1_200' title='bbox 1412 2451 1608 2519; x_wconf 89' lang='lat' dir='ltr'><strong>(Ibid.,</strong></span> <span class='ocrx_word' id='word_1_201' title='bbox 1635 2450 1718 2521; x_wconf 82' lang='lat'><strong>5),</strong></span> <span class='ocrx_word' id='word_1_202' title='bbox 1749 2450 1878 2521; x_wconf 88' lang='lat' dir='ltr'><strong>quia</strong></span> <span class='ocrx_word' id='word_1_203' title='bbox 1903 2452 2016 2506; x_wconf 93' lang='lat' dir='ltr'><strong>Deo</strong></span> <span class='ocrx_word' id='word_1_204' title='bbox 2041 2463 2156 2504; x_wconf 90' lang='lat' dir='ltr'><strong>esse</strong></span> 
     </span>
    </p>
   </div>
   <div class='ocr_carea' id='block_1_28' title="bbox 564 2537 2155 2610">
    <p class='ocr_par' dir='ltr' id='par_1_28' title="bbox 564 2537 2155 2610">
     <span class='ocr_line' id='line_1_28' title="bbox 564 2537 2155 2610; baseline -0.002 -16"><span class='ocrx_word' id='word_1_205' title='bbox 564 2539 776 2595; x_wconf 87' lang='lat' dir='ltr'><strong>similes</strong></span> <span class='ocrx_word' id='word_1_206' title='bbox 802 2540 858 2593; x_wconf 90' lang='lat' dir='ltr'><strong>in</strong></span> <span class='ocrx_word' id='word_1_207' title='bbox 881 2538 1174 2594; x_wconf 87' lang='lat' dir='ltr'><strong>divinitate</strong></span> <span class='ocrx_word' id='word_1_208' title='bbox 1205 2540 1591 2610; x_wconf 90' lang='lat' dir='ltr'><strong>nequiverunt,</strong></span> <span class='ocrx_word' id='word_1_209' title='bbox 1621 2539 1690 2594; x_wconf 86' lang='lat' dir='ltr'><strong>ad</strong></span> <span class='ocrx_word' id='word_1_210' title='bbox 1719 2539 1919 2594; x_wconf 90' lang='lat' dir='ltr'><strong>erroris</strong></span> <span class='ocrx_word' id='word_1_211' title='bbox 1949 2537 2040 2594; x_wconf 89' lang='lat' dir='ltr'><strong>cui</strong></span> <span class='ocrx_word' id='word_1_212' title='bbox 2063 2553 2155 2592; x_wconf 88' lang='lat' dir='ltr'><strong>cu-</strong></span> 
     </span>
    </p>
   </div>
   <div class='ocr_carea' id='block_1_29' title="bbox 563 2625 2154 2697">
    <p class='ocr_par' dir='ltr' id='par_1_29' title="bbox 563 2625 2154 2697">
     <span class='ocr_line' id='line_1_29' title="bbox 563 2625 2154 2697; baseline -0.001 -16"><span class='ocrx_word' id='word_1_213' title='bbox 563 2627 778 2682; x_wconf 90' lang='lat' dir='ltr'><strong>mulum</strong></span> <span class='ocrx_word' id='word_1_214' title='bbox 807 2627 985 2681; x_wconf 93' lang='lat' dir='ltr'><strong>Deum</strong></span> <span class='ocrx_word' id='word_1_215' title='bbox 1021 2625 1126 2680; x_wconf 89' lang='lat' dir='ltr'><strong>sibi</strong></span> <span class='ocrx_word' id='word_1_216' title='bbox 1156 2626 1334 2680; x_wconf 90' lang='lat' dir='ltr'><strong>facere</strong></span> <span class='ocrx_word' id='word_1_217' title='bbox 1375 2626 1612 2680; x_wconf 87' lang='lat' dir='ltr'><strong>similem</strong></span> <span class='ocrx_word' id='word_1_218' title='bbox 1655 2625 1711 2680; x_wconf 89' lang='lat' dir='ltr'><strong>in</strong></span> <span class='ocrx_word' id='word_1_219' title='bbox 1740 2626 1902 2697; x_wconf 91' lang='lat' dir='ltr'><strong>culpa</strong></span> <span class='ocrx_word' id='word_1_220' title='bbox 1921 2629 1944 2663; x_wconf 78' lang='grc'>²</span> <span class='ocrx_word' id='word_1_221' title='bbox 1973 2627 2154 2681; x_wconf 90' lang='lat' dir='ltr'><strong>conati</strong></span> 
     </span>
    </p>
   </div>
   <div class='ocr_carea' id='block_1_30' title="bbox 561 2710 2154 2782">
    <p class='ocr_par' dir='ltr' id='par_1_30' title="bbox 561 2710 2154 2782">
     <span class='ocr_line' id='line_1_30' title="bbox 561 2710 2154 2782; baseline -0.001 -14"><span class='ocrx_word' id='word_1_222' title='bbox 561 2719 711 2768; x_wconf 87' lang='lat' dir='ltr'><strong>sunt.</strong></span> <span class='ocrx_word' id='word_1_223' title='bbox 742 2711 832 2767; x_wconf 88' lang='lat' dir='ltr'><strong>Sic</strong></span> <span class='ocrx_word' id='word_1_224' title='bbox 859 2727 986 2782; x_wconf 90' lang='lat' dir='ltr'><strong>ergo</strong></span> <span class='ocrx_word' id='word_1_225' title='bbox 1015 2719 1226 2766; x_wconf 90' lang='lat' dir='ltr'><strong>reatum</strong></span> <span class='ocrx_word' id='word_1_226' title='bbox 1251 2727 1412 2766; x_wconf 90' lang='lat' dir='ltr'><strong>suum</strong></span> <span class='ocrx_word' id='word_1_227' title='bbox 1445 2711 1576 2766; x_wconf 90' lang='lat' dir='ltr'><strong>dum</strong></span> <span class='ocrx_word' id='word_1_228' title='bbox 1603 2710 1894 2767; x_wconf 87' lang='lat' dir='ltr'><strong>defendere</strong></span> <span class='ocrx_word' id='word_1_229' title='bbox 1917 2713 2154 2767; x_wconf 85' lang='lat' dir='ltr'><strong>moliun-</strong></span> 
     </span>
    </p>
   </div>
   <div class='ocr_carea' id='block_1_31' title="bbox 561 2797 2154 2869">
    <p class='ocr_par' dir='ltr' id='par_1_31' title="bbox 561 2797 2154 2869">
     <span class='ocr_line' id='line_1_31' title="bbox 561 2797 2154 2869; baseline 0.001 -15"><span class='ocrx_word' id='word_1_230' title='bbox 561 2806 675 2866; x_wconf 85' lang='lat' dir='ltr'><strong>tur,</strong></span> <span class='ocrx_word' id='word_1_231' title='bbox 721 2797 1050 2854; x_wconf 88' lang='lat' dir='ltr'><strong>addiderunt</strong></span> <span class='ocrx_word' id='word_1_232' title='bbox 1095 2806 1156 2853; x_wconf 90' lang='lat' dir='ltr'><strong>ut</strong></span> <span class='ocrx_word' id='word_1_233' title='bbox 1197 2799 1358 2869; x_wconf 88' lang='lat' dir='ltr'><strong>culpa</strong></span> <span class='ocrx_word' id='word_1_234' title='bbox 1402 2813 1589 2854; x_wconf 91' lang='lat' dir='ltr'><strong>eorum</strong></span> <span class='ocrx_word' id='word_1_235' title='bbox 1635 2799 1873 2856; x_wconf 88' lang='lat' dir='ltr'><strong>atrocior</strong></span> <span class='ocrx_word' id='word_1_236' title='bbox 1909 2799 2154 2856; x_wconf 89' lang='lat' dir='ltr'><strong>discussa</strong></span> 
     </span>
    </p>
   </div>
   <div class='ocr_carea' id='block_1_32' title="bbox 561 2885 1460 2960">
    <p class='ocr_par' dir='ltr' id='par_1_32' title="bbox 561 2885 1460 2960">
     <span class='ocr_line' id='line_1_32' title="bbox 561 2885 1460 2960; baseline -0.002 -16"><span class='ocrx_word' id='word_1_237' title='bbox 561 2887 718 2944; x_wconf 87' lang='lat' dir='ltr'><strong>ﬁeret</strong></span> <span class='ocrx_word' id='word_1_238' title='bbox 745 2903 905 2960; x_wconf 90' lang='lat' dir='ltr'><strong>quam</strong></span> <span class='ocrx_word' id='word_1_239' title='bbox 929 2885 1108 2942; x_wconf 84' lang='lat' dir='ltr'><strong>fuerat</strong></span> <span class='ocrx_word' id='word_1_240' title='bbox 1135 2895 1460 2958; x_wconf 84' lang='lat' dir='ltr'><strong>perpetrata.</strong></span> 
     </span>
    </p>
   </div>
   <div class='ocr_carea' id='block_1_33' title="bbox 633 2975 2152 3047">
    <p class='ocr_par' dir='ltr' id='par_1_33' title="bbox 633 2975 2152 3047">
     <span class='ocr_line' id='line_1_33' title="bbox 633 2975 2152 3047; baseline 0.001 -16"><span class='ocrx_word' id='word_1_241' title='bbox 633 2976 720 3031; x_wconf 84' lang='grc'><strong>31.</strong></span> <span class='ocrx_word' id='word_1_242' title='bbox 752 2975 910 3034; x_wconf 83' lang='lat' dir='ltr'><strong>Multi</strong></span> <span class='ocrx_word' id='word_1_243' title='bbox 928 2975 1194 3030; x_wconf 87' lang='lat' dir='ltr'><strong>Adamum</strong></span> <span class='ocrx_word' id='word_1_244' title='bbox 1219 2975 1522 3040; x_wconf 81' lang='lat' dir='ltr'><strong>imitantur,</strong></span> <span class='ocrx_word' id='word_1_245' title='bbox 1559 2977 1700 3032; x_wconf 81' lang='lat' dir='ltr'><strong>velut</strong></span> <span class='ocrx_word' id='word_1_246' title='bbox 1723 2976 1975 3032; x_wconf 86' lang='lat' dir='ltr'><strong>arborum</strong></span> <span class='ocrx_word' id='word_1_247' title='bbox 2003 2977 2152 3047; x_wconf 85' lang='lat' dir='ltr'><strong>foliis</strong></span> 
     </span>
    </p>
   </div>
   <div class='ocr_carea' id='block_1_34' title="bbox 2274 515 3848 590">
    <p class='ocr_par' dir='ltr' id='par_1_34' title="bbox 2274 515 3848 590">
     <span class='ocr_line' id='line_1_34' title="bbox 2274 515 3848 590; baseline 0.008 -20"><span class='ocrx_word' id='word_1_248' title='bbox 2274 515 2502 572; x_wconf 87' lang='lat' dir='ltr'><strong>sionem.</strong></span> <span class='ocrx_word' id='word_1_249' title='bbox 2524 517 2738 574; x_wconf 85' lang='lat' dir='ltr'><strong>Mortuo</strong></span> <span class='ocrx_word' id='word_1_250' title='bbox 2757 518 2903 574; x_wconf 89' lang='lat' dir='ltr'><strong>enim</strong></span> <span class='ocrx_word' id='word_1_251' title='bbox 2938 519 3062 577; x_wconf 78' lang='lat' dir='ltr'><strong>Veni</strong></span> <span class='ocrx_word' id='word_1_252' title='bbox 3089 519 3240 590; x_wconf 86' lang='lat' dir='ltr'><strong>foras</strong></span> <span class='ocrx_word' id='word_1_253' title='bbox 3249 519 3482 590; x_wconf 82' lang='lat' dir='ltr'><strong>dicitur,</strong></span> <span class='ocrx_word' id='word_1_254' title='bbox 3513 531 3576 579; x_wconf 88' lang='lat' dir='ltr'><strong>ut</strong></span> <span class='ocrx_word' id='word_1_255' title='bbox 3597 525 3667 582; x_wconf 91' lang='lat' dir='ltr'><strong>ab</strong></span> <span class='ocrx_word' id='word_1_256' title='bbox 3691 541 3848 582; x_wconf 84' lang='lat' dir='ltr'><strong>excu-</strong></span> 
     </span>
    </p>
   </div>
   <div class='ocr_carea' id='block_1_35' title="bbox 2275 603 3850 680">
    <p class='ocr_par' dir='ltr' id='par_1_35' title="bbox 2275 603 3850 680">
     <span class='ocr_line' id='line_1_35' title="bbox 2275 603 3850 680; baseline 0.008 -22"><span class='ocrx_word' id='word_1_257' title='bbox 2275 603 2482 660; x_wconf 90' lang='lat' dir='ltr'><strong>satione</strong></span> <span class='ocrx_word' id='word_1_258' title='bbox 2519 611 2680 677; x_wconf 89' lang='lat' dir='ltr'><strong>atque</strong></span> <span class='ocrx_word' id='word_1_259' title='bbox 2707 606 3069 663; x_wconf 89' lang='lat' dir='ltr'><strong>occultatione</strong></span> <span class='ocrx_word' id='word_1_260' title='bbox 3103 608 3310 680; x_wconf 89' lang='lat' dir='ltr'><strong>peccati</strong></span> <span class='ocrx_word' id='word_1_261' title='bbox 3351 609 3421 666; x_wconf 91' lang='lat' dir='ltr'><strong>ad</strong></span> <span class='ocrx_word' id='word_1_262' title='bbox 3453 613 3850 670; x_wconf 84' lang='lat' dir='ltr'><strong>accusationem</strong></span> 
     </span>
    </p>
   </div>
   <div class='ocr_carea' id='block_1_36' title="bbox 2254 693 3952 774">
    <p class='ocr_par' dir='ltr' id='par_1_36' title="bbox 2254 693 3952 774">
     <span class='ocr_line' id='line_1_36' title="bbox 2254 693 3952 774; baseline 0.007 -27"><span class='ocrx_word' id='word_1_263' title='bbox 2254 707 2430 748; x_wconf 79' lang='lat' dir='ltr'><strong>suam</strong></span> <span class='ocrx_word' id='word_1_264' title='bbox 2453 708 2546 748; x_wconf 90' lang='lat' dir='ltr'><strong>ore</strong></span> <span class='ocrx_word' id='word_1_265' title='bbox 2565 693 2786 765; x_wconf 92' lang='lat' dir='ltr'><strong>proprio</strong></span> <span class='ocrx_word' id='word_1_266' title='bbox 2803 694 2954 750; x_wconf 83' lang='lat' dir='ltr'><strong>exire</strong></span> <span class='ocrx_word' id='word_1_267' title='bbox 2973 705 3315 767; x_wconf 87' lang='lat' dir='ltr'><strong>provocetur.</strong></span> <span class='ocrx_word' id='word_1_268' title='bbox 3347 698 3502 756; x_wconf 91' lang='lat' dir='ltr'><strong>Unde</strong></span> <span class='ocrx_word' id='word_1_269' title='bbox 3527 701 3705 758; x_wconf 89' lang='lat' dir='ltr'><strong>David</strong></span> <span class='ocrx_word' id='word_1_270' title='bbox 3733 718 3852 774; x_wconf 79' lang='lat' dir='ltr'><strong>pro-</strong></span> <span class='ocrx_word' id='word_1_271' title='bbox 3943 729 3952 734; x_wconf 87' lang='lat'><strong>-</strong></span> 
     </span>
    </p>
   </div>
   <div class='ocr_carea' id='block_1_37' title="bbox 2275 777 3855 856">
    <p class='ocr_par' dir='ltr' id='par_1_37' title="bbox 2275 777 3855 856">
     <span class='ocr_line' id='line_1_37' title="bbox 2275 777 3855 856; baseline 0.008 -23"><span class='ocrx_word' id='word_1_272' title='bbox 2275 777 2459 850; x_wconf 88' lang='lat' dir='ltr'><strong>pheta,</strong></span> <span class='ocrx_word' id='word_1_273' title='bbox 2493 781 2515 815; x_wconf 79' lang='grc' dir='ltr'>θ</span> <span class='ocrx_word' id='word_1_274' title='bbox 2532 779 2600 836; x_wconf 88' lang='lat' dir='ltr'><strong>ab</strong></span> <span class='ocrx_word' id='word_1_275' title='bbox 2629 780 2726 836; x_wconf 91' lang='lat' dir='ltr'><strong>illa</strong></span> <span class='ocrx_word' id='word_1_276' title='bbox 2743 782 2882 838; x_wconf 88' lang='lat' dir='ltr'><strong>tanti</strong></span> <span class='ocrx_word' id='word_1_277' title='bbox 2912 789 3086 839; x_wconf 88' lang='lat' dir='ltr'><strong>morte</strong></span> <span class='ocrx_word' id='word_1_278' title='bbox 3111 783 3374 840; x_wconf 88' lang='lat' dir='ltr'><strong>facinoris</strong></span> <span class='ocrx_word' id='word_1_279' title='bbox 3401 786 3756 856; x_wconf 87' lang='lat' dir='ltr'><strong>reviviscens,</strong></span> <span class='ocrx_word' id='word_1_280' title='bbox 3785 789 3855 846; x_wconf 88' lang='lat' dir='ltr'><strong>ad</strong></span> 
     </span>
    </p>
   </div>
   <div class='ocr_carea' id='block_1_38' title="bbox 2274 869 3853 945">
    <p class='ocr_par' dir='ltr' id='par_1_38' title="bbox 2274 869 3853 945">
     <span class='ocr_line' id='line_1_38' title="bbox 2274 869 3853 945; baseline 0.006 -21"><span class='ocrx_word' id='word_1_281' title='bbox 2274 881 2463 924; x_wconf 85' lang='lat' dir='ltr'><strong>vocem</strong></span> <span class='ocrx_word' id='word_1_282' title='bbox 2500 869 2723 925; x_wconf 88' lang='lat' dir='ltr'><strong>Domini</strong></span> <span class='ocrx_word' id='word_1_283' title='bbox 2751 871 2906 942; x_wconf 91' lang='lat' dir='ltr'><strong>quasi</strong></span> <span class='ocrx_word' id='word_1_284' title='bbox 2948 871 3093 928; x_wconf 89' lang='lat' dir='ltr'><strong>foras</strong></span> <span class='ocrx_word' id='word_1_285' title='bbox 3119 872 3279 940; x_wconf 85' lang='lat' dir='ltr'><strong>exiit,</strong></span> <span class='ocrx_word' id='word_1_286' title='bbox 3321 872 3473 940; x_wconf 89' lang='lat' dir='ltr'><strong>dum,</strong></span> <span class='ocrx_word' id='word_1_287' title='bbox 3517 891 3613 945; x_wconf 91' lang='lat' dir='ltr'><strong>per</strong></span> <span class='ocrx_word' id='word_1_288' title='bbox 3639 875 3853 934; x_wconf 89' lang='lat' dir='ltr'><strong>Nathan</strong></span> 
     </span>
    </p>
   </div>
   <div class='ocr_carea' id='block_1_39' title="bbox 2273 957 3852 1035">
    <p class='ocr_par' dir='ltr' id='par_1_39' title="bbox 2273 957 3852 1035">
     <span class='ocr_line' id='line_1_39' title="bbox 2273 957 3852 1035; baseline 0.005 -21"><span class='ocrx_word' id='word_1_289' title='bbox 2273 964 2574 1028; x_wconf 73' lang='lat' dir='ltr'><strong>Correptus,</strong></span> <span class='ocrx_word' id='word_1_290' title='bbox 2607 957 2754 1030; x_wconf 90' lang='lat' dir='ltr'><strong>quod</strong></span> <span class='ocrx_word' id='word_1_291' title='bbox 2781 959 2982 1016; x_wconf 89' lang='lat' dir='ltr'><strong>fecerat</strong></span> <span class='ocrx_word' id='word_1_292' title='bbox 3021 960 3298 1016; x_wconf 88' lang='lat' dir='ltr'><strong>accusavit</strong></span> <span class='ocrx_word' id='word_1_293' title='bbox 3328 959 3416 1030; x_wconf 92' lang='lat' dir='ltr'><strong>(II</strong></span> <span class='ocrx_word' id='word_1_294' title='bbox 3447 963 3572 1033; x_wconf 84' lang='lat' dir='ltr'><strong>Reg.</strong></span> <span class='ocrx_word' id='word_1_295' title='bbox 3604 977 3708 1031; x_wconf 74' lang='grc' dir='ltr'><strong>χιι,</strong></span> <span class='ocrx_word' id='word_1_296' title='bbox 3740 963 3852 1035; x_wconf 86' lang='grc'><strong>13).</strong></span> 
     </span>
    </p>
   </div>
   <div class='ocr_carea' id='block_1_40' title="bbox 2343 1045 3856 1118">
    <p class='ocr_par' dir='ltr' id='par_1_40' title="bbox 2343 1045 3856 1118">
     <span class='ocr_line' id='line_1_40' title="bbox 2343 1045 3856 1118; baseline 0.003 -18"><span class='ocrx_word' id='word_1_297' title='bbox 2343 1045 2431 1102; x_wconf 80' lang='lat'><strong>32.</strong></span> <span class='ocrx_word' id='word_1_298' title='bbox 2462 1047 2769 1103; x_wconf 86' lang='lat' dir='ltr'><strong>Occultandi</strong></span> <span class='ocrx_word' id='word_1_299' title='bbox 2783 1047 2978 1118; x_wconf 79' lang='lat' dir='ltr'><strong>peccati</strong></span> <span class='ocrx_word' id='word_1_300' title='bbox 3003 1048 3159 1118; x_wconf 86' lang='lat' dir='ltr'><strong>culpa</strong></span> <span class='ocrx_word' id='word_1_301' title='bbox 3184 1048 3500 1102; x_wconf 80' lang='lat' dir='ltr'><strong>vehementer</strong></span> <span class='ocrx_word' id='word_1_302' title='bbox 3513 1050 3759 1106; x_wconf 66' lang='lat' dir='ltr'><strong>excrevit.</strong></span> <span class='ocrx_word' id='word_1_303' title='bbox 3784 1080 3856 1094; x_wconf 93' lang='lat'><strong><em>—</em></strong></span> 
     </span>
    </p>
   </div>
   <div class='ocr_carea' id='block_1_41' title="bbox 2272 1129 3857 1209">
    <p class='ocr_par' dir='ltr' id='par_1_41' title="bbox 2272 1129 3857 1209">
     <span class='ocr_line' id='line_1_41' title="bbox 2272 1129 3857 1209; baseline 0.004 -22"><span class='ocrx_word' id='word_1_304' title='bbox 2272 1129 2412 1198; x_wconf 85' lang='lat' dir='ltr'><strong>Quia</strong></span> <span class='ocrx_word' id='word_1_305' title='bbox 2427 1133 2596 1205; x_wconf 88' lang='lat' dir='ltr'><strong>igitur</strong></span> <span class='ocrx_word' id='word_1_306' title='bbox 2615 1134 2732 1190; x_wconf 62' lang='lat' dir='ltr'><strong>hac</strong></span> <span class='ocrx_word' id='word_1_307' title='bbox 2745 1134 3132 1191; x_wconf 87' lang='lat' dir='ltr'><strong>occultationis</strong></span> <span class='ocrx_word' id='word_1_308' title='bbox 3149 1136 3312 1206; x_wconf 88' lang='lat' dir='ltr'><strong>culpa</strong></span> <span class='ocrx_word' id='word_1_309' title='bbox 3326 1135 3384 1190; x_wconf 93' lang='lat' dir='ltr'><strong>in</strong></span> <span class='ocrx_word' id='word_1_310' title='bbox 3399 1133 3648 1192; x_wconf 88' lang='lat' dir='ltr'><strong>humano</strong></span> <span class='ocrx_word' id='word_1_311' title='bbox 3667 1153 3857 1209; x_wconf 87' lang='lat' dir='ltr'><strong>genere</strong></span> 
     </span>
    </p>
   </div>
   <div class='ocr_carea' id='block_1_42' title="bbox 2272 1220 3852 1290">
    <p class='ocr_par' dir='ltr' id='par_1_42' title="bbox 2272 1220 3852 1290">
     <span class='ocr_line' id='line_1_42' title="bbox 2272 1220 3852 1290; baseline 0.003 -14"><span class='ocrx_word' id='word_1_312' title='bbox 2272 1221 2621 1278; x_wconf 88' lang='lat' dir='ltr'><strong>vehementer</strong></span> <span class='ocrx_word' id='word_1_313' title='bbox 2648 1221 2911 1290; x_wconf 83' lang='lat' dir='ltr'><strong>excrevit,</strong></span> <span class='ocrx_word' id='word_1_314' title='bbox 2943 1220 3082 1277; x_wconf 88' lang='lat' dir='ltr'><strong>bene</strong></span> <span class='ocrx_word' id='word_1_315' title='bbox 3108 1221 3299 1277; x_wconf 91' lang='lat' dir='ltr'><strong>beatus</strong></span> <span class='ocrx_word' id='word_1_316' title='bbox 3326 1221 3429 1277; x_wconf 84' lang='lat' dir='ltr'><strong>Job</strong></span> <span class='ocrx_word' id='word_1_317' title='bbox 3456 1238 3582 1278; x_wconf 91' lang='lat' dir='ltr'><strong>cum</strong></span> <span class='ocrx_word' id='word_1_318' title='bbox 3615 1221 3852 1280; x_wconf 86' lang='lat' dir='ltr'><strong>diceret:</strong></span> 
     </span>
    </p>
   </div>
   <div class='ocr_carea' id='block_1_43' title="bbox 2273 1309 3854 1382">
    <p class='ocr_par' dir='ltr' id='par_1_43' title="bbox 2273 1309 3854 1382">
     <span class='ocr_line' id='line_1_43' title="bbox 2273 1309 3854 1382; baseline -0.001 -14"><span class='ocrx_word' id='word_1_319' title='bbox 2273 1310 2332 1368; x_wconf 88' lang='lat' dir='ltr'><strong>Si</strong></span> <span class='ocrx_word' id='word_1_320' title='bbox 2351 1309 2598 1364; x_wconf 81' lang='lat' dir='ltr'><strong>abscondi</strong></span> <span class='ocrx_word' id='word_1_321' title='bbox 2619 1315 2885 1380; x_wconf 83' lang='lat' dir='ltr'><strong>peccatum</strong></span> <span class='ocrx_word' id='word_1_322' title='bbox 2909 1325 3102 1374; x_wconf 83' lang='lat' dir='ltr'><strong>meum,</strong></span> <span class='ocrx_word' id='word_1_323' title='bbox 3123 1309 3450 1382; x_wconf 89' lang='lat' dir='ltr'><strong>interposuit</strong></span> <span class='ocrx_word' id='word_1_324' title='bbox 3464 1327 3483 1364; x_wconf 92' lang='lat'><em>:</em></span> <span class='ocrx_word' id='word_1_325' title='bbox 3501 1310 3664 1381; x_wconf 80' lang='lat' dir='ltr'><strong>quasi</strong></span> <span class='ocrx_word' id='word_1_326' title='bbox 3687 1311 3854 1367; x_wconf 82' lang='lat' dir='ltr'><strong>homo.</strong></span> 
     </span>
    </p>
   </div>
   <div class='ocr_carea' id='block_1_44' title="bbox 2270 1397 3858 1471">
    <p class='ocr_par' dir='ltr' id='par_1_44' title="bbox 2270 1397 3858 1471">
     <span class='ocr_line' id='line_1_44' title="bbox 2270 1397 3858 1471; baseline 0.001 -18"><span class='ocrx_word' id='word_1_327' title='bbox 2270 1397 2522 1453; x_wconf 89' lang='lat' dir='ltr'><strong>Hominis</strong></span> <span class='ocrx_word' id='word_1_328' title='bbox 2549 1399 2750 1469; x_wconf 91' lang='lat' dir='ltr'><strong>quippe</strong></span> <span class='ocrx_word' id='word_1_329' title='bbox 2795 1413 2912 1454; x_wconf 90' lang='lat' dir='ltr'><strong>esse</strong></span> <span class='ocrx_word' id='word_1_330' title='bbox 2956 1397 3238 1470; x_wconf 90' lang='lat' dir='ltr'><strong>proprium</strong></span> <span class='ocrx_word' id='word_1_331' title='bbox 3284 1398 3570 1470; x_wconf 91' lang='lat' dir='ltr'><strong>conspicit,</strong></span> <span class='ocrx_word' id='word_1_332' title='bbox 3617 1399 3764 1471; x_wconf 90' lang='lat' dir='ltr'><strong>quod</strong></span> <span class='ocrx_word' id='word_1_333' title='bbox 3788 1415 3858 1454; x_wconf 87' lang='lat' dir='ltr'><strong>ex</strong></span> 
     </span>
    </p>
   </div>
   <div class='ocr_carea' id='block_1_45' title="bbox 2271 1485 3858 1560">
    <p class='ocr_par' dir='ltr' id='par_1_45' title="bbox 2271 1485 3858 1560">
     <span class='ocr_line' id='line_1_45' title="bbox 2271 1485 3858 1560; baseline 0.003 -20"><span class='ocrx_word' id='word_1_334' title='bbox 2271 1485 2511 1556; x_wconf 87' lang='lat' dir='ltr'><strong>parentis</strong></span> <span class='ocrx_word' id='word_1_335' title='bbox 2537 1485 2738 1540; x_wconf 89' lang='lat' dir='ltr'><strong>veteris</strong></span> <span class='ocrx_word' id='word_1_336' title='bbox 2770 1485 3076 1543; x_wconf 91' lang='lat' dir='ltr'><strong>imitatione</strong></span> <span class='ocrx_word' id='word_1_337' title='bbox 3104 1486 3401 1544; x_wconf 88' lang='lat' dir='ltr'><strong>descendit.</strong></span> <span class='ocrx_word' id='word_1_338' title='bbox 3430 1487 3533 1544; x_wconf 89' lang='lat' dir='ltr'><strong>Ubi</strong></span> <span class='ocrx_word' id='word_1_339' title='bbox 3560 1495 3689 1560; x_wconf 88' lang='lat' dir='ltr'><strong>apte</strong></span> <span class='ocrx_word' id='word_1_340' title='bbox 3714 1487 3858 1544; x_wconf 86' lang='lat' dir='ltr'><strong>sub-</strong></span> 
     </span>
    </p>
   </div>
   <div class='ocr_carea' id='block_1_46' title="bbox 2269 1571 3854 1649">
    <p class='ocr_par' dir='ltr' id='par_1_46' title="bbox 2269 1571 3854 1649">
     <span class='ocr_line' id='line_1_46' title="bbox 2269 1571 3854 1649; baseline 0.003 -22"><span class='ocrx_word' id='word_1_341' title='bbox 2269 1571 2422 1627; x_wconf 90' lang='lat' dir='ltr'><strong>ditur</strong></span> <span class='ocrx_word' id='word_1_342' title='bbox 2457 1589 2470 1627; x_wconf 86' lang='lat'>:</span> <span class='ocrx_word' id='word_1_343' title='bbox 2503 1574 2578 1629; x_wconf 87' lang='lat' dir='ltr'><strong>Et</strong></span> <span class='ocrx_word' id='word_1_344' title='bbox 2603 1574 2767 1628; x_wconf 84' lang='lat' dir='ltr'><strong>celavi</strong></span> <span class='ocrx_word' id='word_1_345' title='bbox 2793 1574 2852 1628; x_wconf 89' lang='lat' dir='ltr'><strong>in</strong></span> <span class='ocrx_word' id='word_1_346' title='bbox 2868 1574 2990 1629; x_wconf 87' lang='lat' dir='ltr'><strong>sinu</strong></span> <span class='ocrx_word' id='word_1_347' title='bbox 3015 1591 3125 1630; x_wconf 86' lang='lat' dir='ltr'><strong>meo</strong></span> <span class='ocrx_word' id='word_1_348' title='bbox 3145 1575 3472 1645; x_wconf 83' lang='lat' dir='ltr'><strong>iniquitatem</strong></span> <span class='ocrx_word' id='word_1_349' title='bbox 3495 1592 3687 1632; x_wconf 83' lang='lat' dir='ltr'><strong>meam.</strong></span> <span class='ocrx_word' id='word_1_350' title='bbox 3716 1575 3854 1649; x_wconf 87' lang='lat' dir='ltr'><strong>[Vet.</strong></span> 
     </span>
    </p>
   </div>
   <div class='ocr_carea' id='block_1_47' title="bbox 2267 1659 3858 1734">
    <p class='ocr_par' dir='ltr' id='par_1_47' title="bbox 2267 1659 3858 1734">
     <span class='ocr_line' id='line_1_47' title="bbox 2267 1659 3858 1734; baseline 0.004 -20"><span class='ocrx_word' id='word_1_351' title='bbox 2267 1659 2417 1722; x_wconf 81' lang='lat' dir='ltr'><strong>XIV,</strong></span> <span class='ocrx_word' id='word_1_352' title='bbox 2465 1660 2584 1717; x_wconf 87' lang='lat' dir='ltr'><strong>Rec.</strong></span> <span class='ocrx_word' id='word_1_353' title='bbox 2630 1659 2727 1733; x_wconf 85' lang='lat' dir='ltr'><strong>X.]</strong></span> <span class='ocrx_word' id='word_1_354' title='bbox 2771 1661 3051 1733; x_wconf 88' lang='lat' dir='ltr'><strong>Scriptura</strong></span> <span class='ocrx_word' id='word_1_355' title='bbox 3095 1662 3294 1718; x_wconf 88' lang='lat' dir='ltr'><strong>etenim</strong></span> <span class='ocrx_word' id='word_1_356' title='bbox 3351 1677 3503 1718; x_wconf 89' lang='lat' dir='ltr'><strong>sacra</strong></span> <span class='ocrx_word' id='word_1_357' title='bbox 3529 1663 3858 1734; x_wconf 88' lang='lat' dir='ltr'><strong>plerumque</strong></span> 
     </span>
    </p>
   </div>
   <div class='ocr_carea' id='block_1_48' title="bbox 2185 1747 3857 1821">
    <p class='ocr_par' dir='ltr' id='par_1_48' title="bbox 2185 1747 3857 1821">
     <span class='ocr_line' id='line_1_48' title="bbox 2185 1747 3857 1821; baseline 0.001 -17"><span class='ocrx_word' id='word_1_358' title='bbox 2185 1761 2234 1821; x_wconf 81' lang='grc' dir='ltr'>Β</span> <span class='ocrx_word' id='word_1_359' title='bbox 2265 1747 2450 1804; x_wconf 90' lang='lat' dir='ltr'><strong>sinum</strong></span> <span class='ocrx_word' id='word_1_360' title='bbox 2478 1763 2679 1818; x_wconf 90' lang='lat' dir='ltr'><strong>ponere</strong></span> <span class='ocrx_word' id='word_1_361' title='bbox 2700 1765 2798 1820; x_wconf 90' lang='lat' dir='ltr'><strong>pro</strong></span> <span class='ocrx_word' id='word_1_362' title='bbox 2824 1757 3005 1806; x_wconf 90' lang='lat' dir='ltr'><strong>mente</strong></span> <span class='ocrx_word' id='word_1_363' title='bbox 3023 1751 3327 1816; x_wconf 89' lang='lat' dir='ltr'><strong>consuevit,</strong></span> <span class='ocrx_word' id='word_1_364' title='bbox 3355 1751 3497 1806; x_wconf 87' lang='lat' dir='ltr'><strong>sicut</strong></span> <span class='ocrx_word' id='word_1_365' title='bbox 3513 1765 3652 1806; x_wconf 90' lang='lat' dir='ltr'><strong>voce</strong></span> <span class='ocrx_word' id='word_1_366' title='bbox 3669 1750 3857 1806; x_wconf 89' lang='lat' dir='ltr'><strong>Eccle-</strong></span> 
     </span>
    </p>
   </div>
   <div class='ocr_carea' id='block_1_49' title="bbox 2265 1833 3853 1910">
    <p class='ocr_par' dir='ltr' id='par_1_49' title="bbox 2265 1833 3853 1910">
     <span class='ocr_line' id='line_1_49' title="bbox 2265 1833 3853 1910; baseline 0.003 -21"><span class='ocrx_word' id='word_1_367' title='bbox 2265 1833 2358 1890; x_wconf 76' lang='lat' dir='ltr'><strong>siae</strong></span> <span class='ocrx_word' id='word_1_368' title='bbox 2386 1833 2454 1889; x_wconf 91' lang='lat' dir='ltr'><strong>de</strong></span> <span class='ocrx_word' id='word_1_369' title='bbox 2478 1835 2918 1905; x_wconf 90' lang='lat' dir='ltr'><strong>persecutoribus</strong></span> <span class='ocrx_word' id='word_1_370' title='bbox 2945 1839 3167 1906; x_wconf 90' lang='lat' dir='ltr'><strong>nostris,</strong></span> <span class='ocrx_word' id='word_1_371' title='bbox 3200 1837 3294 1910; x_wconf 91' lang='lat' dir='ltr'><strong>qui</strong></span> <span class='ocrx_word' id='word_1_372' title='bbox 3325 1837 3483 1894; x_wconf 90' lang='lat' dir='ltr'><strong>nobis</strong></span> <span class='ocrx_word' id='word_1_373' title='bbox 3509 1845 3709 1893; x_wconf 86' lang='lat' dir='ltr'><strong>natura</strong></span> <span class='ocrx_word' id='word_1_374' title='bbox 3733 1837 3853 1910; x_wconf 87' lang='lat' dir='ltr'><strong>qui-</strong></span> 
     </span>
    </p>
   </div>
   <div class='ocr_carea' id='block_1_50' title="bbox 2265 1919 3855 1996">
    <p class='ocr_par' dir='ltr' id='par_1_50' title="bbox 2265 1919 3855 1996">
     <span class='ocr_line' id='line_1_50' title="bbox 2265 1919 3855 1996; baseline 0.002 -19"><span class='ocrx_word' id='word_1_375' title='bbox 2265 1921 2390 1978; x_wconf 90' lang='lat' dir='ltr'><strong>dem</strong></span> <span class='ocrx_word' id='word_1_376' title='bbox 2417 1919 2699 1992; x_wconf 88' lang='lat' dir='ltr'><strong>conjuncti</strong></span> <span class='ocrx_word' id='word_1_377' title='bbox 2721 1930 2872 1990; x_wconf 89' lang='lat' dir='ltr'><strong>sunt,</strong></span> <span class='ocrx_word' id='word_1_378' title='bbox 2903 1924 2996 1980; x_wconf 90' lang='lat' dir='ltr'><strong>sed</strong></span> <span class='ocrx_word' id='word_1_379' title='bbox 3028 1925 3145 1980; x_wconf 90' lang='lat' dir='ltr'><strong>vita</strong></span> <span class='ocrx_word' id='word_1_380' title='bbox 3171 1924 3453 1996; x_wconf 88' lang='lat' dir='ltr'><strong>disjuncti,</strong></span> <span class='ocrx_word' id='word_1_381' title='bbox 3485 1940 3581 1996; x_wconf 90' lang='lat' dir='ltr'><strong>per</strong></span> <span class='ocrx_word' id='word_1_382' title='bbox 3607 1925 3855 1980; x_wconf 89' lang='lat' dir='ltr'><strong>Psalmi-</strong></span> 
     </span>
    </p>
   </div>
   <div class='ocr_carea' id='block_1_51' title="bbox 2264 2008 3856 2084">
    <p class='ocr_par' dir='ltr' id='par_1_51' title="bbox 2264 2008 3856 2084">
     <span class='ocr_line' id='line_1_51' title="bbox 2264 2008 3856 2084; baseline 0.003 -20"><span class='ocrx_word' id='word_1_383' title='bbox 2264 2016 2403 2064; x_wconf 89' lang='lat' dir='ltr'><strong>stam</strong></span> <span class='ocrx_word' id='word_1_384' title='bbox 2431 2008 2666 2066; x_wconf 88' lang='lat' dir='ltr'><strong>dicitur:</strong></span> <span class='ocrx_word' id='word_1_385' title='bbox 2696 2011 2871 2068; x_wconf 84' lang='lat' dir='ltr'><strong>Redde</strong></span> <span class='ocrx_word' id='word_1_386' title='bbox 2904 2012 3092 2068; x_wconf 81' lang='lat' dir='ltr'><strong>vicinis</strong></span> <span class='ocrx_word' id='word_1_387' title='bbox 3114 2015 3309 2068; x_wconf 84' lang='lat' dir='ltr'><strong>nostris</strong></span> <span class='ocrx_word' id='word_1_388' title='bbox 3334 2015 3632 2084; x_wconf 84' lang='lat' dir='ltr'><strong>septuplum</strong></span> <span class='ocrx_word' id='word_1_389' title='bbox 3650 2013 3708 2067; x_wconf 90' lang='lat' dir='ltr'><strong>in</strong></span> <span class='ocrx_word' id='word_1_390' title='bbox 3732 2013 3856 2068; x_wconf 85' lang='lat' dir='ltr'><strong>sinu</strong></span> 
     </span>
    </p>
   </div>
   <div class='ocr_carea' id='block_1_52' title="bbox 2264 2100 3853 2174">
    <p class='ocr_par' dir='ltr' id='par_1_52' title="bbox 2264 2100 3853 2174">
     <span class='ocr_line' id='line_1_52' title="bbox 2264 2100 3853 2174; baseline 0.004 -22"><span class='ocrx_word' id='word_1_391' title='bbox 2264 2113 2444 2153; x_wconf 80' lang='lat' dir='ltr'><strong>eorum</strong></span> <span class='ocrx_word' id='word_1_392' title='bbox 2469 2100 2648 2169; x_wconf 88' lang='lat' dir='ltr'><strong>(Psal.</strong></span> <span class='ocrx_word' id='word_1_393' title='bbox 2685 2116 2922 2169; x_wconf 80' lang='lat' dir='ltr'><strong>Lxxvm,</strong></span> <span class='ocrx_word' id='word_1_394' title='bbox 2951 2100 3064 2172; x_wconf 82' lang='lat' dir='ltr'><strong>l2).</strong></span> <span class='ocrx_word' id='word_1_395' title='bbox 3112 2102 3195 2157; x_wconf 86' lang='lat' dir='ltr'><strong>Ac</strong></span> <span class='ocrx_word' id='word_1_396' title='bbox 3220 2101 3268 2158; x_wconf 91' lang='lat' dir='ltr'><strong>si</strong></span> <span class='ocrx_word' id='word_1_397' title='bbox 3296 2110 3477 2174; x_wconf 89' lang='lat' dir='ltr'><strong>aperte</strong></span> <span class='ocrx_word' id='word_1_398' title='bbox 3503 2101 3746 2157; x_wconf 89' lang='lat' dir='ltr'><strong>diceret:</strong></span> <span class='ocrx_word' id='word_1_399' title='bbox 3788 2103 3853 2158; x_wconf 84' lang='lat' dir='ltr'><strong>In</strong></span> 
     </span>
    </p>
   </div>
   <div class='ocr_carea' id='block_1_53' title="bbox 2265 2187 3855 2261">
    <p class='ocr_par' dir='ltr' id='par_1_53' title="bbox 2265 2187 3855 2261">
     <span class='ocr_line' id='line_1_53' title="bbox 2265 2187 3855 2261; baseline 0.001 -20"><span class='ocrx_word' id='word_1_400' title='bbox 2265 2193 2446 2241; x_wconf 91' lang='lat' dir='ltr'><strong>mente</strong></span> <span class='ocrx_word' id='word_1_401' title='bbox 2468 2202 2565 2242; x_wconf 91' lang='lat' dir='ltr'><strong>sua</strong></span> <span class='ocrx_word' id='word_1_402' title='bbox 2592 2187 2860 2260; x_wconf 86' lang='lat' dir='ltr'><strong>recipiant</strong></span> <span class='ocrx_word' id='word_1_403' title='bbox 2884 2187 2992 2245; x_wconf 90' lang='lat' dir='ltr'><strong>hoc</strong></span> <span class='ocrx_word' id='word_1_404' title='bbox 3019 2187 3168 2261; x_wconf 88' lang='lat' dir='ltr'><strong>quod</strong></span> <span class='ocrx_word' id='word_1_405' title='bbox 3204 2189 3262 2244; x_wconf 91' lang='lat' dir='ltr'><strong>in</strong></span> <span class='ocrx_word' id='word_1_406' title='bbox 3294 2189 3499 2245; x_wconf 91' lang='lat' dir='ltr'><strong>nostris</strong></span> <span class='ocrx_word' id='word_1_407' title='bbox 3522 2189 3855 2261; x_wconf 88' lang='lat' dir='ltr'><strong>corporibus</strong></span> 
     </span>
    </p>
   </div>
   <div class='ocr_carea' id='block_1_54' title="bbox 2265 2274 3854 2348">
    <p class='ocr_par' dir='ltr' id='par_1_54' title="bbox 2265 2274 3854 2348">
     <span class='ocr_line' id='line_1_54' title="bbox 2265 2274 3854 2348; baseline 0.003 -20"><span class='ocrx_word' id='word_1_408' title='bbox 2265 2274 2549 2330; x_wconf 62' lang='lat' dir='ltr'><strong>saevientes</strong></span> <span class='ocrx_word' id='word_1_409' title='bbox 2589 2284 2900 2348; x_wconf 87' lang='lat' dir='ltr'><strong>operantur,</strong></span> <span class='ocrx_word' id='word_1_410' title='bbox 2943 2285 3006 2332; x_wconf 89' lang='lat' dir='ltr'><strong>ut</strong></span> <span class='ocrx_word' id='word_1_411' title='bbox 3045 2277 3177 2334; x_wconf 90' lang='lat' dir='ltr'><strong>dum</strong></span> <span class='ocrx_word' id='word_1_412' title='bbox 3205 2294 3306 2332; x_wconf 90' lang='lat' dir='ltr'><strong>nos</strong></span> <span class='ocrx_word' id='word_1_413' title='bbox 3331 2277 3572 2333; x_wconf 86' lang='lat' dir='ltr'><strong>exterius</strong></span> <span class='ocrx_word' id='word_1_414' title='bbox 3599 2292 3674 2334; x_wconf 89' lang='lat' dir='ltr'><strong>ex</strong></span> <span class='ocrx_word' id='word_1_415' title='bbox 3701 2285 3854 2348; x_wconf 88' lang='lat' dir='ltr'><strong>parte</strong></span> 
     </span>
    </p>
   </div>
   <div class='ocr_carea' id='block_1_55' title="bbox 2265 2361 3854 2436">
    <p class='ocr_par' dir='ltr' id='par_1_55' title="bbox 2265 2361 3854 2436">
     <span class='ocr_line' id='line_1_55' title="bbox 2265 2361 3854 2436; baseline 0.004 -22"><span class='ocrx_word' id='word_1_416' title='bbox 2265 2361 2520 2431; x_wconf 88' lang='lat' dir='ltr'><strong>puniunt,</strong></span> <span class='ocrx_word' id='word_1_417' title='bbox 2545 2363 2648 2433; x_wconf 89' lang='lat' dir='ltr'><strong>ipsi</strong></span> <span class='ocrx_word' id='word_1_418' title='bbox 2678 2364 2910 2420; x_wconf 88' lang='lat' dir='ltr'><strong>interius</strong></span> <span class='ocrx_word' id='word_1_419' title='bbox 2927 2364 3164 2436; x_wconf 88' lang='lat' dir='ltr'><strong>perfecte</strong></span> <span class='ocrx_word' id='word_1_420' title='bbox 3184 2365 3503 2436; x_wconf 88' lang='lat' dir='ltr'><strong>puniantur.</strong></span> <span class='ocrx_word' id='word_1_421' title='bbox 3523 2364 3669 2432; x_wconf 89' lang='lat' dir='ltr'><strong>Quia</strong></span> <span class='ocrx_word' id='word_1_422' title='bbox 3683 2365 3854 2436; x_wconf 85' lang='lat' dir='ltr'><strong>igitur</strong></span> 
     </span>
    </p>
   </div>
   <div class='ocr_carea' id='block_1_56' title="bbox 2263 2449 3852 2528">
    <p class='ocr_par' dir='ltr' id='par_1_56' title="bbox 2263 2449 3852 2528">
     <span class='ocr_line' id='line_1_56' title="bbox 2263 2449 3852 2528; baseline 0.005 -24"><span class='ocrx_word' id='word_1_423' title='bbox 2263 2449 2417 2506; x_wconf 91' lang='lat' dir='ltr'><strong>sinus</strong></span> <span class='ocrx_word' id='word_1_424' title='bbox 2443 2460 2710 2508; x_wconf 89' lang='lat' dir='ltr'><strong>secretum</strong></span> <span class='ocrx_word' id='word_1_425' title='bbox 2741 2455 2941 2510; x_wconf 89' lang='lat' dir='ltr'><strong>mentis</strong></span> <span class='ocrx_word' id='word_1_426' title='bbox 2967 2456 3252 2526; x_wconf 89' lang='lat' dir='ltr'><strong>accipitur,</strong></span> <span class='ocrx_word' id='word_1_427' title='bbox 3272 2457 3329 2511; x_wconf 92' lang='lat' dir='ltr'><strong>in</strong></span> <span class='ocrx_word' id='word_1_428' title='bbox 3345 2457 3472 2512; x_wconf 89' lang='lat' dir='ltr'><strong>sinu</strong></span> <span class='ocrx_word' id='word_1_429' title='bbox 3499 2455 3852 2528; x_wconf 85' lang='lat' dir='ltr'><strong>iniquitatem</strong></span> 
     </span>
    </p>
   </div>
   <div class='ocr_carea' id='block_1_57' title="bbox 2262 2539 3855 2613">
    <p class='ocr_par' dir='ltr' id='par_1_57' title="bbox 2262 2539 3855 2613">
     <span class='ocr_line' id='line_1_57' title="bbox 2262 2539 3855 2613; baseline 0.006 -19"><span class='ocrx_word' id='word_1_430' title='bbox 2262 2539 2438 2594; x_wconf 89' lang='lat' dir='ltr'><strong>celare</strong></span> <span class='ocrx_word' id='word_1_431' title='bbox 2465 2547 2548 2594; x_wconf 91' lang='lat' dir='ltr'><strong>est</strong></span> <span class='ocrx_word' id='word_1_432' title='bbox 2567 2539 2709 2596; x_wconf 87' lang='lat' dir='ltr'><strong>hanc</strong></span> <span class='ocrx_word' id='word_1_433' title='bbox 2721 2541 2778 2596; x_wconf 89' lang='lat' dir='ltr'><strong>in</strong></span> <span class='ocrx_word' id='word_1_434' title='bbox 2799 2543 3149 2600; x_wconf 62' lang='lat' dir='ltr'><strong>conscientia</strong></span> <span class='ocrx_word' id='word_1_435' title='bbox 3169 2544 3414 2600; x_wconf 86' lang='lat' dir='ltr'><strong>latibulis</strong></span> <span class='ocrx_word' id='word_1_436' title='bbox 3433 2547 3732 2613; x_wconf 88' lang='lat' dir='ltr'><strong>occultare,</strong></span> <span class='ocrx_word' id='word_1_437' title='bbox 3753 2561 3855 2604; x_wconf 83' lang='lat' dir='ltr'><strong>nec</strong></span> 
     </span>
    </p>
   </div>
   <div class='ocr_carea' id='block_1_58' title="bbox 2264 2627 3853 2702">
    <p class='ocr_par' dir='ltr' id='par_1_58' title="bbox 2264 2627 3853 2702">
     <span class='ocr_line' id='line_1_58' title="bbox 2264 2627 3853 2702; baseline 0.004 -20"><span class='ocrx_word' id='word_1_438' title='bbox 2264 2642 2359 2698; x_wconf 90' lang='lat' dir='ltr'><strong>per</strong></span> <span class='ocrx_word' id='word_1_439' title='bbox 2384 2627 2785 2684; x_wconf 82' lang='lat' dir='ltr'><strong>confessionem</strong></span> <span class='ocrx_word' id='word_1_440' title='bbox 2813 2629 3082 2702; x_wconf 88' lang='lat' dir='ltr'><strong>detegere,</strong></span> <span class='ocrx_word' id='word_1_441' title='bbox 3114 2631 3208 2688; x_wconf 88' lang='lat' dir='ltr'><strong>sed</strong></span> <span class='ocrx_word' id='word_1_442' title='bbox 3238 2647 3332 2702; x_wconf 90' lang='lat' dir='ltr'><strong>per</strong></span> <span class='ocrx_word' id='word_1_443' title='bbox 3358 2632 3736 2689; x_wconf 84' lang='lat' dir='ltr'><strong>defensionem</strong></span> <span class='ocrx_word' id='word_1_444' title='bbox 3761 2648 3853 2688; x_wconf 84' lang='lat' dir='ltr'><strong>ve-</strong></span> 
     </span>
    </p>
   </div>
   <div class='ocr_carea' id='block_1_59' title="bbox 2263 2714 3855 2789">
    <p class='ocr_par' dir='ltr' id='par_1_59' title="bbox 2263 2714 3855 2789">
     <span class='ocr_line' id='line_1_59' title="bbox 2263 2714 3855 2789; baseline 0.005 -21"><span class='ocrx_word' id='word_1_445' title='bbox 2263 2714 2390 2769; x_wconf 87' lang='lat' dir='ltr'><strong>lare.</strong></span> <span class='ocrx_word' id='word_1_446' title='bbox 2424 2715 2543 2782; x_wconf 89' lang='lat' dir='ltr'><strong>Quo</strong></span> <span class='ocrx_word' id='word_1_447' title='bbox 2559 2723 2748 2772; x_wconf 87' lang='lat' dir='ltr'><strong>contra</strong></span> <span class='ocrx_word' id='word_1_448' title='bbox 2761 2717 2994 2772; x_wconf 76' lang='lat' dir='ltr'><strong>Iacobus</strong></span> <span class='ocrx_word' id='word_1_449' title='bbox 3009 2717 3170 2773; x_wconf 87' lang='lat' dir='ltr'><strong>dicit:</strong></span> <span class='ocrx_word' id='word_1_450' title='bbox 3190 2718 3518 2789; x_wconf 81' lang='lat' dir='ltr'><strong>Conﬁtemini</strong></span> <span class='ocrx_word' id='word_1_451' title='bbox 3530 2721 3855 2776; x_wconf 80' lang='lat' dir='ltr'><strong>alte-rutrum</strong></span> 
     </span>
    </p>
   </div>
   <div class='ocr_carea' id='block_1_60' title="bbox 2254 2805 3854 2875">
    <p class='ocr_par' dir='ltr' id='par_1_60' title="bbox 2254 2805 3854 2875">
     <span class='ocr_line' id='line_1_60' title="bbox 2254 2805 3854 2875; baseline 0.005 -18"><span class='ocrx_word' id='word_1_452' title='bbox 2254 2809 2468 2874; x_wconf 79' lang='lat' dir='ltr'><strong>peccata</strong></span> <span class='ocrx_word' id='word_1_453' title='bbox 2513 2809 2707 2868; x_wconf 83' lang='lat' dir='ltr'><strong>vestra,</strong></span> <span class='ocrx_word' id='word_1_454' title='bbox 2763 2809 2812 2858; x_wconf 89' lang='lat' dir='ltr'><strong>et</strong></span> <span class='ocrx_word' id='word_1_455' title='bbox 2853 2810 3000 2858; x_wconf 84' lang='lat' dir='ltr'><strong>orate</strong></span> <span class='ocrx_word' id='word_1_456' title='bbox 3035 2821 3138 2875; x_wconf 82' lang='lat' dir='ltr'><strong>pro</strong></span> <span class='ocrx_word' id='word_1_457' title='bbox 3185 2805 3422 2870; x_wconf 76' lang='lat' dir='ltr'><strong>inuicem,</strong></span> <span class='ocrx_word' id='word_1_458' title='bbox 3464 2812 3527 2860; x_wconf 87' lang='lat' dir='ltr'><strong>ut</strong></span> <span class='ocrx_word' id='word_1_459' title='bbox 3573 2807 3854 2864; x_wconf 85' lang='lat' dir='ltr'><strong>salvemini</strong></span> 
     </span>
    </p>
   </div>
   <div class='ocr_carea' id='block_1_61' title="bbox 2263 2889 3854 2964">
    <p class='ocr_par' dir='ltr' id='par_1_61' title="bbox 2263 2889 3854 2964">
     <span class='ocr_line' id='line_1_61' title="bbox 2263 2889 3854 2964; baseline 0.003 -19"><span class='ocrx_word' id='word_1_460' title='bbox 2263 2889 2400 2960; x_wconf 83' lang='lat' dir='ltr'><strong>(Jac.</strong></span> <span class='ocrx_word' id='word_1_461' title='bbox 2449 2909 2506 2958; x_wconf 91' lang='lat' dir='ltr'><strong>v,</strong></span> <span class='ocrx_word' id='word_1_462' title='bbox 2555 2891 2668 2963; x_wconf 86' lang='grc'><strong>16).</strong></span> <span class='ocrx_word' id='word_1_463' title='bbox 2718 2891 2972 2947; x_wconf 89' lang='lat' dir='ltr'><strong>Salomon</strong></span> <span class='ocrx_word' id='word_1_464' title='bbox 3018 2907 3230 2964; x_wconf 90' lang='lat' dir='ltr'><strong>quoque</strong></span> <span class='ocrx_word' id='word_1_465' title='bbox 3269 2893 3378 2947; x_wconf 89' lang='lat' dir='ltr'><strong>ait:</strong></span> <span class='ocrx_word' id='word_1_466' title='bbox 3431 2893 3534 2958; x_wconf 85' lang='lat' dir='ltr'><strong>Qui</strong></span> <span class='ocrx_word' id='word_1_467' title='bbox 3575 2895 3854 2950; x_wconf 82' lang='lat' dir='ltr'><strong>abscondit</strong></span> 
     </span>
    </p>
   </div>
   <div class='ocr_carea' id='block_1_62' title="bbox 2259 2978 3848 3058">
    <p class='ocr_par' dir='ltr' id='par_1_62' title="bbox 2259 2978 3848 3058">
     <span class='ocr_line' id='line_1_62' title="bbox 2259 2978 3848 3058; baseline 0.004 -27"><span class='ocrx_word' id='word_1_468' title='bbox 2259 2979 2451 3032; x_wconf 85' lang='lat' dir='ltr'><strong>scelera</strong></span> <span class='ocrx_word' id='word_1_469' title='bbox 2471 2993 2589 3045; x_wconf 84' lang='lat' dir='ltr'><strong>sua,</strong></span> <span class='ocrx_word' id='word_1_470' title='bbox 2620 2995 2727 3058; x_wconf 75' lang='lat' dir='ltr'><strong>non</strong></span> <span class='ocrx_word' id='word_1_471' title='bbox 2751 2978 3042 3048; x_wconf 83' lang='lat' dir='ltr'><strong>dirigetur;</strong></span> <span class='ocrx_word' id='word_1_472' title='bbox 3074 2979 3166 3049; x_wconf 88' lang='lat' dir='ltr'><strong>qui</strong></span> <span class='ocrx_word' id='word_1_473' title='bbox 3185 2985 3358 3034; x_wconf 85' lang='lat' dir='ltr'><strong>autem</strong></span> <span class='ocrx_word' id='word_1_474' title='bbox 3375 2978 3644 3050; x_wconf 84' lang='lat' dir='ltr'><strong>confessus</strong></span> <span class='ocrx_word' id='word_1_475' title='bbox 3657 2981 3848 3050; x_wconf 76' lang='lat' dir='ltr'><strong>fuerit,</strong></span> 
     </span>
    </p>
   </div>
   <div class='ocr_carea' id='block_1_63' title="bbox 554 3063 3846 3162">
    <p class='ocr_par' dir='ltr' id='par_1_63' title="bbox 554 3063 3846 3162">
     <span class='ocr_line' id='line_1_63' title="bbox 554 3063 3846 3162; baseline 0.002 -42"><span class='ocrx_word' id='word_1_476' title='bbox 554 3070 821 3136; x_wconf 81' lang='lat' dir='ltr'><strong>peccatum</strong></span> <span class='ocrx_word' id='word_1_477' title='bbox 859 3063 1169 3119; x_wconf 86' lang='lat' dir='ltr'><strong>abscondere</strong></span> <span class='ocrx_word' id='word_1_478' title='bbox 1207 3063 1529 3162; x_wconf 68' lang='lat' dir='ltr'><strong>cogitantem.</strong></span> <span class='ocrx_word' id='word_1_479' title='bbox 1560 3064 1808 3119; x_wconf 88' lang='lat' dir='ltr'><strong>Peccator</strong></span> <span class='ocrx_word' id='word_1_480' title='bbox 1849 3083 1875 3120; x_wconf 91' lang='lat' dir='ltr'><strong>e</strong></span> <span class='ocrx_word' id='word_1_481' title='bbox 1914 3067 2149 3136; x_wconf 85' lang='lat' dir='ltr'><strong>sepulcro</strong></span> <span class='ocrx_word' id='word_1_482' title='bbox 2177 3102 2222 3162; x_wconf 74' lang='lat' dir='ltr'>G</span> <span class='ocrx_word' id='word_1_483' title='bbox 2256 3071 2306 3120; x_wconf 87' lang='lat' dir='ltr'><strong>et</strong></span> <span class='ocrx_word' id='word_1_484' title='bbox 2345 3067 2682 3136; x_wconf 77' lang='lat' dir='ltr'><strong>dereliquerit</strong></span> <span class='ocrx_word' id='word_1_485' title='bbox 2714 3084 2795 3132; x_wconf 84' lang='lat' dir='ltr'><strong>ea,</strong></span> <span class='ocrx_word' id='word_1_486' title='bbox 2841 3067 3258 3122; x_wconf 86' lang='lat' dir='ltr'><strong>misericordiam</strong></span> <span class='ocrx_word' id='word_1_487' title='bbox 3284 3073 3622 3138; x_wconf 83' lang='lat' dir='ltr'><strong>consequetur</strong></span> <span class='ocrx_word' id='word_1_488' title='bbox 3645 3070 3846 3137; x_wconf 80' lang='lat' dir='ltr'><strong>(Prov.</strong></span> 
     </span>
    </p>
   </div>
   <div class='ocr_carea' id='block_1_64' title="bbox 561 3148 2147 3222">
    <p class='ocr_par' dir='ltr' id='par_1_64' title="bbox 561 3148 2147 3222">
     <span class='ocr_line' id='line_1_64' title="bbox 561 3148 2147 3222; baseline 0.001 -17"><span class='ocrx_word' id='word_1_489' title='bbox 561 3152 779 3220; x_wconf 73' lang='lat' dir='ltr'><strong>exitper</strong></span> <span class='ocrx_word' id='word_1_490' title='bbox 796 3149 1184 3217; x_wconf 80' lang='lat' dir='ltr'><strong>confessionem.</strong></span> <span class='ocrx_word' id='word_1_491' title='bbox 1213 3179 1284 3189; x_wconf 93' lang='lat'><strong>—</strong></span> <span class='ocrx_word' id='word_1_492' title='bbox 1317 3148 1470 3204; x_wconf 86' lang='lat' dir='ltr'><strong>Unde</strong></span> <span class='ocrx_word' id='word_1_493' title='bbox 1502 3165 1649 3205; x_wconf 89' lang='lat' dir='ltr'><strong>nunc</strong></span> <span class='ocrx_word' id='word_1_494' title='bbox 1677 3166 1892 3222; x_wconf 88' lang='lat' dir='ltr'><strong>quoque</strong></span> <span class='ocrx_word' id='word_1_495' title='bbox 1920 3151 2147 3206; x_wconf 89' lang='lat' dir='ltr'><strong>humani</strong></span> 
     </span>
    </p>
   </div>
   <div class='ocr_carea' id='block_1_65' title="bbox 563 3235 2148 3308">
    <p class='ocr_par' dir='ltr' id='par_1_65' title="bbox 563 3235 2148 3308">
     <span class='ocr_line' id='line_1_65' title="bbox 563 3235 2148 3308; baseline 0.001 -15"><span class='ocrx_word' id='word_1_496' title='bbox 563 3237 772 3308; x_wconf 86' lang='lat' dir='ltr'><strong>generis</strong></span> <span class='ocrx_word' id='word_1_497' title='bbox 798 3237 938 3292; x_wconf 90' lang='lat' dir='ltr'><strong>rami</strong></span> <span class='ocrx_word' id='word_1_498' title='bbox 965 3252 1034 3292; x_wconf 82' lang='lat' dir='ltr'><strong>ex</strong></span> <span class='ocrx_word' id='word_1_499' title='bbox 1063 3235 1165 3292; x_wconf 88' lang='lat' dir='ltr'><strong>hac</strong></span> <span class='ocrx_word' id='word_1_500' title='bbox 1183 3235 1365 3294; x_wconf 89' lang='lat' dir='ltr'><strong>adhuc</strong></span> <span class='ocrx_word' id='word_1_501' title='bbox 1393 3236 1578 3292; x_wconf 89' lang='lat' dir='ltr'><strong>radice</strong></span> <span class='ocrx_word' id='word_1_502' title='bbox 1597 3238 2020 3294; x_wconf 89' lang='lat' dir='ltr'><strong>amaritudinem</strong></span> <span class='ocrx_word' id='word_1_503' title='bbox 2041 3247 2148 3294; x_wconf 88' lang='lat' dir='ltr'><strong>tra-</strong></span> 
     </span>
    </p>
   </div>
   <div class='ocr_carea' id='block_1_66' title="bbox 562 3325 2147 3399">
    <p class='ocr_par' dir='ltr' id='par_1_66' title="bbox 562 3325 2147 3399">
     <span class='ocr_line' id='line_1_66' title="bbox 562 3325 2147 3399; baseline 0.003 -18"><span class='ocrx_word' id='word_1_504' title='bbox 562 3326 723 3394; x_wconf 87' lang='lat' dir='ltr'><strong>hunt,</strong></span> <span class='ocrx_word' id='word_1_505' title='bbox 753 3333 815 3380; x_wconf 91' lang='lat' dir='ltr'><strong>ut</strong></span> <span class='ocrx_word' id='word_1_506' title='bbox 837 3341 965 3381; x_wconf 90' lang='lat' dir='ltr'><strong>cum</strong></span> <span class='ocrx_word' id='word_1_507' title='bbox 985 3325 1052 3381; x_wconf 93' lang='lat' dir='ltr'><strong>de</strong></span> <span class='ocrx_word' id='word_1_508' title='bbox 1081 3326 1218 3381; x_wconf 89' lang='lat' dir='ltr'><strong>vitio</strong></span> <span class='ocrx_word' id='word_1_509' title='bbox 1239 3342 1338 3382; x_wconf 92' lang='lat' dir='ltr'><strong>suo</strong></span> <span class='ocrx_word' id='word_1_510' title='bbox 1357 3325 1587 3399; x_wconf 89' lang='lat' dir='ltr'><strong>quisque</strong></span> <span class='ocrx_word' id='word_1_511' title='bbox 1601 3327 1868 3398; x_wconf 88' lang='lat' dir='ltr'><strong>arguitur,</strong></span> <span class='ocrx_word' id='word_1_512' title='bbox 1893 3330 1913 3363; x_wconf 85' lang='grc'><strong>³</strong></span> <span class='ocrx_word' id='word_1_513' title='bbox 1939 3328 2042 3384; x_wconf 89' lang='lat' dir='ltr'><strong>sub</strong></span> <span class='ocrx_word' id='word_1_514' title='bbox 2057 3328 2147 3385; x_wconf 86' lang='lat' dir='ltr'><strong>de-</strong></span> 
     </span>
    </p>
   </div>
   <div class='ocr_carea' id='block_1_67' title="bbox 560 3413 2148 3486">
    <p class='ocr_par' dir='ltr' id='par_1_67' title="bbox 560 3413 2148 3486">
     <span class='ocr_line' id='line_1_67' title="bbox 560 3413 2148 3486; baseline 0.001 -16"><span class='ocrx_word' id='word_1_515' title='bbox 560 3413 870 3470; x_wconf 84' lang='lat' dir='ltr'><strong>fensionum</strong></span> <span class='ocrx_word' id='word_1_516' title='bbox 895 3413 1063 3470; x_wconf 88' lang='lat' dir='ltr'><strong>verba</strong></span> <span class='ocrx_word' id='word_1_517' title='bbox 1077 3415 1232 3486; x_wconf 89' lang='lat' dir='ltr'><strong>quasi</strong></span> <span class='ocrx_word' id='word_1_518' title='bbox 1259 3414 1363 3470; x_wconf 87' lang='lat' dir='ltr'><strong>sub</strong></span> <span class='ocrx_word' id='word_1_519' title='bbox 1382 3413 1628 3486; x_wconf 84' lang='lat' dir='ltr'><strong>quaedam</strong></span> <span class='ocrx_word' id='word_1_520' title='bbox 1645 3430 1702 3470; x_wconf 90' lang='lat' dir='ltr'><strong>se</strong></span> <span class='ocrx_word' id='word_1_521' title='bbox 1726 3415 1984 3470; x_wconf 88' lang='lat' dir='ltr'><strong>arborum</strong></span> <span class='ocrx_word' id='word_1_522' title='bbox 2014 3415 2148 3471; x_wconf 87' lang='lat' dir='ltr'><strong>folia</strong></span> 
     </span>
    </p>
   </div>
   <div class='ocr_carea' id='block_1_68' title="bbox 559 3501 2145 3574">
    <p class='ocr_par' dir='ltr' id='par_1_68' title="bbox 559 3501 2145 3574">
     <span class='ocr_line' id='line_1_68' title="bbox 559 3501 2145 3574; baseline 0.001 -16"><span class='ocrx_word' id='word_1_523' title='bbox 559 3501 874 3570; x_wconf 90' lang='lat' dir='ltr'><strong>abscondat,</strong></span> <span class='ocrx_word' id='word_1_524' title='bbox 921 3509 975 3558; x_wconf 92' lang='lat' dir='ltr'><strong>et</strong></span> <span class='ocrx_word' id='word_1_525' title='bbox 1017 3501 1169 3557; x_wconf 92' lang='lat' dir='ltr'><strong>velut</strong></span> <span class='ocrx_word' id='word_1_526' title='bbox 1213 3501 1283 3558; x_wconf 89' lang='lat' dir='ltr'><strong>ad</strong></span> <span class='ocrx_word' id='word_1_527' title='bbox 1327 3501 1574 3574; x_wconf 57' lang='lat' dir='ltr'><strong>quadam</strong></span> <span class='ocrx_word' id='word_1_528' title='bbox 1617 3502 1988 3558; x_wconf 84' lang='lat' dir='ltr'><strong>excusationis</strong></span> <span class='ocrx_word' id='word_1_529' title='bbox 2033 3519 2145 3559; x_wconf 59' lang='lat' dir='ltr'><strong>suae</strong></span> 
     </span>
    </p>
   </div>
   <div class='ocr_carea' id='block_1_69' title="bbox 559 3589 2144 3662">
    <p class='ocr_par' dir='ltr' id='par_1_69' title="bbox 559 3589 2144 3662">
     <span class='ocr_line' id='line_1_69' title="bbox 559 3589 2144 3662; baseline 0.001 -15"><span class='ocrx_word' id='word_1_530' title='bbox 559 3607 727 3662; x_wconf 88' lang='lat' dir='ltr'><strong>opaca</strong></span> <span class='ocrx_word' id='word_1_531' title='bbox 749 3597 954 3647; x_wconf 84' lang='lat' dir='ltr'><strong>secreta</strong></span> <span class='ocrx_word' id='word_1_532' title='bbox 993 3591 1188 3648; x_wconf 88' lang='lat' dir='ltr'><strong>faciem</strong></span> <span class='ocrx_word' id='word_1_533' title='bbox 1232 3591 1256 3626; x_wconf 71' lang='lat'><strong>‘</strong></span> <span class='ocrx_word' id='word_1_534' title='bbox 1283 3589 1587 3646; x_wconf 88' lang='lat' dir='ltr'><strong>conditoris</strong></span> <span class='ocrx_word' id='word_1_535' title='bbox 1620 3590 1816 3662; x_wconf 85' lang='lat' dir='ltr'><strong>fugiat,</strong></span> <span class='ocrx_word' id='word_1_536' title='bbox 1854 3591 1985 3647; x_wconf 90' lang='lat' dir='ltr'><strong>dum</strong></span> <span class='ocrx_word' id='word_1_537' title='bbox 2033 3609 2144 3648; x_wconf 91' lang='lat' dir='ltr'><strong>non</strong></span> 
     </span>
    </p>
   </div>
   <div class='ocr_carea' id='block_1_70' title="bbox 558 3678 2146 3752">
    <p class='ocr_par' dir='ltr' id='par_1_70' title="bbox 558 3678 2146 3752">
     <span class='ocr_line' id='line_1_70' title="bbox 558 3678 2146 3752; baseline 0.001 -17"><span class='ocrx_word' id='word_1_538' title='bbox 558 3680 682 3735; x_wconf 85' lang='lat' dir='ltr'><strong>vult</strong></span> <span class='ocrx_word' id='word_1_539' title='bbox 710 3686 852 3742; x_wconf 81' lang='lat'><strong>713</strong></span> <span class='ocrx_word' id='word_1_540' title='bbox 879 3679 1132 3752; x_wconf 88' lang='lat' dir='ltr'><strong>cognosci</strong></span> <span class='ocrx_word' id='word_1_541' title='bbox 1161 3679 1308 3752; x_wconf 88' lang='lat' dir='ltr'><strong>quod</strong></span> <span class='ocrx_word' id='word_1_542' title='bbox 1335 3679 1484 3736; x_wconf 88' lang='lat' dir='ltr'><strong>fecit.</strong></span> <span class='ocrx_word' id='word_1_543' title='bbox 1517 3679 1580 3735; x_wconf 95' lang='lat' dir='ltr'><strong>In</strong></span> <span class='ocrx_word' id='word_1_544' title='bbox 1622 3695 1728 3752; x_wconf 89' lang='lat' dir='ltr'><strong>qua</strong></span> <span class='ocrx_word' id='word_1_545' title='bbox 1765 3678 2023 3735; x_wconf 91' lang='lat' dir='ltr'><strong>videlicet</strong></span> <span class='ocrx_word' id='word_1_546' title='bbox 2059 3697 2146 3736; x_wconf 88' lang='lat' dir='ltr'><strong>oc-</strong></span> 
     </span>
    </p>
   </div>
   <div class='ocr_carea' id='block_1_71' title="bbox 555 3775 2147 3840">
    <p class='ocr_par' dir='ltr' id='par_1_71' title="bbox 555 3775 2147 3840">
     <span class='ocr_line' id='line_1_71' title="bbox 555 3775 2147 3840; baseline -0.001 -7"><span class='ocrx_word' id='word_1_547' title='bbox 555 3776 855 3833; x_wconf 90' lang='lat' dir='ltr'><strong>cultatione</strong></span> <span class='ocrx_word' id='word_1_548' title='bbox 881 3791 994 3832; x_wconf 92' lang='lat' dir='ltr'><strong>non</strong></span> <span class='ocrx_word' id='word_1_549' title='bbox 1025 3791 1082 3832; x_wconf 91' lang='lat' dir='ltr'><strong>se</strong></span> <span class='ocrx_word' id='word_1_550' title='bbox 1108 3775 1368 3840; x_wconf 86' lang='lat' dir='ltr'><strong>Domino,</strong></span> <span class='ocrx_word' id='word_1_551' title='bbox 1399 3775 1494 3830; x_wconf 91' lang='lat' dir='ltr'><strong>sed</strong></span> <span class='ocrx_word' id='word_1_552' title='bbox 1533 3775 1831 3831; x_wconf 90' lang='lat' dir='ltr'><strong>Dominum</strong></span> <span class='ocrx_word' id='word_1_553' title='bbox 1858 3775 2147 3832; x_wconf 88' lang='lat' dir='ltr'><strong>abscondit</strong></span> 
     </span>
    </p>
   </div>
   <div class='ocr_carea' id='block_1_72' title="bbox 556 3865 2146 3940">
    <p class='ocr_par' dir='ltr' id='par_1_72' title="bbox 556 3865 2146 3940">
     <span class='ocr_line' id='line_1_72' title="bbox 556 3865 2146 3940; baseline -0.002 -17"><span class='ocrx_word' id='word_1_554' title='bbox 556 3866 684 3923; x_wconf 85' lang='lat' dir='ltr'><strong>sibi.</strong></span> <span class='ocrx_word' id='word_1_555' title='bbox 716 3868 845 3940; x_wconf 83' lang='lat' dir='ltr'><strong>Agit</strong></span> <span class='ocrx_word' id='word_1_556' title='bbox 864 3867 1063 3940; x_wconf 92' lang='lat' dir='ltr'><strong>quippe</strong></span> <span class='ocrx_word' id='word_1_557' title='bbox 1091 3881 1159 3920; x_wconf 90' lang='lat' dir='ltr'><strong>ne</strong></span> <span class='ocrx_word' id='word_1_558' title='bbox 1184 3867 1371 3921; x_wconf 86' lang='lat' dir='ltr'><strong>omnia</strong></span> <span class='ocrx_word' id='word_1_559' title='bbox 1388 3865 1667 3921; x_wconf 89' lang='lat' dir='ltr'><strong>videntem</strong></span> <span class='ocrx_word' id='word_1_560' title='bbox 1688 3865 1892 3933; x_wconf 86' lang='lat' dir='ltr'><strong>videat,</strong></span> <span class='ocrx_word' id='word_1_561' title='bbox 1913 3881 2024 3920; x_wconf 90' lang='lat' dir='ltr'><strong>non</strong></span> <span class='ocrx_word' id='word_1_562' title='bbox 2053 3881 2146 3920; x_wconf 90' lang='lat' dir='ltr'><strong>au-</strong></span> 
     </span>
    </p>
   </div>
   <div class='ocr_carea' id='block_1_73' title="bbox 553 3951 2144 4024">
    <p class='ocr_par' dir='ltr' id='par_1_73' title="bbox 553 3951 2144 4024">
     <span class='ocr_line' id='line_1_73' title="bbox 553 3951 2144 4024; baseline -0.002 -15"><span class='ocrx_word' id='word_1_563' title='bbox 553 3959 666 4010; x_wconf 90' lang='lat' dir='ltr'><strong>tem</strong></span> <span class='ocrx_word' id='word_1_564' title='bbox 695 3969 764 4008; x_wconf 91' lang='lat' dir='ltr'><strong>ne</strong></span> <span class='ocrx_word' id='word_1_565' title='bbox 806 3953 921 4024; x_wconf 90' lang='lat' dir='ltr'><strong>ipse</strong></span> <span class='ocrx_word' id='word_1_566' title='bbox 948 3951 1221 4008; x_wconf 88' lang='lat' dir='ltr'><strong>videatur.</strong></span> <span class='ocrx_word' id='word_1_567' title='bbox 1253 3952 1372 4019; x_wconf 89' lang='lat' dir='ltr'><strong>Quo</strong></span> <span class='ocrx_word' id='word_1_568' title='bbox 1402 3959 1593 4008; x_wconf 89' lang='lat' dir='ltr'><strong>contra</strong></span> <span class='ocrx_word' id='word_1_569' title='bbox 1633 3952 1832 4024; x_wconf 88' lang='lat' dir='ltr'><strong>cuique</strong></span> <span class='ocrx_word' id='word_1_570' title='bbox 1876 3951 2144 4024; x_wconf 86' lang='lat' dir='ltr'><strong>peccatori</strong></span> 
     </span>
    </p>
   </div>
   <div class='ocr_carea' id='block_1_74' title="bbox 549 4029 2143 4110">
    <p class='ocr_par' dir='ltr' id='par_1_74' title="bbox 549 4029 2143 4110">
     <span class='ocr_line' id='line_1_74' title="bbox 549 4029 2143 4110; baseline 0.002 -16"><span class='ocrx_word' id='word_1_571' title='bbox 549 4038 667 4110; x_wconf 90' lang='lat' dir='ltr'><strong>jam</strong></span> <span class='ocrx_word' id='word_1_572' title='bbox 693 4040 985 4094; x_wconf 86' lang='lat' dir='ltr'><strong>exordium</strong></span> <span class='ocrx_word' id='word_1_573' title='bbox 1005 4041 1044 4094; x_wconf 90' lang='lat' dir='ltr'><strong>il</strong></span> <span class='ocrx_word' id='word_1_574' title='bbox 1052 4029 1432 4094; x_wconf 74' lang='lat' dir='ltr'><strong>luminationis</strong></span> <span class='ocrx_word' id='word_1_575' title='bbox 1451 4047 1532 4094; x_wconf 90' lang='lat' dir='ltr'><strong>est</strong></span> <span class='ocrx_word' id='word_1_576' title='bbox 1547 4039 1836 4094; x_wconf 90' lang='lat' dir='ltr'><strong>humilitas</strong></span> <span class='ocrx_word' id='word_1_577' title='bbox 1853 4040 2143 4097; x_wconf 86' lang='lat' dir='ltr'><strong>confessio.</strong></span> 
     </span>
    </p>
   </div>
   <div class='ocr_carea' id='block_1_75' title="bbox 553 4126 2144 4201">
    <p class='ocr_par' dir='ltr' id='par_1_75' title="bbox 553 4126 2144 4201">
     <span class='ocr_line' id='line_1_75' title="bbox 553 4126 2144 4201; baseline 0.001 -18"><span class='ocrx_word' id='word_1_578' title='bbox 553 4126 662 4194; x_wconf 88' lang='lat' dir='ltr'><strong>nis,</strong></span> <span class='ocrx_word' id='word_1_579' title='bbox 695 4127 824 4198; x_wconf 90' lang='lat' dir='ltr'><strong>quia</strong></span> <span class='ocrx_word' id='word_1_580' title='bbox 856 4127 1186 4199; x_wconf 88' lang='lat' dir='ltr'><strong>sibimetipsi</strong></span> <span class='ocrx_word' id='word_1_581' title='bbox 1207 4127 1320 4199; x_wconf 90' lang='lat' dir='ltr'><strong>jam</strong></span> <span class='ocrx_word' id='word_1_582' title='bbox 1341 4144 1566 4201; x_wconf 90' lang='lat' dir='ltr'><strong>parcere</strong></span> <span class='ocrx_word' id='word_1_583' title='bbox 1592 4127 1794 4196; x_wconf 89' lang='lat' dir='ltr'><strong>renuit,</strong></span> <span class='ocrx_word' id='word_1_584' title='bbox 1819 4127 1914 4200; x_wconf 90' lang='lat' dir='ltr'><strong>qui</strong></span> <span class='ocrx_word' id='word_1_585' title='bbox 1939 4130 2144 4185; x_wconf 89' lang='lat' dir='ltr'><strong>malum</strong></span> 
     </span>
    </p>
   </div>
   <div class='ocr_carea' id='block_1_76' title="bbox 554 4215 2146 4290">
    <p class='ocr_par' dir='ltr' id='par_1_76' title="bbox 554 4215 2146 4290">
     <span class='ocr_line' id='line_1_76' title="bbox 554 4215 2146 4290; baseline 0.001 -18"><span class='ocrx_word' id='word_1_586' title='bbox 554 4230 668 4272; x_wconf 90' lang='lat' dir='ltr'><strong>non</strong></span> <span class='ocrx_word' id='word_1_587' title='bbox 693 4215 966 4273; x_wconf 87' lang='lat' dir='ltr'><strong>erubescit</strong></span> <span class='ocrx_word' id='word_1_588' title='bbox 993 4217 1243 4273; x_wconf 89' lang='lat' dir='ltr'><strong>conﬁteri</strong></span> <span class='ocrx_word' id='word_1_589' title='bbox 1264 4217 1412 4290; x_wconf 91' lang='lat' dir='ltr'><strong>quod</strong></span> <span class='ocrx_word' id='word_1_590' title='bbox 1425 4217 1558 4274; x_wconf 91' lang='lat' dir='ltr'><strong>fecit</strong></span> <span class='ocrx_word' id='word_1_591' title='bbox 1579 4235 1593 4284; x_wconf 92' lang='lat'>;</span> <span class='ocrx_word' id='word_1_592' title='bbox 1617 4225 1671 4272; x_wconf 91' lang='lat' dir='ltr'><strong>et</strong></span> <span class='ocrx_word' id='word_1_593' title='bbox 1689 4217 1784 4288; x_wconf 90' lang='lat' dir='ltr'><strong>qui</strong></span> <span class='ocrx_word' id='word_1_594' title='bbox 1804 4216 2146 4273; x_wconf 88' lang='lat' dir='ltr'><strong>defendendo</strong></span> 
     </span>
    </p>
   </div>
   <div class='ocr_carea' id='block_1_77' title="bbox 554 4305 2143 4378">
    <p class='ocr_par' dir='ltr' id='par_1_77' title="bbox 554 4305 2143 4378">
     <span class='ocr_line' id='line_1_77' title="bbox 554 4305 2143 4378; baseline 0.002 -18"><span class='ocrx_word' id='word_1_595' title='bbox 554 4306 579 4341; x_wconf 77' lang='grc'>⁸</span> <span class='ocrx_word' id='word_1_596' title='bbox 606 4305 849 4362; x_wconf 88' lang='lat' dir='ltr'><strong>accusari</strong></span> <span class='ocrx_word' id='word_1_597' title='bbox 875 4307 1075 4378; x_wconf 91' lang='lat' dir='ltr'><strong>potuit,</strong></span> <span class='ocrx_word' id='word_1_598' title='bbox 1120 4308 1426 4364; x_wconf 88' lang='lat' dir='ltr'><strong>accusando</strong></span> <span class='ocrx_word' id='word_1_599' title='bbox 1471 4325 1528 4364; x_wconf 90' lang='lat' dir='ltr'><strong>se</strong></span> <span class='ocrx_word' id='word_1_600' title='bbox 1555 4307 1837 4364; x_wconf 89' lang='lat' dir='ltr'><strong>celerrime</strong></span> <span class='ocrx_word' id='word_1_601' title='bbox 1879 4305 2143 4368; x_wconf 83' lang='lat' dir='ltr'><strong>defendit.</strong></span> 
     </span>
    </p>
   </div>
   <div class='ocr_carea' id='block_1_78' title="bbox 553 4393 2138 4470">
    <p class='ocr_par' dir='ltr' id='par_1_78' title="bbox 553 4393 2138 4470">
     <span class='ocr_line' id='line_1_78' title="bbox 553 4393 2138 4470; baseline 0.002 -21"><span class='ocrx_word' id='word_1_602' title='bbox 553 4393 709 4450; x_wconf 88' lang='lat' dir='ltr'><strong>Unde</strong></span> <span class='ocrx_word' id='word_1_603' title='bbox 735 4400 790 4449; x_wconf 91' lang='lat' dir='ltr'><strong>et</strong></span> <span class='ocrx_word' id='word_1_604' title='bbox 808 4403 1025 4452; x_wconf 90' lang='lat' dir='ltr'><strong>mortuo</strong></span> <span class='ocrx_word' id='word_1_605' title='bbox 1043 4396 1264 4464; x_wconf 86' lang='lat' dir='ltr'><strong>Lazaro,</strong></span> <span class='ocrx_word' id='word_1_606' title='bbox 1287 4399 1384 4470; x_wconf 91' lang='lat' dir='ltr'><strong>qui</strong></span> <span class='ocrx_word' id='word_1_607' title='bbox 1399 4399 1544 4454; x_wconf 91' lang='lat' dir='ltr'><strong>mole</strong></span> <span class='ocrx_word' id='word_1_608' title='bbox 1559 4414 1756 4468; x_wconf 87' lang='lat' dir='ltr'><strong>magna</strong></span> <span class='ocrx_word' id='word_1_609' title='bbox 1771 4395 2138 4470; x_wconf 87' lang='lat' dir='ltr'><strong>premebatur,</strong></span> 
     </span>
    </p>
   </div>
   <div class='ocr_carea' id='block_1_79' title="bbox 551 4483 2140 4555">
    <p class='ocr_par' dir='ltr' id='par_1_79' title="bbox 551 4483 2140 4555">
     <span class='ocr_line' id='line_1_79' title="bbox 551 4483 2140 4555; baseline 0.003 -18"><span class='ocrx_word' id='word_1_610' title='bbox 551 4497 893 4554; x_wconf 88' lang='lat' dir='ltr'><strong>nequaquam</strong></span> <span class='ocrx_word' id='word_1_611' title='bbox 947 4483 1192 4540; x_wconf 88' lang='lat' dir='ltr'><strong>dicitur:</strong></span> <span class='ocrx_word' id='word_1_612' title='bbox 1250 4485 1556 4554; x_wconf 85' lang='lat' dir='ltr'><strong>Revivisce,</strong></span> <span class='ocrx_word' id='word_1_613' title='bbox 1613 4486 1752 4542; x_wconf 89' lang='lat' dir='ltr'><strong>sed:</strong></span> <span class='ocrx_word' id='word_1_614' title='bbox 1807 4485 1932 4543; x_wconf 89' lang='lat' dir='ltr'><strong>Veni</strong></span> <span class='ocrx_word' id='word_1_615' title='bbox 1987 4485 2140 4555; x_wconf 83' lang='lat' dir='ltr'><strong>foras</strong></span> 
     </span>
    </p>
   </div>
   <div class='ocr_carea' id='block_1_80' title="bbox 555 4569 2142 4644">
    <p class='ocr_par' dir='ltr' id='par_1_80' title="bbox 555 4569 2142 4644">
     <span class='ocr_line' id='line_1_80' title="bbox 555 4569 2142 4644; baseline 0.001 -18"><span class='ocrx_word' id='word_1_616' title='bbox 555 4569 735 4640; x_wconf 83' lang='lat' dir='ltr'><strong>(Joan.</strong></span> <span class='ocrx_word' id='word_1_617' title='bbox 777 4585 857 4638; x_wconf 70' lang='grc' dir='ltr'><strong>χι,</strong></span> <span class='ocrx_word' id='word_1_618' title='bbox 899 4570 1014 4642; x_wconf 78' lang='grc'><strong>43).</strong></span> <span class='ocrx_word' id='word_1_619' title='bbox 1059 4573 1148 4626; x_wconf 88' lang='lat' dir='ltr'><strong>Ex</strong></span> <span class='ocrx_word' id='word_1_620' title='bbox 1173 4587 1280 4642; x_wconf 89' lang='lat' dir='ltr'><strong>qua</strong></span> <span class='ocrx_word' id='word_1_621' title='bbox 1320 4573 1530 4628; x_wconf 91' lang='lat' dir='ltr'><strong>scilicet</strong></span> <span class='ocrx_word' id='word_1_622' title='bbox 1569 4573 1984 4638; x_wconf 88' lang='lat' dir='ltr'><strong>resurrectione,</strong></span> <span class='ocrx_word' id='word_1_623' title='bbox 2021 4589 2142 4644; x_wconf 64' lang='lat' dir='ltr'><strong>quae</strong></span> 
     </span>
    </p>
   </div>
   <div class='ocr_carea' id='block_1_81' title="bbox 551 4655 2140 4731">
    <p class='ocr_par' dir='ltr' id='par_1_81' title="bbox 551 4655 2140 4731">
     <span class='ocr_line' id='line_1_81' title="bbox 551 4655 2140 4731; baseline 0.001 -17"><span class='ocrx_word' id='word_1_624' title='bbox 551 4664 700 4730; x_wconf 87' lang='lat' dir='ltr'><strong>gesta</strong></span> <span class='ocrx_word' id='word_1_625' title='bbox 743 4655 802 4712; x_wconf 89' lang='lat' dir='ltr'><strong>in</strong></span> <span class='ocrx_word' id='word_1_626' title='bbox 851 4657 1002 4714; x_wconf 86' lang='lat' dir='ltr'><strong>illius</strong></span> <span class='ocrx_word' id='word_1_627' title='bbox 1055 4665 1138 4713; x_wconf 89' lang='lat' dir='ltr'><strong>est</strong></span> <span class='ocrx_word' id='word_1_628' title='bbox 1179 4675 1424 4730; x_wconf 89' lang='lat' dir='ltr'><strong>corpore,</strong></span> <span class='ocrx_word' id='word_1_629' title='bbox 1468 4661 1714 4731; x_wconf 88' lang='lat' dir='ltr'><strong>signatur</strong></span> <span class='ocrx_word' id='word_1_630' title='bbox 1761 4661 1994 4730; x_wconf 88' lang='lat' dir='ltr'><strong>qualiter</strong></span> <span class='ocrx_word' id='word_1_631' title='bbox 2039 4677 2140 4716; x_wconf 90' lang='lat' dir='ltr'><strong>nos</strong></span> 
     </span>
    </p>
   </div>
   <div class='ocr_carea' id='block_1_82' title="bbox 548 4745 2139 4813">
    <p class='ocr_par' dir='ltr' id='par_1_82' title="bbox 548 4745 2139 4813">
     <span class='ocr_line' id='line_1_82' title="bbox 548 4745 2139 4813; baseline -0.003 -9"><span class='ocrx_word' id='word_1_632' title='bbox 548 4745 935 4804; x_wconf 89' lang='lat' dir='ltr'><strong>resuscitemur</strong></span> <span class='ocrx_word' id='word_1_633' title='bbox 980 4747 1039 4801; x_wconf 90' lang='lat' dir='ltr'><strong>in</strong></span> <span class='ocrx_word' id='word_1_634' title='bbox 1077 4745 1259 4813; x_wconf 89' lang='lat' dir='ltr'><strong>corde,</strong></span> <span class='ocrx_word' id='word_1_635' title='bbox 1301 4763 1428 4803; x_wconf 89' lang='lat' dir='ltr'><strong>cum</strong></span> <span class='ocrx_word' id='word_1_636' title='bbox 1456 4747 1715 4804; x_wconf 89' lang='lat' dir='ltr'><strong>videlicet</strong></span> <span class='ocrx_word' id='word_1_637' title='bbox 1743 4754 1960 4802; x_wconf 88' lang='lat' dir='ltr'><strong>mortuo</strong></span> <span class='ocrx_word' id='word_1_638' title='bbox 1987 4746 2139 4802; x_wconf 89' lang='lat' dir='ltr'><strong>dici-</strong></span> 
     </span>
    </p>
   </div>
   <div class='ocr_carea' id='block_1_83' title="bbox 548 4833 2138 4906">
    <p class='ocr_par' dir='ltr' id='par_1_83' title="bbox 548 4833 2138 4906">
     <span class='ocr_line' id='line_1_83' title="bbox 548 4833 2138 4906; baseline 0.001 -16"><span class='ocrx_word' id='word_1_639' title='bbox 548 4841 676 4892; x_wconf 88' lang='lat' dir='ltr'><strong>tur:</strong></span> <span class='ocrx_word' id='word_1_640' title='bbox 721 4834 844 4893; x_wconf 83' lang='lat' dir='ltr'><strong>Veni</strong></span> <span class='ocrx_word' id='word_1_641' title='bbox 870 4834 1042 4906; x_wconf 82' lang='lat' dir='ltr'><strong>foras,</strong></span> <span class='ocrx_word' id='word_1_642' title='bbox 1087 4840 1150 4888; x_wconf 90' lang='lat' dir='ltr'><strong>ut</strong></span> <span class='ocrx_word' id='word_1_643' title='bbox 1187 4833 1453 4890; x_wconf 90' lang='lat' dir='ltr'><strong>nimirum</strong></span> <span class='ocrx_word' id='word_1_644' title='bbox 1501 4833 1668 4890; x_wconf 90' lang='lat' dir='ltr'><strong>homo</strong></span> <span class='ocrx_word' id='word_1_645' title='bbox 1705 4834 1771 4888; x_wconf 86' lang='lat' dir='ltr'><strong>irr</strong></span> <span class='ocrx_word' id='word_1_646' title='bbox 1792 4841 2012 4905; x_wconf 91' lang='lat' dir='ltr'><strong>peccato</strong></span> <span class='ocrx_word' id='word_1_647' title='bbox 2038 4851 2138 4892; x_wconf 89' lang='lat' dir='ltr'><strong>suo</strong></span> 
     </span>
    </p>
   </div>
   <div class='ocr_carea' id='block_1_84' title="bbox 548 4920 2138 4996">
    <p class='ocr_par' dir='ltr' id='par_1_84' title="bbox 548 4920 2138 4996">
     <span class='ocr_line' id='line_1_84' title="bbox 548 4920 2138 4996; baseline 0.001 -18"><span class='ocrx_word' id='word_1_648' title='bbox 548 4929 817 4990; x_wconf 87' lang='lat' dir='ltr'><strong>mortuus,</strong></span> <span class='ocrx_word' id='word_1_649' title='bbox 845 4929 901 4979; x_wconf 91' lang='lat' dir='ltr'><strong>et</strong></span> <span class='ocrx_word' id='word_1_650' title='bbox 927 4938 1025 4996; x_wconf 91' lang='lat' dir='ltr'><strong>per</strong></span> <span class='ocrx_word' id='word_1_651' title='bbox 1050 4920 1252 4977; x_wconf 90' lang='lat' dir='ltr'><strong>molem</strong></span> <span class='ocrx_word' id='word_1_652' title='bbox 1281 4921 1439 4978; x_wconf 65' lang='lat' dir='ltr'><strong>malai</strong></span> <span class='ocrx_word' id='word_1_653' title='bbox 1466 4920 1882 4978; x_wconf 88' lang='lat' dir='ltr'><strong>consuetudinis</strong></span> <span class='ocrx_word' id='word_1_654' title='bbox 1905 4920 2019 4992; x_wconf 88' lang='lat' dir='ltr'><strong>jam</strong></span> <span class='ocrx_word' id='word_1_655' title='bbox 2049 4937 2138 4979; x_wconf 91' lang='lat' dir='ltr'><strong>se-</strong></span> 
     </span>
    </p>
   </div>
   <div class='ocr_carea' id='block_1_85' title="bbox 548 5010 2138 5086">
    <p class='ocr_par' dir='ltr' id='par_1_85' title="bbox 548 5010 2138 5086">
     <span class='ocr_line' id='line_1_85' title="bbox 548 5010 2138 5086; baseline 0.001 -18"><span class='ocrx_word' id='word_1_656' title='bbox 548 5012 754 5084; x_wconf 87' lang='lat' dir='ltr'><strong>pultus,</strong></span> <span class='ocrx_word' id='word_1_657' title='bbox 779 5012 914 5086; x_wconf 87' lang='lat' dir='ltr'><strong>quia</strong></span> <span class='ocrx_word' id='word_1_658' title='bbox 928 5013 1072 5070; x_wconf 90' lang='lat' dir='ltr'><strong>intra</strong></span> <span class='ocrx_word' id='word_1_659' title='bbox 1084 5011 1478 5070; x_wconf 89' lang='lat' dir='ltr'><strong>conscientiam</strong></span> <span class='ocrx_word' id='word_1_660' title='bbox 1491 5026 1647 5068; x_wconf 86' lang='lat' dir='ltr'><strong>suam</strong></span> <span class='ocrx_word' id='word_1_661' title='bbox 1671 5010 1970 5069; x_wconf 81' lang='lat' dir='ltr'><strong>absconsus</strong></span> <span class='ocrx_word' id='word_1_662' title='bbox 1991 5012 2138 5084; x_wconf 89' lang='lat' dir='ltr'><strong>jacet</strong></span> 
     </span>
    </p>
   </div>
   <div class='ocr_carea' id='block_1_86' title="bbox 623 5243 1170 5314">
    <p class='ocr_par' dir='ltr' id='par_1_86' title="bbox 623 5243 1170 5314">
     <span class='ocr_line' id='line_1_86' title="bbox 623 5243 1170 5314; baseline 0.002 -12"><span class='ocrx_word' id='word_1_663' title='bbox 623 5246 641 5314; x_wconf 61' lang='grc' dir='ltr'><strong>ξ</strong></span> <span class='ocrx_word' id='word_1_664' title='bbox 672 5244 796 5302; x_wconf 82' lang='lat' dir='ltr'><strong>Val.</strong></span> <span class='ocrx_word' id='word_1_665' title='bbox 828 5243 934 5314; x_wconf 80' lang='lat' dir='ltr'><strong>CL,</strong></span> <span class='ocrx_word' id='word_1_666' title='bbox 963 5247 1170 5303; x_wconf 87' lang='lat' dir='ltr'><strong>abisset.</strong></span> 
     </span>
    </p>
   </div>
   <div class='ocr_carea' id='block_1_87' title="bbox 623 5313 2134 5396">
    <p class='ocr_par' dir='ltr' id='par_1_87' title="bbox 623 5313 2134 5396">
     <span class='ocr_line' id='line_1_87' title="bbox 623 5313 2134 5396; baseline 0.004 -26"><span class='ocrx_word' id='word_1_667' title='bbox 623 5313 647 5348; x_wconf 77' lang='grc'><strong><em>⁸</em></strong></span> <span class='ocrx_word' id='word_1_668' title='bbox 673 5313 960 5396; x_wconf 60' lang='lat' dir='ltr'><strong>Gustanv.,</strong></span> <span class='ocrx_word' id='word_1_669' title='bbox 987 5319 1320 5396; x_wconf 52' lang='lat' dir='ltr'><strong>notatijunt,</strong></span> <span class='ocrx_word' id='word_1_670' title='bbox 1350 5335 1534 5396; x_wconf 80' lang='lat' dir='ltr'><strong>quam</strong></span> <span class='ocrx_word' id='word_1_671' title='bbox 1553 5320 1844 5396; x_wconf 80' lang='lat' dir='ltr'><strong>lectionem</strong></span> <span class='ocrx_word' id='word_1_672' title='bbox 1872 5317 2044 5376; x_wconf 91' lang='lat' dir='ltr'><strong>nullis</strong></span> <span class='ocrx_word' id='word_1_673' title='bbox 2073 5318 2134 5376; x_wconf 93' lang='lat' dir='ltr'><strong>in</strong></span> 
     </span>
    </p>
   </div>
   <div class='ocr_carea' id='block_1_88' title="bbox 548 5381 2136 5460">
    <p class='ocr_par' dir='ltr' id='par_1_88' title="bbox 548 5381 2136 5460">
     <span class='ocr_line' id='line_1_88' title="bbox 548 5381 2136 5460; baseline 0.006 -24"><span class='ocrx_word' id='word_1_674' title='bbox 548 5381 678 5460; x_wconf 59' lang='lat' dir='ltr'><strong>Mss.</strong></span> <span class='ocrx_word' id='word_1_675' title='bbox 711 5391 806 5438; x_wconf 87' lang='lat' dir='ltr'><strong>aut</strong></span> <span class='ocrx_word' id='word_1_676' title='bbox 848 5381 1124 5460; x_wconf 75' lang='lat' dir='ltr'><strong>veteribus</strong></span> <span class='ocrx_word' id='word_1_677' title='bbox 1164 5381 1317 5445; x_wconf 57' lang='lat' dir='ltr'><strong>Edit:</strong></span> <span class='ocrx_word' id='word_1_678' title='bbox 1348 5381 1683 5460; x_wconf 75' lang='lat' dir='ltr'><strong>invenimus,</strong></span> <span class='ocrx_word' id='word_1_679' title='bbox 1733 5391 1869 5446; x_wconf 88' lang='lat' dir='ltr'><strong>alias</strong></span> <span class='ocrx_word' id='word_1_680' title='bbox 1913 5406 1946 5446; x_wconf 90' lang='lat' dir='ltr'><strong>a</strong></span> <span class='ocrx_word' id='word_1_681' title='bbox 1974 5405 2136 5445; x_wconf 89' lang='lat' dir='ltr'><strong>sensu</strong></span> 
     </span>
    </p>
   </div>
   <div class='ocr_carea' id='block_1_89' title="bbox 549 5451 2134 5532">
    <p class='ocr_par' dir='ltr' id='par_1_89' title="bbox 549 5451 2134 5532">
     <span class='ocr_line' id='line_1_89' title="bbox 549 5451 2134 5532; baseline 0.003 -22"><span class='ocrx_word' id='word_1_682' title='bbox 549 5451 952 5511; x_wconf 81' lang='lat' dir='ltr'><strong>abhorrentem.</strong></span> <span class='ocrx_word' id='word_1_683' title='bbox 982 5457 1171 5532; x_wconf 79' lang='lat' dir='ltr'><strong>Neque</strong></span> <span class='ocrx_word' id='word_1_684' title='bbox 1184 5467 1365 5516; x_wconf 85' lang='lat' dir='ltr'><strong>tamen</strong></span> <span class='ocrx_word' id='word_1_685' title='bbox 1396 5463 1654 5518; x_wconf 89' lang='lat' dir='ltr'><strong>mendum</strong></span> <span class='ocrx_word' id='word_1_686' title='bbox 1667 5451 1765 5518; x_wconf 52' lang='lat' dir='ltr'><strong>&#39;est</strong></span> <span class='ocrx_word' id='word_1_687' title='bbox 1785 5461 2134 5532; x_wconf 89' lang='lat' dir='ltr'><strong>typographi-</strong></span> 
     </span>
    </p>
   </div>
   <div class='ocr_carea' id='block_1_90' title="bbox 549 5528 2132 5601">
    <p class='ocr_par' dir='ltr' id='par_1_90' title="bbox 549 5528 2132 5601">
     <span class='ocr_line' id='line_1_90' title="bbox 549 5528 2132 5601; baseline 0.004 -21"><span class='ocrx_word' id='word_1_688' title='bbox 549 5539 710 5601; x_wconf 80' lang='lat' dir='ltr'><strong>cum;</strong></span> <span class='ocrx_word' id='word_1_689' title='bbox 743 5537 866 5601; x_wconf 83' lang='lat' dir='ltr'><strong>nam</strong></span> <span class='ocrx_word' id='word_1_690' title='bbox 897 5540 1024 5601; x_wconf 83' lang='lat' dir='ltr'><strong>vera</strong></span> <span class='ocrx_word' id='word_1_691' title='bbox 1053 5528 1231 5601; x_wconf 84' lang='lat' dir='ltr'><strong>lectio,</strong></span> <span class='ocrx_word' id='word_1_692' title='bbox 1261 5533 1436 5586; x_wconf 88' lang='lat' dir='ltr'><strong>conati</strong></span> <span class='ocrx_word' id='word_1_693' title='bbox 1462 5539 1603 5601; x_wconf 90' lang='lat' dir='ltr'><strong>sunt,</strong></span> <span class='ocrx_word' id='word_1_694' title='bbox 1639 5528 1865 5590; x_wconf 66' lang='lat' dir='ltr'><strong>ibideuf</strong></span> <span class='ocrx_word' id='word_1_695' title='bbox 1885 5528 1954 5588; x_wconf 87' lang='lat' dir='ltr'><strong>ad</strong></span> <span class='ocrx_word' id='word_1_696' title='bbox 1996 5528 2132 5586; x_wconf 80' lang='lat' dir='ltr'><strong>mar-</strong></span> 
     </span>
    </p>
   </div>
   <div class='ocr_carea' id='block_1_91' title="bbox 550 5596 1203 5668">
    <p class='ocr_par' dir='ltr' id='par_1_91' title="bbox 550 5596 1203 5668">
     <span class='ocr_line' id='line_1_91' title="bbox 550 5596 1203 5668; baseline 0 0"><span class='ocrx_word' id='word_1_697' title='bbox 550 5596 733 5668; x_wconf 58' lang='lat' dir='ltr'><strong>sieun</strong></span> <span class='ocrx_word' id='word_1_698' title='bbox 747 5596 963 5668; x_wconf 54' lang='lat' dir='ltr'><strong>reiecta</strong></span> <span class='ocrx_word' id='word_1_699' title='bbox 989 5597 1203 5668; x_wconf 66' lang='lat' dir='ltr'><strong>legitur.</strong></span> 
     </span>
    </p>
   </div>
   <div class='ocr_carea' id='block_1_92' title="bbox 619 5609 2136 5745">
    <p class='ocr_par' dir='ltr' id='par_1_92' title="bbox 619 5609 2136 5745">
     <span class='ocr_line' id='line_1_92' title="bbox 619 5609 1250 5683; baseline 0.005 -33"><span class='ocrx_word' id='word_1_700' title='bbox 619 5609 733 5651; x_wconf 83' lang='lat' dir='ltr'><strong>nem</strong></span> <span class='ocrx_word' id='word_1_701' title='bbox 765 5609 963 5683; x_wconf 50' lang='lat' dir='ltr'><strong>refecta</strong></span> <span class='ocrx_word' id='word_1_702' title='bbox 989 5609 1203 5667; x_wconf 77' lang='lat' dir='ltr'><strong>legitur.</strong></span> <span class='ocrx_word' id='word_1_703' title='bbox 1239 5668 1250 5679; x_wconf 41' lang='grc'><em>,</em></span> 
     </span>
     <span class='ocr_line' id='line_1_93' title="bbox 619 5664 2136 5745; baseline 0.003 -21"><span class='ocrx_word' id='word_1_704' title='bbox 619 5665 647 5704; x_wconf 82' lang='grc'>³</span> <span class='ocrx_word' id='word_1_705' title='bbox 661 5664 784 5724; x_wconf 75' lang='lat' dir='ltr'><strong>Val.</strong></span> <span class='ocrx_word' id='word_1_706' title='bbox 805 5664 915 5734; x_wconf 77' lang='grc' dir='ltr'><strong>ω.,</strong></span> <span class='ocrx_word' id='word_1_707' title='bbox 941 5665 1037 5721; x_wconf 81' lang='lat' dir='ltr'><strong>sub</strong></span> <span class='ocrx_word' id='word_1_708' title='bbox 1045 5667 1412 5738; x_wconf 70' lang='lat' dir='ltr'><strong>defensionum</strong></span> <span class='ocrx_word' id='word_1_709' title='bbox 1425 5673 1604 5740; x_wconf 74' lang='lat' dir='ltr'><strong>verba,</strong></span> <span class='ocrx_word' id='word_1_710' title='bbox 1621 5674 1776 5745; x_wconf 81' lang='lat' dir='ltr'><strong>quasi</strong></span> <span class='ocrx_word' id='word_1_711' title='bbox 1794 5673 1888 5732; x_wconf 77' lang='lat' dir='ltr'><strong>sub</strong></span> <span class='ocrx_word' id='word_1_712' title='bbox 1905 5673 2136 5744; x_wconf 85' lang='lat' dir='ltr'><strong>quodam</strong></span> 
     </span>
    </p>
   </div>
   <div class='ocr_carea' id='block_1_93' title="bbox 2167 4443 2216 4502">
    <p class='ocr_par' dir='ltr' id='par_1_93' title="bbox 2167 4443 2216 4502">
     <span class='ocr_line' id='line_1_94' title="bbox 2167 4443 2216 4502; baseline 0 0"><span class='ocrx_word' id='word_1_713' title='bbox 2167 4443 2216 4502; x_wconf 93' lang='lat' dir='ltr'>D</span> 
     </span>
    </p>
   </div>
   <div class='ocr_carea' id='block_1_94' title="bbox 2255 3153 2604 3223">
    <p class='ocr_par' dir='ltr' id='par_1_94' title="bbox 2255 3153 2604 3223">
     <span class='ocr_line' id='line_1_95' title="bbox 2255 3153 2604 3223; baseline 0 -15"><span class='ocrx_word' id='word_1_714' title='bbox 2255 3168 2456 3222; x_wconf 82' lang='lat' dir='ltr'><strong>xxvm,</strong></span> <span class='ocrx_word' id='word_1_715' title='bbox 2490 3153 2604 3223; x_wconf 86' lang='grc'><strong>13).</strong></span> 
     </span>
    </p>
   </div>
   <div class='ocr_carea' id='block_1_95' title="bbox 2325 3242 3850 3316">
    <p class='ocr_par' dir='ltr' id='par_1_95' title="bbox 2325 3242 3850 3316">
     <span class='ocr_line' id='line_1_96' title="bbox 2325 3242 3850 3316; baseline 0.006 -20"><span class='ocrx_word' id='word_1_716' title='bbox 2325 3242 2411 3297; x_wconf 88' lang='grc'><strong>33.</strong></span> <span class='ocrx_word' id='word_1_717' title='bbox 2444 3243 2593 3298; x_wconf 83' lang='lat' dir='ltr'><strong>Ficta</strong></span> <span class='ocrx_word' id='word_1_718' title='bbox 2619 3250 2694 3298; x_wconf 88' lang='lat' dir='ltr'><strong>est</strong></span> <span class='ocrx_word' id='word_1_719' title='bbox 2712 3245 2914 3316; x_wconf 86' lang='lat' dir='ltr'><strong>peccati</strong></span> <span class='ocrx_word' id='word_1_720' title='bbox 2939 3245 3193 3314; x_wconf 83' lang='lat' dir='ltr'><strong>confessio</strong></span> <span class='ocrx_word' id='word_1_721' title='bbox 3217 3246 3328 3302; x_wconf 88' lang='lat' dir='ltr'><strong>sine</strong></span> <span class='ocrx_word' id='word_1_722' title='bbox 3355 3247 3668 3304; x_wconf 82' lang='lat' dir='ltr'><strong>humilitate.</strong></span> <span class='ocrx_word' id='word_1_723' title='bbox 3711 3248 3850 3304; x_wconf 85' lang='lat' dir='ltr'><strong>Sin-</strong></span> 
     </span>
    </p>
   </div>
   <div class='ocr_carea' id='block_1_96' title="bbox 2253 3331 3842 3401">
    <p class='ocr_par' dir='ltr' id='par_1_96' title="bbox 2253 3331 3842 3401">
     <span class='ocr_line' id='line_1_97' title="bbox 2253 3331 3842 3401; baseline 0.005 -15"><span class='ocrx_word' id='word_1_724' title='bbox 2253 3346 2384 3386; x_wconf 72' lang='lat' dir='ltr'><strong>cera:</strong></span> <span class='ocrx_word' id='word_1_725' title='bbox 2408 3331 2745 3401; x_wconf 86' lang='lat' dir='ltr'><strong>confessionis</strong></span> <span class='ocrx_word' id='word_1_726' title='bbox 2768 3333 2988 3389; x_wconf 86' lang='lat' dir='ltr'><strong>indicia.</strong></span> <span class='ocrx_word' id='word_1_727' title='bbox 3018 3363 3090 3376; x_wconf 91' lang='lat'><strong>—</strong></span> <span class='ocrx_word' id='word_1_728' title='bbox 3117 3335 3222 3391; x_wconf 90' lang='lat' dir='ltr'><strong>Sed</strong></span> <span class='ocrx_word' id='word_1_729' title='bbox 3250 3335 3394 3392; x_wconf 86' lang='lat' dir='ltr'><strong>inter</strong></span> <span class='ocrx_word' id='word_1_730' title='bbox 3421 3335 3540 3392; x_wconf 84' lang='lat' dir='ltr'><strong>haec</strong></span> <span class='ocrx_word' id='word_1_731' title='bbox 3557 3337 3842 3394; x_wconf 89' lang='lat' dir='ltr'><strong>sciendum</strong></span> 
     </span>
    </p>
   </div>
   <div class='ocr_carea' id='block_1_97' title="bbox 2254 3419 3847 3495">
    <p class='ocr_par' dir='ltr' id='par_1_97' title="bbox 2254 3419 3847 3495">
     <span class='ocr_line' id='line_1_98' title="bbox 2254 3419 3847 3495; baseline 0.004 -21"><span class='ocrx_word' id='word_1_732' title='bbox 2254 3425 2337 3475; x_wconf 90' lang='lat' dir='ltr'><strong>est</strong></span> <span class='ocrx_word' id='word_1_733' title='bbox 2363 3419 2507 3492; x_wconf 90' lang='lat' dir='ltr'><strong>quod</strong></span> <span class='ocrx_word' id='word_1_734' title='bbox 2529 3419 2847 3494; x_wconf 90' lang='lat' dir='ltr'><strong>plerumque</strong></span> <span class='ocrx_word' id='word_1_735' title='bbox 2863 3421 3116 3480; x_wconf 88' lang='lat' dir='ltr'><strong>homines</strong></span> <span class='ocrx_word' id='word_1_736' title='bbox 3142 3430 3199 3478; x_wconf 92' lang='lat' dir='ltr'><strong>et</strong></span> <span class='ocrx_word' id='word_1_737' title='bbox 3215 3425 3403 3495; x_wconf 88' lang='lat' dir='ltr'><strong>culpas</strong></span> <span class='ocrx_word' id='word_1_738' title='bbox 3421 3424 3773 3492; x_wconf 86' lang='lat' dir='ltr'><strong>conﬁtentur,</strong></span> <span class='ocrx_word' id='word_1_739' title='bbox 3789 3432 3847 3481; x_wconf 89' lang='lat' dir='ltr'><strong>et</strong></span> 
     </span>
    </p>
   </div>
   <div class='ocr_carea' id='block_1_98' title="bbox 2255 3505 3846 3584">
    <p class='ocr_par' dir='ltr' id='par_1_98' title="bbox 2255 3505 3846 3584">
     <span class='ocr_line' id='line_1_99' title="bbox 2255 3505 3846 3584; baseline 0.005 -23"><span class='ocrx_word' id='word_1_740' title='bbox 2255 3505 2494 3564; x_wconf 88' lang='lat' dir='ltr'><strong>humiles</strong></span> <span class='ocrx_word' id='word_1_741' title='bbox 2513 3523 2624 3563; x_wconf 89' lang='lat' dir='ltr'><strong>non</strong></span> <span class='ocrx_word' id='word_1_742' title='bbox 2644 3516 2792 3565; x_wconf 87' lang='lat' dir='ltr'><strong>sunt.</strong></span> <span class='ocrx_word' id='word_1_743' title='bbox 2813 3510 2950 3566; x_wconf 86' lang='lat' dir='ltr'><strong>Nam</strong></span> <span class='ocrx_word' id='word_1_744' title='bbox 2971 3511 3174 3566; x_wconf 89' lang='lat' dir='ltr'><strong>multos</strong></span> <span class='ocrx_word' id='word_1_745' title='bbox 3192 3511 3452 3568; x_wconf 89' lang='lat' dir='ltr'><strong>novimus</strong></span> <span class='ocrx_word' id='word_1_746' title='bbox 3470 3512 3564 3584; x_wconf 91' lang='lat' dir='ltr'><strong>qui</strong></span> <span class='ocrx_word' id='word_1_747' title='bbox 3579 3521 3846 3584; x_wconf 89' lang='lat' dir='ltr'><strong>arguente</strong></span> 
     </span>
    </p>
   </div>
   <div class='ocr_carea' id='block_1_99' title="bbox 2255 3595 3844 3666">
    <p class='ocr_par' dir='ltr' id='par_1_99' title="bbox 2255 3595 3844 3666">
     <span class='ocr_line' id='line_1_100' title="bbox 2255 3595 3844 3666; baseline 0.005 -18"><span class='ocrx_word' id='word_1_748' title='bbox 2255 3595 2410 3650; x_wconf 90' lang='lat' dir='ltr'><strong>nullo</strong></span> <span class='ocrx_word' id='word_1_749' title='bbox 2448 3603 2756 3666; x_wconf 90' lang='lat' dir='ltr'><strong>peccatores</strong></span> <span class='ocrx_word' id='word_1_750' title='bbox 2796 3613 2854 3653; x_wconf 89' lang='lat' dir='ltr'><strong>se</strong></span> <span class='ocrx_word' id='word_1_751' title='bbox 2895 3614 3012 3655; x_wconf 89' lang='lat' dir='ltr'><strong>esse</strong></span> <span class='ocrx_word' id='word_1_752' title='bbox 3052 3597 3412 3665; x_wconf 88' lang='lat' dir='ltr'><strong>conﬁtentur;</strong></span> <span class='ocrx_word' id='word_1_753' title='bbox 3458 3615 3583 3654; x_wconf 89' lang='lat' dir='ltr'><strong>cum</strong></span> <span class='ocrx_word' id='word_1_754' title='bbox 3614 3615 3746 3655; x_wconf 91' lang='lat' dir='ltr'><strong>vero</strong></span> <span class='ocrx_word' id='word_1_755' title='bbox 3773 3599 3844 3656; x_wconf 89' lang='lat' dir='ltr'><strong>de</strong></span> 
     </span>
    </p>
   </div>
   <div class='ocr_carea' id='block_1_100' title="bbox 2254 3684 3845 3759">
    <p class='ocr_par' dir='ltr' id='par_1_100' title="bbox 2254 3684 3845 3759">
     <span class='ocr_line' id='line_1_101' title="bbox 2254 3684 3845 3759; baseline 0.003 -19"><span class='ocrx_word' id='word_1_756' title='bbox 2254 3685 2416 3755; x_wconf 87' lang='lat' dir='ltr'><strong>culpa</strong></span> <span class='ocrx_word' id='word_1_757' title='bbox 2455 3699 2554 3739; x_wconf 89' lang='lat' dir='ltr'><strong>sua</strong></span> <span class='ocrx_word' id='word_1_758' title='bbox 2591 3684 2801 3740; x_wconf 87' lang='lat' dir='ltr'><strong>fuerint</strong></span> <span class='ocrx_word' id='word_1_759' title='bbox 2829 3685 3056 3744; x_wconf 88' lang='lat' dir='ltr'><strong>fortasse</strong></span> <span class='ocrx_word' id='word_1_760' title='bbox 3085 3687 3342 3759; x_wconf 91' lang='lat' dir='ltr'><strong>correpti,</strong></span> <span class='ocrx_word' id='word_1_761' title='bbox 3373 3685 3710 3742; x_wconf 87' lang='lat' dir='ltr'><strong>defensionis</strong></span> <span class='ocrx_word' id='word_1_762' title='bbox 3737 3705 3845 3759; x_wconf 87' lang='lat' dir='ltr'><strong>pa-</strong></span> 
     </span>
    </p>
   </div>
   <div class='ocr_carea' id='block_1_101' title="bbox 2253 3772 3842 3848">
    <p class='ocr_par' dir='ltr' id='par_1_101' title="bbox 2253 3772 3842 3848">
     <span class='ocr_line' id='line_1_102' title="bbox 2253 3772 3842 3848; baseline 0.004 -22"><span class='ocrx_word' id='word_1_763' title='bbox 2253 3772 2551 3848; x_wconf 83' lang='lat' dir='ltr'><strong>trocinium</strong></span> <span class='ocrx_word' id='word_1_764' title='bbox 2595 3781 2865 3845; x_wconf 74' lang='lat' dir='ltr'><strong>quaerunt,</strong></span> <span class='ocrx_word' id='word_1_765' title='bbox 2910 3791 2980 3830; x_wconf 91' lang='lat' dir='ltr'><strong>ne</strong></span> <span class='ocrx_word' id='word_1_766' title='bbox 3020 3782 3326 3846; x_wconf 91' lang='lat' dir='ltr'><strong>peccatores</strong></span> <span class='ocrx_word' id='word_1_767' title='bbox 3363 3789 3476 3828; x_wconf 90' lang='lat' dir='ltr'><strong>esse</strong></span> <span class='ocrx_word' id='word_1_768' title='bbox 3524 3773 3842 3832; x_wconf 87' lang='lat' dir='ltr'><strong>videantur.</strong></span> 
     </span>
    </p>
   </div>
   <div class='ocr_carea' id='block_1_102' title="bbox 2255 3861 3846 3933">
    <p class='ocr_par' dir='ltr' id='par_1_102' title="bbox 2255 3861 3846 3933">
     <span class='ocr_line' id='line_1_103' title="bbox 2255 3861 3846 3933; baseline 0.002 -16"><span class='ocrx_word' id='word_1_769' title='bbox 2255 3861 2362 3928; x_wconf 90' lang='lat' dir='ltr'><strong>Qui</strong></span> <span class='ocrx_word' id='word_1_770' title='bbox 2390 3862 2437 3918; x_wconf 91' lang='lat' dir='ltr'><strong>si</strong></span> <span class='ocrx_word' id='word_1_771' title='bbox 2467 3869 2601 3918; x_wconf 91' lang='lat' dir='ltr'><strong>tunc</strong></span> <span class='ocrx_word' id='word_1_772' title='bbox 2627 3879 2752 3917; x_wconf 91' lang='lat' dir='ltr'><strong>cum</strong></span> <span class='ocrx_word' id='word_1_773' title='bbox 2782 3863 2838 3918; x_wconf 90' lang='lat' dir='ltr'><strong>id</strong></span> <span class='ocrx_word' id='word_1_774' title='bbox 2867 3870 3060 3933; x_wconf 89' lang='lat' dir='ltr'><strong>sponte</strong></span> <span class='ocrx_word' id='word_1_775' title='bbox 3087 3862 3281 3918; x_wconf 91' lang='lat' dir='ltr'><strong>dicunt</strong></span> <span class='ocrx_word' id='word_1_776' title='bbox 3299 3868 3608 3932; x_wconf 87' lang='lat' dir='ltr'><strong>peccatores</strong></span> <span class='ocrx_word' id='word_1_777' title='bbox 3635 3878 3694 3916; x_wconf 91' lang='lat' dir='ltr'><strong>se</strong></span> <span class='ocrx_word' id='word_1_778' title='bbox 3723 3880 3846 3920; x_wconf 88' lang='lat' dir='ltr'><strong>esse</strong></span> 
     </span>
    </p>
   </div>
   <div class='ocr_carea' id='block_1_103' title="bbox 2254 3948 3844 4019">
    <p class='ocr_par' dir='ltr' id='par_1_103' title="bbox 2254 3948 3844 4019">
     <span class='ocr_line' id='line_1_104' title="bbox 2254 3948 3844 4019; baseline 0.003 -16"><span class='ocrx_word' id='word_1_779' title='bbox 2254 3949 2434 4004; x_wconf 87' lang='lat' dir='ltr'><strong>veraci</strong></span> <span class='ocrx_word' id='word_1_780' title='bbox 2477 3948 2788 4003; x_wconf 90' lang='lat' dir='ltr'><strong>humilitate</strong></span> <span class='ocrx_word' id='word_1_781' title='bbox 2828 3956 3232 4019; x_wconf 88' lang='lat' dir='ltr'><strong>cognoscerent,</strong></span> <span class='ocrx_word' id='word_1_782' title='bbox 3281 3964 3405 4004; x_wconf 90' lang='lat' dir='ltr'><strong>cum</strong></span> <span class='ocrx_word' id='word_1_783' title='bbox 3435 3955 3743 4018; x_wconf 89' lang='lat' dir='ltr'><strong>arguuntur</strong></span> <span class='ocrx_word' id='word_1_784' title='bbox 3770 3951 3844 4007; x_wconf 85' lang='lat' dir='ltr'><strong>ab</strong></span> 
     </span>
    </p>
   </div>
   <div class='ocr_carea' id='block_1_104' title="bbox 2254 4035 3842 4107">
    <p class='ocr_par' dir='ltr' id='par_1_104' title="bbox 2254 4035 3842 4107">
     <span class='ocr_line' id='line_1_105' title="bbox 2254 4035 3842 4107; baseline 0.003 -14"><span class='ocrx_word' id='word_1_785' title='bbox 2254 4037 2396 4104; x_wconf 88' lang='lat' dir='ltr'><strong>aliis,</strong></span> <span class='ocrx_word' id='word_1_786' title='bbox 2440 4051 2554 4092; x_wconf 90' lang='lat' dir='ltr'><strong>esse</strong></span> <span class='ocrx_word' id='word_1_787' title='bbox 2601 4051 2657 4090; x_wconf 86' lang='lat' dir='ltr'><strong>se</strong></span> <span class='ocrx_word' id='word_1_788' title='bbox 2687 4035 2831 4107; x_wconf 90' lang='lat' dir='ltr'><strong>quod</strong></span> <span class='ocrx_word' id='word_1_789' title='bbox 2877 4035 3110 4092; x_wconf 89' lang='lat' dir='ltr'><strong>confessi</strong></span> <span class='ocrx_word' id='word_1_790' title='bbox 3148 4036 3368 4090; x_wconf 89' lang='lat' dir='ltr'><strong>fuerant</strong></span> <span class='ocrx_word' id='word_1_791' title='bbox 3393 4052 3503 4091; x_wconf 91' lang='lat' dir='ltr'><strong>non</strong></span> <span class='ocrx_word' id='word_1_792' title='bbox 3551 4047 3842 4107; x_wconf 87' lang='lat' dir='ltr'><strong>negarent.</strong></span> 
     </span>
    </p>
   </div>
   <div class='ocr_carea' id='block_1_105' title="bbox 2253 4122 3843 4192">
    <p class='ocr_par' dir='ltr' id='par_1_105' title="bbox 2253 4122 3843 4192">
     <span class='ocr_line' id='line_1_106' title="bbox 2253 4122 3843 4192; baseline 0.003 -12"><span class='ocrx_word' id='word_1_793' title='bbox 2253 4125 2370 4192; x_wconf 88' lang='lat' dir='ltr'><strong>Qua</strong></span> <span class='ocrx_word' id='word_1_794' title='bbox 2410 4125 2468 4180; x_wconf 91' lang='lat' dir='ltr'><strong>in</strong></span> <span class='ocrx_word' id='word_1_795' title='bbox 2508 4139 2566 4179; x_wconf 89' lang='lat' dir='ltr'><strong>re</strong></span> <span class='ocrx_word' id='word_1_796' title='bbox 2607 4122 2812 4179; x_wconf 90' lang='lat' dir='ltr'><strong>indicia</strong></span> <span class='ocrx_word' id='word_1_797' title='bbox 2851 4139 2994 4179; x_wconf 79' lang='lat' dir='ltr'><strong>verae</strong></span> <span class='ocrx_word' id='word_1_798' title='bbox 3034 4123 3390 4181; x_wconf 84' lang='lat' dir='ltr'><strong>confessionis</strong></span> <span class='ocrx_word' id='word_1_799' title='bbox 3431 4132 3580 4192; x_wconf 85' lang='lat' dir='ltr'><strong>sunt,</strong></span> <span class='ocrx_word' id='word_1_800' title='bbox 3628 4126 3677 4180; x_wconf 91' lang='lat' dir='ltr'><strong>si</strong></span> <span class='ocrx_word' id='word_1_801' title='bbox 3707 4143 3843 4184; x_wconf 91' lang='lat' dir='ltr'><strong>cum</strong></span> 
     </span>
    </p>
   </div>
   <div class='ocr_carea' id='block_1_106' title="bbox 2254 4210 3840 4286">
    <p class='ocr_par' dir='ltr' id='par_1_106' title="bbox 2254 4210 3840 4286">
     <span class='ocr_line' id='line_1_107' title="bbox 2254 4210 3840 4286; baseline 0.003 -18"><span class='ocrx_word' id='word_1_802' title='bbox 2254 4214 2480 4286; x_wconf 90' lang='lat' dir='ltr'><strong>quisque</strong></span> <span class='ocrx_word' id='word_1_803' title='bbox 2519 4225 2576 4268; x_wconf 92' lang='lat' dir='ltr'><strong>se</strong></span> <span class='ocrx_word' id='word_1_804' title='bbox 2616 4217 2948 4282; x_wconf 90' lang='lat' dir='ltr'><strong>peccatorem</strong></span> <span class='ocrx_word' id='word_1_805' title='bbox 2981 4210 3135 4279; x_wconf 90' lang='lat' dir='ltr'><strong>dicit,</strong></span> <span class='ocrx_word' id='word_1_806' title='bbox 3167 4211 3223 4267; x_wconf 91' lang='lat' dir='ltr'><strong>id</strong></span> <span class='ocrx_word' id='word_1_807' title='bbox 3252 4210 3320 4268; x_wconf 91' lang='lat' dir='ltr'><strong>de</strong></span> <span class='ocrx_word' id='word_1_808' title='bbox 3348 4229 3404 4268; x_wconf 90' lang='lat' dir='ltr'><strong>se</strong></span> <span class='ocrx_word' id='word_1_809' title='bbox 3431 4211 3634 4268; x_wconf 90' lang='lat' dir='ltr'><strong>dicenti</strong></span> <span class='ocrx_word' id='word_1_810' title='bbox 3665 4215 3840 4272; x_wconf 89' lang='lat' dir='ltr'><strong>etiam</strong></span> 
     </span>
    </p>
   </div>
   <div class='ocr_carea' id='block_1_107' title="bbox 2253 4298 3842 4372">
    <p class='ocr_par' dir='ltr' id='par_1_107' title="bbox 2253 4298 3842 4372">
     <span class='ocr_line' id='line_1_108' title="bbox 2253 4298 3842 4372; baseline 0 -15"><span class='ocrx_word' id='word_1_811' title='bbox 2253 4301 2409 4357; x_wconf 90' lang='lat' dir='ltr'><strong>alteri</strong></span> <span class='ocrx_word' id='word_1_812' title='bbox 2425 4316 2534 4355; x_wconf 91' lang='lat' dir='ltr'><strong>non</strong></span> <span class='ocrx_word' id='word_1_813' title='bbox 2553 4298 2900 4356; x_wconf 87' lang='lat' dir='ltr'><strong>contradicit.</strong></span> <span class='ocrx_word' id='word_1_814' title='bbox 2922 4300 3056 4356; x_wconf 89' lang='lat' dir='ltr'><strong>Nam</strong></span> <span class='ocrx_word' id='word_1_815' title='bbox 3079 4300 3208 4372; x_wconf 88' lang='lat' dir='ltr'><strong>quia</strong></span> <span class='ocrx_word' id='word_1_816' title='bbox 3226 4300 3489 4372; x_wconf 89' lang='lat' dir='ltr'><strong>scriptum</strong></span> <span class='ocrx_word' id='word_1_817' title='bbox 3509 4308 3592 4356; x_wconf 88' lang='lat' dir='ltr'><strong>est</strong></span> <span class='ocrx_word' id='word_1_818' title='bbox 3613 4317 3624 4356; x_wconf 92' lang='lat'>:</span> <span class='ocrx_word' id='word_1_819' title='bbox 3648 4301 3842 4357; x_wconf 82' lang='lat' dir='ltr'><strong>Justus</strong></span> 
     </span>
    </p>
   </div>
   <div class='ocr_carea' id='block_1_108' title="bbox 2249 4388 3840 4462">
    <p class='ocr_par' dir='ltr' id='par_1_108' title="bbox 2249 4388 3840 4462">
     <span class='ocr_line' id='line_1_109' title="bbox 2249 4388 3840 4462; baseline -0.001 -16"><span class='ocrx_word' id='word_1_820' title='bbox 2249 4391 2310 4446; x_wconf 87' lang='lat' dir='ltr'><strong>in</strong></span> <span class='ocrx_word' id='word_1_821' title='bbox 2330 4388 2598 4462; x_wconf 79' lang='lat' dir='ltr'><strong>principio</strong></span> <span class='ocrx_word' id='word_1_822' title='bbox 2625 4393 2898 4443; x_wconf 85' lang='lat' dir='ltr'><strong>accusator</strong></span> <span class='ocrx_word' id='word_1_823' title='bbox 2936 4393 3010 4442; x_wconf 88' lang='lat' dir='ltr'><strong>est</strong></span> <span class='ocrx_word' id='word_1_824' title='bbox 3035 4388 3120 4442; x_wconf 83' lang='lat' dir='ltr'><strong>sui</strong></span> <span class='ocrx_word' id='word_1_825' title='bbox 3145 4389 3337 4450; x_wconf 77' lang='lat' dir='ltr'><strong>(Prov.</strong></span> <span class='ocrx_word' id='word_1_826' title='bbox 3382 4405 3545 4456; x_wconf 82' lang='lat' dir='ltr'><strong>xvur,</strong></span> <span class='ocrx_word' id='word_1_827' title='bbox 3577 4389 3694 4458; x_wconf 86' lang='grc'><strong>17),</strong></span> <span class='ocrx_word' id='word_1_828' title='bbox 3725 4405 3840 4445; x_wconf 89' lang='lat' dir='ltr'><strong>non</strong></span> 
     </span>
    </p>
   </div>
   <div class='ocr_carea' id='block_1_109' title="bbox 2248 4473 3841 4551">
    <p class='ocr_par' dir='ltr' id='par_1_109' title="bbox 2248 4473 3841 4551">
     <span class='ocr_line' id='line_1_110' title="bbox 2248 4473 3841 4551; baseline 0.003 -19"><span class='ocrx_word' id='word_1_829' title='bbox 2248 4478 2418 4551; x_wconf 90' lang='lat' dir='ltr'><strong>magis</strong></span> <span class='ocrx_word' id='word_1_830' title='bbox 2460 4482 2726 4548; x_wconf 89' lang='lat' dir='ltr'><strong>peccator,</strong></span> <span class='ocrx_word' id='word_1_831' title='bbox 2757 4475 2851 4530; x_wconf 92' lang='lat' dir='ltr'><strong>sed</strong></span> <span class='ocrx_word' id='word_1_832' title='bbox 2873 4473 3054 4546; x_wconf 88' lang='lat' dir='ltr'><strong>justus</strong></span> <span class='ocrx_word' id='word_1_833' title='bbox 3082 4477 3258 4532; x_wconf 88' lang='lat' dir='ltr'><strong>videri</strong></span> <span class='ocrx_word' id='word_1_834' title='bbox 3287 4479 3511 4549; x_wconf 88' lang='lat' dir='ltr'><strong>appetit,</strong></span> <span class='ocrx_word' id='word_1_835' title='bbox 3542 4495 3668 4534; x_wconf 88' lang='lat' dir='ltr'><strong>cum</strong></span> <span class='ocrx_word' id='word_1_836' title='bbox 3699 4497 3841 4551; x_wconf 91' lang='lat' dir='ltr'><strong>pec-</strong></span> 
     </span>
    </p>
   </div>
   <div class='ocr_carea' id='block_1_110' title="bbox 2248 4565 3832 4638">
    <p class='ocr_par' dir='ltr' id='par_1_110' title="bbox 2248 4565 3832 4638">
     <span class='ocr_line' id='line_1_111' title="bbox 2248 4565 3832 4638; baseline -0.001 -16"><span class='ocrx_word' id='word_1_837' title='bbox 2248 4573 2486 4622; x_wconf 89' lang='lat' dir='ltr'><strong>catorem</strong></span> <span class='ocrx_word' id='word_1_838' title='bbox 2517 4570 2662 4626; x_wconf 77' lang='lat'><strong>714</strong></span> <span class='ocrx_word' id='word_1_839' title='bbox 2686 4581 2743 4620; x_wconf 88' lang='lat' dir='ltr'><strong>se</strong></span> <span class='ocrx_word' id='word_1_840' title='bbox 2771 4565 3003 4638; x_wconf 89' lang='lat' dir='ltr'><strong>quisque</strong></span> <span class='ocrx_word' id='word_1_841' title='bbox 3032 4565 3188 4620; x_wconf 90' lang='lat' dir='ltr'><strong>nullo</strong></span> <span class='ocrx_word' id='word_1_842' title='bbox 3219 4574 3476 4638; x_wconf 89' lang='lat' dir='ltr'><strong>arguente</strong></span> <span class='ocrx_word' id='word_1_843' title='bbox 3517 4566 3832 4634; x_wconf 88' lang='lat' dir='ltr'><strong>conﬁtetur,</strong></span> 
     </span>
    </p>
   </div>
   <div class='ocr_carea' id='block_1_111' title="bbox 2247 4659 3834 4731">
    <p class='ocr_par' dir='ltr' id='par_1_111' title="bbox 2247 4659 3834 4731">
     <span class='ocr_line' id='line_1_112' title="bbox 2247 4659 3834 4731; baseline -0.001 -13"><span class='ocrx_word' id='word_1_844' title='bbox 2247 4663 2343 4718; x_wconf 88' lang='lat' dir='ltr'><strong>sed</strong></span> <span class='ocrx_word' id='word_1_845' title='bbox 2369 4659 2728 4720; x_wconf 85' lang='lat' dir='ltr'><strong>confessionis</strong></span> <span class='ocrx_word' id='word_1_846' title='bbox 2757 4659 3040 4715; x_wconf 87' lang='lat' dir='ltr'><strong>veritatem</strong></span> <span class='ocrx_word' id='word_1_847' title='bbox 3071 4659 3282 4731; x_wconf 89' lang='lat' dir='ltr'><strong>probat,</strong></span> <span class='ocrx_word' id='word_1_848' title='bbox 3304 4678 3430 4717; x_wconf 90' lang='lat' dir='ltr'><strong>cum</strong></span> <span class='ocrx_word' id='word_1_849' title='bbox 3458 4661 3593 4716; x_wconf 89' lang='lat' dir='ltr'><strong>alter</strong></span> <span class='ocrx_word' id='word_1_850' title='bbox 3620 4662 3834 4717; x_wconf 89' lang='lat' dir='ltr'><strong>malum</strong></span> 
     </span>
    </p>
   </div>
   <div class='ocr_carea' id='block_1_112' title="bbox 2248 4746 3832 4822">
    <p class='ocr_par' dir='ltr' id='par_1_112' title="bbox 2248 4746 3832 4822">
     <span class='ocr_line' id='line_1_113' title="bbox 2248 4746 3832 4822; baseline 0 -16"><span class='ocrx_word' id='word_1_851' title='bbox 2248 4751 2394 4822; x_wconf 89' lang='lat' dir='ltr'><strong>quod</strong></span> <span class='ocrx_word' id='word_1_852' title='bbox 2423 4751 2649 4807; x_wconf 83' lang='lat' dir='ltr'><strong>fecimus</strong></span> <span class='ocrx_word' id='word_1_853' title='bbox 2677 4749 2937 4819; x_wconf 90' lang='lat' dir='ltr'><strong>increpat.</strong></span> <span class='ocrx_word' id='word_1_854' title='bbox 2971 4747 3127 4814; x_wconf 91' lang='lat' dir='ltr'><strong>Quod</strong></span> <span class='ocrx_word' id='word_1_855' title='bbox 3142 4748 3188 4802; x_wconf 92' lang='lat' dir='ltr'><strong>si</strong></span> <span class='ocrx_word' id='word_1_856' title='bbox 3209 4749 3438 4819; x_wconf 90' lang='lat' dir='ltr'><strong>superbe</strong></span> <span class='ocrx_word' id='word_1_857' title='bbox 3456 4746 3832 4818; x_wconf 84' lang='lat' dir='ltr'><strong>defendimus,</strong></span> 
     </span>
    </p>
   </div>
   <div class='ocr_carea' id='block_1_113' title="bbox 2247 4835 3830 4912">
    <p class='ocr_par' dir='ltr' id='par_1_113' title="bbox 2247 4835 3830 4912">
     <span class='ocr_line' id='line_1_114' title="bbox 2247 4835 3830 4912; baseline 0 -16"><span class='ocrx_word' id='word_1_858' title='bbox 2247 4841 2421 4912; x_wconf 89' lang='lat' dir='ltr'><strong>liquet</strong></span> <span class='ocrx_word' id='word_1_859' title='bbox 2447 4839 2576 4911; x_wconf 89' lang='lat' dir='ltr'><strong>quia</strong></span> <span class='ocrx_word' id='word_1_860' title='bbox 2603 4844 2911 4910; x_wconf 89' lang='lat' dir='ltr'><strong>peccatores</strong></span> <span class='ocrx_word' id='word_1_861' title='bbox 2941 4853 3041 4892; x_wconf 91' lang='lat' dir='ltr'><strong>nos</strong></span> <span class='ocrx_word' id='word_1_862' title='bbox 3069 4852 3140 4891; x_wconf 82' lang='lat' dir='ltr'><strong>ex</strong></span> <span class='ocrx_word' id='word_1_863' title='bbox 3166 4837 3326 4892; x_wconf 88' lang='lat' dir='ltr'><strong>nobis</strong></span> <span class='ocrx_word' id='word_1_864' title='bbox 3345 4836 3468 4891; x_wconf 86' lang='lat' dir='ltr'><strong>ﬁcte</strong></span> <span class='ocrx_word' id='word_1_865' title='bbox 3486 4835 3830 4896; x_wconf 87' lang='lat' dir='ltr'><strong>dicebamus.</strong></span> 
     </span>
    </p>
   </div>
   <div class='ocr_carea' id='block_1_114' title="bbox 2247 4923 3832 4996">
    <p class='ocr_par' dir='ltr' id='par_1_114' title="bbox 2247 4923 3832 4996">
     <span class='ocr_line' id='line_1_115' title="bbox 2247 4923 3832 4996; baseline -0.001 -13"><span class='ocrx_word' id='word_1_866' title='bbox 2247 4926 2402 4983; x_wconf 91' lang='lat' dir='ltr'><strong>Unde</strong></span> <span class='ocrx_word' id='word_1_867' title='bbox 2415 4940 2759 4996; x_wconf 90' lang='lat' dir='ltr'><strong>summopere</strong></span> <span class='ocrx_word' id='word_1_868' title='bbox 2775 4923 3078 4981; x_wconf 89' lang='lat' dir='ltr'><strong>curandum</strong></span> <span class='ocrx_word' id='word_1_869' title='bbox 3099 4931 3256 4980; x_wconf 92' lang='lat' dir='ltr'><strong>estut</strong></span> <span class='ocrx_word' id='word_1_870' title='bbox 3272 4924 3413 4978; x_wconf 90' lang='lat' dir='ltr'><strong>mala</strong></span> <span class='ocrx_word' id='word_1_871' title='bbox 3428 4940 3548 4996; x_wconf 81' lang='lat' dir='ltr'><strong>quae</strong></span> <span class='ocrx_word' id='word_1_872' title='bbox 3570 4925 3832 4996; x_wconf 84' lang='lat' dir='ltr'><strong>fecimus,</strong></span> 
     </span>
    </p>
   </div>
   <div class='ocr_carea' id='block_1_115' title="bbox 2246 5011 3834 5088">
    <p class='ocr_par' dir='ltr' id='par_1_115' title="bbox 2246 5011 3834 5088">
     <span class='ocr_line' id='line_1_116' title="bbox 2246 5011 3834 5088; baseline -0.001 -16"><span class='ocrx_word' id='word_1_873' title='bbox 2246 5024 2304 5072; x_wconf 89' lang='lat' dir='ltr'><strong>et</strong></span> <span class='ocrx_word' id='word_1_874' title='bbox 2325 5022 2518 5088; x_wconf 89' lang='lat' dir='ltr'><strong>sponte</strong></span> <span class='ocrx_word' id='word_1_875' title='bbox 2544 5013 2831 5082; x_wconf 84' lang='lat' dir='ltr'><strong>fateamur,</strong></span> <span class='ocrx_word' id='word_1_876' title='bbox 2861 5020 2918 5069; x_wconf 90' lang='lat' dir='ltr'><strong>et</strong></span> <span class='ocrx_word' id='word_1_877' title='bbox 2942 5011 3060 5070; x_wconf 64' lang='lat' dir='ltr'><strong>hinc</strong></span> <span class='ocrx_word' id='word_1_878' title='bbox 3086 5011 3213 5068; x_wconf 89' lang='lat' dir='ltr'><strong>aliis</strong></span> <span class='ocrx_word' id='word_1_879' title='bbox 3226 5011 3583 5084; x_wconf 89' lang='lat' dir='ltr'><strong>arguentibus</strong></span> <span class='ocrx_word' id='word_1_880' title='bbox 3595 5030 3712 5070; x_wconf 91' lang='lat' dir='ltr'><strong>non</strong></span> <span class='ocrx_word' id='word_1_881' title='bbox 3738 5026 3834 5076; x_wconf 74' lang='lat' dir='ltr'><strong>no-</strong></span> 
     </span>
    </p>
   </div>
   <div class='ocr_carea' id='block_1_116' title="bbox 2244 5241 3838 5325">
    <p class='ocr_par' dir='ltr' id='par_1_116' title="bbox 2244 5241 3838 5325">
     <span class='ocr_line' id='line_1_117' title="bbox 2244 5241 3838 5325; baseline -0.003 -21"><span class='ocrx_word' id='word_1_882' title='bbox 2244 5263 2300 5304; x_wconf 85' lang='lat' dir='ltr'><strong>se</strong></span> <span class='ocrx_word' id='word_1_883' title='bbox 2323 5245 2578 5325; x_wconf 65' lang='lat' dir='ltr'><strong>arborum</strong></span> <span class='ocrx_word' id='word_1_884' title='bbox 2607 5243 2763 5325; x_wconf 73' lang='lat' dir='ltr'><strong>folio.</strong></span> <span class='ocrx_word' id='word_1_885' title='bbox 2803 5242 3054 5325; x_wconf 75' lang='lat' dir='ltr'><strong>Plerique</strong></span> <span class='ocrx_word' id='word_1_886' title='bbox 3090 5243 3304 5325; x_wconf 59' lang='grc' dir='ltr'><strong>Νοιθιτι.³</strong></span> <span class='ocrx_word' id='word_1_887' title='bbox 3347 5241 3838 5325; x_wconf 57' lang='lat' dir='ltr'><strong>subdeme</strong></span> 
     </span>
    </p>
   </div>
   <div class='ocr_carea' id='block_1_117' title="bbox 2315 5421 3834 5538">
    <p class='ocr_par' dir='ltr' id='par_1_117' title="bbox 2315 5421 3834 5538">
     <span class='ocr_line' id='line_1_118' title="bbox 2326 5421 3247 5442; baseline -0.008 -1"><span class='ocrx_word' id='word_1_888' title='bbox 2326 5421 2333 5424; x_wconf 56' lang='grc' dir='ltr'><strong><em>ν</em></strong></span> <span class='ocrx_word' id='word_1_889' title='bbox 2371 5421 2541 5442; x_wconf 61' lang='lat' dir='ltr'><strong>mu“.</strong></span> <span class='ocrx_word' id='word_1_890' title='bbox 2574 5421 2628 5441; x_wconf 69' lang='grc' dir='ltr'><strong>υ.</strong></span> <span class='ocrx_word' id='word_1_891' title='bbox 2673 5421 2780 5439; x_wconf 70' lang='grc' dir='ltr'><strong>να..</strong></span> <span class='ocrx_word' id='word_1_892' title='bbox 2813 5421 2894 5438; x_wconf 72' lang='grc' dir='ltr'><strong>υ..</strong></span> <span class='ocrx_word' id='word_1_893' title='bbox 2947 5421 3004 5437; x_wconf 80' lang='grc' dir='ltr'><strong>νυ</strong></span> <span class='ocrx_word' id='word_1_894' title='bbox 3042 5421 3247 5440; x_wconf 71' lang='grc' dir='ltr'><strong>ιο,</strong></span> 
     </span>
     <span class='ocr_line' id='line_1_119' title="bbox 2315 5421 3834 5538; baseline -0.001 -26"><span class='ocrx_word' id='word_1_895' title='bbox 2315 5459 2339 5538; x_wconf 67' lang='grc' dir='ltr'><strong>ξ</strong></span> <span class='ocrx_word' id='word_1_896' title='bbox 2369 5457 2536 5538; x_wconf 72' lang='lat' dir='ltr'><strong>Iidem</strong></span> <span class='ocrx_word' id='word_1_897' title='bbox 2577 5456 2728 5520; x_wconf 67' lang='lat' dir='ltr'><strong>Mss,</strong></span> <span class='ocrx_word' id='word_1_898' title='bbox 2757 5421 3066 5510; x_wconf 45' lang='lat' dir='ltr'><strong>accusare?”</strong></span> <span class='ocrx_word' id='word_1_899' title='bbox 3105 5455 3398 5510; x_wconf 85' lang='lat' dir='ltr'><strong>accusando</strong></span> <span class='ocrx_word' id='word_1_900' title='bbox 3425 5471 3479 5509; x_wconf 85' lang='lat' dir='ltr'><strong>se</strong></span> <span class='ocrx_word' id='word_1_901' title='bbox 3503 5453 3834 5510; x_wconf 74' lang='lat' dir='ltr'><strong>celeberrime</strong></span> 
     </span>
    </p>
   </div>
   <div class='ocr_carea' id='block_1_118' title="bbox 2243 5527 3830 5669">
    <p class='ocr_par' dir='ltr' id='par_1_118' title="bbox 2243 5527 3830 5669">
     <span class='ocr_line' id='line_1_120' title="bbox 2243 5527 3830 5669; baseline -0.001 -16"><span class='ocrx_word' id='word_1_902' title='bbox 2243 5527 2494 5664; x_wconf 43' lang='lat' dir='ltr'><strong>ddici???</strong></span> <span class='ocrx_word' id='word_1_903' title='bbox 2512 5604 2722 5669; x_wconf 65' lang='lat' dir='ltr'><strong>praeter.</strong></span> <span class='ocrx_word' id='word_1_904' title='bbox 2753 5595 3022 5666; x_wconf 89' lang='lat' dir='ltr'><strong>Barthol.,</strong></span> <span class='ocrx_word' id='word_1_905' title='bbox 3043 5598 3108 5653; x_wconf 87' lang='lat' dir='ltr'><strong>ab</strong></span> <span class='ocrx_word' id='word_1_906' title='bbox 3125 5597 3226 5653; x_wconf 86' lang='lat' dir='ltr'><strong>illa</strong></span> <span class='ocrx_word' id='word_1_907' title='bbox 3246 5596 3380 5652; x_wconf 86' lang='lat' dir='ltr'><strong>tanti</strong></span> <span class='ocrx_word' id='word_1_908' title='bbox 3395 5597 3532 5652; x_wconf 87' lang='lat' dir='ltr'><strong>mole</strong></span> <span class='ocrx_word' id='word_1_909' title='bbox 3544 5593 3830 5666; x_wconf 79' lang='lat' dir='ltr'><strong>facinoris,</strong></span> 
     </span>
    </p>
   </div>
   <div class='ocr_carea' id='block_1_119' title="bbox 2243 5667 3293 5742">
    <p class='ocr_par' dir='ltr' id='par_1_119' title="bbox 2243 5667 3293 5742">
     <span class='ocr_line' id='line_1_121' title="bbox 2243 5667 3293 5742; baseline -0.004 -14"><span class='ocrx_word' id='word_1_910' title='bbox 2243 5685 2283 5728; x_wconf 70' lang='grc' dir='ltr'><strong>ι</strong></span> <span class='ocrx_word' id='word_1_911' title='bbox 2303 5667 2784 5742; x_wconf 66' lang='grc' dir='ltr'><strong>αηὼηείθοθᾶθιιο</strong></span> <span class='ocrx_word' id='word_1_912' title='bbox 2809 5677 3012 5741; x_wconf 85' lang='lat' dir='ltr'><strong>cogunt</strong></span> <span class='ocrx_word' id='word_1_913' title='bbox 3037 5685 3138 5724; x_wconf 89' lang='lat' dir='ltr'><strong>nos</strong></span> <span class='ocrx_word' id='word_1_914' title='bbox 3165 5669 3293 5725; x_wconf 86' lang='lat' dir='ltr'><strong>Mss.</strong></span> 
     </span>
    </p>
   </div>
  </div>
