4162 6184
523 290 626 350 235

1745 288 1992 346 SANCTI
2030 288 2375 348 GREGORII
2413 287 2642 348 MAGNI

3743 295 3847 356 236

529 413 650 470 dixi
672 429 732 469 in
761 427 974 470 excessu
998 414 1183 468 mentis
1208 427 1349 468 mete.
1376 412 1478 470 Per
1504 427 1788 470 excessum
1819 429 1951 487 ergo
1989 431 2136 472 men-
2161 418 2212 478 Α
2243 432 2311 472 ea:
2328 417 2494 472 multo
2519 421 2748 489 tempore
2764 416 2942 475 videre
2959 431 3096 486 eum,
3129 434 3184 474 eo
3199 420 3342 490 quod
3367 418 3584 476 audiret
3597 423 3767 479 multa
3785 423 3848 480 de

529 503 601 559 tis
631 503 796 560 etiam
824 502 1178 575 semetipsum
1210 502 1452 572 transiit,
1483 519 1612 560 cum
1632 503 1699 559 de
1725 502 1971 561 hominis
1998 521 2128 578 qua-

529 592 684 648 litate
729 590 1004 648 deﬁnivit.
1051 593 1131 649 Ac
1162 592 1211 648 si
1247 600 1496 666 patenter
1535 593 1684 649 dicat
1715 611 1726 650 :
1767 596 1844 651 De
1887 595 2127 652 falsitate

527 682 776 739 omnium
811 681 1100 738 hominum
1149 681 1276 740 inde
1305 699 1492 740 veram
1521 685 1849 740 sententiam
1890 687 2124 756 protuli,

525 770 674 828 unde
697 787 796 844 ego
821 771 936 844 ipse
955 787 1119 844 super
1138 771 1422 829 hominem
1441 773 1637 848 fui.‘In
1660 780 1876 829 tantum
1908 791 2040 830 vero
2069 782 2124 830 et

526 863 640 936 ipse
659 862 918 932 mendax,
931 863 990 920 in
1005 871 1270 938 quantum
1287 865 1454 922 homo
1473 883 1486 934 ;
1512 865 1569 920 in
1591 872 1804 921 tantum
1817 871 1998 921 autem
2013 882 2129 922 om-

525 953 659 1010 nino
684 969 796 1010 non
825 953 1084 1024 mendax,
1104 955 1159 1012 in
1195 963 1464 1029 quantum
1491 970 1588 1028 per
1606 969 1894 1013 excessum
1926 956 2128 1012 mentis

525 1057 689 1116 super
715 1041 1021 1100 hominem.
1925 1051 1949 1066 "

594 1133 683 1191 37.
726 1134 848 1190 Hcec
884 1133 1105 1190 interna!
1140 1131 1303 1204 quieti
1348 1138 1396 1190 et
1431 1132 1858 1206 contemplationi
1883 1151 1991 1190 non
2020 1137 2127 1209 oﬂi-

524 1223 855 1280 ciunt.—Sic
873 1221 1058 1296 itaque
1080 1222 1162 1280 sic
1187 1221 1414 1296 perfecti
1434 1239 1644 1293 omnes,
1667 1221 1921 1298 quamvis
1941 1223 2127 1282 adhuc

525 1315 733 1390 aliquid
747 1315 1126 1374 turbulentum
1138 1315 1206 1374 de
1221 1316 1542 1376 inﬁrmitate
1555 1319 1736 1376 carnis
1747 1317 2024 1391 tolerent,j
2035 1335 2124 1375 am

523 1415 707 1466 tamen
721 1407 1052 1465 intrinsecus
1065 1403 1524 1483 tranquillissimo
1539 1417 1750 1467 secreto
1764 1409 2129 1483 perfruuntur

524 1514 622 1570 per
662 1497 1182 1570 contemplationem
1214 1499 1434 1576 mentis,
1463 1506 1525 1554 ut
1555 1497 1827 1571 quidquid
1860 1499 2127 1558 acciderit

409 1595 420 1604 °
524 1587 790 1655 exterius,
812 1586 872 1642 in
901 1586 1058 1642 nullo
1085 1585 1268 1642 turbet
1297 1585 1548 1642 interius.
1573 1585 1727 1644 Unde
1756 1587 1948 1644 beatus
1981 1588 2083 1645 Job
2108 1591 2124 1625 ¹
2185 1659 2195 1665 .

525 1675 875 1734 securitatem
919 1681 1121 1732 sancta)
1149 1673 1350 1730 mentis
1393 1673 1704 1746 ostendens,
1739 1683 2030 1752 postquam
2061 1677 2128 1734 de

2243 506 2364 574 illo,
2385 512 2434 561 et
2447 507 2694 578 sperabat
2719 508 2928 580 signum
2957 509 3179 579 aliquod
3192 509 3370 566 videre
3385 511 3528 568 abeo
3548 513 3670 584 fieri
3692 513 3843 585 (Luc.

2237 612 2406 665 χχιιι,
2438 596 2519 669 8).
2553 595 2658 653 Ubi
2687 605 2742 654 et
2769 597 3057 654 subditur:
3083 599 3456 671 Interrogabat
3482 609 3660 659 autem
3691 603 3844 661 illum

2236 685 2426 742 multis
2469 686 2816 752 sermonibus,
2845 694 2903 742 at
2949 688 3059 759 ipse
3105 687 3240 744 nihil
3279 689 3364 745 illi
3407 691 3428 726 ⁵
3473 693 3839 764 respondebat.

2239 775 2447 832 Tacens
2477 792 2609 832 vero
2640 777 2910 832 Dominus
2931 793 3093 850 quam
3111 777 3184 832 sit
3206 777 3492 851 despectus
3511 781 3848 850 ostenditur,

2237 881 2366 920 cum
2399 865 2518 921 illic
2549 863 2804 936 protinus
2833 865 3178 922 subinfertur
3210 884 3222 922 :
3258 868 3280 901 ³
3315 869 3523 938 Sprevit
3563 869 3721 924 illum
3749 871 3852 926 He-

2238 957 2392 1012 rodes
2423 973 2541 1012 cum
2567 956 2802 1012 exercitu
2828 973 2950 1022 suo,
2979 962 3032 1012 et
3061 957 3250 1013 illusit.
3274 957 3433 1026 Quod
3464 960 3722 1018 videlicet
3737 961 3850 1018 fac-

2238 1053 2359 1102 tum
2389 1052 2604 1120 oportet
2632 1061 2734 1102 nos
2763 1045 3050 1103 audientes
3069 1046 3296 1115 discere,
3317 1053 3381 1103 ut
3399 1050 3614 1121 quoties
3633 1050 3848 1108 audito-

2237 1152 2322 1193 res
2349 1135 2526 1194 nostri
2557 1143 2746 1193 nostra
2778 1136 2976 1192 volunt
3005 1137 3163 1210 quasi
3195 1137 3466 1196 laudanda
3495 1156 3842 1213 cognoscere,

2236 1241 2349 1281 non
2391 1233 2575 1282 autem
2604 1243 2705 1282 sua
2733 1241 2990 1299 perversa
3021 1234 3252 1296 mutare,
3286 1228 3516 1285 omnino
3544 1236 3842 1300 taceamus,

2237 1331 2306 1372 ne
2350 1313 2397 1372 si
2425 1316 2814 1374 ostentationis
2842 1315 3028 1373 studio
3065 1316 3298 1374 verbum
3326 1317 3426 1375 Dei
3456 1318 3756 1392 loquimur,
3788 1326 3845 1376 et

2238 1405 2463 1461 illorum
2511 1407 2677 1478 culpa
2717 1423 2839 1479 quae
2869 1414 2984 1464 erat
3012 1423 3130 1464 esse
3161 1423 3273 1464 non
3302 1405 3534 1477 desinat,
3571 1416 3626 1467 et
3654 1417 3842 1466 nostra

2236 1509 2359 1566 quae
2388 1510 2500 1550 non
2531 1501 2648 1551 erat
2679 1494 2795 1552 ﬁat.

2309 1583 2450 1657 [γει.
2484 1582 2692 1658 Χνη.]
2727 1585 2816 1642 39.
2854 1585 2997 1642 Unde
3025 1584 3155 1642 sciri
3184 1591 3341 1658 queat
3366 1591 3547 1643 utrum
3573 1586 3844 1648 auditores

2235 1689 2302 1728 ea:
2323 1671 2744 1744 praedicatorum
2773 1674 3014 1730 doctrina
3024 1675 3330 1748 proficiant.
3357 1676 3497 1744 Quid
3510 1677 3581 1733 sit
3607 1679 3755 1750 loqui
3779 1685 3844 1736 etc

525 1778 582 1820 se
625 1769 710 1818 tot
753 1761 1026 1819 virtutum
1079 1761 1506 1835 praedicamenta
1544 1765 1794 1838 protulit,
1841 1765 1948 1824 hoc
1979 1765 2127 1840 quod
2161 1783 2210 1846 Β
2238 1761 2348 1819 Deo
2393 1767 2442 1817 et
2478 1779 2662 1818 coram
2702 1763 2833 1820 Deo.
2865 1795 2936 1807 —
2963 1763 3123 1823 Dicat
3150 1765 3378 1822 fortasse
3406 1764 3608 1839 aliquis
3642 1784 3654 1822 :
3688 1766 3845 1824 Unde

525 1851 892 1928 praemisimus
915 1858 1155 1922 secutus,
1187 1851 1462 1925 adjunxit.
1498 1852 1637 1928 [νει.
1661 1855 1811 1922 XVI,
1841 1857 1960 1914 Rec.
1995 1855 2123 1930 XL]

525 1943 587 2002 Si
627 1943 821 2016 capaci
856 1943 928 2000 ad
954 1943 1348 2002 multitudinem
1373 1945 1618 2012 nimiam,
1646 1951 1694 2002 et
1720 1947 1974 2020 despectio
1995 1964 2125 2020 pro-

519 2039 847 2114 pinquorum
893 2037 1036 2098 716
1079 2040 1270 2098 terruit
1300 2057 1411 2108 me;
1434 2047 1482 2098 et
1506 2059 1613 2099 non
1640 2042 1808 2116 magis
1839 2043 2002 2109 tacui,
2035 2061 2127 2100 nec

523 2148 759 2205 egressus
787 2147 903 2188 sum
929 2131 1141 2189 ostium.
1170 2133 1254 2190 Ac
1288 2131 1335 2188 si
1365 2133 1608 2206 apertius
1636 2132 1786 2192 dicat
1822 2153 1834 2191 :
1867 2134 2128 2192 Turbatis

524 2230 716 2284 contra
755 2238 842 2280 me
885 2223 1230 2281 extrinsecus
1267 2223 1411 2292 aliis,
1445 2222 1647 2297 ipsein
1681 2241 1769 2282 me
1791 2224 2130 2284 intrinsecus

525 2313 996 2389 imperturbabilis
1043 2313 1240 2370 mansi.
1287 2311 1432 2382 Quid
1469 2329 1706 2388 namque
1760 2314 1816 2372 in
1865 2314 1976 2372 hoc
2004 2315 2128 2374 loco

525 2403 730 2462 ostium
758 2403 868 2461 nisi
895 2419 958 2460 os
997 2401 1260 2460 debemus
1287 2402 1534 2477 accipere
1555 2403 1584 2460 ?
1615 2404 1636 2438 ³
1657 2403 1768 2485 _Per
1791 2402 1899 2462 hoc
1922 2403 2130 2478 quippe

525 2493 683 2568 quasi
728 2492 1060 2565 egredimur,
1091 2491 1224 2550 dum
1253 2492 1440 2550 verbis
1468 2493 1668 2568 quibus
1697 2509 1994 2566 possumus
2033 2510 2132 2552 se-

453 2577 461 2585 ’
524 2589 677 2642 creta
708 2581 884 2639 nostri
917 2579 1102 2639 cordis
1143 2581 1450 2654 aperimus;
1497 2591 1552 2639 et
1597 2585 1784 2656 quales
1815 2583 1972 2642 intus
1999 2601 2130 2640 ma-

527 2687 722 2729 nemus
750 2671 808 2727 in
837 2667 1193 2740 conscientia,
1215 2671 1352 2728 tales
1378 2669 1524 2730 foras
1551 2672 1868 2746 egredimur
1899 2690 1996 2747 per
2024 2673 2130 2730 lin-

525 2774 712 2835 gnam.

597 2850 687 2909 38.
737 2849 920 2911 Sancti
961 2849 1320 2908 commotionis
1368 2857 1596 2925 tempore
1623 2851 1797 2909 silent.
1827 2853 1982 2910 Secus
2007 2850 2127 2909 alii.

529 2941 824 3009 Silendum,
869 2940 978 2998 nisi
1017 2941 1274 3014 loquendo
1311 2941 1438 2999 aliis
1462 2942 1714 3016 prodesse
1735 2942 2020 3015 possimus.
2061 2971 2133 2987 —

527 3033 668 3092 Sunt
695 3048 828 3090 vero
857 3030 1114 3088 nonnulli
1141 3031 1238 3106 qui
1267 3017 1496 3089 omnino
1522 3031 1730 3105 despici
1758 3039 2036 3102 metuunt,
2068 3049 2132 3092 ac

2239 1851 2498 1910 novimus
2513 1867 2623 1926 quo
2642 1853 2806 1912 corde
2825 1854 2949 1930 quis
2972 1855 3161 1914 audiat
3181 1857 3210 1914 ?
3238 1855 3342 1913 Sed
3371 1857 3546 1914 multa
3573 1865 3702 1915 sunt
3721 1875 3845 1932 quae

2238 1941 2514 2000 audientis
2561 1943 2809 2000 animum
2857 1943 3117 2016 produnt,
3171 1945 3414 2002 maxime
3458 1946 3506 2003 si
3561 1946 3844 2006 auditores

2237 2031 2412 2090 nostri
2444 2039 2499 2089 et
2529 2047 2742 2105 semper
2772 2032 2998 2089 laudant
3025 2033 3173 2106 quod
3201 2033 3456 2104 audiunt,
3476 2042 3530 2092 et
3558 2052 3844 2110 nunquam

2238 2123 2386 2198 quo'd
2414 2124 2642 2181 laudant
2673 2131 3000 2198 sequuntur.
3025 2125 3176 2182 Hanc
3195 2125 3416 2184 inanem
3444 2125 3707 2200 loquendi
3727 2129 3844 2201 glo-

2238 2214 2378 2272 riam
2409 2213 2735 2288 praedicator
2765 2214 3015 2288 egregius
3042 2214 3274 2288 fugerat,
3295 2232 3423 2274 cum
3453 2215 3673 2274 dicebat
3691 2235 3702 2273 :
3721 2217 3845 2276 Non

2238 2305 2373 2362 enim
2395 2321 2575 2362 sumus
2591 2305 2726 2362 sicut
2739 2305 2988 2378 plurimi,
3007 2306 3364 2363 adulterantes
3376 2307 3592 2363 verbum
3605 2306 3706 2364 Dei
3719 2325 3742 2374 ;
3759 2307 3848 2365 sed

2237 2414 2303 2474 ex
2340 2396 2662 2462 sinceritate,
2694 2396 2829 2452 sicut
2858 2413 2926 2452 ea:
2954 2397 3086 2462 Deo,
3105 2413 3284 2452 coram
3311 2397 3420 2454 Deo
3451 2397 3505 2454 in
3531 2398 3741 2456 Christo
3772 2401 3845 2456 la-

2239 2486 2474 2558 quimur.
2507 2485 2826 2544 Adulterari
2855 2503 3092 2561 namque
3123 2486 3351 2544 verbum
3371 2488 3490 2558 Dei,
3522 2495 3606 2546 est
3633 2496 3730 2546 aut
3746 2490 3843 2546 ali-

2238 2584 2324 2634 ter
2352 2577 2420 2635 de
2451 2577 2550 2634 illo
2577 2577 2781 2636 sentire
2811 2593 2978 2652 quam
3007 2585 3109 2646 est,
3141 2584 3236 2634 aut
3263 2593 3334 2634 ex
3353 2595 3418 2636 eo
3440 2595 3550 2635 non
3571 2579 3844 2652 spiritales

2239 2667 2472 2737 fructus,
2506 2667 2601 2725 sed
2631 2667 2974 2725 adulterinos
3003 2668 3147 2725 fetus
3176 2684 3418 2740 quaerere
3447 2669 3624 2727 laudis
3653 2669 3842 2726 huma-

2240 2775 2346 2816 nas.
2378 2760 2466 2816 Ex
2495 2757 2812 2815 sinceritate
2843 2773 2975 2813 vero
3005 2757 3178 2830 loqui,
3208 2764 3290 2814 est
3318 2757 3398 2814 nil
3429 2758 3488 2815 in
3507 2759 3729 2833 eloquio
3749 2774 3841 2817 ex-

2241 2867 2326 2916 tra
2345 2873 2509 2932 quam
2531 2860 2777 2928 oporteat
2799 2869 3060 2927 quaerere.
3087 2852 3174 2908 71
3187 2852 3232 2908 7
3246 2855 3402 2912 Sicut
3429 2871 3498 2912 ex
3516 2858 3630 2914 Deo
3658 2864 3844 2916 autem

2243 2945 2490 3020 loquitur
2509 2944 2605 3018 qui
2621 2943 2728 3001 scit
2747 2959 2856 2999 non
2873 2958 2931 3000 se
2945 2959 2978 2999 a
2997 2959 3054 3000 se
3068 2941 3288 3013 habere,
3311 2943 3406 3000 sed
3433 2961 3502 3001 ex
3531 2947 3646 3003 Deo
3674 2961 3846 3006 acce-

2241 3038 2384 3111 pisse
2399 3035 2546 3112 quod
2563 3034 2720 3092 dicit.
2745 3033 2942 3092 Coram
2957 3035 3070 3091 Deo
3090 3050 3220 3091 vero
3236 3034 3482 3108 loquitur
3498 3034 3592 3110 qui
3612 3035 3670 3092 in
3685 3039 3844 3096 omni

529 3139 600 3180 ne
633 3123 775 3181 viles
813 3120 1044 3178 fortasse
1067 3119 1408 3194 judicentur,
1441 3122 1713 3195 sapientes
1739 3121 1922 3180 videri
1951 3139 2130 3196 appe-
2161 3127 2390 3215 equod
2409 3125 2565 3195 dicit,
2591 3142 2702 3182 non
2734 3125 3006 3215 humanos
3035 3123 3250 3215 favores
3269 3124 3494 3198 appetit,
3525 3123 3622 3183 sed
3649 3127 3846 3184 omni-

528 3217 674 3271 tunt.
705 3210 776 3269 Hi
805 3219 1078 3286 coguntur
1099 3212 1304 3269 ostium
1329 3213 1534 3286 egredi,
1558 3213 1688 3287 quia
1705 3213 1908 3286 pulsati
1937 3219 2130 3270 contu-

531 3302 732 3373 meliis,
750 3317 914 3376 quam
936 3301 1120 3376 magni
1141 3301 1286 3376 apud
1306 3318 1363 3360 se
1383 3303 1588 3360 lateant
1608 3302 1897 3376 loquentes
1913 3301 2130 3377 denun-

530 3393 690 3450 tiant.
713 3393 966 3466 Dumque
991 3408 1088 3466 per
1112 3392 1511 3466 impatientiam
1533 3392 1669 3450 victi
1700 3392 1951 3467 quaedam
1979 3392 2047 3449 de
2073 3408 2131 3450 se

529 3499 650 3556 quae
677 3482 1062 3540 nesciebantur
1090 3483 1350 3557 produnt,
1371 3489 1633 3557 tanquam
1661 3498 1759 3556 per
1785 3482 1897 3540 oris
1925 3482 2128 3540 ostium

529 3571 905 3645 egrediuntur.
930 3572 1084 3630 Unde
1111 3573 1302 3631 beatus
1319 3572 1422 3630 Job
1442 3573 1691 3631 dicturus
1716 3572 1862 3647 quod
1890 3575 2002 3631 oris
2032 3591 2132 3632 os-

531 3663 672 3719 tium
691 3680 804 3720 non
823 3663 1020 3722 fuisset
1037 3675 1302 3738 egressus,
1319 3664 1458 3722 bene
1473 3665 1740 3738 praemisit
1767 3682 1778 3721 :
1811 3665 2132 3738 Tacui,quia

457 3801 459 3804 .
531 3755 790 3814 videlicet
831 3755 1176 3830 impatientia
1212 3755 1465 3813 turbatus
1512 3772 1544 3812 a
1571 3754 1738 3812 domo
1779 3755 2130 3813 conscientia

531 3845 808 3916 exisset,si
833 3853 1014 3904 tacere
1039 3847 1319 3906 nescisset.
1347 3845 1492 3920 [Rea
1523 3845 1683 3921 XII.]
1707 3844 1894 3903 Sancti
1922 3843 2128 3902 etenim

531 3935 640 3991 viri
669 3935 728 3990 in
757 3937 1147 3994 commotionis
1175 3936 1479 3994 tentatione
1494 3935 1822 4007 semetipsos
1843 3933 2132 3992 ostendere

531 4023 762 4078 omnino
789 4025 1090 4094 refugiunt,
1123 4031 1178 4080 et
1204 4040 1332 4081 cum
1365 4023 1719 4080 audientibus
1752 4023 2010 4096 prodesse
2039 4038 2131 4078 ne-

533 4121 762 4188 queunt,
785 4115 950 4170 etiam
981 4115 1188 4188 despici
1209 4123 1451 4174 tacentes
1480 4117 1694 4184 volunt,
1727 4133 1796 4172 ne
1824 4117 1892 4174 de
1919 4117 2133 4189 sapien-

531 4201 625 4258 tiae
673 4217 784 4258 suae
829 4205 1196 4261 ostentatione
1243 4203 1566 4277 glorientur.
1627 4203 1874 4276 Cumque
1914 4203 2132 4278 aliquid

533 4289 728 4347 dicunt
767 4291 1084 4365 prudenter,
1130 4308 1242 4350 non
1271 4299 1525 4366 quaerunt
1561 4291 1791 4366 gloriam
1821 4309 2000 4362 suam,
2033 4293 2130 4350 sed

533 4378 848 4438 auditorum
869 4383 1062 4440 vitam.
1085 4381 1225 4440 Cum
1245 4398 1377 4440 vero
1404 4382 1752 4456 conspiciunt
1771 4382 1901 4457 quia
1921 4381 2134 4439 audito-

534 4486 660 4528 rum
706 4471 879 4530 vitam
914 4472 1189 4546 loquendo
1227 4473 1430 4532 lucrari
1459 4489 1570 4531 non
1619 4481 1868 4548 possunt,
1899 4472 2132 4531 tacendo

534 4558 880 4618 abscondunt
906 4561 1192 4619 scientiam
1219 4579 1396 4620 suam.
1423 4565 1445 4600 ³
1467 4562 1555 4620 Ad
1579 4563 1903 4621 imitandam
1934 4563 2135 4636 quippe

535 4647 709 4706 vitam
735 4649 982 4720 Domini,
1015 4649 1172 4724 quasi
1199 4650 1268 4708 ad
1295 4650 1572 4726 quoddam
1603 4651 1762 4708 nobis
1789 4652 2132 4724 propositum

535 4738 756 4812 signum
772 4739 1066 4798 currimus.
1090 4739 1208 4812 Ipse
1237 4741 1406 4809 enim,
1429 4741 1561 4814 quia
1576 4739 1848 4797 Herodem
1864 4739 2008 4796 vidit
2022 4755 2134 4797 non

537 4828 844 4904 profectum
867 4845 1129 4904 quaerere,
1163 4829 1258 4886 sed
1285 4829 1440 4902 signa
1456 4830 1542 4886 vel
1560 4828 1848 4886 scientiam
1869 4829 2010 4884 velle
2027 4828 2135 4884 mi-

537 4921 668 4992 rari,
694 4921 990 4995 requisitas
1011 4919 1080 4977 ab
1095 4935 1159 4976 eo
1175 4920 1367 4988 tacuit,
1389 4927 1445 4976 et
1463 4919 1592 4993 quia
1609 4925 1922 4977 constanter
1941 4919 2132 4988 tacuit,

539 5008 608 5065 ab
637 5027 702 5067 eo
727 5011 924 5068 irrisus
951 5009 1147 5068 exivit.
1181 5009 1458 5082 Scriptum
1488 5025 1724 5084 namque
1751 5019 1832 5067 est
1858 5027 1869 5066 :
1903 5007 2136 5066 Herodes

539 5104 735 5170 autem,
754 5101 866 5161 viso
881 5101 1028 5173 Iesu,
1041 5099 1254 5175 gavisus
1272 5105 1348 5158 est
1368 5101 1389 5136 ὀ
1405 5099 1560 5158 valde
1576 5117 1598 5166 ;
1627 5105 1743 5157 erat
1761 5099 1899 5157 enim
1917 5098 2136 5171 cupiens

619 5339 637 5381 ¹
666 5335 796 5415 Ed.,
827 5338 1155 5403 securitatem
1184 5338 1240 5404 in
1280 5357 1334 5405 se
1377 5355 1482 5404 esse
1505 5339 1693 5403 mentis
1719 5335 2022 5414 ostendens;
2065 5337 2138 5401 lea

581 5415 744 5488 imus,
776 5417 1105 5474 securitatem
1136 5426 1328 5476 sancta:
1362 5419 1568 5488 mentis,
1609 5425 1740 5488 etc.,
1772 5417 1828 5473 in
1875 5415 2135 5483 Vindoc.,

590 5485 982 5579 894.“.‘31Y8';
1007 5487 1113 5579 ειν
1143 5491 1332 5579 Nam
1356 5485 2136 5579 amnihaudﬁoeﬁsnsstr-

619 5557 644 5634 ξ
675 5557 922 5634 Recent.,
953 5559 1056 5616 hac
1083 5561 1338 5632 lectione,
1361 5578 1482 5634 quae
1501 5570 1584 5618 est
1599 5557 1727 5621 Mss.
1751 5568 1805 5618 et
1824 5565 1934 5615 vet.
1957 5557 2134 5625 Edit.,

545 5629 756 5702 relicta,
789 5627 994 5702 habent
1017 5647 1118 5702 per
1143 5647 1220 5702 os.

619 5703 640 5738 ³
670 5701 753 5758 Ita
789 5699 1310 5773 'l‘uron_.,_iYindoc.,
1341 5703 1540 5773 Laud.,
1569 5705 1758 5762 Norm.
1791 5717 1999 5772 omnes,
2031 5701 2142 5759 duo

545 5774 825 5847 Sangerm.
859 5771 921 5830 In
951 5770 1150 5840 Editis,
1181 5773 1254 5829 ad
1278 5770 1596 5834 imitandum
1619 5775 1810 5848 quippe
1835 5770 1995 5832 viam.

2165 4523 2216 4583 D

2220 3211 2480 3292 potentis
2509 3215 2608 3274 Dei
2640 3214 2942 3288 praesentiae
2968 3213 3245 3284 intendit;
3279 3231 3391 3271 non
3428 3229 3604 3285 suam,
3637 3215 3735 3274 sed
3749 3233 3844 3274 au-

2237 3306 2409 3365 ctoris
2455 3304 2689 3378 gloriam
2737 3302 2990 3377 requirit.
3024 3302 3129 3371 Qui
3171 3310 3358 3360 autem
3386 3303 3489 3361 scit
3518 3303 3740 3378 quidem
3771 3321 3841 3363 ex

2237 3398 2352 3453 Deo
2382 3412 2438 3452 se
2467 3393 2738 3467 accepisse
2768 3391 2918 3465 quod
2947 3391 3105 3460 dicit,
3137 3399 3192 3450 et
3217 3399 3402 3448 tamen
3436 3391 3672 3450 dicendo
3701 3411 3842 3469 pro-

2238 3485 2416 3560 priam
2446 3482 2676 3558 gloriam
2692 3481 2910 3556 quaerit,
2929 3480 3074 3538 sicut
3101 3497 3171 3538 ex
3186 3483 3301 3540 Deo
3330 3481 3598 3556 loquitur,
3615 3481 3709 3540 sed
3729 3499 3840 3540 non

2235 3592 2424 3634 coram
2450 3576 2582 3643 Deo,
2616 3572 2746 3647 quia
2772 3587 2897 3628 eum
2930 3586 3093 3645 quem
3123 3571 3281 3630 cordi
3309 3588 3413 3628 suo
3442 3589 3554 3629 non
3585 3573 3841 3646 proponit

2237 3681 2364 3724 cum
2394 3663 2658 3738 praedicat
2686 3659 2842 3734 quasi
2871 3660 3155 3717 absentem
3185 3667 3362 3734 putat.
3393 3661 3498 3719 Sed
3528 3662 3703 3720 sancti
3730 3661 3840 3718 viri

2237 3764 2292 3812 et
2319 3771 2392 3812 ex
2419 3757 2532 3812 Deo
2563 3755 2885 3826 loquuntur,
2909 3757 2964 3808 et
2995 3767 3180 3808 coram
3209 3753 3342 3820 Deo,
3366 3751 3496 3824 quia
3521 3761 3578 3808 et
3604 3751 3674 3808 ab
3702 3767 3766 3809 eo
3786 3768 3842 3808 se

2238 3845 2423 3904 sciunt
2451 3843 2653 3900 habere
2683 3841 2831 3916 quod
2850 3841 3064 3908 dicunt,
3087 3848 3142 3897 et
3157 3840 3338 3912 ipsum
3359 3839 3474 3896 suis
3493 3841 3842 3898 sermonibus

2239 3935 2426 3992 adesse
2449 3933 2694 4006 judicem
2725 3935 2744 3968 ⁷
2777 3931 3192 4004 auditoremque
3211 3927 3582 3987 considerant.
3602 3927 3759 3987 Unde
3779 3931 3844 3988 ﬁt

2239 4035 2304 4083 ut
2343 4041 2470 4083 cum
2513 4041 2570 4082 se
2616 4041 2648 4081 a
2693 4024 2965 4097 proximis
3011 4021 3216 4096 despici
3259 4029 3581 4094 agnoscunt,
3633 4039 3842 4098 suaque

2240 4116 2390 4173 dicta
2439 4116 2567 4171 vitae
2607 4113 2956 4172 audientium
2998 4129 3110 4170 non
3167 4111 3441 4186 prodesse,
3498 4111 3846 4170 abscondant

2239 4213 2457 4280 quantae
2497 4203 2724 4262 virtutis
2751 4203 2882 4274 sint,
2915 4218 2986 4261 ne
3022 4201 3072 4261 si
3100 4209 3366 4260 secretum
3397 4200 3581 4258 cordis
3609 4201 3844 4259 inutili-

2238 4302 2324 4352 ter
2395 4310 2576 4351 sermo
2630 4295 2876 4368 prolatns
2931 4292 3160 4368 aperiat,
3201 4291 3272 4351 ad
3335 4291 3556 4349 inanem
3612 4291 3846 4366 gloriam

2242 4391 2582 4460 prorumpat.

2319 4475 2408 4532 40.
2453 4473 2548 4531 Job
2593 4473 2666 4530 ad
2705 4490 2830 4530 suas
2861 4473 3083 4531 virtutes
3109 4469 3442 4540 narrandas,
3479 4487 3570 4530 nec
3597 4472 3849 4546 superbia

2248 4581 2340 4621 nec
2365 4563 2693 4637 impatientia
2721 4563 2898 4637 coegit.
2918 4593 2990 4606 -—
3007 4565 3206 4621 Beatus
3235 4562 3406 4636 igitur
3435 4563 3536 4620 Job
3564 4562 3708 4619 inter
3740 4561 3850 4618 ob—

2244 4654 2472 4712 stinatas
2517 4661 2728 4711 mentes
2754 4670 2868 4711 non
2898 4661 3160 4728 appetens
3191 4669 3262 4710 ex
3289 4651 3515 4709 virtutis
3543 4666 3656 4706 suae
3686 4658 3851 4723 pate-

2243 4743 2481 4802 factione
2521 4744 2840 4821 clarescere,
2871 4743 2949 4799 ait
2983 4761 2994 4800 :
3032 4743 3091 4800 Si
3118 4741 3372 4814 despectio
3413 4739 3851 4812 propinquorum

2245 4834 2437 4890 terruit
2447 4849 2549 4900 me,
2567 4839 2616 4890 et
2629 4850 2735 4888 non
2753 4832 2922 4904 magis
2943 4831 3104 4898 tacui,
3119 4846 3210 4886 nec
3237 4845 3472 4901 egressus
3497 4845 3616 4885 sum
3635 4829 3848 4886 ostium.

2243 4923 2350 4994 Qui
2365 4923 2514 4980 enim
2531 4939 2628 4996 per
2646 4921 3018 4978 humilitatem
3039 4918 3250 4977 solidus
3270 4933 3618 4992 nequaquam
3640 4918 3848 4991 despici

2244 5013 2453 5082 timuit,
2485 5012 2636 5070 hunc
2655 5020 2718 5070 ut
2749 5013 2896 5069 foras
2919 5010 3109 5084 lingua
3127 5007 3174 5082 ej
3183 5009 3353 5066 iceret
3371 5007 3721 5082 impatientia
3737 5023 3846 5064 non

2243 5101 2428 5160 evicit.
2450 5102 2555 5160 Ubi
2573 5101 2713 5160 bene
2735 5100 3128 5176 praemittitur:
3157 5099 3216 5159 Si
3242 5097 3435 5174 capaci
3462 5099 3535 5157 ad
3560 5096 3853 5156 multitudi-

2320 5332 2341 5373 ‘
2370 5336 2534 5396 Deest
2560 5332 2714 5394 valde
2742 5331 2800 5392 in
2831 5331 2978 5408 plur.

2320 5410 2341 5487 ξ
2372 5410 2486 5487 gl”
2514 5408 2802 5487 respondit.
2839 5478 2870 5487 η
3199 5485 3203 5487 _
3344 5467 3375 5487 ,Α
3487 5477 3498 5487 Δ
3615 5467 3626 5486 Α

2321 5481 2343 5514 θ
2371 5473 2670 5552 gemet.'et
2698 5479 2809 5536 duo
2837 5478 3148 5552 Sangerm._,
3179 5473 3378 5550 sprevit
3403 5477 3580 5552 autem
3605 5473 3781 5552 illam.

2320 5551 2340 5586 ⁷
2370 5550 2542 5620 Editi,
2573 5545 2994 5624 adjutoremque,
3025 5545 3239 5624 quibus
3257 5547 3602 5624 praetulimus
3629 5545 3860 5624 Codices

2250 5637 2418 5679 manu
2458 5617 2708 5682 exaratos
2749 5617 2940 5696 Angi.,
2969 5617 3184 5689 N6rm.,
3216 5617 3412 5688 Laud.,
3448 5626 3502 5676 et
3543 5618 3681 5675 duos
3709 5618 3860 5674 San-

2253 5709 2422 5768 germ.
