4162 6184
352 279 439 335 ὩἹ

1110 269 1479 327 MORALIUM
1521 270 1653 328 LIB.
1695 269 1874 328 XXII.
1915 299 1985 313 —
2024 271 2094 329 IN
2133 270 2360 328 CAPUT
2398 270 2586 327 XXXI
2625 272 2686 328 B.
2728 272 2869 328 JOB.

3539 277 3645 334 238

362 417 471 459 nem
496 397 720 463 nimiam,
751 400 814 450 ut
841 392 1001 466 cujus
1024 395 1349 452 constantia:
1380 395 1550 452 fuerit
1591 403 1935 469 agnoscatur,
1965 408 2017 468 Α
2051 394 2302 452 mortalis
2325 402 2379 451 et
2391 393 2598 466 justus,
2616 397 2714 467 qui
2747 402 2802 450 et
2831 401 3064 452 mortem
3084 395 3451 457 haberetcum
3466 397 3644 457 homi-

366 494 483 568 quia
508 488 750 545 videlicet
778 502 1125 560 nequaquam
1175 494 1345 545 terret
1389 487 1636 544 exterius
1670 504 1941 545 numerus

364 582 644 647 hominum,
675 593 840 652 quem
872 593 983 633 non
1011 576 1261 634 devastat
1298 577 1532 633 interius
1572 577 1737 634 turba
1763 577 1942 633 vitio-

359 689 488 731 rum.
513 671 569 726 In
602 668 705 724 hac
727 666 934 724 etenim
956 666 1093 735 vita,
1118 667 1215 741 qui
1244 668 1399 723 nulla
1430 683 1687 740 prospera
1712 667 1938 741 appetit,

357 761 493 817 nulla
518 757 707 831 procul
735 755 911 813 dubio
945 755 1174 813 adversa
1201 757 1559 829 pertimescit.

417 850 496 905 41.
530 851 658 917 Qum
686 847 749 902 de
793 864 847 901 se
883 853 1077 902 narrat
1121 846 1242 912 Job,
1285 847 1347 902 de
1386 846 1598 904 Christo
1628 850 1750 900 sunt
1779 844 1944 899 intel—

355 940 563 1012 ligenda.
602 970 672 979 —
699 938 831 1005 Quae
861 937 1073 994 scilicet
1101 935 1269 993 verba
1295 937 1343 992 si
1364 936 1433 992 ad
1454 935 1795 992 intellectum
1824 950 1942 1006 my-

353 1038 535 1087 sticum
562 1025 960 1101 pertrahimus,
995 1025 1053 1081 in
1077 1025 1156 1081 eis
1181 1024 1347 1082 citius
1373 1024 1746 1097 operationem
1766 1021 1940 1078 nostri

350 1118 720 1193 Redemptoris
738 1116 1072 1173 invenimus.
1093 1116 1211 1187 Ipse
1227 1115 1427 1189 quippe
1442 1114 1510 1171 ad
1527 1111 1941 1169 multitudinem

350 1211 563 1267 nimiam
596 1224 709 1264 non
733 1204 979 1279 expavit,
1008 1204 1104 1277 qui
1124 1210 1500 1277 persecutores
1528 1219 1656 1260 suos
1684 1217 1813 1258 cum
1834 1200 1942 1273 gla-

353 1300 451 1358 diis
485 1306 536 1356 et
577 1296 823 1355 fustibus
870 1294 1155 1351 venientes
1196 1311 1307 1351 una
1340 1301 1556 1351 tantum
1590 1290 1943 1365 responsione

354 1390 598 1463 perculit,
629 1387 819 1444 dicens
845 1403 857 1442 :
881 1386 995 1457 Ego
1014 1401 1132 1440 sum
1153 1383 1333 1457 (Joan.
1352 1401 1516 1453 xvm,
1545 1384 1625 1459 6).
1653 1384 1840 1455 Ipsum
1854 1379 1942 1436 de-

352 1481 547 1553 spectio
578 1477 1019 1552 propinquorum
1055 1492 1167 1531 non
1194 1476 1412 1544 terruit,
1447 1474 1542 1549 qui
1570 1490 1673 1530 nos
1701 1472 1769 1529 ab
1793 1478 1944 1527 aeter-

354 1570 438 1625 nis
465 1567 755 1643 suppliciis
784 1565 1044 1633 liberans,
1078 1565 1287 1638 palmas
1314 1564 1372 1619 in
1396 1564 1534 1623 facie
1562 1560 1944 1636 aequanimiter

353 1658 573 1731 accepit.
609 1660 730 1731 Ipse
757 1658 951 1726 tacuit,
979 1663 1034 1713 et
1065 1656 1270 1713 ostium
1298 1671 1543 1728 egressus
1574 1670 1683 1709 non
1713 1659 1813 1719 est,
1846 1649 1941 1723 qui

2054 485 2241 554 nibus,
2273 492 2329 541 et
2348 483 2624 556 justitiam
2654 499 2779 540 cum
2810 484 2944 552 Deo,
2972 491 3035 539 ut
3052 486 3182 556 quia
3209 504 3304 557 per
3323 488 3434 544 ima
3460 496 3648 547 nostra

2054 575 2217 646 longe
2245 573 2588 630 distabamus
2618 589 2651 628 a
2676 572 2929 640 summis,
2963 571 3021 627 in
3051 573 3230 645 seipse
3257 591 3369 631 uno
3393 576 3650 650 jungeret

2055 665 2167 719 ima
2195 682 2322 721 cum
2360 663 2613 732 summis,
2642 671 2806 735 atque
2852 679 2923 718 ex
2967 678 3032 718 eo
3073 662 3233 719 nobis
3262 665 3354 720 via
3382 666 3646 725 redeundi

2054 756 2209 813 ﬁeret
2237 756 2304 812 ad
2325 759 2519 825 Deum,
2561 772 2670 829 quo
2690 754 2921 812 summis
2950 754 3064 811 suis
3089 754 3201 810 ima
3220 762 3408 811 nostra
3433 760 3649 828 copula-

2054 858 2156 906 ret.
2184 851 2345 907 Hunc
2373 865 2501 920 ergo
2529 848 2721 904 beatus
2748 846 2850 902 Job
2880 862 2976 919 per
3003 846 3175 902 totius
3200 846 3463 903 Ecclesiae
3482 847 3649 919 signi-

2055 939 2367 996 ﬁcationem
2396 940 2644 1011 loquens,
2693 936 3051 993 Mediatorem
3098 935 3349 1009 requirit,
3394 937 3489 1010 qui
3523 952 3647 993 cum

2055 1029 2288 1086 dixisset
2316 1047 2327 1085 :
2356 1028 2485 1096 Quis
2502 1027 2633 1083 mihi
2655 1026 2854 1081 tribuat
2878 1025 3201 1097 adjutorem,
3222 1034 3345 1099 apte
3364 1025 3613 1083 subdidit
3637 1045 3649 1083 :

2062 1119 2125 1175 Ut
2142 1117 2461 1173 desiderium
2483 1132 2654 1172 meum
2681 1115 3016 1188 Omnipotens
3034 1115 3241 1173 audiat.
3265 1116 3481 1173 Sciebat
3497 1117 3651 1191 quip-

2056 1225 2121 1283 pe
2159 1207 2309 1283 quod
2353 1208 2422 1264 ad
2468 1208 2712 1282 requiem
2760 1208 3103 1265 liberationis
3149 1218 3365 1267 aeternae
3396 1209 3650 1267 humanae

2054 1314 2241 1371 preces
2270 1297 2379 1354 nisi
2405 1314 2501 1370 per
2527 1297 2856 1355 advocatum
2878 1316 3039 1355 suum
3062 1299 3241 1356 audiri
3273 1317 3385 1357 non
3410 1309 3653 1374 possent.

2053 1389 2131 1444 De
2161 1404 2270 1460 quo
2306 1403 2403 1459 per
2418 1387 2683 1443 Joannem
2711 1387 3017 1459 apostolum
3046 1387 3253 1444 dicitur
3286 1407 3297 1444 :
3333 1389 3528 1460 Siquis
3543 1408 3656 1463 pec-

2054 1476 2270 1545 caverit,
2297 1475 2610 1531 advocatum
2629 1475 2874 1532 habemus
2894 1474 3041 1547 apud
3058 1476 3275 1532 Patrem
3302 1477 3480 1533 Iesum
3505 1480 3657 1537 Chri-

2054 1572 2193 1621 stum
2200 1565 2231 1636 j
2236 1571 2432 1631 ustum,
2452 1571 2499 1620 et
2516 1564 2625 1637 ipse
2638 1572 2714 1621 est
2726 1566 3041 1638 propitiatio
3049 1584 3154 1639 pro
3175 1568 3399 1639 peccatis
3416 1571 3617 1627 nostris
3641 1589 3657 1637 ;

2055 1676 2159 1715 non
2186 1675 2286 1730 pro
2330 1657 2529 1714 nostris
2570 1664 2747 1714 autem
2793 1664 3016 1725 tantum,
3046 1660 3135 1714 sed
3180 1660 3336 1716 etiam
3368 1678 3473 1733 pro
3504 1665 3661 1721 totius

352 1747 451 1803 sub
476 1748 595 1820 ipsa
608 1745 879 1838 jamihora
903 1746 1173 1838 passionis
1195 1761 1321 1803 cum
1342 1743 1703 1838 humanitatis
1723 1740 1944 1797 inﬁrma
1971 1777 2019 1838 Β
2054 1748 2240 1838 mundi
2257 1747 2284 1818 (
2289 1747 2322 1803 Ι
2332 1747 2488 1838 Joan.
2513 1747 2631 1838 11,1,
2652 1746 2733 1818 2).
2754 1748 2832 1803 De
2852 1764 2960 1820 quo
2976 1748 3176 1805 Paulus
3195 1751 3472 1822 apostolus
3484 1752 3623 1811 dicit
3646 1770 3663 1810 :

355 1845 646 1911 pateretur,
678 1835 989 1892 divinitatis
1018 1851 1130 1891 suae
1164 1835 1463 1907 potentiam
1500 1835 1516 1868 ¹
1549 1846 1804 1888 exercere
1834 1844 1947 1885 no-

356 1926 483 1981 luit.
521 1924 807 1983 Mediatori
839 1925 1039 1998 quippe
1058 1925 1159 1981 Dei
1190 1931 1244 1981 et
1269 1923 1557 1980 hominum
1586 1920 1743 1997 quasi
1773 1917 1958 1992 egredi

358 2016 565 2072 ostium
594 2015 802 2084 fuisset,
834 2015 880 2070 si
906 2032 1032 2071 cum
1062 2022 1339 2072 teneretur
1358 2022 1419 2071 ut
1438 2014 1624 2081 homo,
1650 2012 1671 2047 ²
1692 2009 1961 2083 majesta—

352 2104 426 2161 tis
454 2121 566 2161 suae
586 2104 885 2177 potentiam
916 2104 1186 2160 voluisset
1213 2103 1517 2171 ostendere,
1550 2111 1605 2158 et
1634 2117 1731 2174 per
1754 2098 1958 2156 divini-

355 2194 481 2250 tatis
511 2194 948 2268 magnitudinem
982 2202 1246 2267 susceptee
1266 2194 1449 2252 carnis
1464 2192 1686 2248 inﬁrma
1704 2189 1958 2247 transire.

356 2283 425 2340 Ut
448 2284 598 2340 enim
647 2291 866 2357 apertus
914 2282 1083 2340 homo
1131 2282 1270 2339 mori
1314 2289 1515 2356 posset,
1570 2283 1717 2337 Deus
1759 2277 1963 2334 mansit

360 2374 613 2430 occultus
647 2391 660 2429 :
696 2373 835 2441 Quia
870 2373 917 2428 si
956 2372 1329 2445 cognovissent,
1369 2387 1644 2443 nunquam
1676 2368 1964 2426 Dominum

354 2461 548 2532 gloria:
564 2462 954 2534 cruciﬁa‘issent
970 2463 1034 2531 (Ι
1059 2463 1185 2517 Cor.
1210 2478 1271 2529 II,
1293 2461 1378 2531 8).
1398 2461 1522 2516 Non
1539 2466 1621 2515 est
1646 2473 1772 2529 ergo
1793 2472 1965 2528 egres-

359 2568 456 2607 sus
487 2551 722 2617 ostium,
753 2549 847 2621 qui
879 2556 934 2603 et
960 2548 1257 2621 requisitus
1286 2563 1316 2602 a
1342 2547 1521 2602 Pilato
1550 2546 1723 2602 tacuit
1754 2562 1767 2611 ;
1808 2551 1968 2616 atque

354 2640 512 2696 inter
532 2646 944 2712 persecutorum
974 2653 1171 2693 manus
1198 2645 1251 2693 et
1279 2653 1479 2709 corpus
1506 2634 1743 2709 passioni
1768 2633 1968 2690 obtulit

353 2729 514 2805 quod
549 2746 653 2802 pro
678 2729 864 2786 electis
891 2736 1273 2801 assumpserat,
1308 2736 1362 2785 et
1390 2726 1769 2784 resistentibus
1788 2726 1969 2783 noluit

360 2824 750 2882 demonstrare
775 2823 921 2896 quod
948 2831 1082 2880 erat.
1118 2824 1270 2880 Unde
1300 2824 1469 2880 etiam
1498 2839 1595 2896 per
1618 2821 1967 2879 Psalmistam

359 2916 573 2974 dicitur
605 2932 617 2970 :
638 2915 936 2971 Posuerunt
954 2930 1034 2968 me
1055 2912 1111 2968 in
1128 2912 1570 2969 abominationem
1592 2912 1717 2979 sibi,
1741 2911 1969 2968 traditus

370 3029 507 3080 sum,
536 3017 587 3067 et
606 3028 714 3067 non
732 3010 1032 3083 egrediebar
1054 3010 1235 3081 (Psal.
1264 3026 1518 3079 Lxxxvu,
1545 3009 1628 3082 9).
1657 3007 1796 3067 Cum
1819 3006 1969 3063 enim

371 3100 749 3175 despiceretur
786 3099 917 3174 quia
941 3098 1110 3156 homo
1137 3097 1447 3168 videbatur,
1482 3114 1729 3171 egressus
1754 3097 1967 3165 fuisset,

368 3195 413 3252 si
442 3195 721 3252 occultam
761 3191 1103 3266 majestatem
1152 3208 1309 3250 suam
1357 3198 1632 3250 ostentare
1681 3190 1966 3247 voluisset.

364 3283 469 3342 Sed
489 3281 623 3359 quia
639 3282 1019 3340 inﬁrmitatem
1037 3281 1300 3355 prodidit,
1320 3282 1623 3356 potentiam
1642 3279 1932 3339 abscondit
1954 3299 1968 3350 ;

368 3373 425 3429 in
453 3389 517 3430 eo
547 3369 700 3447 quod
742 3370 1185 3445 persecutoribus
1226 3373 1344 3428 suis
1392 3372 1705 3446 incognitus
1746 3371 1969 3441 mansit,

366 3462 433 3520 ad
461 3477 556 3520 eos
584 3462 815 3519 minime
849 3461 1047 3519 exivit.
1097 3460 1203 3530 Qui
1247 3468 1433 3519 tamen
1479 3461 1547 3519 ad
1588 3463 1789 3520 electos
1834 3462 1971 3532 exit,

370 3552 502 3625 quia
528 3550 842 3609 divinitatis
865 3566 979 3608 suae
1010 3550 1338 3607 suavitatem
1376 3550 1749 3624 quaerentibus
1777 3551 1970 3623 aperit.

369 3638 531 3695 Unde
559 3640 614 3694 ei
659 3656 751 3711 per
805 3638 1127 3712 prophetam
1177 3639 1427 3709 dicitur:
1461 3639 1645 3697 Emisti
1672 3640 1730 3695 in
1754 3641 1977 3696 salutem

366 3726 567 3800 populi
596 3727 692 3794 tui,
728 3734 793 3784 ut
815 3731 985 3788 salvos
1015 3729 1190 3801 facias
1221 3729 1446 3786 christos
1477 3736 1590 3786 tuos
1629 3729 1858 3801 (Habac.
1888 3744 1974 3795 III,

373 3818 493 3889 I3).
536 3816 796 3891 Sequitur
827 3836 839 3876 :

549 3943 780 4002 CAPUT
804 3943 961 4004 xvn
998 3943 1139 4020 [Vet.
1202 3944 1417 4012 XVIII,
1452 3945 1572 4004 Rec.
1604 3943 1792 4020 XIII].

438 4058 589 4117 718
612 4059 785 4121 Vnus.
816 4062 904 4121 35.
936 4095 1007 4106 —
1034 4064 1161 4133 Quis
1186 4063 1316 4119 mihi
1348 4063 1547 4121 tribuat
1576 4064 1900 4135 adjutorem,
1922 4068 1981 4120 ut

2072 1837 2316 1895 Christus
2339 1837 2509 1901 Iesus,
2531 1836 2624 1907 qui
2650 1842 2891 1892 mortuus
2920 1843 2996 1892 est
3024 1855 3126 1909 pro
3151 1840 3321 1906 nobis,
3350 1841 3457 1896 imo
3493 1843 3586 1913 qui
3617 1849 3666 1898 et

2068 1926 2385 1991 resurrexit,
2404 1926 2495 1996 qui
2522 1931 2597 1980 est
2616 1925 2711 1994 3[in
2740 1925 2957 1981 dextera
2981 1927 3103 1993 Dei,
3129 1928 3392 1998 quietiam
3418 1930 3664 2003 interpel-

2074 2020 2149 2074 lat
2170 2034 2275 2090 pro
2298 2016 2446 2072 nobis
2496 2015 2670 2088 (Rom.
2703 2033 2828 2087 vui,
2859 2016 2974 2090 34).
3008 2018 3301 2092 Unigenito
3343 2022 3490 2078 enim
3521 2024 3665 2080 Filio

2072 2124 2172 2180 pro
2194 2106 2421 2162 homine
2450 2106 2798 2178 interpellare
2817 2114 2899 2163 est
2923 2106 3066 2180 apud
3088 2116 3421 2167 coaeternum
3450 2112 3665 2170 Patrem

2073 2198 2313 2269 seipsum
2349 2195 2632 2252 hominem
2663 2195 3057 2266 demonstrare,
3090 2198 3251 2272 eique
3293 2216 3392 2272 pro
3425 2198 3668 2259 humana

2073 2293 2204 2342 natu
2212 2302 2271 2342 ra
2286 2302 2500 2358 rogasse
2516 2292 2597 2342 est
2612 2285 2857 2343 eamdem
2884 2295 3133 2343 naturam
3151 2288 3208 2343 in
3224 2286 3535 2346 divinitatis
3555 2307 3667 2347 suae

2074 2374 2404 2433 celsitudine
2436 2376 2757 2447 suscepisse.
2798 2377 3114 2448 Interpellat
3162 2376 3330 2448 igitur
3375 2394 3473 2450 pro
3506 2377 3668 2436 nobis

2074 2464 2363 2531 Dominus,
2402 2480 2513 2519 non
2565 2480 2719 2533 voce,
2777 2463 2871 2521 sed
2929 2465 3298 2535 miseratione,
3340 2467 3470 2539 quia
3521 2466 3671 2542 quod

2076 2553 2325 2611 damnari
2357 2554 2415 2610 in
2440 2554 2627 2611 electis
2648 2554 2847 2624 noluit,
2874 2555 3223 2628 suscipiendo
3254 2555 3530 2614 liberavit.
3558 2558 3669 2616 Ad-

2071 2643 2227 2716 jutor
2253 2659 2380 2717 ergo
2409 2644 2675 2718 quaeritur
2703 2652 2765 2701 ut
2792 2644 3128 2703 desiderium
3159 2647 3507 2715 exaudiatur,
3542 2648 3672 2721 quia

2078 2735 2184 2791 nisi
2214 2751 2314 2808 pro
2340 2735 2501 2792 nobis
2547 2736 2914 2808 interpellatio
2942 2735 3259 2794 Mediatoris
3287 2737 3669 2808 intercederet,

2078 2823 2146 2880 ab
2172 2841 2302 2881 aure
2331 2824 2431 2881 Dei
2464 2825 2656 2898 procul
2698 2824 2869 2882 dubio
2910 2834 3218 2884 nostrarum
3253 2825 3478 2901 pr'ecum
3510 2844 3673 2887 voces

2078 2913 2321 2970 silerent.

2149 3056 2239 3115 43.
2271 3058 2391 3117 Νοη
2418 3057 2573 3117 verba
2602 3059 2692 3119 sed
2710 3058 2970 3121 desideria
2985 3058 3159 3121 cordis
3175 3060 3320 3122 Deus
3345 3056 3582 3123 exaudit.
3604 3090 3676 3111 -ι

2000 3137 2044 3201 C
2078 3142 2393 3204 Notandum
2421 3164 2636 3224 quoque
2662 3159 2743 3210 est
2772 3151 2919 3226 quod
2949 3170 3293 3228 nequaquam
3314 3153 3520 3214 dicitur
3539 3172 3673 3230 pre-

2080 3250 2188 3304 ces,
2236 3237 2329 3293 sed
2376 3238 2693 3297 desiderium
2725 3260 2895 3300 meum
2927 3243 3265 3317 Omnipotens
3292 3246 3499 3304 audiat.
3531 3246 3676 3305 Vera

2081 3325 2284 3399 quippe
2316 3330 2613 3399 postulatio
2644 3348 2755 3389 non
2786 3333 2844 3389 in
2873 3334 2984 3391 oris
3005 3340 3088 3392 est
3117 3333 3366 3405 vocibus,
3390 3335 3484 3392 sed
3506 3336 3562 3391 in
3582 3353 3674 3393 co-

2083 3417 2442 3489 gitationibus
2472 3417 2671 3478 cordia
2705 3422 3051 3481 Valentiores
3080 3439 3315 3500 namque
3344 3441 3506 3483 voces
3536 3424 3680 3498 apud

2084 3507 2476 3565 secretissimas
2511 3524 2668 3567 aures
2716 3512 2818 3568 Dei
2867 3530 2977 3570 non
3033 3515 3244 3573 faciunt
3276 3514 3445 3572 verba
3472 3521 3679 3584 nostra,

2085 3595 2179 3653 sed
2198 3595 2487 3655 desideria.
2513 3599 2797 3656 Eternam
2819 3603 3023 3659 etenim
3056 3604 3229 3660 vitam
3250 3604 3295 3660 si
3317 3621 3408 3661 ore
3419 3605 3678 3678 petimus,

2084 3701 2185 3742 nec
2213 3693 2399 3744 tamen
2429 3687 2592 3744 corde
2627 3688 3020 3759 desideramus,
3065 3693 3364 3749 clamantes
3415 3701 3679 3750 tacemus.

2085 3772 2142 3829 Si
2171 3790 2303 3830 vero
2331 3775 2707 3832 desideramus
2735 3794 2806 3833 ex
2825 3778 3008 3846 corde,
3041 3780 3208 3835 etiam
3238 3797 3365 3836 cum
3387 3796 3480 3835 ore
3507 3781 3685 3836 conti-

2086 3862 2376 3930 cescimus,
2410 3869 2651 3919 tacentes
2678 3866 2999 3923 clamamus.
3024 3867 3169 3923 Hinc
3198 3876 3298 3936 est,
3323 3867 3470 3941 quod
3498 3869 3554 3925 in
3572 3884 3685 3926 ere-

2088 3968 2181 4008 mo
2205 3954 2441 4025 populus
2468 3953 2699 4012 vocibus
2728 3957 3040 4030 perstrepit,
3068 3965 3123 4015 et
3148 3958 3363 4031 Moyses
3391 3975 3423 4016 a
3450 3962 3684 4035 strepitu

2088 4040 2384 4099 verborum
2408 4049 2586 4113 tacet;
2622 4050 2676 4101 et
2700 4053 2884 4103 tamen
2908 4047 3077 4106 silens
3096 4064 3225 4105 aure
3240 4047 3445 4105 divinas
3465 4051 3685 4123 pietatis

374 4147 693 4207 desidem-um
716 4168 889 4208 meum
921 4131 1257 4225 Omnipotens
1283 4152 1470 4209 audiat
1497 4155 1526 4211 φ
1643 4131 1659 4135 ⁷
2089 4131 2331 4225 auditur,
2358 4150 2483 4191 cum
2505 4132 2713 4225 dicitur
2736 4153 2747 4190 :
2775 4135 2915 4225 Quid
2933 4138 3132 4194 clamas
3151 4139 3223 4194 ad
3242 4156 3320 4194 me
3341 4136 3543 4212 (Eicod.
3566 4157 3683 4211 xxv,

442 4239 541 4298 42.
576 4240 740 4298 Nemo
768 4241 879 4297 suis
1134 4241 1417 4298 innitatur.
1453 4243 1775 4311 Qumrendus
1811 4241 1957 4313 adju-

2093 4219 2235 4313 iEi)?
2254 4223 2410 4280 Intus
2438 4238 2565 4297 ergo
2591 4224 2647 4280 in
2673 4221 2949 4282 desiderio
2974 4233 3055 4283 est
3075 4227 3283 4285 clamor
3306 4236 3567 4301 secretus,
3592 4232 3687 4304 qui

381 4340 462 4389 tor
480 4340 531 4389 et
548 4335 816 4395 Mediator
838 4334 1103 4393 Christus.
1127 4364 1198 4376 —
1223 4337 1454 4392 Sanctus
1474 4310 1569 4391 vir
1594 4310 1985 4409 postquam'tot
2092 4310 2160 4366 ad
2189 4310 2457 4409 hllma‘nas
2486 4329 2643 4409 θξιτθδ
2654 4330 2784 4409 3°"
2814 4316 3086 4409 Pervenit;
3129 4324 3183 4373 et
3207 4324 3389 4409 tam?”
3434 4319 3686 4376 διιάίῒιιῐη

379 4423 659 4480 virtutum
676 4440 900 4481 suarum
916 4423 1179 4481 sublimia
1197 4431 1345 4497 gesta
1360 4401 1622 4492 narravit,
1645 4401 1821 4480 sciens
1838 4422 1983 4497 quod
2092 4401 2400 4459 conditoris
2430 4405 2627 4503 "3919f;
2654 4406 2797 4503 Hi“?
2826 4413 2907 4503 93}
2936 4405 3085 4478 (Ιηοά
3112 4410 3273 4464 Anna
3300 4407 3369 4465 ad
3397 4409 3688 4503 TP‘PPW‘“

379 4514 496 4570 suis
527 4515 740 4571 meritis
758 4514 826 4572 ad
858 4531 1075 4573 summa
1094 4516 1382 4589 pervenire
1399 4522 1653 4589 nequeat,
1673 4512 1957 4586 adjutoreu

2094 4505 2344 4590 pergens,
2375 4508 2469 4548 ore
2497 4492 2720 4565 quidem
2751 4495 2942 4567 tacuit,
2972 4502 3027 4551 et
3051 4502 3234 4553 tamen
3258 4504 3337 4554 tot
3366 4498 3450 4554 sui
3481 4497 3689 4556 deside-

380 4602 600 4675 quzerit.
620 4604 692 4660 Et
711 4621 871 4677 quem
889 4604 1154 4661 nimirum
1171 4603 1280 4661 nisi
1297 4602 1643 4676 unigenitum
1659 4603 1761 4660 Dei
1778 4602 1957 4658 Filiun

2089 4582 2163 4677 :ii
2194 4596 2353 4677 voces
2383 4582 2567 4677 emisit
2624 4582 2681 4656 (Ι
2704 4587 2826 4658 Reg.
2862 4602 2901 4655 ι,
2934 4585 3045 4659 13).
3092 4586 3235 4645 Hinc
3278 4586 3336 4643 in
3387 4588 3690 4661 Evangelio

382 4670 807 4766 gommplatglr,
840 4694 935 4767 qui
965 4693 1266 4751 humanam
1314 4670 1565 4748 nat'uram
1596 4693 1654 4748 in
1695 4691 1797 4749 hac
1826 4708 1983 4747 ωοτ,
2089 4670 2358 4767 Dominus
2388 4671 2523 4729 dicit
2552 4689 2563 4728 :
2598 4673 2755 4730 Intra
2799 4674 2855 4730 in
2901 4675 3196 4732 cubiculum
3239 4681 3407 4745 tuum,
3439 4684 3486 4732 et
3511 4678 3691 4732 clauso

384 4758 959 4839 talitatelaborantem
979 4783 1111 4840 dum
1135 4782 1374 4856 suscepit
1394 4780 1608 4854 adjuvit
1632 4782 1660 4838 ?
1681 4783 1799 4854 Ipse
1828 4781 1957 4854 quip

2089 4758 2223 4816 ostio
2252 4760 2274 4795 ‘
2307 4766 2414 4831 luo,
2444 4777 2542 4818 ora
2571 4762 2783 4819 Patrem
2808 4770 2953 4821 tuum
2977 4766 2997 4801 ⁵
3026 4764 3089 4821 in
3114 4765 3434 4830 abscondito,
3466 4768 3513 4819 et
3530 4762 3693 4820 Pater

382 4883 451 4940 pe
503 4869 720 4943 adjuvit
771 4870 1055 4929 hominem
1103 4851 1519 4940 factus'hom'o,
1558 4878 1620 4927 ιη
1671 4851 1800 4944 (lilia
1843 4851 1983 4941 bufo
2094 4852 2235 4916 tuus,
2263 4851 2355 4922 qui
2381 4852 2520 4909 videt
2546 4853 2603 4908 in
2629 4853 2954 4921 abscondito,
2985 4854 3167 4910 reddet
3216 4853 3309 4908 tibi
3363 4851 3576 4924 (Matth.
3609 4868 3690 4920 VI,

385 4957 603 5015 homini
634 4961 728 5017 via
752 4959 1019 5018 redeundi
1049 4979 1158 5019 non
1192 4961 1411 5035 patebat
1439 4960 1506 5017 ad
1538 4961 1733 5028 Deum,
1770 4959 1861 5016 via
1888 4975 1957 5015 re

2093 4947 2173 5023 6).
2207 4945 2351 5004 719
2382 4949 2578 5008 Clauso
2602 4952 2803 5025 quippe
2830 4953 2973 5008 ostio
3012 4950 3150 5023 petit
3179 4950 3237 5004 in
3260 4946 3537 5015 cubiculo,
3575 4949 3691 5020 qui,

385 5045 595 5105 deundi
624 5050 783 5109 ﬁeret
835 5068 931 5125 per
984 5051 1266 5109 hominem
1319 5054 1515 5109 Deum,
1573 5051 1755 5123 Longe
1785 5048 1985 5123 quippe
2091 5045 2308 5097 tacente
2349 5057 2461 5110 ore,
2511 5042 2568 5097 in
2617 5048 2913 5112 conspectu
2951 5055 3199 5112 supernae
3240 5036 3463 5109 pietatis
3508 5036 3694 5093 fundit

387 5139 730 5199 dismbamus
760 5158 791 5199 ει
814 5142 966 5216 justo
986 5150 1039 5200 et
1056 5143 1375 5213 immortali,
1409 5159 1510 5200 nos
1539 5142 1796 5198 mortales
1825 5145 1880 5196 et
1906 5140 1987 5195 in.
2095 5128 2349 5187 aﬁ‘ectum
2379 5131 2597 5187 mentis.
2629 5131 2701 5186 Et
2730 5147 2841 5186 vox
2870 5128 3092 5185 auditur
3114 5128 3170 5182 in
3201 5125 3543 5216 abscondito,
3568 5143 3694 5182 cum

381 5226 543 5300 justi,
576 5230 683 5288 sed
712 5215 859 5289 inter
885 5231 1251 5290 immortalem
1281 5238 1335 5291 et
1360 5229 1573 5304 justum
1607 5237 1662 5287 et
1689 5246 1789 5286 nos
1830 5245 1988 5285 mor-
2096 5234 2193 5292 per
2221 5228 2408 5278 sancta
2451 5219 2723 5278 desideria
2762 5219 2990 5281 silenter
3030 5217 3323 5274 clamatur.
3365 5215 3520 5273 Unde
3552 5224 3697 5274 recte

388 5317 525 5377 tales
554 5328 611 5378 et
642 5319 881 5395 injustas
918 5322 1168 5396 apparuit
1195 5321 1462 5382 Mediator
1486 5318 1586 5376 Dei
1615 5324 1671 5376 et
1698 5317 1989 5377 hominum
2099 5326 2314 5383 quoque
2342 5325 2438 5382 per
2465 5306 2811 5368 Psalmistam
2839 5306 3047 5365 dicitur
3078 5324 3090 5364 :
3125 5306 3462 5367 Desiderium
3482 5322 3697 5380 paupea

2177 5613 2198 5660 λ
2224 5618 2385 5682 Deest
2413 5630 2500 5680 tuo
2528 5622 2585 5680 in
2615 5617 2786 5695 plur.,
2819 5613 2875 5679 et
2905 5609 3210 5679 redundare
3242 5610 3482 5677 videtur.

2178 5699 2198 5731 ⁵
2233 5696 2425 5765 Laud.,
2466 5696 2523 5751 in
2550 5694 2820 5751 absconso.

468 5620 488 5660 ¹
519 5615 695 5684 Laud.
729 5627 785 5685 et
810 5626 935 5688 Val.
967 5620 1081 5697 CL,
1110 5635 1322 5685 exerere
1348 5622 1537 5687 noluit.

470 5697 501 5774 ξ
525 5697 762 5774 gemet,
782 5700 1108 5774 majestatem
1135 5702 1527 5774 “impotentia.

474 5765 501 5803 ³
523 5765 841 5841 Νοτιῃ.,ἀά
864 5765 1139 5831 dexteram
1165 5765 1283 5829 Dei:
