4162 6184
381 327 384 330 ’
457 319 560 380 239

1660 306 1908 369 SANCTI
1948 309 2288 368 GREGORII
2329 309 2554 368 MAGNI

3659 306 3761 364 240

456 463 580 504 rum
605 443 880 500 exaudivit
891 441 1189 505 Dominus;'
1207 437 1659 510 praeparationem
1677 437 1854 493 cordis
1869 452 2053 492 eorum
2088 443 2138 504 Α
2165 450 2328 492 carne
2356 435 2618 502 nascitur,
2669 448 2798 506 quia
2840 431 3225 488 indumentum
3273 433 3358 488 sui
3423 431 3670 504 corporis
3697 447 3763 486 ex

457 533 663 591 audivit
689 533 842 588 auris
874 537 964 586 tua
1019 529 1191 602 (Psat.
1235 545 1292 595 x,
1353 527 1468 598 17).
1527 526 1631 583 Sed
1707 526 1900 582 beatus
1953 524 2056 580 Job

354 654 363 662 -
459 642 622 698 quem
642 623 746 679 sibi
765 622 820 676 in
843 617 1188 676 exaudiendo
1207 615 1478 673 desiderio
1493 615 1800 688 adjutorem
1823 622 2053 688 quaret,

457 711 766 784 subjunctis
794 708 979 766 verbis
1009 709 1204 780 aperit,
1237 707 1428 764 dicens
1461 723 1474 763 :

841 833 1070 892 CAPUT
1093 832 1276 890 XVIII
1306 829 1445 904 [Vet.
1479 826 1658 903 XIX].

527 926 664 982 Iam.
693 953 765 966 —
789 924 864 980 Et
895 921 1088 978 librum
1115 920 1312 976 scribat
1337 919 1448 991 ipse
1475 918 1568 989 qui
1585 916 1814 986 judicat.

526 1032 616 1090 44.
651 1029 978 1100 Quwrendus
1005 1027 1226 1098 adjutor
1266 1024 1530 1091 Christus,
1557 1021 1650 1094 qui
1678 1028 1752 1077 est
1781 1019 2057 1092 legislator

454 1127 503 1179 et
521 1121 712 1192 judex.
763 1117 1057 1176 Ezechielis
1087 1115 1150 1171 de
1177 1131 1232 1170 eo
1262 1108 1588 1169 vaticinium.
1629 1141 1688 1152 -
1713 1109 1853 1178 Quia
1907 1108 2052 1165 enim

457 1210 675 1267 timenti
709 1207 890 1264 adhuc
904 1205 1114 1278 populo
1130 1203 1223 1260 lex
1247 1209 1329 1258 est
1349 1201 1668 1258 transmissa
1695 1215 1790 1272 per
1809 1214 2050 1266 servum,

455 1295 815 1370 diligentibus
859 1310 994 1350 vero
1024 1291 1156 1348 ﬁliis
1195 1291 1485 1364 Evangelii
1533 1289 1704 1362 gratia
1742 1295 1822 1344 est
1853 1286 2054 1344 collata

454 1403 550 1460 per
569 1385 888 1452 Dominum,
912 1383 1006 1456 qui
1028 1380 1095 1438 ad
1111 1381 1543 1454 redemptionem
1559 1386 1802 1435 nostram
1823 1376 2054 1432 veniens

455 1493 662 1533 novum
686 1474 845 1532 nobis
877 1481 1262 1530 testamentum
1289 1470 1556 1538 condidit,
1587 1468 1682 1525 sed
1708 1469 1774 1524 de
1803 1465 2052 1538 ejusdem

454 1583 554 1622 nos
582 1565 895 1622 testamenti
915 1561 1173 1619 mandato
1196 1561 1514 1626 discutiens,
1539 1555 1864 1630 quandoque
1885 1555 2052 1610 etiam

448 1655 623 1727 judex
643 1654 815 1720 venit,
836 1651 1203 1708 necessarium
1225 1665 1336 1704 non
1357 1654 1437 1701 est
1457 1653 1517 1700 ut
1531 1661 1628 1716 per
1646 1643 2052 1715 expositionem

451 1745 716 1800 clarescat
744 1741 873 1814 quia
909 1739 1114 1796 librum
1164 1735 1360 1794 scribit
1393 1735 1506 1808 ipse
1535 1732 1630 1807 qui
1667 1731 1901 1806 judicat.
1932 1732 2054 1804 Ipsa

2164 531 2338 580 matre
2359 524 2593 595 virgine,
2619 539 2730 578 non
2751 528 2930 577 autem
2948 537 3018 577 ex
3037 521 3388 593 corruptione
3410 520 3766 576 commistio-

2165 613 2252 669 nis
2279 611 2532 684 sumpsit,
2564 611 2810 684 profecto
2829 609 2897 666 ad
2918 627 3018 666 nos
3038 611 3269 666 vestitus
3289 610 3453 667 lineis
3483 610 3658 665 venit.
3693 609 3769 664 Et

2163 701 2609 758 atramentarium
2628 699 2906 772 scriptoris
2926 699 2997 755 ad
3015 717 3162 754 renes
3182 699 3312 770 (jus.
3337 701 3398 756 In
3418 698 3645 754 renibus
3674 713 3769 768 po-

2059 854 2068 860 ,
2164 792 2362 848 sterior
2389 790 2636 864 corporis
2667 805 2791 862 pars
2819 796 2918 846 est.
2941 791 3015 846 Et
3043 789 3173 862 quia
3194 789 3308 862 ipse
3326 789 3600 846 Dominus
3621 793 3768 859 post-

2165 901 2328 958 quam
2358 901 2459 958 pro
2488 883 2651 940 nobis
2681 881 2824 940 720
2854 891 3104 940 mortuus
3143 889 3242 949 est,
3275 888 3330 936 et
3357 880 3678 946 resurrexit,
3714 887 3768 934 et

2164 974 2407 1032 ascendit
2436 975 2494 1030 in
2523 975 2742 1043 omium,
2791 982 2925 1030 tunc
2966 974 3374 1029 Testamentum
3423 969 3640 1024 Novum
3672 983 3768 1040 per

2163 1063 2438 1134 apostolos
2495 1063 2738 1136 scripsit,
2799 1063 2887 1117 vir
2945 1062 3046 1118 iste
3105 1063 3126 1096 ι
3183 1057 3640 1116 atramentarium
3697 1056 3766 1114 ad

2162 1167 2318 1208 renes
2350 1151 2564 1208 habuit.
2599 1151 2707 1219 Qui
2727 1151 2878 1207 enim
2908 1149 3238 1222 scripturam
3268 1145 3603 1202 Testamenti
3622 1144 3766 1201 Novi

2163 1249 2449 1315 postquam
2482 1241 2736 1300 discessit
2764 1241 3037 1309 condidit,
3071 1239 3522 1298 atramentarium
3551 1240 3706 1312 quasi
3737 1255 3768 1294 a

2161 1339 2313 1404 tergo
2342 1332 2603 1404 portavit.
2638 1332 2756 1388 Hoc
2797 1347 2925 1404 ergo
2967 1330 3417 1387 atramentarium
3450 1329 3574 1384 viro
3604 1328 3766 1384 lineis

2161 1421 2363 1476 vestito
2383 1420 2656 1478 inhaerere
2673 1419 3002 1488 considerat,
3021 1419 3117 1492 qui
3137 1418 3275 1476 dicit
3295 1435 3306 1475 :
3331 1419 3406 1475 Et
3423 1418 3618 1474 librum
3637 1419 3766 1474 scri-

2162 1509 2250 1565 bat
2277 1509 2390 1580 ipse
2428 1509 2524 1580 qui
2555 1509 2788 1579 judicat.
2827 1509 2931 1566 Sed
2961 1525 3080 1578 cur,
3111 1509 3268 1566 beate
3295 1509 3416 1578 Job,
3461 1509 3529 1565 ab
3575 1525 3638 1566 eo
3669 1510 3764 1582 qui

2154 1597 2330 1671 judex
2359 1606 2460 1668 est,
2494 1598 2702 1656 librum
2735 1599 2904 1656 scribi
2947 1597 3225 1655 desideras
3254 1598 3283 1655 ‘l
3313 1598 3574 1671 Sequitur
3607 1617 3620 1654 :

2435 1705 2665 1762 CAPUT
2693 1707 2826 1764 XIX
2858 1704 2998 1780 [Vet.
3021 1707 3142 1772 XX,
3169 1707 3289 1762 Rec.
3312 1704 3489 1778 XI

451 1832 602 1888 enim
629 1795 726 1904 per
751 1795 809 1885 ξε
826 1795 1066 1886 Ϋνθτὶῐαε
1093 1825 1231 1883 dicit
1267 1844 1278 1882 :
1323 1795 1486 1882 Pater
1511 1795 1618 1880 nbn
1637 1795 1850 1894 judicat
1876 1795 2052 1892 quim-

2200 1796 2402 1904 ’νειὶῆ
2435 1795 2524 1896 36ἶ
2555 1827 2637 1904 '—
2677 1797 2740 1854 Ut
2777 1796 2836 1851 in
2881 1797 3098 1852 humero
3129 1811 3236 1852 meo
3261 1801 3468 1867 portem
3508 1795 3690 1864 illum,
3720 1801 3768 1852 et

451 1939 633 1996 quam,
662 1921 752 1978 sed
779 1937 930 1976 omne
966 1919 1233 1992 judicium
1272 1917 1415 1974 dedit
1441 1916 1584 1974 Filio
1613 1915 1801 1986 (Joan.
1839 1931 1898 1982 ν,
1931 1912 2050 1984 22).

451 2014 574 2071 Erit
603 2028 730 2084 ergo
755 2020 890 2068 tunc
915 2016 1106 2066 auctor
1125 2006 1345 2080 judicii,
1388 2007 1484 2080 qui
1513 2021 1663 2062 nunc
1690 2011 1772 2060 est
1800 2001 2056 2060 conditor

454 2100 606 2170 libri,
629 2107 693 2158 ut
717 2106 852 2157 tunc
873 2098 1158 2155 districtus
1177 2097 1362 2168 exigat
1381 2093 1528 2168 quod
1552 2093 1716 2150 modo
1733 2098 2054 2149 mansuetus

449 2188 627 2262 jubet.
660 2191 750 2248 Sic
779 2205 1016 2262 namque
1038 2187 1288 2262 quotidie
1311 2183 1682 2258 conspicimus
1709 2181 1856 2256 quod
1887 2181 2055 2253 magi-

451 2281 554 2337 stri
571 2280 757 2354 pueris
767 2280 1036 2336 elementa
1052 2277 1361 2333 litterarum
1377 2271 1724 2331 blandientes
1739 2271 2053 2344 imponunt,

450 2369 546 2427 sed
568 2369 689 2426 haec
717 2369 787 2427 ab
813 2369 894 2424 eis
921 2367 1210 2424 saevientes
1239 2365 1506 2438 exigunt;
1540 2370 1594 2420 et
1621 2379 1742 2436 quae
1765 2361 1900 2418 dant
1928 2377 2054 2417 cum

450 2459 890 2528 mansuetudine,
921 2475 1046 2516 cum
1073 2456 1297 2514 verbere
1323 2453 1632 2527 requirunt.
1664 2450 1874 2506 Blanda
1907 2466 2056 2506 nam-

451 2564 557 2624 que
589 2564 740 2605 nunc
769 2555 966 2604 sonant
993 2545 1200 2618 eloquii
1247 2543 1429 2600 divini
1460 2539 1738 2608 mandata,
1771 2537 1865 2596 sed
1893 2545 2057 2594 erunt

452 2652 648 2709 aspera
675 2637 734 2692 in
767 2635 1056 2692 exactione
1085 2630 1388 2688 sentienda.
1447 2631 1732 2686 Mansueta
1779 2625 1944 2683 modo
1977 2632 2058 2682 est

451 2725 760 2782 admonitio
790 2721 1061 2791 vocantis,
1095 2721 1189 2778 sed
1243 2727 1378 2777 tunc
1426 2718 1678 2776 districta
1715 2723 1948 2774 ventura
1977 2723 2060 2771 est

444 2812 672 2887 justitia
693 2811 922 2884 judicis,
954 2828 1018 2868 eo
1065 2809 1214 2884 quod
1237 2816 1448 2867 certum
1504 2815 1586 2864 est
1639 2807 1769 2881 quia
1796 2805 1940 2862 nihil
1968 2803 2058 2859 vel

457 2903 682 2960 minimi
714 2901 958 2958 mandati
989 2901 1010 2936 ³
1037 2901 1156 2957 sine
1191 2897 1532 2957 discussione
1579 2901 1884 2970 praetereat.
1935 2893 2057 2969 Quo

455 2993 724 3051 videlicet
754 2997 970 3048 constat
999 2989 1129 3062 quia
1158 2989 1364 3045 librum
1394 2987 1613 3060 scripsit
1642 2987 1756 3058 ipse
1791 2983 1886 3058 qui
1911 2981 2058 3055 judi-

451 3092 558 3144 cat.
593 3082 768 3152 Quem
797 3080 1011 3140 scilicet
1031 3078 1236 3135 librum
1257 3078 1398 3134 Novi
1423 3075 1778 3144 Testamenti,
1796 3073 1928 3148 quia
1943 3073 2060 3145 ipse

453 3192 550 3249 per
577 3189 634 3230 se
661 3171 895 3228 humani
924 3169 1136 3243 generis
1165 3168 1496 3239 Redemptor
1523 3167 1582 3222 in
1629 3172 1878 3220 extremo
1913 3178 2057 3218 con-

453 3267 628 3334 deret,
661 3263 800 3320 bene
828 3259 1084 3318 Ezechiel
1131 3255 1398 3331 propheta
1447 3253 1756 3320 denuntiat,
1813 3251 2003 3308 dicens
2036 3268 2048 3307 :

453 3357 588 3414 Ecce
613 3369 705 3410 sea:
746 3350 854 3407 viri
883 3348 1149 3405 veniebant
1177 3347 1238 3402 de
1264 3345 1354 3401 via
1374 3350 1548 3416 portae
1584 3339 1898 3412 superioris,
1938 3355 2056 3410 qua:

453 3444 670 3518 respicit
693 3442 764 3499 ad
798 3440 1135 3512 Aquilonem,
1165 3443 1216 3494 et
1247 3433 1659 3504 uniuscujusque
1687 3448 1780 3487 vas
1807 3429 2055 3485 interitus

455 3535 514 3590 in
532 3550 696 3590 manu
733 3531 866 3602 ejus.
908 3529 1002 3588 Vir
1029 3543 1232 3599 quoque
1251 3541 1388 3581 unus
1410 3523 1467 3578 in
1483 3521 1654 3577 medio
1677 3536 1858 3576 eorum
1887 3517 2056 3574 vesti-

460 3629 541 3678 tus
572 3621 746 3687 lineis,
784 3625 831 3674 et
855 3615 1298 3674 atramentarium
1325 3610 1601 3684 scriptoris
1647 3609 1718 3665 ad
1764 3623 1915 3663 renes
1940 3605 2056 3676 ejus

457 3711 682 3785 (Ezech.
715 3725 796 3778 Ix,
827 3708 909 3780 2).
944 3705 1090 3774 Quid
1121 3719 1358 3776 namque
1387 3699 1538 3757 aliud
1569 3700 1626 3754 in
1655 3713 1752 3754 sex
1780 3696 1918 3752 viris
1949 3710 2058 3750 ve-

459 3799 748 3858 nientibus
775 3797 884 3854 nisi
913 3813 1014 3852 sex
1041 3801 1228 3852 aetates
1253 3789 1483 3849 humani
1513 3787 1726 3862 generis
1755 3785 2058 3858 designan-

461 3897 552 3947 tur
577 3891 606 3947 ?
632 3891 653 3926 ³
679 3887 788 3957 Qui
827 3886 896 3944 de
926 3887 1017 3942 via
1059 3891 1230 3958 porta:
1261 3879 1558 3954 superioris
1588 3877 1839 3944 veniunt,
1872 3875 2004 3948 quia
2027 3889 2060 3929 a

461 3979 780 4037 conditione
811 3975 1070 4050 paradisi,
1102 3974 1248 4030 sicut
1275 3972 1344 4028 ab
1372 3971 1622 4042 ingressu
1650 3965 1864 4032 mundi,
1896 3981 1928 4020 a
1956 3980 2058 4021 su-

463 4065 773 4142 perioribus
803 4061 1246 4135 generationibus
1273 4059 1628 4116 evolvuntur.
1661 4055 1793 4122 Quae
1813 4059 1970 4126 porta
1989 4051 2058 4108 ad

463 4155 797 4228 Aquilonem
827 4153 1068 4226 respicit,
1100 4151 1230 4224 quia
1258 4149 1515 4206 videlicet
1536 4163 1688 4202 mens
1707 4144 1935 4201 humani
1958 4159 2059 4216 ge-

465 4244 614 4301 neris
644 4243 801 4314 vjtiis
830 4249 1036 4315 aperta,
1068 4239 1180 4295 nisi
1210 4239 1445 4294 calorem
1491 4233 1777 4292 oharitatis
1805 4231 2060 4288 deserens

467 4343 742 4406 torporem
763 4331 964 4388 mentis
985 4335 1278 4402 appeteret,
1301 4326 1370 4382 ad
1390 4325 1534 4382 hanc
1554 4321 1904 4380 mortalitatis
1924 4321 2062 4376 lati-

467 4422 719 4481 tudinem
739 4437 849 4476 non
870 4420 1091 4476 exisset.
1111 4419 1186 4472 Et
1203 4416 1616 4486 uniuscujusque
1632 4431 1726 4470 vas
1745 4410 1987 4469 interitus
2005 4409 2062 4464 in

2163 1885 2476 1942 circumdem
2502 1884 2660 1942 illum
2686 1885 2843 1957 quasi
2869 1903 3119 1943 coronam
3143 1885 3294 1942 mihi.

2233 1975 2322 2032 45.
2357 1975 2636 2048 Scriptura
2665 1993 2822 2032 sacra
2848 1977 3064 2033 humero
3088 1975 3359 2050 portanda
3381 1993 3482 2049 per
3509 1975 3771 2050 operatio-

2161 2082 2296 2136 nem,
2327 2073 2387 2122 ut
2413 2067 2550 2122 sicut
2566 2083 2762 2122 corona
2777 2065 3130 2123 circumdetur
3151 2083 3252 2138 per
3268 2067 3764 2123 remunerationem.

2162 2187 2232 2198 —
2259 2156 2491 2213 Librum
2513 2156 2714 2229 quippe
2734 2153 2792 2210 in
2813 2155 3046 2212 humero
3066 2160 3303 2228 portare,
3322 2161 3405 2212 est
3425 2155 3765 2228 Scripturam
3833 2153 3843 2161 ’

2163 2262 2370 2303 sacram
2401 2245 2678 2320 operando
2706 2246 2984 2319 perﬁcere.
3017 2246 3090 2302 Et
3117 2245 3423 2302 notandum
3454 2262 3619 2320 quam
3669 2262 3770 2301 or-

2165 2333 2352 2390 dinate
2380 2333 2732 2403 describitur,
2766 2343 2820 2390 et
2849 2334 3002 2407 prius
3031 2334 3088 2390 in
3137 2333 3369 2392 humero
3398 2336 3420 2370 ³
3455 2333 3682 2407 portari,
3715 2341 3769 2389 et

2166 2421 2519 2493 postmodum
2551 2422 2694 2480 sicut
2721 2439 2926 2480 corona
2965 2422 3317 2491 circumdari,
3351 2423 3480 2496 quia
3510 2419 3770 2478 videlicet

2167 2510 2308 2566 sacri
2356 2511 2562 2584 eloquii
2612 2511 2889 2581 mandata,
2930 2513 2976 2567 si
3008 2511 3171 2568 modo
3217 2510 3356 2567 bene
3395 2517 3686 2584 portantur
3711 2511 3767 2566 in

2169 2617 2350 2674 opere,
2383 2609 2510 2674 post
2537 2602 2698 2660 nobis
2727 2619 2984 2660 coronam
3015 2601 3260 2658 victoria:
3290 2601 3557 2659 exhibent
3586 2603 3642 2658 in
3673 2617 3768 2657 re-

2169 2691 2500 2748 tributione.
2553 2693 2757 2748 Beatus
2807 2697 2992 2747 autem
3046 2689 3148 2746 Job
3177 2686 3286 2746 cur'
3305 2690 3475 2748 scribi
3504 2689 3706 2746 librum
3737 2705 3768 2744 a

2161 2778 2351 2851 judice
2382 2780 2640 2852 postulat,
2684 2779 2780 2851 qui
2821 2779 2890 2834 ad
2932 2779 3264 2834 Testamenti
3306 2778 3448 2834 Novi
3479 2777 3766 2850 pervenire

2166 2879 2414 2944 tempora
2444 2887 2555 2926 non
2603 2869 2822 2926 valebat
2847 2870 2876 2927 ‘l
2905 2869 3010 2926 Sed
3042 2869 3185 2926 sicut
3229 2884 3370 2940 saepe
3403 2867 3519 2939 jam
3548 2868 3762 2927 dictum

2167 2969 2266 3028 est,
2299 2961 2598 3018 electorum
2629 2958 2860 3016 vocibus
2879 2958 3074 3027 utitur,
3097 2965 3258 3030 atque
3278 2973 3349 3012 ex
3373 2971 3562 3013 eorum
3593 2958 3764 3030 signi-

2166 3049 2424 3107 ﬁcatione
2455 3049 2714 3122 postulat,
2756 3047 2901 3121 quod
2945 3047 3298 3120 profuturum
3345 3045 3426 3102 eis
3453 3061 3548 3118 per
3575 3046 3764 3103 omnia

2087 3166 2130 3227 ο
2168 3138 2674 3227 ριάθνὶᾶθῇειῑηιρεθ
2694 3152 2927 3227 namque
2956 3152 3053 3209 per
3071 3135 3350 3208 spiritum,
3374 3133 3524 3190 hunc
3543 3133 3689 3207 apud
3709 3151 3766 3192 se

2165 3227 2372 3284 librum
2399 3226 2727 3299 jamdudum
2758 3224 3000 3294 tenebat,
3035 3239 3198 3298 quem
3242 3239 3340 3297 per
3367 3224 3596 3297 gratiam
3626 3224 3769 3297 aspi-

2164 3319 2401 3375 rationis
2430 3325 2711 3390 acceperat
2741 3323 2796 3373 et
2826 3315 3068 3372 vivendo
3111 3331 3437 3388 cognoscere
3476 3322 3531 3372 et
3559 3314 3771 3388 praevi-

2164 3406 2346 3464 dendo
2376 3408 2652 3464 nuntiare.

2236 3497 2344 3554 Sed
2391 3498 2540 3553 inter
2585 3497 2705 3554 haec
2746 3494 3031 3552 sciendum
3073 3499 3158 3550 est
3193 3493 3323 3567 quia
3351 3509 3477 3552 cum
3523 3489 3766 3564 ejusdem

2165 3587 2307 3644 sacri
2337 3587 2544 3660 eloquii
2579 3592 2847 3660 praecepta
2885 3584 3213 3660 cogitamus,
3244 3599 3480 3657 cumque
3526 3589 3766 3638 mentem

2165 3699 2198 3739 a
2221 3685 2350 3740 vitae
2374 3683 2756 3758 corruptibilis
2782 3697 2968 3740 amore
2991 3679 3339 3750 divertimus,
3369 3679 3524 3752 quasi
3545 3679 3768 3752 quibus-

2165 3772 2292 3830 dam
2323 3774 2505 3831 cordis
2536 3774 2786 3847 passibus
2814 3772 2884 3829 ad
2905 3771 3171 3828 interiora
3194 3782 3564 3842 properamus.
3596 3768 3770 3824 Nemo

2166 3870 2351 3918 autem
2384 3862 2575 3918 inﬁma
2604 3862 2880 3928 deserens,
2915 3866 3136 3930 repente
3153 3856 3218 3912 ﬁt
3243 3871 3510 3924 summus,
3541 3855 3674 3926 quia
3701 3854 3771 3910 ad

2167 3953 2531 4011 obtinendum
2590 3950 2947 4024 perfectionis
3003 3948 3284 4014 meritum,
3331 3945 3464 4001 dum
3523 3943 3807 4017 quotidie,

2167 4059 2322 4100 mens
2352 4043 2411 4098 in
2439 4043 2614 4098 altum
2641 4039 2885 4108 ducitur,
2917 4037 2987 4094 ad
3033 4037 3139 4094 hoc
3185 4034 3374 4107 procul
3417 4032 3590 4089 dubio
3619 4033 3774 4088 velut

2169 4135 2192 4170 ⁶
2212 4131 2544 4190 ascensionis
2575 4127 2905 4203 quibusdam
2939 4125 3198 4200 gradibus
3241 4122 3582 4196 pervenitur.
3617 4120 3774 4179 Unde

2169 4221 2262 4280 hic
2293 4237 2507 4297 quoque
2538 4226 2661 4294 apte
2690 4215 3047 4290 subjungitur
3081 4233 3093 4272 :

2774 4305 3003 4364 CAPUT
3033 4304 3162 4361 XX.

2242 4400 2414 4460 Vnus.
2437 4398 2524 4457 37.
2555 4429 2626 4441 —
2653 4397 2760 4455 Per
2775 4395 3011 4468 singulos
3027 4393 3226 4468 gradus
3253 4406 3390 4449 meos
3413 4385 3773 4464 pronuntiabo

466 4527 631 4571 manu
659 4509 792 4581 ejus,
825 4509 956 4582 quia
984 4521 1327 4580 unaquaeque
1358 4504 1636 4577 generatio
1665 4501 1900 4575 singulis
1927 4498 2064 4572 qui-
2090 4531 2138 4590 Β
2174 4491 2350 4548 illum.

470 4605 682 4675 busque
710 4598 964 4656 aetatibus
1008 4597 1248 4663 evoluta,
1279 4601 1404 4650 ante
1435 4592 1816 4666 Redemptoris
1851 4590 2066 4647 adven-

470 4701 592 4750 tum
623 4692 680 4748 in
711 4707 810 4748 sua
837 4687 1153 4763 operatione
1169 4683 1383 4752 habuit,
1406 4682 1553 4739 unde
1583 4697 1798 4754 poenam
1829 4679 2067 4734 damna—

371 4799 378 4806 ‘
473 4781 645 4840 tionis
685 4781 939 4853 sumpsit.
981 4775 1074 4836 Vir
1120 4789 1324 4844 quoque
1363 4788 1500 4827 unus
1554 4771 1612 4824 in
1663 4767 1833 4824 medio
1887 4781 2064 4821 eorum

473 4873 689 4929 vestitus
720 4851 888 4938 lineis,
922 4866 1052 4941 quia
1092 4861 1423 4932 Redemptor
1451 4864 1652 4925 noster,
1685 4854 1850 4910 etiam
1879 4851 1946 4909 de
1975 4867 2072 4907 sa-

477 4961 741 5020 cerdotali
771 4959 922 5016 tribu
946 4956 1107 5030 juxta
1135 4967 1356 5010 carnem
1386 4954 1634 5022 parentes
1663 4944 1865 5001 habere
1884 4943 2072 5015 digna-

478 5060 590 5119 tus,
623 5051 857 5107 vestitus
884 5046 1047 5105 lineis
1077 5043 1264 5099 venire
1293 5037 1634 5114 perhibetur.
1658 5033 1761 5092 Vel
1781 5040 1925 5090 certe
1946 5031 2076 5104 quia

483 5141 664 5199 linum
693 5139 760 5198 de
789 5149 952 5210 terra,
982 5153 1096 5196 non
1123 5140 1307 5193 autem
1322 5131 1466 5190 sicut
1486 5128 1613 5185 lana
1639 5125 1708 5184 de
1727 5120 2076 5196 corruptibili

562 5373 748 5458 [1)αο.
762 5373 1078 5458 sangerm.,'
1093 5367 1289 5443 Laud.,
1311 5367 1437 5433 Val.
1460 5363 1570 5440 CL,
1593 5353 1805 5434 Norm.,
1828 5371 1939 5422 vet.
1972 5353 2076 5419 Ed.

488 5448 684 5516 Paris,
714 5448 992 5503 desideria.

561 5508 884 5598 {Germnet
902 5516 1156 5598 plerique
1183 5517 1396 5598 Norm.,
1428 5513 1798 5598 indiscussum.
1832 5508 2003 5566 Laud.
2027 5515 2080 5563 et

489 5590 652 5650 Corb.
686 5590 775 5658 G.,
807 5589 864 5644 in
883 5587 1199 5658 discussione
1212 5591 1508 5658 praetereat.

559 5665 582 5700 ³
609 5656 799 5720 Norm.
831 5667 886 5716 et
914 5656 1109 5725 Laud.,
1139 5656 1258 5726 quae
1283 5659 1346 5712 de
1381 5656 1487 5712 via.

557 5737 580 5771 ⁴
611 5732 871 5802 Vindoc.,
901 5727 1343 5802 atramentarium
1367 5727 1524 5802 quasi
1549 5727 1606 5782 in
1629 5727 1860 5783 renibus.

560 5808 582 5842 ⁵
613 5808 672 5864 ln
704 5796 886 5864 Germ.
921 5808 976 5857 et
1003 5797 1166 5856 Corb.
1200 5797 1409 5862 Germ,
1438 5796 1616 5864 prima
1644 5813 1832 5866 manu,
1863 5809 2076 5854 necnon

2244 4579 2333 4636 46.
2401 4578 2550 4640 Varii
2605 4582 2726 4634 sunt
2767 4575 2970 4650 gradus
3026 4572 3100 4632 ad
3147 4568 3539 4646 perfectionem.
3593 4570 3657 4626 Ut
3705 4567 3778 4622 ad

2175 4671 2343 4729 Deum
2383 4669 2730 4744 proﬁciamus
2770 4687 2806 4725 a
2849 4666 2999 4723 nobis
3041 4663 3400 4738 deﬁciendum.
3448 4690 3518 4702 —
3563 4660 3642 4714 De
3687 4655 3778 4712 his

2178 4760 2381 4833 quippe
2410 4761 2734 4816 meritorum
2767 4754 3024 4830 gradibus
3045 4771 3140 4827 per
3165 4750 3508 4808 Psalmistam
3529 4746 3739 4803 dicitur
3763 4763 3774 4802 :

2178 4849 2539 4905 Ambulabunt
2571 4849 2633 4904 de
2660 4848 2850 4904 virtute
2873 4847 2932 4901 in
2949 4845 3194 4900 virtutem
3219 4839 3398 4912 (Psat.
3423 4852 3662 4904 Lxxxm,
3691 4834 3774 4906 8).

2180 4939 2259 4994 De
2306 4937 2394 4994 his
2427 4937 2628 4992 iterum
2677 4938 2696 4972 ⁷
2747 4942 2989 4993 sanctam
3019 4930 3324 4989 Ecclesiam
3353 4925 3775 4998 contemplatus,

2183 5029 2260 5086 ait
2292 5047 2304 5085 :
2337 5028 2478 5086 Deus
2504 5027 2562 5082 in
2587 5026 2842 5100 gradibus
2868 5024 2980 5095 ejus
3008 5019 3355 5096 dignoscitur,
3384 5018 3512 5074 dum
3537 5013 3782 5086 suscipiet

2184 5137 2298 5179 eam
2323 5119 2506 5192 (Psal.
2537 5134 2712 5188 vaII,
2744 5117 2826 5190 4).
2858 5115 3046 5190 Neque
3074 5111 3244 5181 enim,
3266 5109 3410 5169 sicut
3437 5106 3648 5167 dictum
3678 5110 3778 5170 est,

2189 5357 2247 5416 in
2275 5353 2458 5415 Editis
2487 5355 2652 5412 etiam
2673 5347 3080 5423 antiquioribus
3103 5348 3348 5423 portare,
3380 5337 3781 5423 manifesto‘er-

2189 5409 2655 5498 Erili'tsxiiéq,
2679 5409 3085 5498 reluctantibus
3103 5409 3225 5476 cast.
3249 5409 3403 5484 Mss.,
3437 5414 3495 5470 in
3525 5409 3782 5468 omnibus

2188 5495 2588 5559 recentioribus
2614 5495 2764 5551 Edit.
2798 5499 3112 5566 propagato.

2260 5553 2598 5627 {iniisdem
2628 5553 2884 5638 vulgatis,
2899 5553 3233 5620 ascensionis
3262 5558 3558 5630 cujusdam.
3590 5553 3784 5614 Melius

2189 5645 2246 5702 in
2275 5643 2427 5708 Mss.,
2459 5637 2791 5710 quibusdam.

2261 5718 2279 5751 ⁷
2313 5701 2541 5783 Turon.,
2572 5715 2752 5769 sancta
2780 5707 3014 5768 Ecclesia
3035 5703 3382 5777 contemplata
3401 5701 3495 5764 ait.
