4162 6184
369 314 464 374 241

1117 307 1491 368 MORALIUM
1531 307 1668 366 LIB.
1709 306 1890 367 XXII.
1931 337 2000 352 -—
2039 307 2111 365 IN
2147 305 2376 366 CAPUT
2411 306 2602 365 XXXI
2639 309 2702 366 Β.
2742 309 2884 368 ΙΟΒ.

3556 319 3664 379 242

372 445 587 514 repente
613 436 680 494 ad
699 449 919 494 summa
939 436 1276 508 pervenitur,
1294 437 1389 494 sed
1408 436 1477 496 ad
1498 437 1770 494 virtutum
1791 435 1961 494 celsi—
1986 440 2038 501 Α
2065 452 2255 505 meam,
2275 436 2552 507 vultusque
2583 452 2728 492 meus
2753 436 2982 494 haerebat
3007 446 3179 501 terra.
3213 445 3290 504 Et
3333 460 3440 503 ecce
3471 462 3666 506 manus

375 530 612 588 tudinem
643 543 740 600 per
767 526 1113 584 incrementa
1131 543 1286 584 mens
1305 527 1544 585 ducitur.
1563 527 1706 584 Hinc
1724 543 1958 600 namque

375 630 448 678 est
489 617 635 692 quod
683 616 956 688 Propheta
999 615 1144 672 idem
1174 616 1372 673 iterum
1405 616 1542 674 dicit
1573 635 1586 674 :
1617 617 1959 673 Exercitatus

369 729 494 777 sum,
521 716 572 766 et
596 708 784 780 defecit
819 707 1103 780 paulisper
1129 707 1352 778 spiritus
1378 724 1522 762 mm
1554 708 1727 779 (Psal.
1761 722 1953 774 Lxxvr,

366 803 439 875 4).
487 798 635 869 Quid
679 806 761 854 est
802 797 1006 870 itaque,
1040 796 1188 870 quod
1227 797 1306 853 ait
1337 815 1349 852 :
1384 797 1617 868 Spiritus
1652 813 1818 864 meus,
1848 797 1955 856 nisi

364 889 586 964 spiritus
605 887 872 956 hominis,
896 887 1157 944 videlicet
1177 886 1404 959 spiritus
1423 887 1678 944 elationis
1690 887 1718 944 ‘2
1735 889 1809 944 Et
1828 887 1958 960 quia

363 997 450 1054 per
495 980 774 1038 occultam
822 977 1052 1051 gratiam
1101 977 1171 1034 ad
1215 993 1459 1034 amorem
1512 977 1610 1034 Dei
1663 984 1958 1050 temperata

362 1071 592 1144 desuper
617 1085 876 1126 mensura
903 1067 1244 1140 proﬁcimus,
1267 1075 1472 1142 quanto
1501 1067 1560 1124 in
1591 1067 1750 1125 nobis
1778 1069 1956 1141 quoti-

361 1159 444 1218 die
469 1159 545 1218 de
571 1159 671 1217 Dei
700 1159 902 1233 spiritu
921 1158 1102 1216 virtus
1117 1159 1331 1227 crescit,
1353 1165 1507 1215 tanto
1527 1166 1712 1215 noster
1730 1157 1957 1230 spiritus

361 1249 564 1308 deﬁcit.
597 1249 702 1318 Qui
732 1248 961 1322 spiritus
985 1249 1206 1318 erroris,
1230 1247 1360 1322 quia
1387 1265 1497 1305 non
1526 1265 1558 1305 a
1586 1247 1747 1304 nobis
1774 1248 1956 1305 subito

358 1340 578 1415 penitus
595 1348 932 1414 amputatur,
954 1339 1093 1397 bene
1113 1339 1390 1412 paulisper
1409 1339 1672 1397 defecisse
1693 1339 1958 1411 perhibe-

361 1439 460 1489 tur.
488 1433 648 1489 Tunc
667 1447 800 1488 vero
819 1430 879 1487 in
899 1432 1013 1488 Deo
1034 1432 1192 1503 plene
1213 1431 1552 1504 proﬁcimus,
1577 1447 1705 1488 cum
1735 1445 1767 1485 a
1797 1429 1957 1485 nobis

357 1521 490 1594 ipsis
540 1520 794 1578 funditus
840 1519 1222 1579 defecerimus.
1257 1522 1351 1578 Has
1381 1521 1566 1594 itaque
1595 1520 1956 1578 crescentium

360 1628 630 1669 mensurae
651 1611 948 1679 virtutum,
971 1612 1146 1668 sancti
1168 1611 1278 1668 viri
1298 1611 1530 1670 vocibus
1548 1610 1746 1684 gradus
1765 1610 1956 1668 dicun-

358 1710 464 1758 tur.
505 1702 732 1760 Electus
777 1700 982 1758 etenim
1025 1699 1256 1774 quisque
1285 1717 1317 1757 a
1345 1701 1644 1758 rudimenti
1691 1699 1775 1756 sui
1805 1700 1957 1772 prius

2071 527 2236 598 tetigit
2261 543 2360 591 me,
2381 531 2430 580 et
2455 525 2624 581 erexit
2649 543 2730 581 me
2755 544 2914 599 super
2938 545 3108 599 genua
3137 550 3268 602 mea,
3291 542 3340 590 et
3355 553 3516 608 super
3531 539 3664 594 ανιί.

2067 619 2213 673 culos
2231 634 2484 673 manuum
2511 633 2768 685 mearum,
2789 624 2838 673 et
2855 618 2997 675 dixit
3011 621 3084 675 ad
3109 638 3190 676 me
3213 641 3223 678 :
3247 624 3442 681 Daniel
3467 628 3554 683 vir
3579 613 3666 684 de-

2067 707 2412 773 sideriorum,
2459 706 2698 778 intellige.
2726 708 2882 764 verba
2921 724 3039 779 quis
3077 727 3166 782 ego
3196 712 3388 782 loquor
3423 716 3496 769 ad
3522 723 3588 782 te,
3617 724 3668 773 et

2067 805 2149 853 sta
2177 798 2234 852 in
2250 798 2426 870 gradu
2446 803 2564 864 tuo;
2597 814 2734 876 nunc
2752 798 2890 853 enim
2907 799 3098 856 missus
3116 817 3234 856 sum
3249 803 3323 858 ad
3342 809 3404 858 te.
3433 803 3669 876 Cumque

2067 889 2287 944 dixisset
2312 889 2442 944 mihi
2469 875 2758 944 sermonem
2786 889 2965 956 istum,
2995 892 3112 947 steti
3142 897 3387 960 tremens,
3415 897 3464 948 et
3488 875 3668 951 aitiad

2068 996 2148 1034 nae
2169 997 2185 1034 :
2207 979 2334 1037 Noli
2348 983 2570 1034 metuere
2587 979 2750 1049 (Dan.
2769 995 2826 1048 χ,
2845 980 3018 1054 9-12).
3039 981 3212 1050 Quam
3230 981 3490 1041 videlicet
3507 984 3666 1056 posi-

2069 1067 2276 1122 tionem
2298 1067 2384 1122 sui
2403 1068 2668 1140 corporis,
2691 1068 2824 1124 dum
2845 1070 3013 1126 verba
3033 1071 3368 1129 intrinsecus
3388 1073 3666 1146 loquentis

2069 1155 2302 1224 audiret,
2334 1173 2678 1229 nequaquam
2709 1157 2867 1215 nobis
2896 1167 3049 1218 tanta
3077 1179 3208 1219 cura
3234 1163 3586 1235 exprimeret,
3618 1165 3666 1220 si

2069 1261 2100 1301 a
2143 1245 2423 1317 mysteriis
2470 1262 2660 1302 vacare
2708 1249 3074 1320 cognovisset.
3108 1253 3168 1308 In
3207 1253 3489 1324 Scriptura
3516 1253 3666 1310 enim

2069 1349 2221 1390 sacra
2243 1331 2378 1404 justi
2411 1333 2517 1388 viri
2540 1351 2652 1390 non
2672 1337 2850 1392 solum
2873 1339 3020 1410 quod
3041 1339 3236 1396 dicunt
3255 1341 3544 1414 prophetia
3561 1351 3664 1412 est,

2068 1423 2163 1480 sed
2193 1423 2358 1478 etiam
2389 1423 2712 1497 plerumque
2731 1426 2879 1499 quod
2909 1436 3098 1500 agunt.
3121 1431 3226 1487 Vir
3245 1431 3428 1504 itaque
3448 1439 3668 1490 sanctus

2071 1511 2305 1568 internis
2325 1513 2605 1584 mysteriis
2625 1514 2749 1586 plen
2758 1533 2820 1572 ns
2839 1533 2936 1588 per
2954 1518 3284 1590 positionem
3307 1535 3523 1593 quoque
3551 1537 3669 1578 cor-

2071 1604 2222 1677 poris
2251 1602 2517 1674 exprimit
2545 1595 2810 1662 virtutem
2839 1607 3010 1677 vocis,
3042 1616 3098 1665 et
3125 1627 3220 1682 per
3249 1609 3355 1668 hoc
3383 1611 3532 1683 quod
3561 1613 3668 1684 pri-

2069 1709 2223 1748 mum
2268 1693 2326 1748 in
2376 1700 2524 1748 terra
2567 1701 2870 1765 prostratus
2907 1695 3102 1768 jacuit,
3135 1715 3230 1770 per
3274 1700 3382 1758 hoc
3423 1700 3572 1772 quod
3613 1718 3671 1758 se

359 1789 734 1848 teneritudine
754 1790 996 1859 inchoat,
1019 1789 1089 1847 ad
1107 1789 1330 1847 robusta
1349 1789 1700 1862 postmodum
1719 1795 1774 1846 et
1793 1788 1960 1846 fortia
1993 1801 2040 1861 Β
2069 1788 2422 1862 postmodum
2441 1789 2497 1843 in
2516 1805 2779 1845 manuum
2796 1807 3018 1848 suarum
3035 1793 3282 1851 articulis
3297 1802 3351 1852 et
3367 1795 3424 1850 in
3441 1793 3671 1868 genibus

359 1879 722 1937 convalescit.
754 1879 910 1949 Quod
951 1888 1136 1953 aperte
1177 1880 1236 1936 in
1276 1880 1578 1952 Evangelia
1619 1879 1962 1937 demonstrat

363 1976 606 2045 Veritas,
637 1977 821 2035 dicens
853 1996 865 2036 :
903 1980 990 2037 Sic
1033 1975 1171 2034 721
1218 1984 1294 2034 est
1319 1994 1536 2050 regnum
1563 1977 1686 2044 Dei,
1714 1977 1960 2048 quemad-

360 2065 576 2121 modum
603 2066 652 2121 si
665 2065 836 2136 jaeiat
862 2069 1015 2125 homo
1033 2074 1304 2126 sementem
1321 2068 1377 2123 in
1407 2075 1627 2133 terram,
1645 2066 1959 2131 etdormiat,

354 2161 402 2210 et
427 2164 684 2228 exsurgat
726 2165 871 2214 nocte
896 2175 959 2214 ac
1004 2158 1108 2223 die,
1139 2163 1188 2214 et
1213 2175 1384 2214 semen
1407 2157 1680 2229 geminet,
1707 2163 1756 2212 et
1783 2156 1964 2212 incre-

354 2251 488 2312 smt,
523 2247 650 2302 dum
689 2249 850 2304 nescit
878 2249 972 2306 ille
1007 2247 1200 2320 (Marc.
1233 2265 1312 2316 ιν,
1343 2247 1460 2320 26).
1496 2245 1667 2318 Cujus
1695 2245 1962 2303 nimirum

355 2335 594 2392 seminis
609 2336 952 2395 incrementa
969 2337 1319 2405 denuntians,
1343 2336 1595 2409 adjungit
1618 2353 1630 2391 :
1655 2338 1805 2395 Ultro
1825 2335 1964 2392 enim

356 2428 508 2478 terra
549 2421 862 2495 fructiﬁcat,
895 2417 1138 2496 primum
1183 2425 1419 2491 herbam,
1463 2425 1648 2480 deinde
1680 2427 1696 2460 ¹
1741 2424 1962 2495 spicam,

353 2511 549 2568 deinde
582 2513 802 2583 plenum
838 2514 1163 2583 frumentum
1208 2515 1268 2568 in
1293 2515 1459 2584 spica.
1494 2513 1664 2585 Cujus
1690 2514 1965 2585 profectus

351 2615 588 2672 quoque
635 2601 802 2656 etiam
839 2601 1008 2658 ﬁnem
1038 2602 1314 2674 subrogat,
1347 2601 1537 2658 dicens
1569 2619 1580 2656 :
1609 2603 1683 2657 Et
1709 2603 1733 2640 ²
1761 2619 1874 2657 eum
1900 2619 1965 2658 ea:

352 2705 412 2744 se
443 2689 778 2759 produxerit
803 2688 1033 2759 fructus,
1063 2691 1241 2747 statim
1281 2691 1442 2747 mittit
1476 2690 1685 2760 falcem,
1715 2693 1964 2762 quoniam

349 2777 504 2832 emit
535 2783 740 2848 tempus
754 2779 949 2835 messis.
972 2779 1114 2836 Ecce
1135 2779 1398 2836 Veritatis
1418 2795 1548 2837 voce
1564 2796 1658 2852 per
1673 2781 1963 2853 qualitates

353 2865 588 2936 frugum
638 2864 897 2923 distincta
941 2875 1071 2923 sunt
1113 2867 1452 2925 incrementa
1492 2867 1838 2925 meritorum.
1866 2870 1964 2927 Ait

355 2953 508 3010 enim
533 2970 544 3008 :
568 2953 814 3010 Primum
832 2957 1066 3025 herbam,
1097 2958 1281 3014 deinde
1305 2959 1526 3029 spicam,
1543 2958 1727 3014 deinde
1749 2961 1964 3030 plenum

357 3042 696 3112 frumentum
722 3042 780 3097 in
806 3044 971 3114 spica.
993 3045 1081 3100 An
1107 3061 1220 3101 non
1240 3045 1409 3103 herba
1437 3047 1618 3104 adhuc
1639 3055 1774 3104 tunc
1787 3047 1965 3106 fuerat

2073 1880 2272 1948 erexit,
2304 1895 2401 1950 per
2447 1877 2552 1936 hoc
2581 1881 2727 1952 quod
2765 1881 2835 1938 ad
2862 1889 3170 1939 extremum
3200 1893 3414 1942 erectus
3443 1884 3670 1957 quidem

2073 1969 2166 2024 sed
2214 1976 2452 2036 tremens
2492 1969 2760 2038 constitit,
2807 1970 2864 2026 in
2911 1973 3204 2044 semetipso
3252 1973 3411 2030 nobis
3449 1990 3671 2031 omnem

2073 2059 2325 2114 ordinem
2356 2057 2529 2114 nostri
2559 2059 2836 2131 profectus
2866 2060 3176 2119 innotescit.
3200 2062 3383 2120 Verba
3399 2063 3548 2120 enim
3569 2064 3671 2122 Dei

2075 2149 2133 2204 in
2181 2156 2326 2204 terra
2367 2147 2611 2219 jacentes
2651 2151 2926 2220 audimus,
2959 2169 3084 2208 cum
3126 2153 3184 2208 in
3213 2155 3452 2226 peccatis
3481 2155 3668 2227 positi,

2076 2242 2098 2276 ⁸
2128 2246 2359 2295 terrena:
2389 2239 2684 2310 pollutioni
2713 2239 3017 2313 conjuncti,
3049 2250 3366 2300 sanctorum
3399 2261 3533 2302 voce
3561 2245 3670 2315 spi-

2074 2327 2259 2383 ritalia
2304 2335 2572 2400 praecepta
2617 2331 3016 2401 cognoscimus.
3051 2332 3070 2366 ⁷
3103 2330 3191 2388 Ad
3237 2347 3358 2403 quae
3403 2338 3674 2404 praerepta

2075 2424 2230 2497 quasi
2261 2441 2425 2497 super
2453 2441 2628 2497 genua
2655 2433 2709 2482 et
2727 2443 2890 2499 super
2908 2423 3053 2481 722
3075 2443 3339 2484 manuum
3360 2435 3671 2484 nostrarum

2074 2513 2337 2570 articulos
2379 2514 2662 2586 erigimur,
2695 2516 2826 2588 quia
2870 2533 2902 2571 a
2941 2517 3174 2574 terrenis
3219 2517 3486 2591 contagiis
3514 2533 3672 2574 rece-

2074 2606 2284 2673 dentes,
2346 2606 2502 2678 quasi
2553 2604 2668 2677 jam
2717 2605 2784 2662 ab
2831 2606 3038 2664 inﬁmis
3069 2608 3090 2642 ⁸
3120 2616 3360 2666 mentem
3403 2608 3668 2664 levamus.

2074 2695 2229 2752 Sicut
2256 2695 2404 2751 enim
2435 2703 2583 2752 totus
2611 2704 2770 2753 terrae
2801 2696 3032 2757 inhaeret
3060 2699 3156 2772 qui
3183 2705 3562 2756 consternatus
3585 2696 3673 2769 ja-

2073 2791 2178 2850 cet,
2213 2783 2290 2839 ita
2318 2785 2412 2857 qui
2443 2785 2500 2840 in
2533 2785 2760 2856 genibus
2790 2794 2843 2841 et
2873 2802 3137 2842 manuum
3167 2803 3392 2843 suarum
3423 2786 3674 2844 articulis

2076 2873 2418 2941 incurvatur,
2451 2873 2746 2930 inchoante
2773 2875 3024 2946 profectu
3055 2893 3124 2930 ex
3155 2889 3351 2948 magna
3375 2875 3492 2946 jam
3521 2881 3674 2946 parte

2074 2976 2106 3015 a
2134 2969 2279 3016 terra
2308 2961 2678 3034 suspenditur.
2713 2963 2798 3018 Ad
2828 2972 3138 3020 extremum
3167 2979 3298 3020 vero
3328 2979 3462 3022 voce
3489 2962 3674 3019 domi-

2074 3049 2201 3106 nica
2242 3049 2406 3105 erecti
2437 3049 2680 3121 quidem,
2712 3050 2806 3106 sed
2838 3058 3134 3107 trementes
3163 3051 3489 3120 assistimus,
3521 3067 3670 3119 cum,

361 3132 558 3188 Petrus
577 3147 704 3188 cum
725 3131 794 3187 ab
813 3133 1028 3189 ancillae
1044 3150 1137 3190 ore
1152 3134 1336 3193 subito
1355 3136 1522 3193 unius
1539 3135 1675 3192 ﬂatu
1693 3137 1964 3194 sermonis
1991 3157 2035 3218 ο
2076 3156 2109 3196 a
2156 3138 2386 3195 terrenis
2433 3138 2721 3196 desideriis
2766 3139 3004 3212 perfecte
3037 3140 3328 3212 sublevati,
3366 3141 3533 3199 verba
3573 3141 3675 3200 Dei

363 3222 607 3280 inﬂexus
637 3234 737 3294 est,
754 3223 870 3297 jam
901 3225 1122 3298 quidem
1149 3243 1246 3300 per
1264 3226 1615 3284 devotionem
1633 3225 1850 3294 viridis,
1869 3227 1963 3283 sed

361 3313 550 3372 adhuc
578 3333 674 3388 per
701 3316 1080 3373 inﬁrmitatem
1109 3324 1280 3374 tener.
1303 3317 1536 3373 Plenum
1567 3332 1698 3372 vero
1719 3317 1963 3374 frumen-

363 3410 480 3460 tum
531 3403 590 3460 in
636 3405 786 3478 spica
829 3405 1090 3462 inventus
1130 3415 1212 3464 est
1252 3406 1471 3480 quando
1511 3405 1964 3479 persequentibus

366 3493 712 3566 principibus
741 3495 1045 3564 resistebat,
1078 3497 1296 3554 dicens:
1319 3497 1539 3554 Obedi-re
1566 3503 1770 3567 oportet
1799 3498 1964 3568 inagis

365 3583 476 3639 Deo
499 3599 664 3652 quam
689 3585 983 3641 hominibus
1015 3584 1156 3657 (Act.
1180 3602 1236 3654 v,
1268 3585 1383 3658 29).
1417 3585 1646 3640 Plenum
1677 3601 1808 3640 vero
1838 3585 1966 3641 fru—

373 3679 632 3726 mentum
658 3675 679 3707 ³
711 3674 766 3729 in
793 3675 941 3746 spica
965 3675 1227 3732 inventus
1255 3683 1356 3743 est,
1379 3674 1599 3748 quando
1626 3676 1647 3709 ⁴
1677 3674 1736 3730 in
1767 3673 1966 3730 tritura

373 3757 768 3829 persecutionis
795 3767 874 3816 tot
914 3761 1143 3820 verbera
1169 3760 1415 3833 pertulit,
1445 3767 1498 3814 et
1526 3767 1709 3815 tamen
1750 3775 1967 3833 nequa-

369 3861 539 3920 quam
585 3847 861 3927 palearum
901 3866 1056 3906 more
1098 3847 1429 3905 imminutus
1457 3855 1558 3917 est,
1601 3847 1696 3904 sed
1736 3864 1966 3920 granum

369 3935 645 4009 integrum
694 3939 914 3996 mansit.
951 3940 1233 4013 Paulisper
1276 3939 1476 4014 quippe
1531 3939 1589 3995 in
1641 3955 1968 4012 unaquaque

375 4026 579 4094 anima,
612 4034 675 4082 ut
702 4027 781 4083 ita
808 4028 1009 4098 dicam,
1041 4028 1270 4085 internae
1300 4029 1485 4100 gratiae
1519 4028 1720 4084 humor
1748 4028 1967 4085 exube—

371 4124 472 4184 rat,
506 4125 569 4172 ut
597 4117 770 4174 herba
799 4118 857 4174 in
888 4118 1099 4191 frugem
1119 4125 1343 4175 crescat.
1373 4119 1545 4175 Nemo
1574 4134 1702 4190 ergo
1731 4119 1965 4191 quemli-

375 4205 464 4262 bet
491 4208 831 4279 proximum,
855 4225 980 4266 cum
1000 4209 1184 4265 adhuc
1204 4207 1428 4264 herbam
1451 4207 1620 4274 videt,
1639 4206 1707 4262 de
1724 4206 1996 4263 ﬁumen--

379 4301 432 4349 to
473 4295 742 4368 desperet.
780 4297 869 4354 Ad
916 4297 1208 4354 herbarum
1257 4297 1456 4370 quippe
1493 4295 1660 4364 foliis,
1693 4311 1814 4367 quae
1859 4295 1968 4352 huc

375 4381 617 4457 illucque
656 4385 900 4443 molliter
937 4385 1207 4454 deﬂuunt,
1239 4383 1514 4456 surgentia
1539 4384 1762 4455 frugum
1803 4399 1970 4455 grana

376 4473 700 4531 solidantur.
1075 4484 1088 4492 “
1650 4531 1652 4534 .

449 4559 474 4635 [
487 4562 590 4620 Vet.
626 4564 757 4620 XXI
760 4563 800 4638 .]
821 4565 911 4622 47.
937 4565 1146 4622 Diversi
1167 4563 1501 4635 profectuum
1517 4563 1720 4634 gradus
1739 4579 1837 4634 per
1863 4565 1965 4617 Das

383 4653 564 4708 nielem
593 4657 846 4726 expressi.
875 4685 948 4698 -—
975 4655 1122 4711 Bene
1151 4661 1332 4710 autem
1362 4651 1552 4708 Daniel
1584 4650 1868 4722 propheta,
1899 4653 1972 4706 lo-

387 4751 580 4814 quente
627 4745 697 4800 ad
741 4761 798 4800 se
835 4743 1092 4812 Domino,
1137 4743 1272 4800 dum
1315 4740 1642 4814 positionem
1686 4739 1846 4796 nobis
1887 4740 1974 4796 sui

381 4833 624 4904 corporis
665 4833 948 4889 insinuare
993 4831 1225 4900 studuit,
1256 4830 1374 4887 haec
1419 4829 1740 4886 meritorum
1787 4829 1975 4884 incre-

380 4928 560 4977 menta
594 4921 854 4995 signavit.
897 4919 994 4976 Ait
1031 4919 1176 4976 enim
1213 4937 1224 4976 :
1257 4918 1457 4975 Audivi
1485 4936 1657 4974 vorem
1697 4917 1976 4973 uerbo-rum

381 5012 400 5045 ⁵
443 5010 577 5082 ejus,
608 5019 657 5068 et
703 5013 923 5068 audiens
943 5011 1179 5082 jaceba-m
1210 5015 1569 5066 consternatus
1597 5025 1757 5081 super
1786 5007 1977 5079 faciem

451 5215 466 5248 ¹
500 5214 615 5280 ΑΙ.,
646 5214 842 5280 spicas,
867 5211 961 5270 hic
989 5219 1042 5268 et
1067 5211 1232 5267 infra.

449 5283 471 5318 ²
499 5279 624 5367 ‘Val.
659 5279 768 5367 ςιλ,
800 5279 1046 5367 plerique
1088 5284 1280 5340 Norm.
1322 5289 1375 5336 et
1422 5279 1727 5352 Sangerm.,
1761 5297 1878 5337 eum
1923 5296 1976 5334 se

376 5356 697 5425 produxerit
713 5355 975 5426 fructus.‘
1068 5413 1081 5421 _

451 5427 473 5460 ³
501 5428 622 5484 Non
652 5428 854 5498 legitur
882 5427 938 5482 in
971 5427 1116 5498 spica
1145 5426 1204 5481 in
1234 5423 1375 5482 Utic.
1409 5430 1464 5478 et
1492 5423 1636 5494 plur.

451 5499 471 5532 ‘
505 5499 628 5554 Val.
661 5499 770 5567 CL,
800 5500 858 5554 in
888 5505 1114 5553 tortum.

451 5571 472 5603 ⁵
504 5571 666 5640 Deest
692 5569 806 5640 ejus
837 5569 896 5626 in
921 5569 1088 5634 Utic.,
1125 5568 1308 5640 Becc.,
1349 5569 1496 5640 Prat.
1525 5573 1578 5622 et
1605 5567 1886 5640 Sangerm.

452 5643 475 5675 ⁵
506 5639 669 5698 Corb.
711 5637 922 5710 Germ,
965 5640 1088 5699 Val.
1135 5638 1218 5696 Cl.
1265 5647 1318 5695 et
1347 5637 1588 5710 plerique
1624 5637 1835 5705 Noun,
1863 5655 1976 5692 cum

385 5717 480 5817 ter:
496 5730 809 5843 eibw'i‘uron.
841 5793 896 5844 et
924 5784 1087 5845 Corb.
1121 5783 1327 5851 Germ.,
1359 5781 1430 5838 ad
1458 5781 1568 5852 ejus
1591 5787 1867 5853 praecepta.

2075 3245 2184 3302 quo
2215 3228 2433 3300 plenius
2451 3229 2830 3301 cognoscimus
2850 3230 2973 3302 plus
2995 3231 3271 3288 timemus.
3304 3229 3505 3288 Adhuc
3521 3232 3672 3288 enim

2066 3319 2229 3390 quasi
2261 3317 2319 3372 in
2348 3323 2496 3374 terra
2515 3316 2680 3390 jacet,
2703 3321 2798 3393 qui
2827 3320 2896 3376 ad
2915 3320 3156 3377 cmlestia
3172 3320 3308 3393 erigi
3327 3327 3671 3378 terrenorum

2075 3405 2362 3464 desideriis
2408 3407 2655 3480 negligit.
2705 3409 2872 3477 Quasi
2911 3409 3227 3466 sublevatus
3266 3417 3449 3468 autem
3491 3408 3674 3468 adhuc

2078 3495 2333 3551 manibus
2369 3504 2424 3552 et
2455 3497 2685 3568 genibus
2706 3497 2996 3568 incumbit,
3021 3499 3116 3572 qui
3137 3497 3386 3572 quadam
3401 3497 3515 3570 jam
3535 3513 3674 3555 con-

2075 3584 2224 3656 tagia
2251 3583 2471 3652 deserit,
2493 3585 2588 3641 sed
2608 3586 2940 3658 quibusdam
2961 3587 3144 3645 adhuc
3161 3587 3396 3645 terrenis
3415 3585 3674 3660 operibus

2075 3688 2188 3728 non
2219 3672 2566 3729 contradicit.
2611 3673 2730 3730 Jam
2771 3690 2902 3730 vero
2931 3676 3000 3732 ad
3029 3675 3198 3732 verba
3223 3677 3322 3734 Dei
3352 3683 3564 3733 erectus
3593 3691 3673 3731 as-

2077 3763 2242 3830 sistit,
2266 3762 2360 3834 qui
2390 3761 2626 3832 perfecte
2657 3769 2896 3818 mentem
2917 3765 2985 3820 ad
3005 3764 3266 3820 sublimia
3295 3765 3476 3835 erigit,
3508 3771 3562 3819 et
3580 3779 3675 3833 per

2077 3848 2368 3904 immunda
2393 3846 2665 3902 desideria
2693 3848 2972 3903 incurvari
3002 3849 3325 3905 contemnit.

2149 3936 2238 3992 48.
2280 3936 2326 3991 Α
2361 3935 2545 3990 timo-re
2582 3936 2656 3991 ad
2691 3952 2926 3992 amorem
2967 3942 3014 3990 et
3040 3935 3348 3990 charitatem
3373 3935 3675 4006 pervenien-

2076 4025 2221 4080 dum.
2251 4055 2324 4066 —
2353 4025 2498 4080 Bene
2540 4032 2722 4080 autem
2751 4031 3075 4081 trementem
3117 4039 3174 4080 se
3201 4023 3415 4080 stetisse
3444 4023 3672 4094 indicat,

2079 4115 2208 4188 quia
2236 4129 2468 4170 examen
2498 4114 2823 4172 subtilitatis
2863 4115 3112 4182 internae,
3145 4130 3253 4187 quo
3283 4115 3408 4186 plus
3437 4114 3505 4170 ad
3535 4113 3674 4171 illud

2078 4205 2384 4278 proﬁcitur,
2409 4204 2645 4275 amplius
2665 4204 3010 4260 formidatur.
3048 4202 3151 4260 Ubi
3181 4211 3304 4276 apte
3331 4203 3520 4260 divina
3542 4220 3676 4262 voce

2077 4292 2430 4364 subjungitur
2463 4310 2474 4348 :
2508 4293 2634 4349 Noli
2664 4300 2906 4362 metuere,
2929 4293 3059 4366 quia
3085 4309 3212 4350 cum
3243 4294 3366 4364 plus
3395 4294 3500 4366 ipsi
3529 4293 3676 4367 quod

2079 4384 2371 4438 timeamus
2400 4383 2765 4454 agnoscimus,
2798 4383 2922 4454 plus
2955 4383 3114 4438 nobis
3143 4382 3211 4438 de
3240 4383 3353 4439 Deo
3384 4399 3480 4454 per
3508 4383 3676 4438 inter-

2079 4487 2205 4526 nam
2238 4471 2467 4542 gratiam
2498 4470 2812 4526 infunditur
2840 4470 2988 4544 quod
3016 4487 3292 4538 amemus;
3325 4479 3594 4545 quatenus
3624 4478 3679 4527 et

2078 4567 2426 4632 contemptus
2455 4568 2638 4616 noster
2667 4561 2942 4633 paulisper
2971 4568 3210 4618 transeat
3240 4562 3294 4618 in
3325 4563 3603 4630 timorem,
3624 4569 3680 4618 et

2083 4649 2251 4704 timor
2289 4656 2528 4704 transeat
2574 4650 2630 4704 in
2661 4649 3004 4719 charitatem,
3035 4658 3098 4706 ut
3125 4651 3252 4724 quia
3284 4652 3546 4724 quaerenti
3579 4667 3678 4704 nos

2081 4743 2196 4798 Deo
2229 4758 2324 4814 per
2351 4747 2730 4813 contemptum
2759 4742 3085 4810 resistimus,
3119 4759 3214 4814 per
3243 4743 3496 4797 timorem
3524 4739 3678 4809 fngi-

2085 4851 2228 4904 mus,
2261 4841 2316 4891 et
2352 4841 2672 4907 contemptu
2701 4835 3027 4909 quandoque
3047 4841 3101 4891 et
3128 4834 3324 4890 timore
3353 4827 3675 4902 postposito,

2084 4925 2203 4980 solo
2231 4925 2280 4980 ei
2312 4941 2499 4982 amore
2523 4925 2839 4998 jungamur.
2872 4924 3156 4994 Paulisper
3183 4919 3332 4975 enim
3363 4920 3384 4954 9
3415 4917 3582 4974 etiam
3609 4916 3678 4972 ti-

2088 5031 2296 5072 morem
2328 5014 2447 5087 ejus
2473 5015 2758 5083 discimus,
2791 5013 2949 5086 cujus
2978 5011 3150 5069 solius
3178 5006 3465 5064 dilectioni
3495 5004 3680 5061 inhae—

2158 5209 2179 5242 ⁸
2211 5210 2271 5265 In
2302 5210 2583 5276 German,
2615 5207 2778 5266 Corb.
2811 5206 3017 5276 Germ,
3049 5201 3238 5276 Itegio,
3261 5207 3315 5256 et
3333 5201 3428 5276 aL,
3450 5206 3682 5256 ventrem

2089 5281 2338 5352 terremus.
2371 5280 2462 5337 Sic
2501 5273 2733 5352 quoque
2752 5276 2951 5352 legitur
2982 5275 3039 5330 in
3067 5273 3248 5352 Editis
3277 5273 3442 5352 etiam
3473 5279 3677 5328 vetust.

2086 5351 2434 5406 Praetulimus
2452 5346 2644 5405 tamen
2663 5346 2827 5404 aliain
2857 5347 3006 5415 lect.,
3031 5351 3246 5402 mentem
3276 5346 3527 5410 levamus,
3559 5360 3681 5417 quae

2087 5429 2174 5498 est
2195 5422 2333 5498 biss._
2360 5421 2575 5498 Anglic.
2609 5427 2661 5474 et
2688 5421 2876 5498 Nom}.
3023 5490 3053 5498 Α
3180 5489 3212 5498 Α,
3397 5488 3433 5498 __
3455 5488 3492 5498 η
3531 5487 3542 5498 ,

2158 5495 2180 5528 9
2211 5492 2372 5550 Corb.
2407 5488 2589 5548 Germ.
2623 5499 2677 5546 et
2705 5490 2963 5558 Vindoc.,
2985 5490 3142 5546 etiam
3173 5489 3351 5544 timere
3377 5488 3681 5552 didicimus,

2087 5566 2234 5642 eique
2252 5565 2304 5642 vi
2314 5564 2423 5642 soli
2429 5581 2486 5618 us
2489 5563 2788 5642 dilectionis
2809 5563 3137 5642 intueremus.
3158 5562 3239 5642 Ita
3252 5559 3680 5642 quoque-Laud.”

2092 5632 2213 5693 Vill.
2265 5636 2346 5694 Cl.
2390 5643 2444 5690 et
2489 5635 2717 5701 Turon.,
2753 5642 2961 5691 mutato
3005 5632 3284 5706 praeterito
3317 5632 3597 5706 didicimus
3628 5632 3686 5684 in

2093 5725 2326 5781 praesens
2355 5708 2621 5763 discimus.
2654 5709 2727 5763 At
2754 5707 2964 5775 Norm.,
2989 5701 3105 5762 cum
3131 5706 3315 5761 timore
3335 5701 3684 5764 descissimus,

2091 5781 2258 5852 eique,
2289 5787 2392 5837 etc.
