4162 6184
453 323 560 385 143

1651 321 1904 381 SANCTI
1939 322 2033 382 GR
2052 323 2298 383 EGOBII
2339 324 2568 384 MAGNI

3672 332 3775 390 244

458 465 660 507 remus.
693 447 977 520 AppOsitis
1020 427 1188 519 igitur
1226 447 1382 521 quasi
1423 445 1753 521 quibusdam
1798 447 2058 520 gradibus
2085 453 2136 514 Α
2166 437 2386 506 rursum
2434 451 2588 508 mille
2621 450 2867 520 metitur,
2900 461 2958 508 et
2987 453 3254 526 propheta
3295 470 3468 528 usque
3496 456 3564 512 ad
3595 455 3773 529 genua

459 539 737 614 profectus
779 537 974 606 nostri,
1006 537 1206 594 mentis
1245 537 1437 610 pedem
1477 538 1630 610 prius
1670 555 1766 610 per
1795 539 2052 596 timorem

2164 555 2262 612 per
2293 556 2491 614 aquam
2523 541 2768 609 ducitur,
2801 541 2932 614 quia
2960 559 3085 599 cum
3108 541 3239 599 boni
3271 545 3450 616 operis
3481 545 3766 617 plenitudo

459 627 518 686 in
550 629 662 685 imo
690 629 966 703 ponimus,
987 635 1043 683 et
1069 627 1420 700 postmodum
1451 644 1547 700 per
1577 627 1900 686 charitatem
1938 632 1953 665 ¹
1985 629 2054 688 ad
2164 627 2449 698 tribuitur,
2481 629 2550 686 ad
2580 628 2687 686 hoc
2713 646 2888 704 usque
2917 639 3108 688 nostra
3135 633 3406 706 sapientia
3434 642 3685 706 augetur,
3707 642 3772 691 ut

458 719 570 775 alta
596 717 798 773 amoris
826 717 1092 786 levamus,
1124 716 1146 752 ³
1175 723 1240 772 ut
1266 715 1334 773 ab
1362 733 1426 774 eo
1457 732 1564 790 quo
1595 718 1827 792 quisque
1856 726 2052 787 tumet,

459 806 789 879 reprimatur
825 814 887 862 ut
928 807 1140 875 timeat,
1172 816 1228 864 et
1272 807 1340 864 ab
1388 824 1452 864 eo
1497 806 1644 881 quod
1675 807 1792 880 jam
1834 809 2052 878 metuit,

2168 717 2223 774 in
2255 719 2437 790 pravis
2451 717 2567 790 jam
2588 719 2801 776 actibus
2823 721 3053 778 minime
3073 721 3343 780 ﬂectatur.
3367 724 3510 782 Hinc
3530 741 3768 798 namque

2167 824 2261 880 per
2287 808 2517 872 Paulum
2547 808 2788 867 dicitur:
2814 811 3079 870 Remissas
3101 824 3289 868 manus
3316 818 3364 867 et
3389 813 3650 870 dissoluta
3678 831 3774 884 ge-

459 897 866 954 sublevetur'ut
893 907 1205 972 praesumat.
1230 899 1341 956 Hos
1360 907 1540 955 autem
1563 899 1832 955 virtutum
1857 899 2056 971 gradus
2164 912 2275 951 nua
2317 896 2520 968 erigite,
2559 903 2608 952 et
2648 914 2858 970 gressus
2901 905 3068 956 rectos
3112 899 3271 970 facite
3308 900 3531 970 pedibus
3576 901 3768 956 vestris

459 1004 570 1046 non
599 990 784 1062 magni
812 987 1016 1046 laboris
1045 989 1066 1025 ³
1097 995 1180 1045 est
1207 987 1563 1062 prehendere,
1594 1004 1720 1046 cum
1751 987 1820 1045 ab
1850 1005 1960 1046 una
1987 993 2054 1047 ad

458 1080 684 1138 alteram
715 1079 1002 1138 transitur.
1047 1092 1054 1099 '

527 1169 616 1227 49.
649 1170 996 1242 Singulorum
1022 1170 1279 1224 virtutum
1313 1169 1512 1240 gradus
1549 1175 1674 1225 sunt
1704 1170 1866 1226 varii.
1909 1171 2060 1227 Fidei

459 1265 797 1320 incrementa.
828 1294 900 1306 —
927 1261 1034 1319 Sed
1064 1261 1425 1318 subtilissima
1453 1260 1829 1335 disputatione
1862 1278 1946 1319 res
1978 1264 2058 1319 in-

459 1353 630 1425 diget,
661 1368 788 1410 cum
836 1368 990 1409 mens
1024 1367 1250 1424 pensare
1280 1352 1498 1421 nititur,
1533 1351 1590 1407 in
1620 1368 1732 1408 una
1760 1352 2058 1426 eademque

461 1443 667 1500 virtute
715 1443 915 1516 quibus
959 1442 1235 1516 profectus
1280 1443 1366 1500 sui
1404 1443 1663 1517 gradibus
1691 1444 1956 1500 elevetur.
1991 1444 2064 1500 Ut

459 1536 607 1592 enim
639 1537 815 1608 prima
842 1537 1110 1593 elementa
1141 1535 1431 1603 virtutum,
1465 1534 1630 1590 ﬁdem
1659 1533 1869 1590 scilicet
1900 1542 1953 1589 et
1981 1551 2062 1590 sa-

461 1627 748 1697 pientiam,
773 1627 983 1698 loquar,
1006 1623 1242 1680 obtineri
1265 1624 1482 1694 singula
1503 1621 1742 1693 perfecte
1763 1631 2060 1695 nequeunt,

459 1714 568 1770 nisi
599 1714 668 1769 ad
697 1713 815 1770 haec
844 1713 1122 1769 distinctis
1151 1710 1528 1783 ordinatisque
1549 1709 1747 1778 modis,
1771 1709 1926 1784 quasi
1947 1711 2070 1784 qui.

2170 987 2319 1060 (Heb.
2352 1003 2455 1056 xn,
2489 988 2600 1063 12).
2635 989 2794 1064 Aqua
2839 1006 2968 1063 ergo
3012 990 3081 1046 ad
3120 1007 3296 1062 genua
3337 992 3592 1063 pervenit
3640 1009 3768 1049 cum

2169 1093 2268 1133 nos
2295 1085 2548 1150 percepta
2577 1079 2844 1151 sapientia
2871 1079 3108 1152 perfecte
3137 1079 3205 1135 ad
3233 1077 3365 1135 boni
3396 1080 3577 1152 operis
3611 1080 3770 1138 recti-

2169 1165 2416 1222 tudinem
2446 1167 2686 1240 stringit.
2719 1169 2826 1238 Qui
2856 1170 3056 1226 iterum
3087 1170 3314 1225 metitur
3344 1171 3518 1239 mille,
3552 1177 3607 1226 et
3637 1187 3774 1244 pro-

2170 1255 2336 1329 pheta
2363 1274 2460 1330 per
2487 1275 2686 1332 aquam
2716 1275 2889 1333 usque
2919 1259 2988 1316 ad
3018 1275 3173 1316 renes
3202 1259 3446 1330 ducitur,
3469 1261 3600 1334 quia
3617 1262 3769 1320 vide-

2170 1347 2300 1404 licet
2327 1355 2462 1406 tunc
2490 1350 2546 1404 in
2569 1349 2730 1406 nobis
2749 1349 3036 1422 plenitudo
3057 1352 3241 1423 operis
3260 1352 3531 1410 excrescit
3551 1353 3774 1426 quando

2173 1437 2229 1492 in
2249 1437 2410 1493 nobis
2439 1447 2692 1510 percepta
2720 1439 2990 1512 sapientia
3017 1457 3240 1498 omnem
3261 1459 3497 1517 quoque,
3524 1444 3580 1499 in
3602 1459 3771 1517 quan-

2172 1536 2290 1584 tum
2335 1535 2418 1584 est
2444 1529 2725 1600 possibile,
2757 1531 3176 1590 delectationem
3205 1535 3388 1592 carnis
3416 1535 3766 1594 exstinxerit.

2173 1617 2290 1674 Nisi
2319 1617 2468 1674 enim
2497 1619 2677 1676 carnis
2705 1618 2996 1678 delectatio
3024 1632 3163 1680 esset
3184 1625 3238 1680 in
3268 1625 3512 1695 renibus,
3546 1624 3772 1682 Psalmi-

2175 1715 2259 1764 sta
2286 1709 2518 1764 minime
2557 1709 2791 1766 dixisset
2822 1728 2834 1766 :
2875 1713 2978 1769 Ure
3019 1731 3167 1770 renes
3199 1732 3358 1782 meos,
3391 1723 3439 1772 et
3484 1734 3576 1772 cor
3603 1733 3774 1772 meum

459 1802 690 1860 busdam
723 1801 1003 1876 gradibus,
1036 1801 1411 1859 ascendamus.
1435 1801 1558 1872 Ipsa
1585 1801 1734 1856 enim
1765 1800 1920 1869 ﬁdes,
1945 1818 2064 1874 quae
2093 1813 2140 1876 Β
2179 1798 2350 1869 (Psal.
2383 1813 2520 1865 xxv,
2545 1797 2624 1871 2).
2656 1800 2816 1872 Aqua
2843 1800 3012 1874 igitur
3039 1803 3108 1860 ad
3137 1820 3292 1860 renes
3320 1805 3474 1862 venit
3505 1822 3630 1864 cum
3652 1805 3772 1862 dul-

459 1891 530 1948 ad
571 1891 716 1947 bona
757 1891 865 1949 alia
906 1891 1142 1964 perfecte
1187 1889 1516 1963 capessenda
1557 1904 1658 1946 nos
1696 1890 1916 1959 imbuit,
1949 1891 2060 1964 ple-

461 1996 696 2054 rumque
735 1980 792 2036 in
840 1979 1084 2036 exordiis
1125 1979 1239 2036 suis
1281 1987 1336 2036 et
1365 1985 1542 2047 nutat,
1575 1980 1630 2035 et
1657 1979 1833 2035 solida
1861 1988 1974 2047 est;
2007 1988 2063 2036 et

455 2068 570 2142 jam
618 2068 922 2126 certissime
970 2066 1223 2136 habetur,
1265 2075 1319 2123 et
1361 2075 1544 2124 tamen
1586 2066 1654 2123 de
1700 2066 1818 2139 ejus
1860 2068 2062 2126 ﬁducia

462 2159 645 2218 adhuc
672 2161 775 2216 sub
803 2159 1147 2216 dubitatione
1177 2158 1498 2231 trepidatur.
1532 2159 1661 2214 Pars
1690 2175 1925 2233 namque
1944 2159 2062 2232 ejus

462 2249 616 2322 prius
664 2249 950 2322 accipitur,
997 2256 1061 2304 ut
1107 2249 1163 2304 in
1211 2247 1370 2304 nobis
1415 2249 1767 2320 postmodum
1825 2247 2066 2322 perfecte

465 2339 823 2411 compleatur.
848 2339 906 2396 Si
925 2339 1074 2395 enim
1111 2345 1261 2396 certo
1291 2337 1461 2412 gradu
1491 2338 1548 2393 in
1577 2337 1853 2394 credentis
1881 2346 2063 2394 mente

464 2441 576 2482 non
597 2426 906 2498 proﬁceret,
929 2425 1228 2500 requisitus
1259 2425 1316 2480 in
1336 2427 1640 2499 Evangelia
1660 2435 1812 2499 pater
1831 2427 2062 2484 sanandi

463 2515 619 2588 pueri
648 2531 760 2571 non
787 2515 1054 2572 divisset:
1083 2515 1274 2582 Credo,
1297 2516 1540 2582 Domine,
1561 2515 1762 2585 adjuva
1782 2516 2064 2573 increduli-

465 2609 622 2660 tatem
649 2621 817 2660 meam
848 2604 1041 2677 (Marc.
1074 2621 1154 2674 rx,
1185 2604 1302 2676 23).
1339 2604 1536 2662 Adhuc
1563 2620 1692 2676 ergo
1739 2605 2064 2662 ascendebat

463 2694 533 2751 ad
579 2694 743 2752 fidem
791 2712 956 2770 quam
988 2693 1104 2766 jam
1133 2703 1464 2768 perceperat,
1497 2694 1593 2768 qui
1622 2711 1733 2750 uno
1762 2695 2064 2768 eodemque

465 2792 711 2858 tempore
756 2784 1028 2841 clamabat
1073 2801 1130 2841 se
1177 2791 1231 2840 et
1265 2783 1379 2856 jam
1422 2783 1662 2851 credere,
1694 2789 1749 2838 et
1785 2782 1966 2840 adhuc
1993 2799 2064 2840 ex

467 2873 855 2932 incredulitate
885 2872 1157 2931 dubitare.
1183 2873 1326 2931 Hinc
1353 2880 1435 2930 est
1462 2873 1630 2930 etiam
1660 2871 1808 2946 quod
1837 2871 2064 2937 Redem-

467 2974 611 3048 ptori
654 2982 842 3031 nostro
883 2991 916 3032 a
957 2974 1246 3048 discipulis
1283 2973 1490 3031 dicitur
1522 2991 1533 3029 :
1568 2969 1713 3028 723
1741 2972 1888 3046 Auge
1915 2972 2065 3028 nobis

467 3063 624 3135 ﬁdem
645 3062 798 3136 (Luc.
822 3079 968 3134 xvn,
987 3063 1068 3136 ὅ),
1091 3071 1154 3120 ut
1173 3080 1293 3138 quas
1316 3062 1432 3136 jam
1463 3070 1686 3136 accepta
1714 3078 1810 3136 per
1841 3061 2064 3117 initium

467 3151 671 3224 fuerat,
685 3152 841 3226 quasi
861 3169 957 3226 per
975 3160 1267 3225 augmenta
1285 3151 1553 3226 graduum
1574 3151 1642 3208 ad
1672 3150 2061 3224 perfectionem
2095 3177 2140 3240 ο

469 3243 702 3299 veniret.

541 3331 680 3407 [νει.
714 3331 921 3407 ΧΧΙΙ.]
952 3331 1040 3389 50.
1077 3332 1350 3405 Sapientia
1395 3331 1652 3387 bonorum
1697 3345 1915 3402 operum
1958 3346 2075 3386 ma.

466 3425 656 3494 gistra,
683 3440 782 3496 per
808 3423 1130 3478 incrementa
1160 3421 1432 3477 tribuitur.
1464 3419 1678 3477 Diversi
1705 3419 1822 3490 ejus
1849 3420 2072 3492 gradus.

467 3514 665 3585 —lpsa
691 3527 908 3585 quoque
937 3509 1223 3584 sapientia,
1256 3526 1376 3583 quae
1405 3524 1521 3565 esse
1547 3508 1820 3564 bonorum
1843 3525 2074 3582 operum

469 3601 610 3658 solet
639 3601 920 3672 magistra,
953 3599 1236 3657 anhelanti
1278 3600 1450 3656 menti
1480 3614 1576 3672 per
1607 3598 1946 3655 incrementa
1976 3599 2074 3655 tri-

470 3691 681 3759 buitur,
703 3697 769 3746 ut
795 3689 864 3746 ad
893 3707 1011 3746 eam
1037 3690 1228 3763 procul
1257 3689 1428 3746 dubio
1458 3689 1637 3761 magni
1674 3687 2072 3746 moderaminis

470 3780 730 3856 gradibus
777 3779 1120 3838 ascendatur.
1167 3779 1325 3849 Quod
1353 3779 1494 3837 bene
1525 3777 1779 3837 Ezechiel
1810 3777 2078 3852 propheta

471 3873 704 3946 ﬁgurata
731 3873 1047 3928 narratione
1067 3871 1377 3940 denuntiat,
1400 3870 1495 3943 qui
1516 3869 1584 3927 de
1604 3886 1668 3927 eo
1689 3870 1812 3926 viro
1832 3885 1995 3943 quem
2017 3868 2075 3924 in

469 3965 690 4020 excelso
720 3971 908 4020 monte
939 3962 1154 4018 viderat
1183 3969 1370 4018 narrat
1399 3960 1588 4018 dicens
1612 3977 1624 4016 ε
1648 3960 1862 4019 Mensus
1889 3965 1965 4014 est
1989 3974 2076 4012 cu-

471 4051 605 4106 bitos
633 4052 803 4116 mille,
823 4057 872 4108 et
893 4051 1204 4106 transduxit
1221 4069 1300 4106 me
1313 4067 1414 4124 per
1431 4066 1627 4120 aquam
1649 4065 1810 4120 usque
1827 4047 1898 4103 ad
1919 4049 2072 4103 talos.

472 4140 808 4210 Rursumque
853 4155 1060 4194 mensus
1097 4144 1174 4193 est
1214 4140 1381 4214 mille,
1424 4144 1472 4193 et
1511 4136 1822 4192 transduxit
1861 4153 1942 4190 me
1981 4153 2080 4207 per

471 4243 670 4297 aquam
697 4244 861 4298 usque
885 4229 959 4284 ad
983 4245 1172 4300 genua.
1195 4229 1270 4284 Et
1296 4244 1504 4284 mensus
1531 4233 1606 4282 est
1632 4227 1798 4295 mille,
1829 4232 1880 4281 et
1907 4233 2078 4282 trans-

473 4315 633 4372 duxit
671 4331 751 4370 me
789 4335 892 4390 per
929 4333 1125 4390 aquam
1171 4334 1334 4388 usque
1373 4318 1444 4374 ad
1473 4332 1638 4372 remes.
1671 4316 1746 4372 Et
1771 4331 1978 4370 mensus
2007 4303 2082 4370 est

472 4405 620 4461 mille
638 4405 659 4441 ⁴
681 4410 984 4476 torrentem,
1001 4424 1152 4480 quem
1171 4424 1276 4462 non
1291 4408 1443 4480 potui
1457 4405 1810 4479 pertransire,
1827 4405 2082 4476 quoniam

472 4492 840 4550 intumuerunt
863 4512 1016 4567 aqua:
1037 4493 1326 4568 profunda:
1354 4495 1626 4560 torrentis,
1658 4493 1751 4565 qui
1778 4510 1887 4549 non
1911 4485 2085 4565 potes‘

405 4611 413 4619 ~
476 4581 823 4638 transvadari
842 4582 1060 4655 (Ezech.
1080 4599 1258 4652 XLVII,
1289 4582 1428 4656 3-5).
1460 4581 1607 4650 Quid
1635 4598 1873 4656 namque
1904 4582 2080 4638 mille-

474 4671 633 4735 nario
647 4687 879 4730 numero
898 4673 1006 4730 nisi
1027 4672 1212 4730 collati
1230 4672 1474 4728 muneris
1490 4671 1778 4745 plenitudo
1792 4673 2042 4744 signatur
2056 4671 2085 4728 ?

474 4762 582 4822 Vir
623 4761 807 4836 itaque
853 4762 951 4836 qui
998 4759 1252 4834 apparuit
1299 4760 1452 4816 mille
1497 4759 1713 4816 cubitos
1749 4759 1996 4828 metitur,
2027 4771 2082 4820 et

479 4853 748 4930 propheta
775 4870 873 4926 per
901 4867 1071 4927 aquas
1099 4865 1274 4922 usque
1303 4851 1372 4906 ad
1399 4851 1542 4906 talos
1567 4850 1810 4920 ducitur,
1833 4850 1964 4924 quia
1981 4851 2081 4908 Re-

477 4945 732 5018 demptor
761 4951 950 5002 noster
975 4957 1104 5001 cum
1123 4939 1286 4998 nobis
1305 4939 1375 4996 ad
1393 4954 1450 4994 se
1469 4939 1751 4995 conversis
1769 4939 1902 4996 boni
1922 4955 2080 4995 exor-

477 5033 559 5088 dii
601 5033 1006 5104 plenitudinem
1055 5028 1274 5098 tribuit,
1305 5029 1453 5086 dono
1492 5020 1758 5098 spiritalis
1798 5027 2080 5099 sapientiae

481 5119 658 5191 prima
685 5124 858 5178 nostri
891 5122 1071 5196 operis
1099 5118 1332 5191 vestigia
1353 5114 1616 5186 infundit.
1641 5115 1856 5188 Aquam
1876 5116 2079 5188 quippe

482 5224 654 5280 usque
682 5209 752 5266 ad
780 5212 921 5267 talos
950 5209 1142 5268 venire
1170 5214 1254 5265 est
1274 5205 1392 5280 jam
1423 5221 1523 5262 nos
1550 5219 1648 5277 per
1674 5211 1952 5277 acceptam
1981 5221 2078 5262 sa-

483 5295 746 5366 pientiam
774 5296 1096 5356 desiderata:
1123 5294 1474 5356 rectitudinis
1495 5291 1725 5366 vestigia
1744 5299 1948 5351 tenere.
1971 5292 2078 5364 Qui

561 5511 574 5544 ί
608 5509 691 5565 Ita
719 5509 880 5566 Corb.
913 5513 1122 5580 Germ.,
1154 5511 1366 5580 Norm.,
1401 5510 1597 5580 Laud.,
1632 5513 1755 5570 Val.
1780 5512 1861 5571 Cl.
1884 5520 1940 5569 et
1968 5521 2077 5570 vet.

483 5581 635 5638 Edi't.
668 5581 891 5650 Legitur
917 5599 1118 5648 amore,
1150 5582 1208 5636 in
1236 5583 1418 5638 Germ.
1451 5590 1506 5639 et
1535 5583 1591 5638 in
1620 5584 1723 5640 Ed.
1758 5591 1958 5642 recent.

555 5654 581 5736 ξ
609 5653 731 5780 νῗι.
764 5652 869 5719 CL,
896 5659 951 5707 ut
975 5653 1041 5707 ab
1069 5670 1126 5708 eo
1153 5653 1293 5724 quod
1319 5653 1440 5724 quis
1467 5655 1700 5725 quietum
1728 5656 1902 5721 sentit,
1932 5660 1980 5710 et
2007 5673 2082 5710 re-

480 5742 662 5798 primo
688 5741 773 5780 ur.
967 5793 980 5798 _
1169 5793 1218 5798 __
1255 5793 1267 5798 _
1341 5792 1392 5798 __
1936 5797 1955 5798 η
2030 5797 2038 5798 7

559 5800 580 5834 ³
599 5797 812 5867 Norm.,
837 5793 1070 5856 Vindoc.
1095 5803 1148 5854 et
1169 5793 1291 5851 Val.
1333 5792 1439 5862 CL,
1463 5801 1536 5851 est
1549 5799 1884 5872 perpendere.
1919 5797 2080 5858 Corb.

2169 1884 2302 1943 cedo
2331 1885 2614 1958 sapientiae
2643 1887 2808 1943 etiam
2840 1888 3120 1948 incentiva
3149 1893 3331 1949 carnis
3353 1893 3642 1960 interimit,
3665 1894 3688 1928 δ
3710 1901 3774 1948 ιιι

2169 1990 2232 2030 ea
2259 1990 2378 2048 quae
2399 1991 2558 2032 urere
2579 1984 2819 2034 mentem
2841 1986 3093 2050 poterant
3107 1980 3494 2038 delectationis
3515 1981 3774 2040 incendia

2170 2063 2482 2136 frigescant.
2515 2064 2620 2133 Qui
2662 2065 2843 2124 adhuc
2881 2083 3103 2124 mensus
3135 2077 3218 2125 est
3259 2071 3432 2138 mille,
3468 2079 3770 2126 torrentem

2171 2153 2448 2221 videlicet,
2480 2169 2641 2227 quem
2673 2155 2940 2228 propheta
2969 2159 3298 2230 pertransire
3328 2175 3438 2215 non
3469 2160 3669 2232 potuit,
3703 2159 3772 2215 de

2171 2259 2279 2316 quo
2298 2243 2463 2300 etiam
2481 2243 2618 2301 dicit
2641 2261 2652 2300 :
2679 2245 2940 2312 Quoniam
2950 2247 3774 2320 intumueruntaqureprofundw

2173 2333 2441 2398 torrentis,
2457 2333 2551 2403 qui
2568 2349 2676 2388 non
2689 2339 2856 2405 potest
2877 2336 3240 2393 transvadari.
3257 2337 3518 2409 Percepta
3536 2353 3772 2410 namque

2171 2421 2509 2493 perfectione
2549 2423 2728 2495 operis
2770 2423 2839 2479 ad
2875 2426 3398 2498 contemplationem
3434 2426 3677 2482 venitur.
3711 2427 3773 2482 In

2173 2529 2280 2586 qua
2307 2514 2520 2571 scilicet
2537 2517 3001 2587 contemplatione
3035 2518 3168 2574 dum
3199 2535 3356 2575 mens
3385 2519 3442 2574 in
3474 2519 3646 2574 altum
3676 2517 3775 2574 du-

2172 2602 2336 2671 citur,
2369 2602 2656 2660 sublevata
2683 2604 2838 2661 videt
2866 2605 2924 2660 in
2955 2607 3088 2676 Deo,
3112 2607 3242 2680 quia
3270 2623 3382 2662 non
3414 2614 3592 2680 potest
3611 2622 3770 2678 pene-

2173 2699 2316 2748 trare
2361 2692 2509 2765 quod
2556 2693 2730 2762 videt,
2763 2702 2817 2750 et
2857 2695 3012 2767 quasi
3057 2696 3233 2767 tangit
3261 2712 3460 2768 aquam
3489 2695 3770 2763 torrentis,

2172 2799 2335 2858 quam
2365 2783 2696 2855 pertransire
2724 2799 2836 2839 non
2863 2785 3037 2852 valet,
3058 2784 3188 2856 quia
3215 2792 3268 2840 et
3297 2785 3544 2840 intuetur
3569 2801 3774 2858 specu-

2172 2872 2336 2929 lando
2365 2871 2510 2944 quod
2541 2871 2726 2941 libeat,
2750 2880 2804 2928 et
2834 2879 3017 2928 tamen
3048 2871 3154 2929 hoc
3183 2873 3363 2944 ipsum
3395 2873 3631 2946 perfecte
3661 2890 3773 2931 non

2171 2963 2317 3020 valet
2361 2962 2563 3019 intueri
2611 2962 2758 3036 quod
2790 2962 2944 3019 libet.
2977 2961 3252 3036 Propheta
3282 2979 3410 3035 ergo
3440 2963 3770 3038 quandoque

2172 3051 2240 3108 ad
2282 3067 2478 3126 aquam
2521 3051 2792 3124 pervenit,
2825 3069 2986 3126 quam
3030 3069 3141 3108 non
3183 3052 3498 3125 pertransit,
3531 3053 3661 3127 quia
3701 3053 3774 3110 ad

2172 3142 2692 3215 contemplationem
2723 3143 3004 3215 sapientia;
3031 3160 3157 3202 cum
3189 3145 3258 3201 ad
3286 3150 3596 3201 extremum
3618 3143 3775 3201 duci-

2185 3248 2328 3300 mur,
2353 3232 2470 3305 ipsa
2496 3230 2614 3304 ejus
2643 3233 3002 3303 immensitas,
3024 3249 3145 3308 quae
3175 3250 3244 3290 ex
3272 3249 3330 3289 se
3349 3232 3634 3290 hominem
3654 3233 3777 3290 sub-

2185 3325 2348 3392 levat,
2372 3322 2440 3380 ad
2466 3339 2524 3379 se
2551 3321 2794 3379 humano
2823 3325 3008 3381 animo
3037 3325 3256 3398 plenam
3285 3325 3658 3396 cognitionem
3687 3339 3778 3380 ne-

2185 3422 2292 3488 gat,
2322 3421 2385 3470 ut
2411 3413 2554 3472 hanc
2573 3421 2627 3470 et
2653 3415 2928 3487 tangendo
2955 3422 3119 3485 amet,
3143 3423 3198 3472 et
3223 3422 3407 3472 tamen
3436 3429 3775 3488 nequaquam

2185 3503 2615 3578 pertra‘nseundo
2643 3513 2909 3577 penetret.

2253 3594 2342 3651 51.
2373 3595 2472 3651 His
2498 3595 2740 3661 emensis,
2769 3595 2843 3650 ad
2868 3594 3356 3667 contemplationem
3377 3592 3778 3667 pervenitur.—

2183 3694 2381 3750 Beatus
2436 3693 2606 3766 igitur
2647 3692 2749 3749 Job
2797 3693 2916 3752 haec
2947 3693 3286 3751 incrementa
3331 3691 3608 3748 virtutum
3637 3683 3783 3746 724

2185 3783 2314 3856 quia
2369 3782 2629 3841 distincte
2686 3781 3009 3840 hominibus
3052 3799 3290 3854 superno
3335 3796 3564 3836 munere
3608 3780 3780 3836 tribui

2184 3873 2490 3944 conspexit,
2523 3870 2719 3943 gradus
2747 3870 2986 3937 vocavit,
3011 3869 3269 3942 quoniam
3301 3883 3398 3940 per
3429 3866 3576 3938 ipsos
3597 3883 3780 3923 ascen-

2183 3960 2336 4017 ditur
2362 3967 2423 4014 ut
2441 3959 2510 4014 ad
2531 3958 2775 4015 cmlestia
2793 3956 3096 4013 obtinenda
3123 3955 3396 4011 veniatur.
3423 3953 3575 4011 Sacri
3598 3954 3783 4028 itaque

2185 4049 2334 4117 libri,
2359 4048 2415 4104 id
2443 4054 2524 4104 est
2552 4047 2731 4103 divini
2752 4046 2979 4118 eloquii,
3004 4043 3323 4100 memoriam
3354 4043 3581 4112 faciens,
3605 4043 3778 4101 dicit:

2185 4141 2291 4198 Per
2316 4139 2550 4210 singulos
2575 4137 2775 4210 gradus
2802 4153 2939 4192 meos
2961 4133 3322 4208 pronuntiabo
3350 4135 3530 4200 illum,
3553 4135 3684 4208 quia
3701 4134 3783 4190 ni-

2187 4228 2388 4284 mirum
2420 4228 2514 4284 ille
2543 4226 2612 4283 ad
2640 4225 2949 4283 doctrinam
2979 4225 3078 4282 Dei
3112 4223 3381 4280 veraciter
3399 4223 3664 4292 ascendit,
3687 4224 3784 4296 qui

2187 4317 2256 4375 ad
2275 4315 2628 4373 obtinendam
2650 4315 2792 4372 hanc
2814 4313 3072 4387 gradibus
3093 4320 3292 4370 sanctae
3311 4312 3646 4385 operationis
3664 4327 3786 4368 eru-

2189 4406 2350 4480 perit.
2382 4406 2454 4462 Et
2481 4405 2636 4480 quasi
2667 4421 2763 4478 per
2790 4404 3038 4478 singulos
3067 4402 3266 4476 gradus
3296 4401 3648 4458 suoslibrum
3667 4418 3789 4475 pro-

2190 4498 2428 4564 nuntiat,
2461 4496 2555 4570 qui
2602 4495 2905 4568 percepisse
2945 4511 3002 4552 se
3049 4493 3167 4567 ejus
3204 4493 3491 4551 scientiam
3539 4509 3650 4549 non
3693 4508 3788 4564 per

2189 4586 2356 4644 verba
2381 4583 2784 4652 tantummodo,
2808 4583 2904 4641 sed
2923 4585 3089 4641 etiam
3110 4599 3208 4657 per
3235 4599 3402 4655 opera
3428 4581 3784 4639 demonstrat.

2192 4675 2346 4734 Unde
2377 4673 2560 4733 adhuc
2587 4673 2846 4730 subditur
2878 4691 2890 4730 :

2261 4765 2434 4823 Vens.
2468 4764 2558 4821 37.
2589 4794 2661 4806 —
2689 4765 2766 4820 Et
2791 4763 2946 4836 quasi
2971 4761 3208 4835 principi
3234 4761 3454 4832 offeram
3480 4773 3617 4814 eum.

2262 4855 2438 4913 Omne
2469 4854 2618 4910 enim
2649 4853 2798 4927 quod
2829 4853 3134 4920 offerimus,
3160 4851 3215 4906 in
3237 4848 3490 4905 manibus
3517 4855 3786 4904 tenemus.

2189 4943 2447 5002 Venienti
2477 4959 2606 5016 ergo
2626 4943 2694 5000 ad
2708 4942 2986 5016 judicium
3007 4941 3245 5016 principi
3267 4939 3472 4996 librum
3493 4937 3689 4995 offerre
3709 4945 3790 4994 est

2189 5033 2356 5090 verba
2396 5041 2794 5106 praeceptorum
2840 5033 2992 5090 illius
3040 5032 3097 5088 in
3141 5029 3359 5088 actione
3387 5029 3649 5086 tenuisse.
3681 5028 3790 5086 Se-

2187 5123 2378 5196 quitur
2411 5139 2422 5179 :

2422 5210 2648 5269 CAPUT
2679 5210 2812 5267 XXI
2843 5209 2981 5284 [Vet.
3015 5209 3228 5276 XXIII,
3259 5207 3378 5266 Rec.
3411 5205 3465 5263 Χ
3473 5203 3558 5280 V].

2259 5298 2430 5357 Vnus.
2463 5297 2646 5358 38°40.
2664 5299 2811 5357 —Si
2838 5299 3122 5356 adversum
3150 5315 3230 5355 me
3260 5302 3406 5354 terra
3435 5313 3549 5353 mea
3575 5295 3790 5364 clamat,

2191 5515 2373 5589 Germ.
2404 5523 2464 5589 _et
2483 5514 2794 5589 _I,aud.,_est
2815 5513 3064 5584 pendere.
3561 5585 3569 5589 _
3621 5579 3630 5589 θ

2264 5587 2283 5622 ⁴
2316 5586 2440 5642 Val.
2473 5585 2554 5643 Cl.
2587 5593 2642 5642 et
2670 5585 2902 5653 Gemet.,
2937 5590 3318 5652 torrentemque
3348 5597 3451 5634 non
3477 5585 3648 5650 potui.

2262 5660 2284 5693 δ
2315 5657 2438 5730 Val.
2489 5657 2595 5730 CL,
2645 5665 2703 5712 ut
2750 5675 2812 5714 ea
2831 5651 2946 5730 qua:
2973 5656 3184 5714 virilem
3228 5651 3442 5710 mentem
3467 5651 3792 5722 premebant,

2193 5728 2566 5796 delectationis,
2599 5736 2704 5788 etc.
