4162 6184
348 299 455 360 245

1111 295 1481 354 MORALIUM
1520 298 1654 355 LIB.
1696 298 1874 358 XXII.
1914 328 1985 344 —
2024 302 2096 360 IN
2135 300 2363 359 CAPUT
2401 302 2591 361 XXXI
2631 306 2693 360 B.
2736 307 2878 364 JOB.

3546 315 3652 374 246

348 435 400 485 et
426 442 539 483 cum
564 424 679 495 ipsa
706 424 837 513 sulci
864 423 979 493 ejus
1007 422 1218 496 deﬂent;
1272 424 1322 478 si
1347 424 1556 496 fructus
1607 426 1722 496 ejus
1759 427 1956 484 comedi
1985 430 2038 490 Α
2056 429 2491 502 compassionem
2519 429 2726 488 dolent.
2761 431 2901 489 Cum
2929 450 3061 493 vero
3090 438 3149 494 hi
3180 441 3274 513 qui
3298 440 3442 513 jam‘
3470 449 3650 501 aratro

350 517 542 586 absque
558 512 801 584 pecunia,
859 518 905 567 et
932 512 1169 568 animam
1204 512 1564 585 agricolarum
1608 516 1723 585 ejus
1750 516 1946 589 afﬂixi;

342 623 448 679 pro
470 604 734 675 frumento
792 602 1005 659 oriatur
1034 602 1162 660 mihi
1226 603 1474 684 tributus,
1530 610 1580 660 et
1604 621 1709 678 pro
1748 605 1943 661 hordeo

406 820 494 878 52.
526 821 607 877 De
629 822 983 893 pralatorum
1012 819 1277 890 injustitia
1305 826 1353 875 et
1383 820 1601 886 erratis,
1631 821 1805 876 minus
1819 837 1943 893 per-

338 910 455 981 fecti
477 911 720 967 clamant
745 918 796 967 et
819 928 926 967 non
952 912 1131 968 dolent
1152 910 1408 983 ;perfecti
1430 929 1550 966 vero
1582 917 1751 967 tacent
1777 919 1824 967 et
1847 915 1940 969 lu-

335 1005 462 1072 gent.
496 1000 734 1071 Perfecti
786 1007 929 1057 tanta
976 1001 1144 1073 magis
1191 1002 1253 1056 de
1278 1000 1467 1056 alienis
1511 1001 1719 1057 damnis
1766 1002 1943 1059 dolent

334 1097 530 1161 quanto
559 1090 736 1147 minus
764 1091 828 1147 de
867 1091 998 1148 suis.
1030 1121 1102 1134 —
1129 1089 1274 1159 Quid
1305 1098 1387 1147 est
1433 1091 1669 1148 clamare
1713 1099 1935 1162 terram,

332 1180 538 1237 deﬂere
569 1182 772 1250 sulcos,
797 1190 851 1237 et
870 1181 1086 1238 fructus
1102 1182 1352 1254 proprios
1372 1180 1604 1239 emendo
1623 1182 1939 1239 comedere?

331 1272 429 1329 Cui
459 1290 712 1347 unquam
743 1291 965 1332 necesse
981 1282 1062 1331 est
1092 1291 1190 1331 sua
1208 1274 1426 1331 emere?
1446 1273 1580 1342 Quis
1608 1275 1936 1331 clamantem

332 1362 555 1418 audivit
571 1370 773 1419 terram
794 1363 823 1418 ?
852 1363 987 1431 Quis
1015 1363 1197 1420 sulcos
1225 1362 1486 1419 deﬂentes
1516 1362 1702 1419 vidit?
1729 1372 1784 1420 et
1811 1380 1937 1420 cum

329 1452 466 1509 sulci
497 1460 664 1509 terra
694 1469 910 1526 semper
938 1470 1006 1510 ex
1039 1462 1187 1509 terra
1214 1453 1348 1520 sint,
1382 1452 1516 1525 quid
1545 1461 1627 1509 est
1642 1453 1787 1526 quod
1817 1469 1937 1524 pro-

329 1542 684 1599 nuntiatione
714 1541 978 1599 distincta
1006 1550 1062 1599 et
1077 1543 1341 1599 clamasse
1372 1550 1534 1610 terra,
1569 1549 1625 1597 et
1652 1543 1790 1598 sulci
1820 1541 1937 1613 ejus

330 1647 457 1687 cum
478 1648 549 1688 ea
567 1631 793 1689 deﬂesse
808 1632 1177 1706 denegantur?
1199 1631 1334 1689 Cum
1359 1632 1507 1688 enim
1529 1632 1673 1687 nihil
1696 1632 1767 1688 sit
1785 1631 1935 1687 aliud

334 1719 529 1778 sulcus
550 1729 708 1777 terra
729 1737 892 1795 quam
907 1730 1072 1790 terra,
1099 1738 1308 1794 magna
1325 1721 1703 1777 distinctionis
1723 1720 1935 1776 ratione

334 1824 444 1863 non
475 1818 650 1878 caret,
682 1810 814 1866 dum
845 1809 1167 1884 subjungit:
1199 1813 1414 1867 Etcum
1442 1828 1502 1866 ea
1530 1808 1664 1865 sulci
1693 1808 1805 1878 ejus
1836 1809 1937 1864 de-

327 1899 478 1967 ﬂent.
508 1897 631 1965 Qua
658 1899 917 1957 videlicet
945 1901 1003 1955 in
1034 1917 1091 1956 re
1124 1901 1255 1973 quia
1283 1899 1418 1955 ordo
1449 1898 1697 1955 historia
1727 1897 1935 1967 deﬁcit,

328 2002 452 2043 sese
490 1986 653 2043 nobis
682 1989 988 2047 intellectus
1017 1989 1286 2062 mysticus
1314 1989 1468 2062 quasi
1490 1988 1691 2061 apertis
1713 1986 1829 2059 jam
1860 1987 1939 2043 fo-

329 2075 494 2132 ribus
525 2077 783 2135 ostendit.
816 2081 897 2137 Ac
925 2080 971 2136 si
1016 2088 1264 2152 patenter
1310 2080 1543 2136 clamet:
1589 2078 1730 2146 Quia
1758 2076 1941 2133 ratio-

328 2180 457 2221 nem
492 2165 691 2223 littera
718 2167 985 2225 defecisse
1003 2168 1352 2242 cognoscitis.
1384 2168 1651 2223 nimirum
1682 2174 1850 2224 restat
1878 2173 1941 2222 ut

328 2253 396 2309 ad
428 2270 522 2310 me
554 2256 674 2313 sine
695 2244 1044 2315 dubitatione
1060 2258 1313 2315 redeatis.
1338 2257 1534 2315 Omnis
1552 2257 1701 2313 enim
1722 2256 1819 2329 qui
1849 2255 1937 2311 vel

326 2341 552 2411 privato
574 2342 701 2415 jure
728 2345 1087 2403 domesticam
1116 2346 1384 2401 familiam
1401 2344 1561 2417 regit,
1582 2344 1668 2400 vel
1701 2358 1801 2415 pro
1831 2341 1938 2397 uti-

324 2428 485 2487 litate
535 2435 821 2489 communi
867 2433 1126 2490 ﬁdelibus
1171 2433 1427 2505 plebibus
1465 2440 1679 2504 praest,
1736 2431 1795 2486 in
1836 2430 1943 2488 hoc

319 2519 479 2592 quod
505 2519 639 2592 jura
663 2522 952 2592 regiminis
982 2523 1041 2577 in
1061 2521 1375 2577 commissis
1403 2520 1510 2576 sibi
1540 2519 1795 2575 ﬁdelibus
1823 2537 1941 2591 pos-

316 2609 501 2677 sidet,
538 2610 677 2682 quid
705 2610 857 2667 aliud
872 2627 1037 2683 quam
1056 2619 1260 2667 terram
1284 2610 1630 2668 incolendam
1659 2611 1837 2667 tenet?
1856 2613 1941 2669 Ad

320 2695 443 2753 hoc
476 2696 688 2769 quippe
707 2697 899 2754 divina
909 2699 1317 2772 dispensatione
1337 2700 1546 2756 cateris
1566 2699 1939 2773 unusquisque

323 2785 704 2858 praeponitur,
738 2794 799 2842 ut
827 2787 1199 2859 subjectorum
1230 2789 1467 2855 animus,
1503 2787 1679 2861 quasi'
1713 2788 1940 2845 subacta

322 2882 496 2943 terra,
548 2876 957 2947 praedicationis
990 2880 1144 2935 illius
1186 2880 1393 2937 semine
1442 2879 1785 2938 fecundetur.
1832 2881 1938 2938 Sed

324 2971 473 3020 terra
504 2973 702 3022 contra
743 2983 1106 3039 possessorem
1137 2970 1356 3038 clamat,
1388 2969 1435 3025 si
1464 2976 1659 3026 contra
1685 2986 1812 3027 eum
1841 2972 1937 3044 qui

326 3053 438 3110 sibi
467 3063 669 3126 praest
702 3056 723 3091 ³
753 3055 966 3129 aliquid
989 3056 1202 3130 justum
1234 3058 1322 3114 vel
1352 3058 1567 3130 privata
1594 3057 1814 3127 domus,
1847 3060 1936 3115 vel

2055 520 2309 578 lectionis
2341 522 2519 578 attriti
2547 531 2695 589 sunt,
2728 531 2892 597 atque
2925 527 2995 582 ad
3022 525 3234 601 frugem
3276 532 3409 589 boni
3471 538 3652 608 operis

2052 611 2282 679 exculti,
2316 611 2530 683 gravari
2551 611 2638 669 vel
2661 612 2719 669 in
2750 614 2997 671 minimis
3018 615 3336 676 innocentes
3355 625 3650 695 aspiciunt,

2055 718 2150 773 per
2164 702 2600 773 compassionem
2621 703 2872 775 protinus
2886 704 2956 761 ad
2971 704 3211 763 lamenta
3223 717 3648 783 convertuntur,

2052 792 2181 864 quia
2213 792 2366 848 velut
2395 808 2492 848 sua
2521 792 2788 865 plangunt
2816 810 2879 850 ea
2907 812 3028 868 qua
3056 796 3299 868 proximi
3316 797 3520 870 injuste
3547 819 3655 874 pa-

2051 882 2288 938 tiuntur.
2322 882 2557 939 Perfecti
2586 899 2823 957 namque
2842 885 2863 919 ⁵
2894 901 3021 942 cum
3050 903 3265 959 semper
3292 887 3361 944 de
3389 890 3652 962 spiritali-

2049 971 2153 1027 bus
2183 980 2528 1041 moveantur,
2561 981 2714 1030 tanto
2742 975 2927 1032 sciunt
2956 977 3022 1033 de
3039 976 3235 1035 alienis
3266 980 3650 1053 corporalibus

2049 1061 2265 1118 damnis
2294 1063 2671 1134 ingemiscere,
2696 1072 2901 1137 quanto
2915 1063 3031 1136 jam
3061 1068 3240 1125 edocti
3271 1077 3400 1125 sunt
3418 1086 3530 1126 non
3558 1071 3652 1129 do-

2050 1150 2160 1205 lere
2187 1150 2255 1206 de
2284 1151 2416 1207 suis.
2452 1152 2644 1209 Omnis
2673 1170 2801 1226 ergo
2849 1155 2945 1229 qui
2978 1165 3190 1229 praest,
3223 1159 3271 1214 si
3299 1175 3556 1231 perversa
3592 1162 3651 1219 in

2047 1238 2284 1295 subditis
2312 1249 2549 1309 exercet,
2583 1250 2776 1299 contra
2806 1242 2955 1301 hunc
2984 1252 3130 1302 terra
3171 1246 3392 1318 clamat,
3425 1257 3481 1305 et
3509 1250 3651 1307 sulci

2048 1329 2269 1398 deﬂent,
2302 1330 2636 1403 quiacontra
2678 1332 2796 1404 ejus
2846 1334 3177 1405 injustitiam
3207 1338 3371 1396 rudes
3426 1339 3650 1412 quidem

2046 1420 2234 1492 populi
2266 1420 2323 1477 in
2341 1422 2794 1478 murmurationis
2815 1424 3043 1480 vocibus
3075 1437 3391 1499 erumpunt,
3415 1431 3509 1486 sed
3528 1446 3650 1502 per-

2046 1509 2175 1565 fecti
2207 1508 2410 1582 quique
2443 1526 2541 1582 pro
2569 1526 2738 1583 pravo
2795 1511 2914 1583 ejus
2970 1530 3135 1585 opere
3166 1532 3282 1572 sese
3340 1518 3399 1572 in
3428 1519 3651 1577 ﬂetibus

2045 1599 2316 1671 afﬂigunt,
2350 1600 2606 1674 quodque
2626 1600 2868 1673 imperiti
2898 1603 3139 1661 clamant
3166 1613 3221 1662 et
3240 1606 3262 1641 ⁶
3293 1622 3407 1663 non
3434 1607 3649 1675 dolent,

2047 1689 2154 1747 hoc
2184 1688 2517 1761 probatioris
2546 1691 2676 1747 vitae
2703 1691 2937 1764 subjecti
2966 1693 3171 1751 deﬂent
3198 1704 3254 1753 et
3272 1704 3473 1753 tacent.
3507 1696 3649 1754 Cum

1971 1797 2017 1858 Β
2046 1780 2320 1837 clamante
2348 1796 2478 1852 ergo
2492 1788 2639 1836 terra
2665 1782 2846 1838 sulcos
2875 1784 3129 1857 plangere
3147 1792 3229 1841 est
3256 1802 3353 1858 per
3370 1785 3477 1842 hoc
3504 1785 3650 1843 unde

2050 1868 2351 1925 multitudo
2380 1867 2631 1925 ﬁdelium
2654 1869 2802 1942 juste
2832 1879 3024 1929 contra
3067 1881 3335 1931 rectorem
3393 1874 3648 1948 queritur

2050 1958 2322 2016 uberioris
2352 1960 2481 2015 vita
2509 1960 2763 2018 homines
2791 1962 2860 2018 ad
2888 1963 3129 2020 lamenta
3157 1963 3462 2035 pervenire.
3496 1964 3650 2023 Sulci

2051 2050 2235 2123 itaque
2262 2058 2315 2107 et
2343 2066 2413 2107 ex
2442 2058 2588 2108 terra
2615 2061 2764 2121 sunt,
2796 2061 2851 2111 et
2878 2062 3063 2112 tamen
3083 2056 3103 2090 ⁷
3138 2061 3343 2112 aterra
3373 2055 3650 2113 vocabulo

2051 2138 2486 2212 distinguuntur,
2519 2142 2649 2215 quia
2694 2142 2754 2199 hi
2783 2144 2879 2217 qui
2907 2145 2966 2201 in
2995 2153 3183 2203 sancta
3209 2145 3456 2203 Ecclesia
3485 2160 3651 2202 men-

2051 2236 2163 2285 tem
2192 2245 2346 2286 suam
2376 2230 2563 2288 labore
2591 2241 2791 2290 sancta
2820 2234 3195 2293 meditationis
3226 2236 3507 2303 excolunt,
3539 2251 3648 2292 ca-

2050 2319 2184 2376 teris
2212 2318 2469 2378 ﬁdelibus
2515 2331 2669 2379 tanto
2700 2324 2955 2381 meliores
2983 2333 3135 2394 sunt,
3170 2332 3377 2398 quanto
3424 2341 3521 2399 per
3548 2342 3650 2383 ac-

2050 2418 2209 2482 cepta
2236 2411 2449 2467 semina
2475 2410 2821 2469 fecundiores
2840 2429 3067 2484 operum
3083 2413 3265 2485 fruges
3293 2412 3552 2470 reddunt.
3577 2415 3650 2471 Et

2050 2507 2182 2556 sunt
2210 2500 2466 2555 nonnulli
2495 2500 2612 2573 qui,
2634 2501 2837 2557 sanctis
2859 2500 3113 2573 plebibus
3130 2502 3360 2574 pralati,
3383 2503 3513 2559 vita
3528 2502 3648 2575 qui-

2049 2587 2175 2645 dem
2230 2588 2504 2660 stipendia
2532 2605 2600 2645 ex
2620 2589 2988 2648 ecclesiastica
3016 2590 3263 2663 largitate
3291 2606 3650 2665 consequun-

2047 2684 2158 2745 tur,
2193 2678 2214 2713 ⁸
2242 2678 2338 2735 sed
2391 2677 2791 2736 exhortationis
2820 2679 3127 2737 ministeria
3165 2680 3353 2739 debita
3390 2696 3503 2739 non
3532 2681 3639 2738 im-

2049 2767 2313 2839 pendunt.
2348 2767 2550 2826 Contra
2591 2785 2727 2843 quos
2755 2769 2937 2827 adhuc
2977 2771 3294 2843 exemplum
3334 2770 3510 2829 sancti
3538 2770 3648 2827 viri

2048 2863 2191 2914 recte
2220 2855 2591 2930 subjungitur,
2623 2875 2749 2915 cum
2778 2858 2845 2915 ab
2874 2876 2938 2916 eo
2967 2860 3219 2933 protinus
3247 2858 3350 2916 sub
3376 2859 3645 2917 infertur:

2441 2963 2671 3021 CAPUT
2700 2965 2857 3023 xxu
2890 2965 3035 3039 [Rec.
3066 2964 3241 3039 XVI].

2116 3050 2291 3107 Vnus.
2332 3050 2421 3108 39.
2453 3083 2524 3094 —
2563 3052 2621 3109 Si
2645 3052 2855 3124 fructus
2883 3054 2998 3125 ejus
3026 3052 3221 3110 comedi
3254 3052 3448 3125 absque
3473 3069 3646 3127 pecu-

330 3150 527 3199 saucta
553 3144 803 3202 Ecclesia
834 3155 1163 3203 murmurat.
1210 3146 1458 3204 Clamare
1505 3149 1711 3221 quippe
1739 3155 1941 3205 terram
1982 3155 2026 3218 C,
2051 3142 2163 3199 nia.

326 3237 407 3286 est
425 3225 624 3288 contra
638 3233 886 3305 regentis
897 3233 972 3306 inj
980 3235 1225 3292 ustitiam
1247 3236 1646 3293 rationabiliter
1662 3236 1941 3309 subjectos

329 3320 540 3376 dolere.
576 3321 678 3378 Ubi
708 3330 853 3379 recte
909 3323 1301 3397 subjungitur:
1334 3326 1409 3382 Et
1433 3342 1554 3380 cum
1579 3342 1639 3381 ea
1668 3326 1804 3381 sulci
1826 3325 1940 3395 ejus

331 3409 545 3480 deﬂent.
577 3410 743 3467 Terra
770 3413 942 3481 enim,
989 3414 1156 3470 etiam
1204 3416 1373 3471 nullis
1402 3414 1662 3487 operibus
1692 3416 1933 3484 exculta,

329 3500 656 3573 plerumque
685 3501 752 3558 ad
773 3518 934 3558 usum
952 3502 1195 3560 hominis
1214 3505 1437 3577 aliquod
1458 3504 1784 3559 alimentum
1815 3522 1936 3577 pro-

328 3586 460 3654 fert,
492 3597 716 3646 exarata
742 3607 874 3647 vero
892 3591 1078 3664 fruges
1107 3593 1175 3648 ad
1196 3593 1503 3649 satietatem
1526 3591 1688 3663 parit.
1707 3592 1780 3646 Et
1808 3598 1937 3647 sunt

332 3676 600 3730 nonnulli
628 3677 722 3748 qui
748 3680 898 3735 nullo
916 3681 1189 3750 lectionis,
1220 3682 1379 3737 nullo
1406 3684 1812 3740 exhortationis
1843 3702 1936 3740 vo-

335 3778 490 3819 mere
547 3768 821 3837 proscissi,
879 3770 1131 3842 quadam
1171 3769 1336 3837 bona,
1397 3772 1652 3843 quamvis
1683 3771 1931 3841 minima,

330 3860 519 3911 tamen
549 3871 621 3911 ex
648 3857 954 3929 semetipsis
981 3858 1288 3930 proferunt,
1323 3859 1478 3931 quasi
1527 3867 1673 3915 terra
1700 3859 1934 3916 necdum

330 3952 573 4001 exarata.
606 3944 746 4002 Sunt
765 3963 895 4003 vero
916 3948 1171 4003 nonnulli
1200 3948 1316 4021 qui,
1349 3948 1767 4006 adaudiendum
1798 3966 1934 4006 sem-

332 4050 426 4105 per
452 4042 619 4108 atque
635 4036 986 4092 retinendum
1006 4038 1210 4094 sanctis
1230 4037 1713 4111 pradicationibus
1728 4057 1790 4096 ac
1810 4056 1937 4095 me-

331 4123 699 4182 ditationibus
729 4125 949 4194 intenti,
999 4144 1030 4184 a
1058 4129 1229 4200 priori
1276 4130 1477 4185 mentis
1505 4129 1730 4198 duritia,
1776 4131 1934 4203 quasi

334 4214 569 4285 quodam
601 4216 805 4287 lingua
834 4233 1056 4274 vomere
1087 4220 1106 4253 ³
1140 4218 1318 4286 scissi,
1351 4218 1563 4275 semina
1583 4219 1936 4275 exhortatio—

336 4302 418 4357 nis
445 4303 746 4374 accipiunt,
779 4312 834 4360 et
862 4304 1046 4377 fruges
1075 4305 1205 4361 boni
1245 4306 1425 4379 operis
1472 4323 1568 4379 per
1597 4308 1778 4363 sulcos
1825 4324 1936 4363 vo-

338 4395 586 4452 luntaria
615 4396 932 4455 aﬂlictionis
962 4398 1218 4455 reddunt.
1243 4398 1395 4470 Sape
1423 4414 1553 4455 vero
1574 4400 1845 4472 contingit
1874 4406 1937 4455 ut

335 4481 390 4538 hi
423 4485 519 4557 qui
548 4495 789 4556 prasunt
818 4486 1024 4559 injusta
1052 4488 1237 4561 aliqua
1264 4487 1487 4555 faciant,
1533 4487 1705 4561 ﬁtque
1734 4496 1796 4543 ut
1828 4488 1932 4560 ipsi

337 4571 597 4645 subjectis
618 4585 848 4633 noceant
864 4577 960 4649 qui
989 4576 1243 4650 prodesse
1272 4577 1593 4633 debuerant.
1622 4581 1766 4641 725
1796 4575 1928 4644 Qua?

337 4670 465 4726 dum
495 4672 661 4729 rudes
690 4675 894 4747 quique
923 4674 1293 4747 conspiciunt,
1324 4674 1587 4731 commoti
1615 4681 1807 4730 contra
1835 4689 1931 4728 re—

338 4768 538 4820 ctorem
568 4772 937 4833 murmurant,
972 4782 1072 4824 nec
1098 4773 1281 4822 tamen
1330 4763 1489 4819 valde
1537 4763 1805 4834 proximis
1836 4779 1931 4835 per

410 4979 420 5009 '
456 4975 619 5034 Corb.
652 4975 861 5045 Germ.,
892 4977 1103 5046 Norm.,
1136 4976 1317 5034 Germ.
1351 4982 1405 5031 et
1433 4975 1627 5043 Laud.,
1660 4975 1928 5032 substrata

338 5053 632 5188 “Ti'l'diti,
654 5120 866 5190 aliquid
890 5119 1151 5190 injustam
1169 5138 1181 5187 ;
1197 5128 1252 5175 at
1270 5127 1461 5176 contra
1487 5118 1661 5191 sancti
1678 5119 1925 5191 Gregorii

338 5199 573 5265 mentem
600 5209 611 5246 :
646 5189 892 5265 loquitur
912 5189 1057 5265 enim
1078 5199 1297 5265 sanctus
1316 5193 1519 5265 Doctor
1536 5191 1603 5246 de
1617 5189 1782 5265 justis
1794 5189 1925 5265 que-

339 5264 464 5318 relis
494 5271 693 5351 contra
717 5261 1133 5351 praepositorum
1164 5262 1517 5351 injustitiam,
1561 5261 1628 5317 ut
1652 5261 1830 5351 palam
1860 5261 1925 5351 ﬁt

336 5350 403 5406 ex
422 5333 799 5406 sequentibus.
824 5333 1090 5390 Caterum
1110 5333 1331 5391 lectioni
1361 5341 1560 5389 nostra
1576 5333 1929 5388 consentiunt

336 5404 743 5486 Codz'ltnglic.,
774 5406 985 5473 Norm.,
1002 5406 1176 5486 _La_ud.
1210 5414 1263 5460 et
1290 5406 1569 5486 Sangerm.
1600 5482 1609 5486 Δ
1719 5475 1728 5484 ο

406 5479 427 5510 ³
458 5474 632 5558 Uticf,
660 5474 860 5559 scissa,‘
876 5477 1021 5558 quod
1041 5477 1205 5559 etiam
1236 5477 1385 5559 prius
1406 5474 1685 5559 legebatur
1714 5475 1777 5559 in
1801 5474 1929 5559 Bec-

336 5548 525 5613 censi;
558 5548 742 5617 scissa,
775 5546 968 5605 referri
998 5554 1175 5620 potest
1202 5546 1270 5603 ad
1313 5546 1578 5604 duritiam
1608 5546 1831 5613 mentis,
1863 5546 1931 5603 de

373 5635 447 5675 ua
475 5635 541 5674 su
581 5638 658 5676 ra.

337 5636 369 5691 (Ι
390 5692 428 5769 ’⁸
462 5637 585 5747 Var.
619 5692 725 5760 CL,
755 5699 941 5749 aratro
971 5690 1211 5748 actionis.
1243 5689 1438 5755 Laud.,
1470 5700 1656 5749 aratro
1688 5690 1932 5748 sulcatio-

346 5778 447 5818 ms.

2118 3231 2207 3290 53.
2242 3234 2510 3301 Quantum
2535 3239 2738 3306 peccent
2759 3235 2997 3308 pralati,
3029 3235 3123 3308 qui
3142 3235 3276 3293 bona
3302 3235 3649 3295 ecclesiastica

2045 3322 2180 3378 muti
2207 3323 2496 3379 comedunt.
2532 3325 2797 3392 Quantam
2843 3324 3255 3383 sollicitudinem
3294 3325 3396 3382 sibi
3422 3326 3647 3383 subditis

2046 3413 2261 3470 debeant
2287 3414 2381 3485 qui
2402 3422 2660 3487 pra-sunt.
2683 3447 2754 3458 —
2770 3416 3005 3474 Fructus
3034 3416 3240 3473 etenim
3256 3424 3414 3473 terra
3442 3416 3648 3491 absque

2045 3504 2278 3574 pecunia
2306 3505 2589 3562 comedere
2618 3514 2699 3562 est
2726 3523 2795 3562 ex
2851 3506 3106 3564 Ecclesia
3134 3506 3360 3580 quidem
3392 3513 3647 3579 sumptus

2044 3593 2309 3665 accipere,
2343 3594 2437 3650 sed
2458 3595 2635 3651 eidem
2656 3594 2915 3653 Ecclesia
2935 3598 2957 3632 ⁹
2981 3595 3388 3669 pradicationis
3408 3596 3647 3670 pretium

2044 3699 2155 3737 non
2185 3682 2444 3756 prabere.
2468 3686 2546 3740 De
2575 3700 2683 3756 qua
2711 3684 2971 3761 videlicet
2987 3684 3377 3758 praedicatione
3405 3685 3647 3742 auctoris

2045 3788 2178 3828 voce
2206 3773 2413 3829 dicitur
2437 3791 2449 3829 :
2502 3774 2751 3845 Oportuit
2781 3779 2825 3829 te
2844 3774 3158 3829 committere
3180 3773 3459 3844 pecuniam
3476 3789 3648 3828 meam

2043 3861 2439 3925 nummulariis,
2472 3867 2519 3915 et
2570 3861 2777 3915 veniens
2805 3878 2891 3931 ego
2945 3861 3248 3931 recepissem
3299 3860 3479 3929 utique
3506 3862 3648 3930 quod

2047 3965 2214 4005 meum
2241 3954 2358 4003 erat
2385 3964 2503 4003 cum
2522 3964 2691 4003 usura
2722 3950 2941 4018 (Matth.
2974 3965 3109 4016 xxv,
3132 3947 3249 4019 27).
3282 3948 3460 4003 Terra
3476 3948 3646 4019 igitur

2044 4038 2256 4095 fructus
2275 4037 2477 4111 absque
2491 4038 2722 4110 pecunia
2733 4036 2991 4105 comedit,
3006 4036 3100 4110 qui
3112 4037 3480 4094 ecclesiastica
3496 4054 3644 4095 com-

2045 4128 2208 4184 moda
2236 4128 2304 4184 ad
2334 4143 2495 4183 usum
2524 4127 2769 4199 corporis
2819 4125 3073 4199 percipit,
3106 4125 3201 4182 sed
3240 4126 3644 4183 exhortationis

2044 4218 2415 4275 ministerium
2438 4217 2641 4291 populo
2671 4233 2781 4273 non
2813 4215 3103 4289 impendit.
3127 4215 3274 4284 Quid
3295 4216 3364 4273 ad
3396 4216 3513 4275 hac
3542 4232 3644 4273 nos

2045 4316 2286 4382 pastores
2307 4308 2565 4376 dicimus,
2589 4308 2684 4380 qui
2700 4306 2999 4364 adventum
3021 4305 3259 4363 districti
3277 4305 3485 4378 judicis
3504 4321 3643 4379 pra-

2044 4406 2343 4466 currentes,
2377 4396 2618 4452 ofﬁcium
2636 4395 2859 4468 quidem
2880 4395 3149 4468 praeconis
3161 4394 3514 4467 suscipimus,
3547 4394 3642 4450 sed

2044 4487 2305 4542 alimenta
2334 4485 2702 4542 ecclesiastica
2730 4484 2871 4539 muti
2892 4483 3288 4540 manducamus
3308 4483 3643 4555 ?Exigimus

2044 4575 2191 4647 quod
2220 4581 2408 4630 nostro
2438 4572 2671 4629 debetur
2714 4573 2952 4645 corpori,
2985 4573 3079 4629 sed
3127 4590 3238 4629 non
3269 4571 3641 4644 impendimus

2040 4666 2189 4739 quod
2217 4664 2589 4737 subjectorum
2619 4663 2882 4720 debemus
2913 4663 3090 4721 cordi.
3125 4665 3270 4722 Ecce
3302 4664 3390 4719 vir
3419 4671 3640 4720 sanctus

2038 4764 2121 4812 tot
2152 4756 2208 4812 in
2240 4756 2345 4813 hoc
2374 4755 2573 4813 saculo
2603 4755 2925 4829 pignoribus
2958 4755 3275 4822 obstrictus,
3309 4756 3452 4810 inter
3480 4768 3638 4809 occu-

2107 4975 2129 5008 ⁵
2160 4973 2283 5030 Val.
2316 4973 2423 5041 CL,
2453 4990 2570 5028 cum
2596 4968 3183 5046 semperdedefectibus
3212 4981 3317 5046 non
3329 4969 3639 5044 moveantur

2036 5040 2423 5115 corporalibus,
2438 5052 2579 5100 tanta
2598 5040 2767 5099 scin-nt
2781 5042 3044 5116 dealienis
3059 5040 3267 5116 damnis
3288 5040 3634 5116 ingemiscere.

2034 5112 2228 5183 Laud.,
2258 5123 2568 5172 moveantur
2586 5133 2691 5188 non
2721 5113 3109 5188 corporalibus,
3129 5113 3273 5188 tanta
3302 5112 3493 5188 sciunt,
3510 5114 3632 5188 etc.

2105 5190 2126 5223 ⁶
2154 5178 2491 5259 Depravatus
2506 5196 2587 5244 est
2605 5187 2696 5243 hic
2728 5178 2875 5259 locus
2900 5186 2956 5259 in
2978 5184 3161 5238 Germ.
3193 5185 3247 5235 et
3276 5178 3637 5259 recent._Edi-

2035 5259 2124 5324 tis,
2157 5250 2398 5332 maxime
2427 5254 3003 5332 defectugncgationis,
3039 5267 3203 5332 quam
3226 5250 3633 5332 supplevimus

2035 5322 2334 5384 ert-nostris
2388 5331 2515 5385 Mss.
2552 5336 2606 5384 et
2635 5322 2888 5397 Anglic;
2923 5322 3073 5380 alias'
3110 5322 3339 5397 sublata
3364 5322 3636 5397 particula

2035 5417 2160 5466 non,
2191 5400 2377 5455 deﬁcit
2406 5393 2750 5465 antithesis;
2774 5405 2828 5453 et
2881 5396 3149 5453 sermonis
3204 5393 3395 5465 gratia.
3429 5393 3490 5449 In
3520 5400 3633 5450 vet.

2038 5471 2289 5552 vulgatis
2316 5471 2516 5552 legitur
2543 5487 2650 5524 non
2677 5470 2864 5539 deflent
2882 5485 2981 5552 pro
3011 5486 3117 5525 non
3145 5466 3342 5522 dolent.

2112 5546 2129 5578 ⁷
2162 5544 2275 5610 AL,
2307 5561 2341 5598 a
2372 5548 2534 5597 ter-ra.

2115 5618 2135 5650 ⁸
2164 5613 2359 5681 Laud.,
2392 5613 2799 5670 exercitationis.

2114 5689 2134 5724 9
2165 5686 2360 5754 Laud.,
2388 5686 2783 5759 pradicationis
2801 5685 3051 5757 friurtmn.
