4162 6184
469 293 572 350 247

1687 282 1936 342 SANCTI
1973 282 2312 343 GREGORII
2348 283 2576 342 MAGNI

3677 291 3778 346 248

469 418 718 494 pationes
747 416 1064 472 innumeras
1091 411 1233 467 liber
1259 411 1328 467 ad
1367 408 1612 465 studium
1657 409 2068 482 pradicationis
2095 412 2146 472 Α
2170 426 2274 482 pro
2303 409 2572 480 frumento
2605 409 2856 479 tributus,
2885 417 2937 466 et
2956 411 3061 483 pro
3091 409 3284 468 hordeo
3311 412 3488 483 spina.
3520 439 3592 454 -
3622 413 3701 470 Ac
3731 415 3777 470 si

468 508 596 565 fuit.
627 505 736 574 Qui
763 505 974 560 fructus
989 509 1264 560 terranun
1276 516 1441 573 quam
1471 499 1588 558 sine
1618 501 1853 572 pecunia
1879 515 2075 556 come-

469 595 573 664 dit,
604 595 735 670 quia
762 591 1029 649 nimirum
1045 589 1284 647 subditis
1304 590 1535 646 verbum
1563 589 1723 646 bona
1743 589 2074 647 admonitio-

469 687 558 744 nis
583 682 844 751 reddidit,
860 699 892 738 a
905 679 1108 754 quibus
1127 680 1340 737 fructus
1377 695 1651 752 corporea
1670 680 1956 736 servitutis
1973 698 2074 737 ac-

469 775 631 849 cepit.
656 775 771 831 Hoc
788 789 1026 846 namque
1041 771 1203 828 debet
1217 770 1584 842 omnipotenti
1606 771 1718 826 Deo
1757 771 1938 826 omnis
1975 771 2072 844 qui

467 870 661 938 praest
675 859 1010 935 populo,hoc
1022 859 1118 932 qui
1130 858 1453 928 multis,hoc
1464 859 1557 932 qui
1575 859 1925 931 paucioribus
1941 876 2073 932 pra-

467 961 569 1022 est,
591 960 654 1010 ut
667 952 748 1009 sic
757 949 946 1008 debita
961 948 1270 1006 ministeria
1286 964 1318 1004 a
1337 947 1576 1004 subditis
1591 947 2074 1020 exigat,quatenus

470 1045 585 1118 ipse
605 1043 771 1101 etiam
793 1041 929 1115 quid
949 1057 1162 1112 semper
1177 1037 1578 1096 admonitionis
1589 1037 1783 1095 debeat
1799 1039 2072 1098 sollicitus

467 1132 734 1191 attendat.
753 1131 959 1188 Omnes
969 1145 1206 1202 namque
1222 1127 1317 1201 qui
1329 1127 1432 1184 sub
1447 1127 1858 1200 dispensatione
1879 1129 2071 1186 condi-

467 1223 605 1279 toris
633 1221 844 1278 vicario
872 1218 1034 1275 nobis
1082 1217 1394 1274 ministerio
1417 1215 1706 1289 jungimur
1733 1216 1836 1273 sub
1868 1234 1980 1274 uno
2008 1235 2072 1276 ac

467 1325 600 1366 vero
627 1305 888 1374 Domino,
934 1305 1068 1380 quid
1097 1303 1258 1361 nobis
1315 1305 1468 1362 aliud
1499 1309 1644 1368 726
1675 1305 1782 1362 nisi
1827 1306 2068 1364 invicem

468 1405 616 1463 servi
645 1422 836 1462 sumus
857 1404 885 1462 ‘i
905 1404 1043 1462 Cum
1075 1404 1244 1477 igitur
1263 1405 1310 1461 is
1330 1405 1426 1478 qui
1455 1404 1644 1461 subest
1662 1404 1834 1462 servit
1861 1403 1930 1460 ad
1960 1403 2070 1460 ob-

469 1495 736 1568 sequiem,
767 1500 936 1552 restat
954 1493 1148 1566 procul
1177 1491 1349 1550 dubio
1371 1500 1433 1548 ut
1462 1493 1508 1548 is
1525 1492 1622 1564 qui
1652 1499 1848 1564 praest
1864 1492 2068 1549 serviat

468 1583 538 1642 ad
593 1583 845 1640 verbum.
879 1582 1016 1641 Cum
1047 1582 1095 1638 is
1124 1582 1219 1655 qui
1275 1581 1462 1638 subest
1495 1579 1666 1652 jussis
1705 1581 2064 1652 obtemperat,

469 1679 687 1746 oportet
705 1679 766 1727 ut
785 1672 834 1728 is
849 1671 945 1744 qui
966 1677 1162 1742 praest
1175 1685 1366 1726 curam
1385 1667 1784 1726 sollicitudinis
1803 1685 1866 1725 ac
1883 1669 2069 1742 pieta-

2183 505 2369 571 aperte
2399 498 2582 556 dicat:
2616 500 2676 555 Si
2706 499 2976 572 injustam
3007 500 3142 573 quid
3185 517 3311 574 erga
3337 501 3588 558 subditos
3617 503 3777 576 gessi,

2183 589 2229 644 si
2258 589 2416 661 exegi
2449 588 2658 658 debita,
2690 581 2745 646 et
2775 590 2889 663 ipse
2921 590 3068 664 quod
3095 589 3261 648 debui
3290 607 3400 647 non
3433 591 3701 664 impendi,
3733 591 3782 648 si

2184 678 2640 734 exercitationem
2661 677 2794 734 boni
2810 679 2990 752 operis
3005 680 3131 736 aliis
3142 679 3340 749 invidi,
3364 696 3464 752 pro
3483 680 3644 737 bonis
3659 697 3784 754 qua

2182 767 2240 823 in
2270 774 2541 824 aternum
2572 767 2850 838 reﬁciunt,
2881 769 3260 826 retribuantur
3297 769 3438 826 mihi
3483 771 3543 826 in
3566 768 3784 842 judicio

2183 857 2327 914 mala
2353 873 2472 930 qua
2502 865 2775 930 pungunt.
2799 858 2904 914 Pro
2924 857 3206 914 frumento
3223 859 3424 931 quippe
3437 859 3699 928 tribulus,
3729 867 3786 917 et

2183 963 2280 1019 pro
2310 945 2516 1003 hordeo
2536 947 2694 1019 spina
2723 947 2924 1014 oritur,
2952 963 3080 1004 cum
3105 947 3161 1002 in
3180 945 3544 1004 retributione
3563 947 3781 1016 ultima,

2177 1042 2247 1100 de
2267 1060 2375 1118 qua
2387 1039 2756 1100 remuneratio
2776 1043 2981 1100 laboris
3018 1044 3302 1116 quaritur,
3322 1045 3550 1116 punctio
3577 1043 3784 1102 doloris

2181 1132 2482 1190 invenitur.
2517 1134 2589 1190 Et
2620 1133 2928 1190 notandum
2949 1131 3098 1206 quod
3119 1133 3262 1188 sicut
3290 1133 3612 1190 afrumento
3643 1133 3784 1190 hor—

2179 1221 2340 1280 deum
2373 1223 2568 1294 distat,
2592 1223 2848 1298 quamvis
2864 1231 3162 1297 utrumque
3181 1221 3390 1280 reﬁciat
3419 1223 3499 1280 sic
3525 1241 3557 1280 a
3575 1224 3783 1283 tribulo

2178 1311 2356 1384 spina,
2391 1313 2646 1386 quamvis
2675 1314 2748 1370 sit
2778 1321 3074 1386 utrumque
3097 1313 3246 1386 quod
3267 1321 3491 1385 pungat,
3515 1313 3646 1386 quia
3671 1315 3784 1372 tri-

2176 1400 2340 1462 bulus
2378 1403 2624 1472 mollior,
2657 1411 2712 1459 et
2741 1403 2808 1460 ad
2838 1402 3193 1477 pungendum
3237 1419 3454 1474 semper
3480 1402 3674 1458 durior
3702 1413 3788 1461 est

2177 1491 2353 1564 spina.
2385 1491 2481 1548 Ait
2509 1508 2638 1565 ergo
2663 1509 2677 1548 :
2707 1493 2816 1549 Pro
2844 1492 3110 1564 frumento
3131 1491 3344 1547 oriatur
3376 1491 3504 1547 mihi
3533 1492 3783 1559 tribulus,

2177 1586 2225 1634 et
2246 1597 2351 1652 pro
2381 1581 2574 1637 hordeo
2589 1582 2766 1654 spina.
2789 1581 2870 1638 Ac
2898 1581 2943 1636 si
2973 1588 3220 1654 patenter
3239 1579 3386 1638 dicat
3407 1599 3418 1638 :
3455 1581 3644 1654 Egisse
3665 1581 3783 1656 qui-

2177 1670 2303 1726 dem
2334 1677 2388 1726 et
2418 1687 2618 1744 magna
2649 1686 2736 1726 me
2766 1677 2821 1726 et
2850 1669 3083 1726 minima
3110 1671 3256 1727 bona
3301 1671 3436 1738 scio,
3468 1669 3563 1727 sed
3593 1671 3640 1727 si
3669 1686 3781 1727 non

469 1762 542 1819 tis
561 1759 862 1834 impendat.
879 1759 1078 1832 Sicque
1097 1757 1162 1814 ﬁt
1187 1766 1250 1814 ut
1268 1757 1404 1815 dum
1428 1757 1671 1815 studiose
1691 1775 1840 1816 nunc
1858 1759 2066 1815 servire
2096 1771 2142 1832 Β
2176 1759 2254 1816 ita
2281 1767 2384 1826 est,
2420 1775 2519 1832 pro
2539 1759 2706 1816 bonis
2731 1760 2944 1832 magnis
2973 1759 3118 1816 mala
3146 1759 3396 1827 minima,
3418 1767 3473 1816 et
3500 1775 3600 1832 pro
3619 1759 3782 1818 bonis

470 1849 630 1907 nobis
658 1849 901 1906 invicem
940 1863 1036 1920 per
1083 1847 1409 1904 charitatem
1450 1847 1704 1918 nitimur,
1735 1849 2067 1922 quandoque

469 1955 598 1998 cum
614 1955 745 1996 vero
760 1937 1000 1994 Domino
1012 1937 1296 1995 communi
1311 1937 1681 1994 exsultatione
1692 1937 2066 1996 dominemur.

472 2027 612 2101 [γει.
645 2027 777 2083 XXI
785 2025 870 2100 V.]
903 2025 1009 2084 Sed
1036 2033 1165 2083 sunt
1185 2026 1440 2084 nonnulli
1469 2027 1564 2100 qui
1593 2026 1652 2082 in
1683 2043 1748 2082 eo
1776 2027 1923 2100 quod
1952 2027 2068 2084 oﬂi-

468 2116 619 2173 cinm
650 2115 1059 2187 pradicationis
1087 2115 1375 2184 exhibent,
1423 2115 1549 2172 aliis
1578 2114 1832 2171 invident
1859 2115 2068 2172 bonum

471 2203 619 2277 quod
650 2203 876 2272 habent,
909 2211 1074 2278 atque
1102 2204 1226 2262 ideo
1239 2203 1355 2276 jam
1385 2204 1656 2262 veraciter
1693 2221 1806 2262 non
1840 2205 2066 2263 habent.

470 2291 685 2361 Quibus
715 2299 862 2349 recte
890 2309 987 2364 per
1043 2293 1307 2351 Iacobum
1362 2293 1605 2351 dicitur:
1641 2295 1794 2363 Quod
1821 2295 1869 2350 si
1897 2297 2070 2351 zelum

469 2401 717 2442 amarum
734 2383 933 2440 habetis
947 2385 1086 2440 inter
1103 2401 1216 2452 vos,
1237 2391 1284 2441 et
1301 2386 1646 2442 contentiones
1661 2392 1784 2441 sunt
1810 2386 1868 2441 in
1895 2385 2072 2441 cordi-

469 2475 564 2530 bus
578 2473 786 2542 vestris,
800 2489 910 2528 non
936 2479 1010 2528 est
1035 2473 1141 2530 ista
1168 2474 1430 2546 sapientia
1445 2475 1722 2530 desursum
1743 2474 2071 2539 descendens.

468 2563 557 2618 sed
578 2569 811 2628 terrm,
831 2561 1106 2627 animalis,
1131 2561 1392 2618 diabolica
1415 2563 1551 2633 (Jac.
1573 2579 1657 2630 ιιι,
1675 2563 1760 2632 14,
1788 2563 1852 2619 15
1858 2577 1900 2635 )’.
1919 2563 2073 2620 Unde

469 2651 564 2709 hic
591 2666 810 2723 quoque
837 2666 965 2706 cum
1007 2649 1218 2706 dictum
1249 2657 1360 2706 est:
1397 2651 1456 2707 Si
1481 2649 1692 2720 fructus
1737 2651 1850 2722 ejus
1877 2653 2074 2709 comedi

469 2739 665 2810 absque
687 2739 934 2811 pecunia,
967 2745 1113 2794 recte
1141 2737 1495 2812 subjungitur
1519 2757 1530 2794 :

1111 2826 1340 2886 CAPUT
1369 2829 1574 2886 XXIII.

541 2919 680 2976 Iam.
713 2949 783 2959 —
810 2919 885 2975 Et
903 2918 1142 2974 animam
1157 2917 1532 2990 agricolarum
1564 2919 1678 2989 ejus
1703 2921 1894 2993 aﬂlim’.

541 3007 630 3066 54.
649 3008 1012 3066 Ecclesiarum
1025 3013 1197 3064 rector
1207 3007 1308 3062 sibi
1323 3008 1379 3062 in
1389 3009 1622 3080 pradica
1630 3009 1766 3064 tione
1795 3025 2076 3082 cooperan-

2177 1848 2430 1906 minimis
2477 1848 2620 1904 mihi
2662 1848 3030 1922 respondeant
3057 1849 3200 1905 mala
3241 1848 3467 1922 majora.
3517 1849 3784 1918 Quamvis

2177 1937 2288 1996 hoc
2317 1937 2558 2011 intelligi
2591 1946 2647 1994 et
2675 1939 2837 1995 aliter
2851 1945 3048 2010 potest.
3074 1940 3136 1994 In
3152 1939 3432 1996 frumento
3460 1939 3662 2012 quippe
3677 1938 3783 2011 spi-

2179 2029 2336 2086 ritale
2365 2044 2523 2100 opus,
2555 2027 2704 2102 quod
2752 2035 2991 2084 mentem
3034 2028 3230 2094 reﬁcit,
3265 2029 3324 2084 in
3363 2028 3570 2086 hordeo
3599 2036 3782 2086 autem

2178 2126 2520 2174 terrenarum
2563 2133 2748 2173 rerum
2790 2116 3128 2190 dispensatio
3177 2121 3322 2180 727
3377 2116 3668 2190 ﬁguratur.
3720 2117 3784 2172 In

2181 2237 2288 2293 qua
2309 2237 2448 2294 sape
2477 2219 2614 2277 dum
2650 2221 2863 2278 servire
2892 2221 3132 2278 inﬁrmis
3162 2228 3326 2294 atque
3354 2218 3670 2277 carnalibus
3697 2235 3784 2274 co-

2181 2309 2381 2382 gimur,
2415 2311 2430 2345 ¹
2465 2309 2621 2383 quasi
2652 2325 2752 2366 sua
2774 2308 3046 2382 jumentis
3091 2309 3355 2366 alimenta
3395 2323 3783 2382 praparamus,

2181 2406 2342 2471 atque
2372 2397 2487 2470 ipse
2515 2407 2831 2455 nostrorum
2859 2415 2994 2455 usus
3023 2414 3250 2471 operum
3280 2397 3436 2472 quasi
3465 2413 3618 2454 more
3645 2395 3787 2452 hor-

2181 2486 2272 2543 dei
2302 2486 2472 2543 habet
2500 2486 2714 2560 aliquid
2743 2487 2810 2544 de
2853 2486 3184 2544 admistione
3212 2487 3512 2560 palearum.
3561 2487 3633 2542 Et
3660 2486 3788 2558 ple-

2184 2592 2419 2649 rumque
2449 2577 2728 2648 contingit
2757 2583 2819 2632 ut
2845 2585 3028 2635 rector
3056 2577 3152 2650 qui
3181 2585 3396 2649 praeest,
3424 2575 3557 2632 dum
3583 2573 3787 2646 injusta

2183 2673 2378 2722 contra
2407 2665 2662 2722 subditos
2694 2674 2932 2735 exercet,
2989 2665 3122 2722 dum
3171 2667 3328 2722 nullo
3355 2665 3531 2722 bonos
3558 2663 3786 2720 blandi-

2185 2761 2372 2808 mento
2405 2753 2644 2821 refovet,
2679 2753 2836 2822 dum,
2861 2753 3008 2826 quod
3028 2753 3252 2826 gravius
3278 2761 3377 2822 est,
3394 2753 3532 2809 bene
3561 2769 3786 2824 operan-

2183 2849 2264 2898 tes
2294 2858 2538 2915 quosque
2569 2857 2638 2896 ex
2671 2840 2885 2897 invidia
2911 2841 3106 2913 aﬂligit
3145 2841 3310 2896 etiam
3345 2839 3594 2914 quadam
3641 2841 3787 2896 bona

2183 2929 2480 3004 aliquando
2515 2929 2702 2998 faciat,
2733 2945 2798 2987 ac
2826 2929 2873 2985 si
2904 2929 3245 2985 frumentum
3276 2937 3438 2997 serat,
3470 2945 3695 3002 seseque
3724 2931 3783 2986 in

2183 3017 2567 3092 dispensandis
2596 3018 2831 3076 terrenis
2858 3018 3022 3075 rebus
3039 3019 3060 3054 ³
3077 3033 3474 3093 nonnunquam
3505 3035 3614 3074 non
3644 3035 3786 3074 ava-

474 3101 612 3156 tibus
641 3117 752 3155 non
783 3097 1034 3154 inuideat.
1076 3129 1127 3138 —
1165 3097 1437 3170 Agricola
1467 3098 1668 3170 quippe
1699 3097 1867 3171 hujus
1913 3106 2072 3156 terra

2184 3109 2329 3168 ritia
2347 3109 2556 3179 studio,
2581 3109 2674 3168 sed
2706 3127 2805 3183 pro
2836 3108 3077 3165 utilitate
3105 3109 3411 3166 carnalium
3455 3109 3700 3178 misceat,
3732 3116 3788 3166 et

471 3196 602 3248 sunt
630 3188 691 3244 hi
721 3187 837 3262 qui,
898 3187 1104 3243 minori
1160 3187 1283 3244 loco
1328 3187 1518 3259 positi,
1577 3203 1686 3260 quo
1715 3188 1903 3245 valent
1929 3189 2066 3256 zelo,

472 3286 682 3354 quanto
713 3285 942 3352 possunt
969 3293 1151 3350 opere,
1184 3277 1254 3334 ad
1272 3276 1642 3334 eruditionem
1665 3285 1866 3335 sancta
1882 3277 2071 3335 Eccle-

472 3373 568 3430 sia
597 3370 654 3426 in
685 3366 1095 3442 praedicationis
1125 3366 1298 3439 gratia
1315 3373 1698 3439 cooperantur.
1733 3365 1882 3435 Quos
1914 3366 2065 3424 vide-

474 3462 604 3520 licet
632 3469 789 3518 terra
819 3457 987 3530 hujus
1015 3455 1282 3530 agricolas
1312 3455 1416 3512 hoc
1444 3462 1528 3512 est
1547 3473 1656 3514 non
1687 3456 1946 3530 afﬂigere,
1982 3473 2070 3514 eo-

475 3568 597 3610 rum
616 3549 898 3607 laboribus
917 3563 1029 3604 non
1047 3546 1316 3614 invidere,
1336 3562 1404 3602 ne
1424 3555 1604 3604 rector
1642 3547 1904 3605 Ecclesia
1937 3547 2071 3603 dum

473 3642 578 3702 soli
607 3640 715 3698 sibi
737 3639 829 3712 jus
850 3637 1256 3712 pradicationis
1288 3636 1556 3706 vindicat,
1583 3638 1748 3693 etiam
1771 3639 1898 3694 aliis
1927 3647 2072 3696 recte

475 3729 904 3806 praedicantibus
931 3727 1148 3786 invidia
1175 3743 1231 3784 se
1263 3725 1548 3782 mordente
1578 3727 1939 3785 contradicat.
1977 3728 2074 3784 Pia

475 3823 678 3880 etenim
708 3827 990 3896 pastorum
1021 3833 1194 3886 mens,
1218 3816 1349 3890 quia
1375 3832 1487 3872 non
1515 3817 1794 3889 propriam
1816 3817 2070 3890 gloriam,

474 3910 570 3969 sed
597 3909 838 3970 auctoris
866 3907 1082 3984 quarit,
1115 3905 1184 3964 ab
1203 3905 1463 3962 omnibus
1491 3906 1612 3962 vult
1640 3905 1892 3978 adjuvari
1925 3905 2074 3980 quod

475 4002 606 4074 agit.
637 4000 844 4056 Fidelis
860 4014 1096 4070 namque
1127 3994 1452 4068 pradicator
1467 4002 1636 4066 optat,
1659 3995 1706 4050 si
1738 3995 1856 4051 ﬁeri
1873 3997 2072 4064 valeat,

475 4096 539 4155 ut
568 4087 856 4142 veritatem
885 4101 1048 4158 quam
1069 4084 1218 4140 solus
1247 4083 1399 4156 loqui
1434 4099 1545 4139 non
1575 4082 1779 4140 suﬂicit
1805 4099 1901 4139 ora
1929 4098 2077 4140 cun-

477 4184 692 4236 ctorum
721 4182 936 4231 sonent.
969 4171 1124 4230 Unde
1152 4188 1279 4230 cum
1326 4173 1489 4229 Josue
1518 4171 1733 4227 duobus
1779 4173 1837 4227 in
1884 4172 2077 4229 castris

477 4261 890 4321 remanentibus
918 4269 1081 4334 atque
1108 4259 1564 4340 prophetantibus
1595 4260 1762 4315 vellet
1791 4259 2074 4328 obsistere,

477 4359 626 4410 recte
654 4368 750 4426 per
777 4353 1004 4425 Moysen
1032 4350 1270 4408 dicitur:
1309 4351 1448 4418 Quid
1493 4350 1764 4406 amularis
1807 4366 1910 4421 pro
1958 4351 2079 4406 me?

434 4437 439 4444 ’
481 4443 612 4513 Quis
641 4441 841 4497 tribuat
867 4441 1110 4496 utomnis
1130 4441 1363 4512 populus
1373 4441 1666 4514 prophelet,
1695 4446 1744 4496 et
1769 4441 1853 4498 det
1880 4441 1952 4496 eis
1969 4441 2076 4498 Do—

2104 4488 2156 4548 D

2180 3199 2259 3256 sic
2287 3197 2531 3270 ejusdem
2552 3199 2755 3256 laboris
2784 3198 3028 3254 fructum
3049 3198 3201 3255 velut
3221 3214 3452 3256 messem
3474 3197 3668 3254 hordei
3694 3214 3786 3254 ex-

2179 3295 2404 3362 spectet.
2437 3287 2545 3344 Sed
2573 3287 2810 3360 subjecti
2833 3288 3038 3362 quique
3059 3303 3160 3360 pro
3179 3304 3243 3344 eo
3275 3287 3422 3360 quod
3451 3287 3510 3343 in
3527 3289 3786 3345 maximis

2180 3384 2496 3450 gravantur,
2532 3375 2768 3449 gaudere
2799 3377 2858 3432 in
2887 3375 3004 3448 ejus
3023 3376 3186 3432 bonis
3208 3375 3454 3432 minimis
3483 3385 3782 3449 nequeunt,

2181 3469 2202 3501 ³
2235 3466 2365 3539 quia
2395 3481 2494 3523 nec
2523 3464 2630 3522 hoc
2660 3481 2799 3538 opus
2841 3481 3026 3523 coram
3061 3466 3175 3522 Deo
3221 3465 3418 3538 placet,
3450 3465 3594 3538 quod
3639 3465 3786 3520 alte-

2181 3555 2298 3612 rius
2325 3554 2507 3627 operis
2540 3553 2815 3626 injustitia
2837 3554 3058 3626 polluit;
3091 3570 3192 3610 nec
3215 3553 3334 3626 ipsa
3347 3560 3685 3610 terrenarum
3705 3568 3784 3609 re-

2183 3661 2310 3700 rum
2338 3643 2676 3717 dispensatio
2698 3661 2797 3717 pro
2812 3645 3056 3700 utilitate
3078 3643 3430 3699 subditorum
3450 3641 3655 3713 suscipi
3675 3657 3785 3698 cre-

2183 3732 2354 3801 ditur,
2388 3732 2608 3810 quando
2640 3733 2687 3789 is
2715 3735 2809 3807 qui
2841 3741 3036 3806 praest
3073 3731 3328 3788 anhelare
3369 3747 3467 3802 per
3493 3732 3785 3788 avaritiam

2183 3822 2421 3878 videtur.
2455 3822 2611 3879 Unde
2641 3822 2704 3878 ﬁt
2734 3829 2795 3878 ut
2825 3823 2894 3876 ad
2926 3823 3042 3892 ipsa
3069 3821 3237 3876 etiam
3269 3835 3442 3891 pauca
3468 3817 3633 3886 bona,
3666 3837 3786 3892 qua

2183 3911 2301 3968 ﬁeri
2357 3911 2500 3966 inter
2529 3911 2702 3966 multa
2733 3910 2880 3965 mala
2908 3907 3276 3975 considerant,
3309 3922 3420 3962 non
3452 3905 3660 3974 laudes,
3692 3907 3785 3964 sed

2183 3999 2415 4072 gemitus
2430 3996 2661 4053 reddant
2683 4015 2697 4064 ;
2722 4005 2882 4070 atque
2900 3997 3242 4052 inﬁrmantes
3262 4003 3630 4064 murmurant,
3649 3995 3786 4052 dum

2184 4085 2528 4161 perpendunt
2556 4087 2680 4158 puri
2713 4087 2897 4158 operis
2947 4101 3056 4142 non
3085 4100 3202 4140 esse
3249 4085 3396 4156 quod
3443 4084 3655 4140 vident.
3691 4085 3787 4140 Ait

2185 4193 2340 4250 ergo:
2376 4177 2434 4233 Si
2460 4176 2745 4232 adversum
2771 4193 2850 4230 me
2880 4181 3022 4230 terra
3055 4192 3168 4230 mea
3197 4175 3413 4240 clamat,
3440 4180 3488 4229 et
3515 4191 3634 4229 cum
3668 4175 3785 4246 ipsa

2186 4268 2318 4324 sulci
2345 4266 2458 4338 ejus
2487 4266 2674 4337 deﬂent
2690 4284 2706 4336 ;
2738 4267 2785 4322 si
2815 4265 3024 4338 fructus
3051 4265 3167 4337 ejus
3195 4265 3390 4320 comedi
3418 4265 3611 4336 absque
3635 4281 3787 4336 pecu-

2186 4359 2300 4424 nia,
2331 4363 2377 4412 et
2404 4356 2636 4411 animam
2669 4355 3035 4427 agricolarum
3061 4354 3174 4424 ejus
3197 4353 3367 4426 afﬂixi
3371 4371 3391 4420 ;
3400 4370 3505 4426 pro
3523 4351 3792 4424 frumento

2188 4447 2402 4502 oriatur
2421 4445 2552 4500 mihi
2574 4444 2826 4510 tribulus,
2847 4448 2896 4498 et
2903 4460 3006 4515 pro
3027 4443 3221 4498 hordeo
3242 4443 3416 4514 spina.
3443 4441 3524 4499 Ac
3543 4442 3589 4497 si
3609 4448 3794 4514 aperte

477 4532 654 4587 minus
693 4529 944 4602 spiritum
987 4546 1142 4584 suum
1185 4528 1380 4598 (Num.
1432 4545 1513 4597 x1,
1555 4529 1648 4602 29)
1672 4529 1700 4586 ?
1746 4529 2076 4602 Prophetare
2106 4528 2156 4548 ”
2185 4535 2366 4592 dicat:
2397 4535 2454 4592 Si
2484 4549 2680 4606 magna
2709 4549 2830 4607 qua
2859 4531 3026 4589 debui
3055 4531 3294 4589 sollicite
3322 4547 3438 4587 non
3489 4530 3615 4598 feci,
3651 4533 3794 4592 728

479 4617 681 4693 quippe
709 4632 900 4674 omnes
929 4614 1128 4682 voluit,
1179 4613 1274 4684 qui
1317 4613 1526 4669 bonum
1557 4615 1702 4686 quod
1733 4615 1926 4672 habuit
1953 4615 2078 4673 aliis

479 4723 593 4766 non
622 4705 863 4764 invidit:
897 4703 1038 4772 Quia
1057 4701 1226 4774 igitur
1253 4700 1448 4758 beatus
1466 4701 1568 4758 Job
1587 4709 1785 4759 cuncta
1804 4701 1922 4758 hac
1948 4719 2080 4759 sus-

480 4818 648 4876 pensa
675 4797 886 4866 intulit,
918 4803 973 4853 et
1003 4793 1048 4850 si
1079 4807 1144 4849 ea
1197 4791 1428 4847 minime
1474 4792 1666 4850 fecerit
1721 4793 1994 4850 sententia
2022 4809 2079 4850 se

480 4887 886 4950 maledictionis
915 4881 1226 4955 adstringit,
1258 4879 1507 4954 sequitur
1531 4899 1542 4938 :

861 4991 1090 5053 CAPUT
1118 4988 1306 5048 xxw
1338 4985 1482 5062 [Rec.
1515 4985 1720 5062 XVII].

553 5085 726 5142 Vsus.
748 5085 837 5142 40.
861 5115 934 5126 -
951 5085 1061 5141 Pro
1087 5079 1356 5152 frumenlo
1374 5079 1588 5134 oriatur
1605 5077 1737 5134 mihi
1758 5076 2005 5146 tribulus,
2029 5083 2077 5132 et

480 5192 581 5244 pro
609 5173 803 5230 hordeo
831 5175 1006 5245 spina.

553 5263 641 5322 55.
674 5263 921 5320 Prwlatis
949 5279 1045 5318 sua
1073 5261 1390 5318 auctoritate
1420 5257 1560 5316 male
1586 5255 1848 5314 utentibus
1903 5256 2083 5312 oritur

562 5520 575 5553 ί
609 5517 805 5584 Laud.,
837 5516 991 5588 quasi
1017 5516 1206 5572 suavia
1260 5516 1449 5573 mentis
1503 5515 1756 5572 alimenta
1791 5529 2084 5586 prapara-

487 5607 837 5718 masbefectu
865 5657 1099 5714 duarum
1145 5658 1466 5716 vocularum
1514 5676 1620 5714 non
1647 5665 1702 5714 et
1729 5657 1818 5713 sed
1860 5657 2082 5712 luxatus

483 5739 598 5790 erat
625 5731 718 5789 hic
749 5731 900 5789 locus
943 5729 1000 5786 in
1049 5728 1420 5802 superioribus
1467 5729 1571 5786 Ed.
1617 5727 1836 5785 Erroris
1881 5726 2084 5783 admo-

2188 4634 2515 4712 punctiones
2545 4632 2854 4690 murmuris
2883 4650 2914 4689 a
2931 4629 3196 4703 subjectis
3225 4629 3506 4702 recipiam,
3529 4627 3696 4684 etiam
3723 4625 3792 4684 de

2187 4724 2333 4780 bono
2361 4723 2509 4798 quod
2541 4722 2667 4780 feci.
2701 4722 2759 4778 Si
2823 4720 3040 4793 neglexi
3098 4717 3360 4777 exhibere
3389 4715 3536 4788 quod
3584 4715 3789 4786 foveat,

2180 4812 2329 4886 juste
2356 4815 2415 4869 in
2445 4813 2723 4886 querelam
2751 4810 3046 4885 prosiliens
3076 4824 3268 4866 eorum
3303 4807 3492 4879 lingua
3521 4823 3609 4863 me
3639 4822 3792 4879 pun-

2186 4911 2294 4974 gat.

2255 4991 2344 5048 56.
2373 4991 2599 5048 Prw-tati
2627 5009 2662 5046 a
2690 4990 2848 5046 malis
2883 4988 3135 5060 exemplis
3157 4985 3475 5059 prmbendis,
3531 4985 3728 5040 subditi
3758 5003 3792 5040 a

2187 5082 2482 5138 temerari-is
2499 5079 2725 5151 judiciis
2747 5086 2979 5138 cavea-nt.
3003 5110 3074 5122 —
3093 5079 3210 5148 Qua
3239 5078 3296 5134 in
3324 5093 3384 5134 re
3403 5092 3616 5150 semper
3643 5075 3791 5132 solli-

2188 5170 2299 5229 cita
2321 5170 2758 5228 consideratione
2778 5169 3120 5244 pensandum
3138 5175 3242 5236 est,
3265 5183 3334 5224 ne
3352 5174 3449 5224 aut
3466 5165 3632 5238 hiqui
3649 5180 3793 5237 pra-

2194 5269 2323 5318 sunt
2351 5263 2604 5335 exempla
2633 5261 2764 5317 mali
2811 5260 2991 5332 operis
3047 5257 3310 5332 subjectis
3364 5255 3658 5330 prabeant,
3690 5268 3794 5310 eo-

2195 5518 2444 5594 nuerun't‘
2464 5511 2593 5594 Mss.
2627 5507 2844 5580 Anglic.
2877 5514 2933 5562 et
2960 5504 3156 5571 nostri,
3179 5518 3392 5560 necnon
3431 5510 3539 5560 vet.
3571 5501 3674 5559 Ed.
3699 5503 3794 5558 Pa-

2193 5599 2290 5735 ris;
2313 5580 2590 5734 1323?;
2617 5649 2812 5716 Laud.,
2844 5649 2972 5720 quia
3001 5667 3088 5705 nec
3123 5665 3254 5720 opus
3281 5647 3462 5717 placet
3483 5646 3624 5717 quod
3651 5647 3796 5702 alle—

2196 5741 2310 5781 rtus
2337 5741 2529 5796 operis.
