4162 6184
298 333 397 391 249
1029 329 1401 389 MORALIUM
1440 331 1571 389 LIB.
1614 330 1817 389 XXIII.
1860 361 1929 375 -
1969 334 2040 390 IN
2080 330 2306 391 CAPUT
2341 334 2557 391 XXXII
2597 337 2659 391 B.
2698 338 2840 394 .lOB.

3472 345 3583 402 250

297 471 525 530 rumque
552 454 715 510 vitam
733 467 848 509 sua:
869 453 1051 525 gladio
1071 454 1358 527 pravitatis
1373 457 1728 529 exstinguant
1750 474 1763 523 ;
1784 465 1878 513 aut
1905 462 1957 521 A
1981 460 2090 517 Nos
2118 460 2255 515 enim
2280 460 2411 531 quid
2437 476 2617 516 sumus
2636 463 2664 517 i‘
2692 462 2795 520 Nec
2813 468 2997 517 contra
3015 480 3112 518 nos
3138 474 3213 521 est
3232 484 3478 525 murmur
3500 488 3582 526 ve-

295 548 356 604 hi
385 547 477 620 qui
506 544 675 599 alieno
706 542 959 615 regimini
990 542 1294 617 subjacent,
1321 545 1482 601 facile
1506 545 1756 617 judicare
1785 563 1876 601 au-

293 639 453 694 deant
478 635 617 690 facta
648 640 943 700 rectorum,
975 641 1139 707 atque
1169 650 1266 706 per
1280 634 1386 692 hoc
1404 634 1553 709 quod
1581 636 1649 693 de
1679 635 1767 691 his
1782 637 1877 709 qui

292 728 391 784 sibi
406 724 610 799 praelati
626 732 758 780 sunt
776 735 1144 796 murmurant,
1168 743 1279 783 non
1301 727 1562 798 humano,
1595 728 1690 784 sed
1709 728 1759 783 ei
1781 728 1878 801 qui

291 824 477 875 cuncta
493 814 742 886 disponit
761 813 955 870 divino
975 816 1157 871 ordini
1174 818 1571 875 contradicant.
1596 818 1712 874 Illis
1728 834 1877 874 nam-

291 922 386 979 que
410 905 654 961 dicitur:
682 888 953 961 όυεετηεω
979 905 1062 959 his
1087 921 1204 976 quae
1230 908 1532 963 conculcata
1550 907 1770 979 pedibus
1798 924 1879 961 oe-

289 996 403 1052 stris
427 995 647 1066 fuerant
666 994 1040 1066 pascebantur,
1070 1002 1119 1050 et
1143 1013 1260 1067 qua:
1281 998 1435 1069 pedes
1450 997 1609 1053 vestri
1640 997 1879 1053 turbave-

288 1092 417 1155 rant,
459 1086 568 1143 hinc
613 1088 852 1143 bibebant
889 1086 1109 1151 (Ezech.
1158 1102 1355 1154 xxxrv,
1402 1087 1513 1160 19).
1560 1087 1703 1143 Oves
1730 1087 1877 1143 enim

287 1176 491 1234 turbata
538 1178 777 1250 pedibus
819 1176 1022 1233 bibunt
1062 1192 1188 1233 cum
1231 1176 1462 1249 subjecti
1492 1193 1555 1233 ea
1584 1176 1652 1233 ad
1681 1193 1880 1234 exem-

287 1268 426 1338 plum
473 1266 704 1323 vivendi
749 1273 1016 1338 appetunt
1061 1282 1181 1339 quae
1228 1267 1439 1339 praelati
1476 1267 1681 1341 quique
1709 1282 1878 1339 pravo

286 1373 435 1429 opere
463 1364 810 1429 pervertunt.
843 1357 917 1413 At
951 1364 1145 1413 contra
1171 1373 1203 1412 a
1230 1358 1469 1429 praelatis
1500 1358 1558 1413 hi
1604 1357 1837 1414 audiunt
1863 1374 1874 1413 :

1985 554 2173 617 stram,
2222 549 2309 604 sed
2350 554 2533 604 contra
2582 550 2864 605 Dominum
2917 551 3115 622 (Exod.
3167 570 3284 624 xw,
3334 558 3413 627 8).
3474 560 3583 627 Qui

1984 638 2131 693 enim
2149 646 2341 694 contra
2357 639 2753 710 superpositam
2775 638 2879 694 sibi
2910 648 3231 712 potestatem
3250 657 3578 717 murmurat,

1988 726 2158 798 liquet
2187 726 2333 799 quod
2364 727 2520 783 illum
2553 726 2830 799 redarguit
2858 728 2955 801 qui
2984 730 3231 786 eamdem
3255 730 3470 790 homini
3492 752 3583 805 po-

1985 822 2233 871 testatem
2281 815 2452 871 dedit.
2503 816 2743 873 Tandem
2787 817 2931 873 beati
2978 818 3080 875 Job
3128 820 3316 891 plenas
3352 824 3587 893 mystica

1986 905 2192 961 virtute
2220 907 2539 974 sententias,
2571 907 2629 961 in
2658 907 2860 979 quibus
2880 916 3072 965 contra
3090 910 3395 967 amicorum
3419 913 3588 969 verba

1987 993 2286 1065 respondit,
2332 995 2445 1049 Deo
2483 993 2744 1065 largiente
2772 993 3131 1067 digessimus;
3166 1014 3313 1055 nunc
3341 1008 3587 1071 superest

1986 1091 2049 1138 ut
2076 1083 2145 1139 ad
2172 1084 2303 1139 Eliu
2333 1083 2501 1139 verba
2528 1085 2833 1151 veniamus,
2866 1102 2987 1157 quae
3017 1094 3169 1143 tanto
3197 1088 3435 1160 graviori
3464 1089 3587 1146 cir—

1986 1173 2394 1243 cumspectione
2425 1174 2701 1245 pensanda
2728 1184 2876 1243 sunt,
2909 1183 3113 1248 quanto
3133 1184 3186 1232 et
3216 1193 3310 1247 per
3323 1176 3583 1250 juventu-

1987 1263 2059 1318 tis
2086 1261 2369 1319 audaciam
2401 1262 2601 1334 spiritu
2630 1263 2965 1321 ferventiore
2995 1264 3370 1336 proferuntur.

1555 1649 1809 1739 PARS
1886 1647 2293 1758 QUINTA,

1232 1828 1870 1894 CONTINENS
1945 1826 2344 1890 LIBROS
2411 1828 2655 1892 SEX.

1462 1992 2321 2032 War-ﬂ'
2348 2006 2384 2025 ν

1085 2201 1419 2327 LIBER
1530 2197 2145 2285 VlGESIMUS
2246 2198 2765 2286 TERTIUS.

275 2355 712 2437 Ιιένροηιιιιιαν
742 2376 888 2438 cap.
930 2377 1100 2420 χχχιι
1144 2367 1202 2421 et
1242 2377 1437 2421 xxxm
1481 2375 1683 2439 usque
1720 2357 1808 2418 ad
1844 2374 1892 2418 vi

1979 2373 2110 2418 mm
2153 2356 2252 2426 22.
2297 2357 2429 2432 ubi,
2466 2356 2692 2420 silente
2727 2358 2859 2439 Job,
2899 2358 3051 2422 Elia
3082 2360 3315 2437 junior
3358 2360 3575 2421 multa

857 2446 1032 2501 recta
1076 2447 1133 2501 et
1174 2457 1368 2515 sana,
1416 2439 1526 2501 sed
1567 2438 1701 2499 non
1742 2445 1906 2499 recte
1948 2444 2004 2498 et
2043 2453 2223 2498 sana
2270 2439 2631 2499 intentione
2671 2438 2981 2500 edisserit.

802 2573 1031 2631 CAPUT
1059 2574 1352 2630 PRIMUM.

341 2664 504 2725 729
530 2661 645 2726 Quo
666 2659 762 2714 Dei
789 2661 1030 2726 consilio,
1052 2662 1300 2732 quibusve
1320 2662 1489 2717 modis
1507 2662 1603 2719 Job
1624 2662 1878 2734 probatus

264 2758 453 2828 fuerit.
492 2788 566 2801 —-
595 2758 979 2813 Praefationem
1001 2757 1167 2830 hujus
1186 2760 1364 2831 operis
1385 2761 1544 2816 toties
1571 2764 1875 2819 necessario

267 2856 475 2920 repeto,
510 2848 522 2879 ¹
548 2846 767 2918 quoties
787 2844 893 2902 hoc
911 2846 967 2901 in
985 2846 1339 2903 distinctione
1359 2849 1702 2905 voluminum
1727 2851 1873 2909 locu-

270 2938 433 2992 tionis
463 2951 605 2992 meze
635 2935 955 3006 pausatione
971 2936 1214 3004 succido,
1247 2945 1308 2993 ut
1328 2954 1452 2994 cum
1484 2939 1695 3012 legendi
1717 2956 1872 2996 exor-

270 3025 418 3081 dium
436 3025 701 3092 sumitur,
724 3024 875 3096 prius
898 3023 1014 3097 ipsa
1043 3026 1322 3082 memoria:
1345 3026 1596 3084 lectionis
1611 3046 1773 3085 causa
1794 3047 1871 3086 re-

272 3123 521 3182 novetur,
540 3122 596 3171 et
612 3122 765 3170 tanto
782 3113 1064 3171 robustius
1076 3124 1260 3188 surgat
1274 3116 1537 3174 doctrina:
1553 3119 1870 3188 aediﬁcium,

274 3212 472 3277 quanto
503 3221 574 3260 ex
594 3204 944 3261 considerata
964 3220 1139 3262 causae
1160 3206 1370 3279 origine
1385 3208 1687 3265 studiosius
1718 3210 1872 3281 poni-

276 3302 361 3349 tur
381 3294 435 3349 in
456 3300 641 3349 mente
662 3293 1107 3350 fundamentum.
1132 3296 1329 3352 Beatus
1344 3296 1466 3365 Job,
1489 3298 1601 3353 Deo
1623 3298 1725 3353 soli
1742 3298 1873 3354 sibi-

275 3401 375 3455 que
403 3384 680 3456 cognitus,
729 3382 784 3438 in
819 3383 1219 3456 tranquillitate
1246 3385 1315 3442 ad
1345 3393 1587 3443 nostram
1617 3387 1872 3443 notitiam

275 3472 654 3544 perducendus
696 3479 874 3529 tactus
916 3481 999 3528 est
1028 3473 1270 3541 verbere,
1303 3482 1365 3531 ut
1393 3476 1616 3532 odorem
1652 3493 1872 3533 suarum

278 3562 478 3618 virium
510 3564 531 3597 ²
564 3569 717 3618 tanto
750 3562 911 3618 latius
930 3570 1226 3635 spargeret,
1251 3572 1456 3636 quanto
1486 3582 1637 3621 more
1666 3582 1874 3623 aroma-

278 3656 391 3705 tum
410 3649 616 3704 melius
634 3666 701 3704 ex
724 3651 1036 3707 incensione
1056 3652 1341 3723 fragraret.
1360 3654 1598 3709 Noverat
1627 3653 1683 3709 in
1713 3653 1874 3711 bonis

277 3742 364 3811 pie
395 3739 649 3796 subditos
679 3758 877 3814 rogere,
907 3751 961 3799 et
980 3761 1012 3800 a
1043 3744 1205 3799 malis
1234 3759 1291 3799 se
1307 3744 1556 3801 districte
1575 3744 1869 3802 custodire.

276 3831 510 3886 Noverat
537 3830 679 3887 bene
710 3832 789 3887 uti
818 3832 979 3889 rebus
1018 3830 1243 3900 habitis,
1285 3832 1379 3889 sed
1422 3832 1801 3890 nesciebamus
1827 3838 1873 3892 si

1907 2576 1952 2636 B
1981 2572 2155 2629 sancti
2186 2573 2293 2628 viri
2323 2573 2463 2631 forte
2492 2590 2553 2631 ac
2582 2575 2819 2631 solidum
2851 2584 3037 2649 pectus
3068 2584 3121 2633 et
3148 2594 3243 2650 per
3272 2578 3473 2635 damna
3502 2596 3584 2636 re-

1984 2680 2105 2719 rum
2137 2663 2324 2720 dolore
2353 2672 2635 2733 sterneret,
2668 2674 2721 2721 et
2750 2682 2845 2739 per
2874 2666 3041 2723 verba
3076 2667 3325 2741 conjugis
3354 2671 3581 2726 maledi-

1983 2754 2165 2809 ctione
2196 2754 2511 2825 perforaret.
2546 2754 2651 2811 Sed
2680 2764 2815 2829 quot
2845 2757 3075 2813 vulnera
3103 2758 3333 2814 saeviens
3364 2758 3577 2828 intulit,

1982 2850 2064 2899 tot
2104 2851 2293 2900 sancto
2336 2844 2458 2899 viro
2488 2846 2734 2901 nesciens
2765 2846 3025 2902 victorias
3056 2846 3409 2903 ministravit.
3442 2849 3580 2904 Nam

1983 2931 2161 2988 ﬁdelis
2206 2933 2307 2987 Dei
2355 2932 2614 3001 famulus,
2664 2951 2776 2989 uno
2815 2935 3113 3007 eodemque
3155 2943 3398 3005 tempore
3440 2937 3584 2992 inter

1983 3023 2212 3092 vulnera
2254 3029 2308 3077 et
2345 3021 2511 3077 verba
2551 3022 2938 3094 deprehensus,
2973 3031 3027 3079 et
3056 3023 3333 3079 dolentem
3364 3041 3582 3081 carnem

1982 3110 2364 3183 aequanimiter
2393 3111 2638 3181 pertulit,
2671 3119 2723 3166 et
2744 3111 3105 3183 desipientem
3129 3112 3418 3187 conjugem
3441 3120 3585 3178 730

1982 3207 2280 3279 prudenter
2326 3208 2648 3281 increpavit.
2695 3210 2973 3284 Antiquus
3015 3211 3199 3286 itaque
3228 3210 3421 3281 hostis,
3456 3213 3586 3286 quia

1982 3297 2133 3353 vinci
2162 3314 2218 3353 se
2249 3298 2306 3353 in
2336 3297 2652 3357 domesticis
2690 3299 2887 3370 doluit,
2923 3301 3173 3373 protinus
3202 3302 3477 3358 exteriora
3505 3320 3585 3359 re-

1982 3386 2232 3457 quisivit.
2266 3387 2489 3445 Amicos
2508 3405 2741 3463 namque
2763 3388 2881 3461 ejus
2897 3390 2964 3445 de
2986 3390 3121 3446 locis
3141 3391 3392 3464 singulis,
3425 3394 3581 3466 quasi

1981 3490 2080 3546 pro
2122 3478 2426 3534 exercenda
2466 3477 2732 3535 charitate
2772 3481 3095 3548 commovit,
3147 3498 3445 3556 eorumque
3487 3500 3582 3539 ora

1982 3564 2083 3619 sub
2114 3565 2293 3635 specie
2322 3567 2715 3623 consolationis
2747 3569 2992 3640 aperuit;
3027 3569 3123 3625 sed
3152 3585 3246 3640 per
3266 3570 3381 3628 haec
3394 3570 3583 3643 jacula

1984 3652 2372 3724 increpationis
2404 3655 2643 3723 intorsit,
2676 3672 2796 3729 quae
2825 3672 2888 3711 eo
2929 3657 3122 3713 durius
3150 3675 3245 3715 cor
3273 3676 3459 3717 secure
3488 3678 3580 3717 au-

1982 3740 2184 3797 dientis
2216 3742 2521 3814 inﬁgerent,
2554 3761 2662 3816 quo
2706 3745 2849 3800 inter
2876 3754 3104 3801 ostensa:
3134 3756 3187 3802 et
3215 3764 3325 3802 non
3354 3757 3582 3805 servatae

1981 3828 2264 3885 charitatis
2323 3832 2573 3887 tenebras
2616 3835 2637 3866 ³
2688 3833 2984 3905 improvise
3030 3836 3401 3891 vulnerarent.
3452 3837 3582 3893 Post

279 3920 482 3989 patiens
513 3929 855 3992 permaneret
884 3921 1100 3978 ablatis.
1145 3923 1383 3979 Noverat
1411 3921 1733 3996 quotidiana
1760 3925 1873 3980 Deo
1912 3940 1955 4002 ο
1986 3914 2086 3972 hOS
2117 3933 2334 3988 quoque
2364 3918 2430 3973 ad
2461 3920 2822 3975 contumelias
2850 3920 3015 3975 etiam
3047 3921 3176 3975 Elin
3199 3919 3390 3991 junior
3418 3922 3580 3978 exci-

280 4023 369 4079 pro
399 4010 548 4065 sanis
580 4010 904 4082 pignoribus
934 4010 1204 4068 sacriﬁcia
1223 4012 1455 4080 solvere,
1479 4012 1572 4068 sed
1603 4012 1873 4070 incertum

282 4106 387 4153 erat
413 4099 457 4155 si
487 4099 536 4156 ei
555 4100 854 4171 gratiarum
872 4100 1201 4158 sacriﬁcium
1225 4109 1278 4157 et
1298 4102 1521 4159 orbatus
1542 4103 1870 4161 immolaret.

282 4187 350 4243 Ne
378 4188 509 4261 quid
539 4206 668 4261 ergo
698 4190 822 4245 vitii
853 4193 1001 4246 salus
1030 4198 1250 4262 tegeret,
1282 4192 1511 4265 dignum
1543 4192 1649 4249 fuit
1678 4201 1739 4248 ut
1768 4193 1875 4250 hoc

283 4275 429 4331 dolor
442 4278 699 4349 aperiret.
720 4280 857 4334 Data
878 4279 1061 4351 itaque
1090 4288 1169 4335 est
1197 4288 1388 4337 contra
1408 4289 1656 4338 sanctum
1688 4283 1868 4338 virum

282 4362 414 4420 hosti
445 4366 649 4423 callido
688 4367 939 4423 tentandi
985 4368 1225 4425 licentia.
1271 4370 1375 4438 Qui
1417 4370 1548 4425 dum
1580 4372 1725 4427 bona
1753 4372 1871 4443 ejus

284 4455 460 4511 multis
490 4456 710 4527 cognita
740 4455 1057 4513 interimere
1087 4460 1312 4530 appetit,
1347 4460 1508 4515 etiam
1541 4460 1747 4515 bonum
1780 4478 1869 4532 pa-

284 4543 478 4601 tientia:
507 4546 655 4619 quod
685 4548 884 4605 latebat
913 4549 1190 4617 ostendit;
1224 4558 1277 4605 et
1306 4567 1465 4623 quem
1496 4569 1552 4608 se
1582 4561 1870 4625 angustare

286 4635 647 4709 persequendo
675 4637 930 4707 credidit,
965 4637 1194 4711 ﬂagellis
1223 4647 1441 4695 auctum
1465 4648 1518 4695 et
1539 4642 1593 4696 in
1615 4645 1868 4715 exemplo

283 4721 539 4782 dilatavit.
590 4728 702 4785 Nec
758 4728 875 4786 sine
931 4729 1085 4803 gravi
1132 4738 1245 4785 arte
1294 4730 1539 4787 exercuit
1586 4732 1865 4789 licentiam

283 4830 433 4887 quam
465 4821 691 4892 accepit.
725 4821 860 4876 Nam
891 4821 1196 4878 combussit
1225 4837 1428 4894 greges,
1453 4822 1695 4877 extinxit
1709 4822 1866 4878 fami-

286 4903 392 4974 lias,
436 4909 621 4965 obruit
658 4910 921 4978 haeredes,
961 4911 1227 4983 percussit
1256 4910 1485 4967 salutem
1518 4912 1781 4984 corporis,
1815 4922 1868 4968 et

283 4993 343 5049 ad
370 4996 799 5072 intorquendum
831 5002 1099 5073 gravioris
1132 5001 1448 5057 tentationis
1472 5000 1739 5073 jaculum,
1765 5002 1865 5057 lin-

283 5099 428 5147 guam
463 5089 705 5147 servavit
734 5089 928 5146 uxoris
960 5090 1079 5163 (Job
1111 5107 1148 5158 ι,
1194 5107 1254 5157 ιι,
1302 5106 1380 5158 Ix,
1412 5090 1554 5163 etc.),
1601 5099 1867 5164 quatenus

350 5339 363 5371 ¹
392 5340 477 5414 Ex
507 5341 595 5398 his
625 5341 810 5414 verbis
838 5349 985 5414 patet
1013 5340 1217 5398 divisio
1245 5342 1418 5414 totius
1433 5341 1613 5413 operis
1636 5342 1693 5397 in
1714 5357 1866 5412 supe-

282 5408 509 5485 rioribus
537 5408 894 5469 Editionibus
924 5414 1203 5485 neglecta;
1236 5412 1394 5485 cujus
1422 5408 1603 5485 tamen
1622 5420 1751 5485 sunt
1782 5408 1867 5468 ie-

282 5479 710 5564 stigiaqutedam
735 5485 791 5564 in
821 5492 931 5564 ve_t.
1094 5485 1149 5539 in
1172 5479 1374 5564 quibus
1402 5484 1468 5539 ad
1492 5483 1866 5564 hunclibrum

284 5554 645 5627 praemittitur,
698 5557 820 5613 vel:
872 5556 1067 5627 Incipit
1102 5554 1289 5625 quinta
1328 5572 1459 5626 pars
1488 5556 1711 5623 Moral,
1755 5556 1863 5623 vel,

282 5623 427 5710 totius
446 5623 1020 5710 _operis;pars_quinta.
1055 5623 1126 5681 [η’
1146 5634 1271 5710 δθῐ..
1290 5623 1454 5710 Basil:
1491 5628 1719 5710 legitur:
1742 5642 1866 5697 quo-

282 5644 427 5700 touus
456 5644 630 5753 Opsius
652 5645 787 5699 pars
815 5644 1020 5710 quinta.
1055 5644 1115 5681 ιιι
1147 5644 1271 5706 ιρι..
1290 5644 1454 5681 nasu.
1492 5644 1719 5708 legitur:
1742 5644 1866 5697 quo-

282 5698 364 5748 tws
389 5697 461 5751 ad
555 5716 581 5752 c
627 5699 681 5753 in
708 5698 1038 5754 distinctione
1077 5698 1398 5752 voluminum
1431 5698 1703 5753 locutionis
1748 5715 1868 5753 mea:

281 5769 582 5831 pausatione
610 5771 841 5827 succede.
866 5770 927 5827 In
957 5767 1273 5827 Colbertino
1302 5768 1437 5825 alias
1467 5776 1698 5826 monast.
1732 5785 1867 5824 san-

1984 4013 2150 4073 tatur,
2184 4013 2245 4061 ut
2274 4007 2724 4080 tranquillitatem
2751 4016 2911 4064 tantae
2932 4008 3369 4066 mansuetudinis
3389 4011 3578 4066 saltem

1983 4098 2276 4170 dedignata
2320 4100 2512 4156 levitas
2541 4100 2883 4173 perturbaret
2923 4102 3114 4157 aetatis.
3148 4101 3252 4157 Sed
3281 4109 3472 4158 contra
3500 4110 3581 4158 tot

1983 4191 2197 4262 antiqui
2228 4189 2404 4247 hostis
2435 4191 2718 4248 machinas
2738 4192 2889 4249 stetit
2907 4192 3113 4248 invicta
3127 4194 3455 4262 constantia,
3475 4201 3579 4249 ste-

1984 4280 2050 4335 tit
2078 4281 2458 4353 aequanimitas
2501 4280 2750 4339 infracta.
2783 4282 2919 4337 Nam
2962 4298 3072 4337 uno
3103 4281 3402 4356 eodemque
3432 4290 3580 4339 tem-

1980 4384 2110 4439 pore
2138 4369 2322 4425 verbis
2350 4370 2768 4426 adversantibus
2797 4371 3054 4442 opposuit
3082 4369 3451 4442 prudentiam,
3485 4389 3581 4427 re-

1979 4455 2084 4512 bus
2114 4458 2305 4513 vitam.
2338 4459 2510 4514 Nemo
2541 4459 2710 4530 igitur
2729 4466 2977 4515 sanctum
3000 4460 3201 4526 virum,
3234 4459 3488 4533 quamvis
3511 4458 3579 4515 de

1981 4546 2077 4601 illo
2120 4554 2303 4618 aperte
2347 4554 2467 4618 post
2512 4546 2724 4619 ﬂagella
2765 4548 3028 4620 scriptum
3072 4548 3180 4603 sit:
3232 4549 3298 4603 In
3339 4548 3580 4603 omnibus

1978 4636 2058 4690 his
2086 4654 2191 4692 non
2214 4639 2446 4711 peccavit
2472 4639 2568 4695 Job
2601 4638 2754 4695 labiis
2782 4640 2892 4695 suis
2919 4640 3109 4712 (Ibid.,
3143 4658 3203 4710 ιι,
3240 4642 3352 4713 10),
3384 4642 3575 4698 saltem

1978 4729 2326 4798 postmodum
2358 4730 2413 4785 in
2444 4730 2795 4787 contentione
2825 4733 3127 4789 amicorum
3171 4733 3405 4789 aestimet
3432 4734 3578 4786 inter

1976 4819 2144 4875 verba
2190 4819 2505 4893 deliquisse.
2557 4818 2720 4875 Satan
2764 4820 2965 4893 quippe
3009 4820 3371 4889 tentationem
3420 4816 3576 4871 illius

1976 4908 2243 4979 expetiit;
2291 4909 2384 4965 sed
2426 4910 2590 4976 Deus,
2636 4909 2732 4982 qui
2762 4908 2911 4966 hunc
2942 4908 3275 4973 laudaverat,
3310 4906 3367 4960 in
3396 4904 3576 4975 seipso

1976 4995 2092 5068 ejus
2140 4998 2499 5054 intentionem
2543 5000 2859 5056 certaminis
2902 4999 3127 5069 accepit.
3160 4994 3418 5067 Quisquis
3448 5010 3575 5065 ergo

1976 5086 2192 5143 beatum
2238 5087 2340 5141 Job
2370 5086 2667 5161 deliquisse
2696 5088 2752 5143 in
2782 5088 2895 5143 suis
2924 5085 3268 5143 sermonibus
3298 5084 3570 5157 queritur,

1976 5341 2052 5397 cti
2082 5338 2357 5419 Dionysii,
2390 5355 2422 5418 τι
2449 5352 2582 5393 nccc
2610 5334 2839 5419 circiter.
2861 5333 3034 5419 annis
3048 5334 3340 5419 descripto,
3373 5335 3574 5419 qnuoties

1978 5414 2071 5467 hoc
2098 5409 2153 5463 in
2181 5405 2629 5464 distinctionem...
2660 5405 2889 5459 succede.
2924 5405 3118 5462 Deﬁcit
3159 5405 3344 5462 Codex
3386 5407 3569 5464 Germ.

1978 5497 2148 5553 usque
2193 5480 2260 5535 ad
2308 5479 2395 5546 31,
2444 5485 2498 5533 et
2545 5476 2706 5535 Corb.
2754 5477 2937 5532 Germ.
2970 5493 3143 5551 usque
3171 5476 3238 5532 ad
3267 5476 3355 5545 28,
3386 5479 3575 5535 exclu-

1977 5569 2112 5610 SIVG.

2048 5625 2069 5659 ⁵
2101 5623 2335 5681 Vindoc.
2367 5630 2421 5678 et
2450 5622 2660 5687 Norm.,
2696 5625 2842 5676 tanto
2866 5620 3087 5693 largius.
3121 5619 3361 5677 Colbert.
3383 5620 3563 5677 habet.

1975 5698 2228 5768 ﬂagraret
2259 5711 2354 5767 pro
2385 5694 2674 5768 fragraret.

2048 5763 2068 5803 ⁵
2101 5763 2303 5823 Turon.
2337 5773 2391 5823 et
2418 5763 2627 5831 Norm.,
2661 5763 2948 5835 improvisa
2967 5766 3324 5820 vulnerarent.
