4162 6184
537 319 639 378 251

1761 313 2012 374 SANCTI
2049 314 2385 374 GREGORII
2421 315 2626 375 MAGN
2627 318 2650 374 Ι

3721 319 3826 379 252

473 497 482 511 ,
529 443 665 517 quid
692 441 845 497 aliud
875 455 1036 514 quam
1057 441 1250 509 Deum,
1274 440 1370 514 qui
1390 455 1488 513 pro
1509 440 1608 496 illo
1629 439 1933 514 proposuit,
1961 441 1977 474 ¹
2015 455 2132 512 per-
2159 444 2211 504 Α
2241 440 2406 498 rectis
2434 439 2684 497 moribus
2715 441 2900 514 positi,
2932 456 2997 497 eo
3025 441 3220 499 durius
3250 444 3421 499 vitam
3451 443 3700 502 ﬁdelium
3729 462 3840 518 quo

529 531 734 588 didisse
763 528 1056 588 conﬁtetur
1075 528 1103 585 ?

599 639 650 697 2.
683 636 906 709 Antiqui
937 635 1122 692 Patres
1148 635 1430 692 arboribus
1457 636 1761 709 fructiferis
1780 635 1994 697 similes.
2019 637 2124 692 Eo-

424 777 436 788 ,
531 749 650 788 rum
687 731 897 802 fructus
931 730 1042 802 fuit
1083 730 1352 787 Christum
1379 731 1610 803 signare,
1640 737 1688 786 et
1717 731 2023 788 Ecclesiam.
2055 761 2126 772 -

529 822 668 890 Quia
696 836 828 878 vero
856 820 1070 896 antiqui
1103 821 1288 877 Patres
1316 820 1620 878 fructiferis
1649 819 1938 877 arboribus
1967 821 2123 876 simi-

528 910 623 979 les,
669 926 779 967 non
809 910 986 965 solum
1020 908 1236 981 pulchri
1267 918 1395 966 sunt
1425 926 1520 982 per
1547 909 1804 981 speciem,
1836 909 1928 965 sed
1960 909 2124 966 etiam

528 999 692 1056 utiles
733 1016 829 1072 per
870 998 1198 1067 ubertatem,
1243 999 1323 1055 sic
1351 1015 1540 1054 eorum
1572 999 1688 1054 vita
1716 997 1993 1070 pensanda
2023 1005 2122 1066 est,

528 1096 588 1145 ut
602 1105 727 1146 cum
759 1088 1025 1142 miramur
1054 1104 1174 1160 quae
1203 1087 1276 1142 sit
1305 1087 1559 1144 viriditas
1589 1087 1646 1143 iu
1675 1085 1926 1154 historia,
1960 1087 2127 1143 inve-

527 1177 744 1233 niamus
771 1185 826 1233 et
853 1183 1058 1249 quanta
1086 1175 1158 1232 sit
1186 1170 1408 1233 ubertas
1436 1177 1493 1232 in
1524 1177 1823 1249 allegoria;
1856 1183 2126 1249 quatenus

526 1284 651 1325 cum
694 1265 957 1324 blandum
1001 1272 1082 1322 est
1125 1265 1270 1338 quod
1303 1267 1359 1322 in
1391 1265 1542 1324 foliis
1571 1266 1800 1335 redolet,
1833 1280 2123 1338 cognosca-

527 1373 650 1413 mus
677 1365 732 1412 et
752 1373 914 1430 quam
931 1355 1090 1414 dulce
1112 1357 1184 1412 sit
1203 1358 1351 1431 quod
1371 1358 1428 1414 in
1448 1358 1722 1416 fructibus
1743 1357 1904 1430 sapit.
1927 1357 2124 1413 Nullus

526 1450 728 1522 quippe
757 1465 1006 1521 supernae
1035 1449 1346 1521 adoptionis
1385 1450 1612 1522 gratiam
1643 1449 1857 1516 habuit,
1891 1448 1996 1504 nisi
2028 1446 2125 1520 qui

528 1539 670 1597 hanc
699 1556 796 1612 per
813 1540 1184 1612 c0gnitionem
1201 1541 1481 1612 Unigeniti
1511 1540 1738 1612 accepit.
1764 1539 2002 1610 Dignum
2025 1539 2124 1594 ita-

525 1643 633 1698 que
663 1633 746 1682 est
774 1634 836 1681 ut
865 1627 982 1698 ipse
1011 1627 1067 1682 in
1097 1643 1285 1683 eorum
1319 1628 1434 1684 vita
1462 1636 1516 1684 et
1546 1629 1734 1700 lingua
1761 1626 2119 1698 resplendeat,

527 1714 622 1786 qui
651 1731 744 1770 eos
763 1721 825 1770 ut
855 1713 1198 1786 resplendere
1215 1723 1528 1772 mereantur
1549 1717 1806 1772 illustrat.
1828 1715 1964 1772 Nam
1995 1732 2120 1772 cum

523 1805 580 1860 in
623 1803 865 1860 tenebris
912 1809 1050 1867 731
1100 1804 1338 1862 lucernae
1386 1805 1571 1862 lumen
1600 1805 1938 1874 accenditur,
1971 1805 2126 1878 prius
2154 1811 2202 1872 B

524 1902 748 1959 lucerna
794 1903 1003 1972 eadem,
1054 1921 1174 1978 quae
1213 1904 1391 1962 videri
1435 1913 1633 1962 caetera
1661 1905 1847 1973 efﬁcit,
1880 1904 2121 1962 videtur.

525 1989 680 2047 Unde
725 2007 944 2049 necesse
991 2001 1072 2050 est
1118 2001 1182 2050 ut
1209 1993 1256 2049 si
1285 2009 1412 2050 vere
1444 1993 1785 2050 intendimus
1815 1993 2128 2050 illuminata

524 2096 766 2150 cernere,
807 2081 1121 2139 studeamus
1149 2083 1350 2141 mentis
1379 2083 1566 2141 oculos
1595 2083 1664 2139 ad
1694 2083 1871 2156 ipsum
1902 2081 2126 2137 illumi-

526 2186 662 2228 nans
709 2172 894 2228 lumen
938 2173 1169 2245 aperire.
1217 2172 1372 2242 Quod
1425 2181 1479 2230 et
1526 2173 1582 2228 in
1614 2172 1819 2228 eisdem
1847 2170 1994 2229 beati
2022 2169 2124 2226 Joh

525 2263 892 2333 sermonibus,
949 2265 1114 2322 etiam
1163 2265 1390 2321 remotis
1444 2264 1830 2336 allegoriarum
1887 2261 2120 2318 umbris,

525 2353 682 2426 quasi
724 2351 994 2426 depressis
1040 2354 1162 2410 altae
1209 2353 1388 2410 noctis
1433 2353 1695 2419 tenebris,
1729 2351 1944 2409 corusci
1973 2367 2124 2407 more

526 2446 958 2520 pertranseuntis
1003 2446 1336 2516 intermicat,
1385 2462 1511 2504 cum
1559 2445 1800 2502 dicitur:
1835 2443 1957 2501 Scio
1985 2443 2126 2514 quod

523 2535 837 2607 Redemptor
873 2552 1016 2591 meus
1056 2537 1202 2604 vivit,
1252 2542 1301 2592 et
1339 2536 1396 2590 in
1423 2553 1582 2590 car-ne
1607 2552 1721 2590 mea
1748 2533 1928 2589 videbo
1956 2533 2125 2588 Deum

525 2624 652 2691 (Job
681 2641 801 2692 xxx,
835 2624 950 2697 25).
983 2625 1098 2680 Hoc
1118 2625 1382 2680 nimirum
1415 2624 1471 2679 in
1501 2631 1660 2682 nocte
1694 2622 1959 2689 historiae,
1992 2622 2126 2677 Pau.

523 2711 610 2767 lus
640 2713 826 2768 lumen
887 2713 1191 2781 invenerat,
1223 2729 1349 2769 cum
1379 2711 1631 2770 dicebat:
1660 2713 1846 2769 Omnes
1875 2712 1931 2765 in
1949 2711 2126 2782 Moyse

519 2801 778 2873 baptizati
823 2807 948 2857 sunt
983 2802 1040 2857 in
1067 2803 1201 2857 nube
1237 2809 1285 2858 et
1332 2802 1386 2858 in
1425 2803 1589 2868 mari,
1618 2809 1666 2858 et
1691 2818 1866 2857 omnes
1895 2801 2126 2856 eamdem

521 2907 690 2946 escam
736 2891 1033 2962 spiritalem
1079 2892 1550 2959 manducaverunt,
1596 2899 1648 2948 et
1689 2909 1864 2948 omnes
1892 2893 2126 2947 eumdem

515 2983 703 3050 potum
749 2977 1047 3051 spiritalem
1089 2979 1346 3038 biberunt.
1392 2981 1648 3037 Bibeba-nt
1673 2986 1848 3036 autem
1875 2979 1936 3034 de
1963 2978 2123 3051 spiri-

521 3069 620 3125 tali
663 3075 999 3142 consequente
1040 3087 1124 3126 eos
1145 3077 1320 3143 petra,
1347 3077 1503 3144 petra
1532 3077 1706 3127 autem
1733 3075 1849 3125 erat
1879 3069 2122 3126 Christus

2235 531 2477 588 vicinius
2508 539 2785 611 premunt,
2817 532 2948 605 quia
2974 530 3107 587 dum
3140 532 3305 589 vitari
3335 549 3368 588 a
3394 533 3654 590 ﬁdelibus
3683 535 3841 608 quasi

2235 619 2425 678 ﬁdeles
2473 628 2775 694 nequeunt,
2826 628 2978 680 tanto
3025 622 3247 693 gravius
3289 631 3496 697 quanto
3526 631 3580 681 et
3608 623 3843 681 interius

2237 709 2559 765 tolerantur.
2585 709 2724 783 [Vet.
2751 709 2857 783 11.]
2898 711 3080 769 Amici
3103 729 3234 768 vero
3255 710 3390 783 ejus,
3415 713 3511 786 qui
3531 713 3688 788 quasi
3704 712 3842 772 dum

2234 799 2534 854 consulunt
2577 797 2937 868 invehuntur,
2970 799 3355 858 haereticorum
3384 801 3616 874 ﬁguram
3645 802 3846 874 expri-

2236 896 2414 960 muntJ
2465 889 2560 964 qui
2609 890 2712 948 sub
2757 892 2938 963 specie
2980 891 3304 948 consulendi
3350 900 3518 964 agunt
3559 893 3842 964 negotium

2235 977 2552 1036 seducendi.
2579 978 2733 1036 Unde
2762 989 2818 1037 et
2846 979 2914 1036 ad
2941 980 3162 1036 beatum
3192 981 3294 1038 Job
3322 980 3456 1037 dum
3485 997 3586 1052 pro
3603 981 3842 1040 Domino

2236 1067 2406 1123 verba
2435 1066 2664 1136 faciunt,
2699 1085 2730 1124 a
2759 1069 2996 1126 Domino
3027 1069 3409 1144 reprobantur,
3434 1070 3564 1144 quia
3583 1070 3843 1130 videlicet

2235 1172 2424 1212 omnes
2459 1157 2704 1215 hmretici
2736 1157 2868 1214 dum
2889 1161 3062 1215 Deum
3085 1158 3382 1216 defendere
3400 1159 3656 1218 nituntur
3671 1162 3840 1221 offeu~

2234 1243 2392 1301 dunt.
2429 1245 2586 1303 Unde
2615 1247 2694 1303 eis
2724 1255 2848 1320 apte
2877 1247 3018 1304 etab
3040 1248 3234 1306 eodem
3255 1250 3377 1306 viro
3397 1258 3588 1308 sancto
3609 1251 3836 1310 dicitur:

2233 1335 2524 1408 Disputare
2551 1354 2668 1393 eum
2695 1339 2804 1395 Deo
2832 1340 3009 1412 cupio,
3023 1339 3181 1412 prius
3200 1357 3290 1395 vos
3310 1341 3582 1397 ostendens
3607 1340 3839 1412 fabrica-

2236 1429 2370 1478 tores
2393 1426 2671 1495 mendacii,
2693 1435 2739 1482 et
2756 1431 2981 1485 cultores
2990 1446 3365 1502 perversorum
3382 1431 3685 1503 dogmatum
3709 1432 3837 1501 (Job

2233 1527 2357 1580 xur,
2391 1513 2442 1580 3,
2477 1513 2557 1586 4).
2592 1515 2820 1573 Constat
2847 1535 2976 1591 ergo
2997 1535 3090 1575 eos
3121 1519 3502 1577 haereticorum
3535 1529 3727 1594 typum
3751 1538 3836 1594 ge.

2234 1620 2374 1672 rere,
2411 1621 2550 1680 quos
2578 1616 2799 1665 sanctus
2818 1611 2907 1666 vir
2928 1611 3224 1684 redarguit,
3246 1613 3422 1670 cultui
3454 1630 3831 1685 perversorum

2231 1692 2550 1765 dogmatum
2594 1696 2890 1755 deservire.
2940 1699 3080 1768 Quia
3121 1701 3290 1772 igitur
3315 1701 3418 1757 Job
3449 1701 3839 1774 interpretatur

2231 1781 2444 1852 dolens,
2497 1801 2606 1858 quo
2659 1785 2923 1843 nimirum
2955 1787 3144 1844 dolore
3174 1789 3261 1844 vel
3288 1789 3605 1846 Mediatoris
3633 1792 3832 1862 passio,

2239 1873 2326 1928 vel
2347 1881 2548 1930 sanctae
2561 1876 2824 1934 Ecclesiae
2845 1879 2999 1936 labor
3017 1881 3365 1954 exprimitur,
3388 1898 3510 1954 quae
3538 1882 3836 1953 multiplici

2237 1963 2518 2034 prmsentis
2561 1965 2689 2021 vita
2727 1966 3044 2039 fatigatione
3085 1971 3382 2040 cruciatur,
3426 1971 3591 2029 amici
3621 1986 3838 2043 quoque

2235 2049 2354 2122 ejus
2398 2067 2468 2107 ex
2514 2053 2784 2111 vocabulo
2830 2057 3072 2113 nominis
3122 2059 3382 2114 meritum
3429 2075 3542 2114 sua:
3589 2059 3840 2115 indicant

2236 2139 2488 2196 actionis.
2537 2142 2672 2198 Nam
2720 2143 2951 2216 Eliphaz
2996 2147 3192 2203 Latina
3232 2147 3421 2219 lingua
3447 2147 3656 2205 dicitur
3686 2148 3707 2182 ²
3735 2149 3840 2204 Dei

2236 2235 2602 2302 contemptus.
2625 2233 2698 2288 Et
2717 2233 2852 2306 quid
2872 2235 3024 2292 aliud
3045 2235 3291 2294 haeretici
3310 2237 3540 2305 faciunt,
3564 2238 3673 2294 nisi
3690 2239 3838 2311 quod

2235 2316 2369 2374 dum
2417 2318 2556 2376 falsa
2596 2321 2664 2378 de
2709 2323 2822 2380 Deo
2861 2325 3126 2394 sentiunt,
3159 2342 3283 2382 eum
3315 2325 3683 2399 superbiendo
3711 2343 3838 2385 con-

2236 2399 2493 2466 temnunt
2513 2410 2541 2466 ?
2583 2410 2793 2470 Baldad
2836 2411 3227 2487 interpretatur
3256 2423 3500 2472 vetustas
3527 2417 3660 2472 sola.
3692 2417 3838 2472 Bene

2236 2504 2419 2554 autem
2449 2514 2640 2557 omnes
2669 2500 2913 2560 haeretici
2936 2503 2995 2559 in
3015 2503 3104 2560 his
3124 2521 3244 2578 quae
3262 2504 3330 2562 de
3349 2507 3587 2562 Domino
3607 2506 3836 2578 loquun-

2236 2590 2347 2653 tur,
2379 2585 2514 2642 dum
2544 2605 2656 2645 non
2685 2589 2994 2648 intentione
3023 2601 3190 2663 recta,
3222 2593 3313 2650 sed
3345 2595 3678 2668 appetitione
3705 2601 3838 2650 tem-

2237 2675 2441 2744 poralis
2473 2677 2661 2747 gloriae
2683 2680 2861 2738 videri
2889 2683 3272 2754 praedicatores
3290 2692 3574 2757 appetunt,
3599 2689 3837 2740 vetustas

2237 2763 2353 2820 sola
2393 2766 2770 2824 nominantur.
2817 2770 2904 2826 Ad
2947 2771 3282 2844 loquendum
3328 2773 3548 2844 quippe,
3581 2789 3692 2828 non
3721 2770 3838 2827 zelo

2236 2853 2367 2909 novi
2400 2852 2663 2925 hominis,
2698 2861 2841 2920 732
2869 2857 2965 2914 sed
2996 2859 3125 2914 vitae
3153 2859 3353 2914 veteris
3383 2860 3653 2930 pravitate
3693 2876 3840 2917 con-

2234 2951 2498 3008 citantur.
2549 2953 2761 3026 Sophar
2801 2971 3018 3030 quoque
3072 2955 3268 3013 Latino
3323 2973 3574 3013 sermone
3629 2958 3840 3014 dicitur

2233 3039 2519 3114 dissipatio
2564 3043 2816 3116 speculae,
2868 3046 2954 3101 vel
3004 3046 3026 3079 ³
3069 3045 3498 3121 speculationem
3539 3045 3835 3120 dissipans.

521 3157 583 3228 (Ι
611 3158 738 3216 Cor.
770 3129 840 3228 1,.
861 3157 998 3231 2-4).
1031 3159 1088 3216 Si
1119 3129 1290 3232 igitur
1306 3129 1695 3231 'B‘edemptoris
1715 3158 1949 3230 speciem
1968 3165 2122 3230 petra
2156 3169 2200 3230 ο
2232 3129 2442 3230 Mem.“
2487 3133 3010 3232 Famqlfeﬁdelium
3149 3135 3573 3232 contemplanda
3601 3152 3838 3208 superna

521 3247 720 3316 tenuit,
767 3263 868 3306 cur
913 3264 1024 3303 non
1066 3247 1293 3320 ﬁguram
1327 3249 1479 3305 illius
1510 3247 1702 3305 beatus
1721 3246 1822 3304 Job
1853 3247 2115 3315 insinuet,

517 3335 615 3410 qui
644 3353 768 3393 eum
793 3353 951 3410 quem
974 3353 1108 3395 voce
1127 3337 1359 3410 protulit
1379 3337 1542 3393 etiam
1564 3337 1815 3410 passione
1834 3336 2118 3409 signavit?

515 3425 668 3483 Unde
706 3433 761 3485 et
801 3442 911 3482 non
942 3426 1220 3484 immerito
1247 3427 1348 3484 Job
1379 3427 1639 3485 videlicet
1666 3425 1858 3482 dolens
1886 3425 2116 3494 dicitur,

511 3513 642 3589 quia
657 3514 808 3572 illius
829 3515 888 3572 in
907 3532 964 3572 se
984 3515 1280 3588 imaginem
1301 3516 1568 3588 exprimit
1587 3515 1654 3572 de
1675 3531 1785 3590 quo
1805 3531 1900 3587 per
1921 3514 2116 3571 Isaiam

512 3602 672 3676 longe
715 3611 840 3659 ante
881 3605 1242 3663 annuntiatur
1283 3605 1432 3680 quod
1473 3605 1690 3661 dolores
1735 3611 1952 3662 nostros
2002 3604 2117 3676 ipse

511 3691 756 3766 portavit
801 3693 957 3767 (Isai.
1004 3711 1122 3764 Lm,
1170 3694 1252 3766 4).
1283 3693 1580 3752 Sciendum
1611 3711 1828 3769 quoque
1857 3701 1939 3750 est
1969 3693 2117 3766 quod

509 3779 841 3856 Redemptor
881 3790 1067 3841 noster
1112 3799 1281 3841 unam
1325 3799 1383 3840 se
1431 3799 1718 3856 personam
1764 3799 1891 3841 cum
1931 3789 2119 3840 sancta

508 3871 776 3942 Ecclesia,
821 3890 984 3949 quam
1027 3873 1343 3946 assumpsit,
1390 3872 1665 3930 exhibuit.
1713 3874 1791 3930 De
1821 3873 1939 3946 ipso
1968 3872 2116 3929 enim

509 3960 748 4020 dicitur:
785 3964 888 4032 Qui
917 3969 990 4020 est
1009 3969 1186 4036 caput,
1213 3963 1458 4020 Christus
1477 3963 1700 4033 (Ephes.
1721 3980 1798 4030 1v,
1835 3962 1946 4035 15).
1981 3962 2117 4019 Rur-

509 4067 741 4124 sumque
767 4051 834 4107 de
882 4051 1001 4123 ejus
1042 4051 1292 4108 Ecclesia
1338 4050 1606 4122 scriptum
1653 4057 1770 4106 est:
1814 4053 1888 4108 Et
1927 4066 2118 4123 corpus

515 4140 737 4208 Christi,
767 4142 908 4212 quod
937 4147 1012 4196 est
1038 4140 1276 4197 Ecclesia
1303 4140 1540 4210 (Coloss.
1573 4155 1614 4208 ι,
1645 4139 1760 4212 24).
1793 4142 1990 4198 Beatus
2019 4141 2116 4214 igi-

512 4239 604 4288 tur
630 4230 752 4300 Job,
786 4233 883 4306 qui
910 4231 1228 4290 Mediatoris
1270 4238 1467 4304 typum
1497 4246 1562 4286 eo
1590 4231 1774 4286 verius
1802 4233 1981 4288 tenuit
2008 4248 2117 4304 quo

510 4320 820 4394 passionem
868 4322 1041 4391 illius,
1091 4336 1202 4376 non
1246 4318 1524 4392 loquendo
1569 4319 1973 4389 tantummodo,
2021 4321 2116 4378 sed

509 4410 674 4467 etiam
723 4411 981 4484 patiendo
1011 4409 1380 4484 prophetavit,
1412 4426 1538 4468 cum
1571 4410 1629 4465 in
1659 4409 1822 4466 dictis
1851 4409 2116 4484 factisque

510 4500 626 4558 suis
668 4500 1014 4573 expressioni
1059 4499 1440 4573 Redemptoris
1483 4500 1762 4569 innititur,
1795 4507 2016 4574 repente
2045 4500 2113 4556 ad
2142 4535 2191 4594 D

508 4589 968 4663 signiﬁcationem
1029 4591 1278 4662 corporis
1334 4590 1630 4664 aliquando
1685 4589 1986 4658 derivatur,
2051 4597 2115 4646 ut

509 4678 658 4754 quod
687 4677 968 4736 Christum
997 4687 1052 4735 et
1078 4679 1379 4736 Ecclesiam
1411 4696 1577 4736 unam
1607 4696 1892 4752 personam
1922 4679 2111 4736 credi-

511 4785 653 4836 mus,
698 4766 805 4825 hoc
851 4767 1015 4825 etiam
1066 4766 1230 4822 unius
1278 4784 1521 4839 personae
1567 4767 1783 4826 actibus
1811 4766 2110 4840 signiﬁcari

511 4857 818 4916 videamus.

581 4948 634 5006 3.
685 4949 832 5006 Uxor
872 4949 990 5018 Job,
1039 4947 1279 5003 carnales
1321 4947 1608 5012 Ecclesiae;
1635 4946 1816 5014 amici,
1843 4947 2112 5003 htereticos

511 5038 852 5095 adumbrant.
883 5069 955 5080 —
984 5038 1135 5095 Uxor
1165 5052 1296 5093 vero
1325 5035 1463 5108 ejus,
1495 5053 1615 5110 quae
1643 5053 1768 5092 eum
1799 5037 1866 5093 ad
1887 5035 2110 5092 maledi-

513 5125 748 5181 cendum
779 5136 1058 5200 provocat,
1091 5126 1226 5200 quid
1255 5127 1405 5182 aliud
1435 5142 1598 5200 quam
1630 5126 1954 5197 pravitatem
1983 5141 2114 5181 car-

515 5214 723 5269 nalium
754 5215 980 5287 signat?
1008 5215 1114 5285 Qui
1157 5216 1302 5272 intra
1330 5221 1569 5272 sanctam
1603 5215 1905 5272 Ecclesiam
1937 5214 2113 5271 incor-

593 5480 608 5514 ¹
642 5479 870 5552 Iuram,
903 5481 1196 5552 deliquisse.

591 5549 970 5628 {Membratim
1001 5549 1304 5628 Baluziana:
1335 5562 1492 5628 aetate
1521 5554 1696 5611 sancti
1726 5555 1971 5628 Gregorii
2005 5571 2114 5610 non

521 5622 756 5698 multum
807 5620 1111 5698 inferiores,
1163 5624 1466 5698 in__qu_ibus
1517 5643 1686 5698 pauca
1729 5620 2018 5698 supersunt
2047 5643 2115 5681 ex

519 5691 836 5760 Moralibus,
887 5692 1148 5759 Colbert.,
1201 5691 1460 5762 Vindoc.,
1494 5691 1705 5765 Norm.,
1739 5691 1955 5754 Domini.
1984 5715 2117 5752 con-

545 5771 762 5839 emptus.

2227 3235 2284 3276 se
2311 3220 2563 3292 erigunt;
2599 3223 2692 3279 sed
2722 3223 2853 3280 dum
2887 3223 3269 3282 haereticorum
3315 3224 3483 3282 verba
3523 3234 3836 3298 pervertere

2229 3317 2377 3366 recta
2422 3314 2857 3386 contemplantes
2903 3323 3185 3388 appetunt,
3235 3315 3514 3388 speculam
3561 3314 3835 3389 dissipare

2227 3409 2520 3458 conantur.
2552 3403 2616 3458 In
2648 3403 2828 3460 tribus
2856 3404 3041 3478 itaque
3061 3405 3364 3462 amicorum
3385 3404 3487 3462 Job
3508 3405 3832 3462 nominibus

2227 3495 2338 3546 tres
2384 3489 2440 3546 in
2483 3489 2758 3550 hmreticis
2805 3493 3178 3566 perditionum
3223 3510 3380 3551 casus
3420 3493 3828 3566 exprimuntur.

2141 3590 2152 3598 '
2225 3577 2342 3634 Nisi
2385 3581 2535 3636 enim
2577 3583 2751 3638 Deum
2794 3590 3232 3654 contemnerent,
3264 3599 3609 3657 nequaquam
3636 3581 3704 3640 de
3734 3583 3834 3639 illo

2227 3683 2483 3738 perversa
2503 3671 2802 3739 sentirent;
2829 3673 2850 3706 ‘
2871 3680 2926 3728 et
2945 3672 3054 3728 nisi
3076 3678 3401 3728 vetustatem
3425 3670 3832 3740 contraherent,

2227 3756 2287 3812 in
2323 3773 2481 3814 novae
2510 3758 2640 3815 vitae
2674 3760 3040 3833 intelligentia
3069 3777 3180 3816 non
3195 3767 3473 3825 errarent;
3507 3766 3563 3814 et
3591 3759 3700 3815 nisi
3722 3777 3834 3832 spe-

2225 3846 2566 3903 culationem
2614 3849 2888 3904 bonorum
2937 3849 3300 3915 destruerent,
3351 3863 3696 3920 nequaquam
3745 3865 3836 3905 eos

2225 3951 2460 4007 superna
2483 3935 2697 4006 judicia
2716 3944 2827 3992 tam
2842 3936 3098 3994 districto
3117 3937 3375 3992 examine
3403 3952 3504 4008 pro
3535 3935 3833 3993 verborum

2225 4041 2448 4080 suorum
2502 4027 2664 4098 culpa
2727 4027 3103 4099 reprobarent.
3173 4027 3591 4084 Contemnendo
3666 4028 3836 4100 igitur

2225 4115 2419 4184 Deum,
2455 4114 2512 4170 in
2544 4123 2816 4172 vetustate
2845 4132 2902 4172 se
2933 4116 3206 4184 retinent;
3252 4115 3348 4173 sed
3389 4117 3446 4172 in
3478 4124 3747 4173 vetustate
3778 4135 3835 4174 se

2224 4206 2534 4275 retinendo,
2585 4209 2771 4280 pravis
2815 4208 2930 4265 suis
2971 4208 3316 4268 sermonibus
3345 4209 3706 4282 speculationi
3739 4225 3836 4266 re-

2225 4309 2438 4359 ctorum
2470 4307 2690 4359 nocent.

2296 4407 2369 4464 [ιν
2392 4407 2523 4465 Eliu
2565 4408 2742 4480 ﬁgura
2783 4408 3057 4464 doctorum
3082 4405 3318 4481 ﬁdelium
3346 4408 3434 4463 sed
3462 4407 3830 4480 superborum.

2225 4528 2297 4540 —
2326 4498 2454 4554 Post
2482 4497 2582 4554 hos
2611 4515 2826 4572 quoque
2855 4499 2986 4554 Eliu
3021 4496 3214 4570 junior
3244 4498 3302 4554 in
3333 4497 3481 4554 beati
3511 4496 3612 4554 Job
3641 4513 3834 4568 expro-

2225 4588 2478 4646 bratione
2525 4587 2896 4662 subjungitur,
2949 4605 3019 4645 ex
3072 4589 3232 4662 cujus
3290 4605 3522 4662 persona
3579 4585 3837 4642 videlicet

2218 4681 2426 4752 species
2470 4679 2836 4754 quorumdam
2889 4679 3177 4736 doctorum
3223 4678 3469 4734 ﬁdelium
3514 4675 3608 4732 sed
3649 4681 3832 4730 tamen

2219 4769 2594 4842 arrogantium
2627 4769 2966 4843 designatur.
2999 4767 3168 4843 cujus
3198 4767 3365 4825 verba
3394 4782 3504 4822 non
3541 4765 3705 4821 facile
3738 4764 3836 4819 in-

2221 4857 2540 4929 telligimus,
2592 4859 2700 4914 nisi
2739 4875 2803 4916 ea
2829 4875 2900 4915 ex
2929 4857 3296 4931 subsequenti
3331 4855 3610 4912 dominice
3640 4870 3836 4911 corre-

2220 4945 2408 5018 ptione
2439 4961 2750 5018 pensemus.
2783 4949 2880 5006 Ait
2901 4964 3140 5021 namque
3157 4946 3224 5002 de
3245 4945 3343 5002 illo
3363 4945 3632 5001 Dominus
3658 4961 3668 4998 :
3706 4943 3835 5012 Quis

2219 5042 2294 5090 est
2333 5036 2429 5090 iste
2469 5037 2738 5093 involvens
2764 5039 3044 5095 sententias
3071 5037 3398 5094 sermonibus
3425 5034 3682 5106 imperitis
3708 5032 3835 5101 (Job

2221 5141 2464 5195 xxxvnl,
2498 5128 2552 5201 2)
2573 5128 2602 5184 ?
2618 5127 2756 5186 Cum
2780 5146 2912 5185 vero
2933 5129 3074 5186 dicit
3088 5128 3412 5196 sententias,
3437 5127 3531 5183 sed
3551 5142 3661 5181 non
3682 5125 3838 5180 addit

2223 5215 2477 5287 protinus
2519 5218 2726 5290 quales,
2773 5219 2896 5274 vult
2939 5219 3128 5291 procul
3173 5217 3346 5274 dubio
3376 5216 3548 5272 bonas
3577 5214 3835 5286 intelligi-

2296 5490 2317 5520 ³
2351 5485 2608 5558 Yindoc.,
2642 5486 2863 5554 Pratel.,
2896 5495 3024 5552 etc.,
3058 5487 3327 5558 speculam
3352 5484 3642 5558 dissipans.

2301 5559 2318 5591 ³
2349 5557 2559 5621 Norrn.,
2605 5563 2653 5610 et
2693 5558 2799 5611 nisi
2842 5553 3118 5613 vetustatis
3159 5553 3545 5612 contraherent.
3581 5556 3713 5622 Quae
3745 5553 3835 5610 hic

2227 5628 2458 5700 legimus
2498 5627 2564 5683 de
2612 5627 2904 5697 haereticis,
2957 5629 3146 5686 iisdem
3183 5644 3319 5700 pene
3349 5627 3532 5684 verbis
3565 5625 3838 5682 habentur

2227 5698 2298 5756 in
2317 5698 2468 5770 praef.
2503 5701 2760 5770 generali,
2794 5717 2910 5774 cap.
2947 5701 2996 5757 7.
