4162 6184
266 323 366 383 253

1003 322 1373 382 MORALIUM
1411 325 1544 383 LIB.
1587 324 1793 385 XXIII.
1834 355 1905 370 —
1943 327 2012 386 IN
2050 327 2280 387 CAPUT
2317 324 2541 386 XXXII
2570 330 2634 389 B.
2674 332 2815 390 JOB.

3454 340 3558 399 254

209 482 213 487 -
265 450 399 507 Nam
427 463 553 504 cum
580 446 859 502 sententia
888 447 1266 517 nominantur,
1300 450 1408 505 nisi
1441 451 1607 507 etiam
1643 452 1659 485 ί
1694 452 1851 508 mala
1880 471 1932 532 Α
1962 454 2272 524 inveniant,
2304 471 2469 529 quam
2518 456 2815 516 verborum
2864 473 3090 517 suorum
3127 463 3327 534 jaculis
3372 468 3564 539 impu-

263 540 536 606 dicantur,
566 536 719 592 mala
750 538 947 593 sentiri
995 555 1106 595 non
1154 548 1401 612 possunt.
1439 542 1500 597 In
1530 542 1678 599 bono
1707 543 1856 601 enim

261 646 472 701 semper
495 627 791 684 sententias
822 627 1125 701 accipimus
1154 648 1277 705 qua
1306 631 1424 689 sine
1454 633 1857 706 reprobationis

261 718 555 792 adjectione
584 725 886 790 ponuntur,
921 719 1067 776 sicut
1095 720 1361 794 scriptum
1390 730 1471 779 est
1504 740 1516 780 :
1553 722 1860 795 Sapientior

264 808 356 864 sibi
380 806 584 861 vitietur
605 805 782 879 piger,
809 812 998 878 septem
1044 808 1175 863 viris
1223 810 1551 881 loquentibus
1578 812 1857 868 sententias

266 899 438 970 (Prov.
460 912 625 965 xxvr,
664 896 777 969 16).
811 896 970 964 Quod
999 913 1132 955 vero
1161 898 1386 969 dicitur,
1419 902 1551 974 quia
1578 902 1696 973 ejus
1723 918 1857 958 sen-

262 987 430 1043 tentia
462 985 744 1058 imperitis
773 987 1124 1044 sermonibus
1145 988 1528 1059 involvuntur,
1560 990 1670 1048 hoc
1695 1008 1856 1047 sum-

262 1091 463 1147 mopere
492 1073 829 1143 ostenditur,
862 1075 992 1148 quia
1011 1074 1080 1131 ab
1101 1092 1165 1132 eo
1184 1093 1310 1135 cum
1332 1078 1584 1135 elationis
1606 1079 1856 1137 fatuitate

261 1164 624 1238 proferuntur.
659 1164 854 1236 Magna
874 1164 1077 1236 quippe
1098 1166 1154 1220 in
1175 1182 1238 1221 eo
1259 1167 1538 1240 imperitia
1564 1177 1645 1225 est
1659 1169 1856 1225 humi-

260 1253 372 1309 liter
399 1253 591 1310 dicere
622 1252 839 1310 nescire
871 1252 1020 1326 quod
1052 1254 1210 1324 dicit,
1244 1265 1299 1313 et
1327 1257 1574 1315 veritatis
1605 1258 1855 1316 sensibus

256 1343 500 1400 elationis
532 1343 707 1401 verba
736 1343 986 1401 miscere.

320 1432 453 1506 [γει.
485 1432 635 1508 ΙΙΙ.]
666 1434 720 1490 5.
771 1433 1082 1504 Aliquando
1113 1436 1260 1491 mala
1297 1436 1439 1505 bene,
1480 1443 1528 1491 et
1560 1436 1694 1493 bona
1721 1438 1857 1493 male

257 1522 513 1579 dicuntur.
547 1552 623 1564 —
652 1524 830 1579 Omne
859 1523 1008 1579 enim
1038 1523 1186 1595 quod
1216 1523 1424 1582 dicitur
1458 1525 1857 1598 quadripartita

256 1619 419 1683 potest
448 1613 720 1686 qualitate
742 1604 1018 1684 distingui
1046 1629 1057 1667 :
1092 1613 1139 1668 si
1171 1620 1267 1669 aut
1295 1614 1437 1670 mala
1458 1615 1620 1682 male,
1653 1623 1749 1671 aut
1762 1614 1854 1670 bo-

253 1701 499 1771 nabene,
530 1709 632 1758 aut
679 1701 823 1758 mala
868 1700 1027 1769 bene,
1072 1709 1169 1758 aut
1213 1700 1360 1757 bona
1405 1704 1547 1759 male
1575 1704 1850 1760 dicantur.

251 1791 379 1848 Male
406 1792 562 1849 enim
594 1792 805 1847 malum
834 1791 1064 1859 dicitur,
1112 1808 1240 1849 cum
1270 1809 1354 1849 res
1382 1809 1638 1865 perversa
1666 1794 1855 1851 suade-

252 1890 351 1953 tur,
384 1884 535 1941 sicut
563 1884 828 1955 scriptum
860 1892 941 1941 est
975 1902 986 1939 :
1022 1884 1247 1941 Benedic
1278 1886 1404 1952 Deo,
1435 1894 1483 1942 et
1508 1904 1712 1943 morere
1734 1888 1854 1958 (Job

252 1991 311 2044 ιι,
344 1976 432 2047 9).
467 1976 685 2033 Bonum
714 1976 850 2033 bene
878 1977 1104 2047 dicitur,
1138 1995 1265 2035 cum
1293 1988 1438 2037 recte
1466 1988 1615 2038 recta
1644 1980 1856 2053 pradi—

250 2072 466 2135 cantur,
502 2066 648 2123 sicut
674 2066 905 2124 Joannes
934 2066 1015 2123 ait
1046 2085 1057 2123 :
1091 2068 1242 2139 Agite
1257 2070 1643 2140 penitentiam,
1661 2087 1869 2143 appro»

252 2153 535 2226 pinquavit
560 2157 699 2212 enim
726 2174 947 2229 regnum
973 2159 1220 2214 calorum
1251 2158 1464 2230 (Matth.
1498 2177 1581 2229 ur,
1613 2161 1696 2231 2).
1729 2162 1855 2217 Ma-

256 2241 361 2299 lum
393 2244 539 2301 bene
586 2244 813 2315 dicitur,
856 2246 1075 2319 quando
1122 2263 1219 2319 per
1265 2264 1325 2303 os
1363 2248 1602 2305 dicentis
1648 2248 1855 2305 idcirco

250 2331 443 2387 vitium
476 2335 839 2408 exprimitur,
871 2343 933 2391 ut
960 2337 1300 2407 reprobetur,
1333 2337 1478 2394 sicut
1505 2336 1707 2392 Paulus
1734 2334 1812 2394 ait
1836 2353 1848 2391 :

247 2420 471 2479 Femina;
499 2440 687 2480 eorum
714 2426 1128 2480 immutaverunt
1153 2428 1458 2482 naturalem
1485 2442 1639 2481 usum
1664 2424 1723 2481 in
1738 2441 1854 2481 eum

245 2520 329 2589 qui
356 2527 440 2577 est
467 2525 664 2576 contra
691 2527 947 2575 naturam
974 2523 1000 2590 (
1006 2523 1158 2578 Rom.
1190 2539 1233 2588 1,
1262 2521 1381 2591 26).
1414 2520 1535 2587 Quo
1564 2520 1684 2575 loco
1704 2535 1854 2575 exse-

242 2610 449 2666 cranda
464 2624 694 2682 quoque
711 2609 960 2665 virorum
977 2609 1222 2666 facinora
1235 2610 1485 2667 subdidit
1508 2627 1522 2678 ;
1554 2608 1646 2665 sed
1662 2608 1851 2666 hones~

242 2704 287 2756 te
316 2697 637 2754 inhonesta
665 2698 930 2768 narravit,
964 2706 1026 2754 ut
1055 2700 1257 2755 multos
1300 2699 1368 2755 ad
1400 2698 1701 2755 honestatis
1726 2699 1851 2756 for-

247 2803 385 2845 mam
420 2787 726 2845 inhonesta
753 2787 1026 2844 narrando
1056 2797 1353 2846 revocaret.
1384 2789 1525 2846 Male
1553 2796 1732 2846 autem
1754 2789 1847 2847 bo-

247 2893 373 2934 num
404 2877 643 2945 dicitur,
675 2893 801 2934 cum
848 2884 1060 2934 rectum
1103 2878 1313 2952 aliquid
1344 2886 1495 2936 recto
1523 2878 1706 2937 studio
1734 2898 1846 2937 non

248 2968 544 3040 profertur,
590 2967 735 3025 sicut
780 2967 1095 3024 illuminato
1141 2985 1284 3026 caeo
1330 2969 1591 3025 Pharisaei
1639 2970 1846 3027 dixisse

250 3056 610 3129 perhibentur
642 3075 654 3113 :
695 3061 777 3116 Tu
805 3059 878 3114 sis
906 3058 1196 3131 discipulus
1224 3059 1336 3129 ejus
1370 3058 1550 3130 (Joan.
1596 3076 1678 3128 1x,
1723 3060 1841 3132 28).

251 3146 403 3213 Quod
432 3147 844 3203 maledictionis
863 3148 1055 3221 utique
1074 3147 1341 3204 dixerunt
1359 3148 1562 3217 studio,
1596 3165 1708 3205 non
1728 3164 1845 3205 ora-

252 3235 411 3292 tionis
440 3244 594 3293 voto.
629 3236 731 3293 Vel
775 3237 921 3293 sicut
949 3235 1183 3309 Caiphae
1211 3238 1289 3294 ait
1321 3255 1332 3293 :
1366 3237 1602 3309 Expedit
1629 3254 1793 3294 unum
1822 3240 1844 3275 ³

253 3325 500 3381 hominem
540 3326 683 3382 mori
722 3343 826 3399 pro
867 3329 1090 3399 populo,
1131 3333 1191 3383 ut
1233 3344 1339 3383 non
1388 3333 1495 3383 tota
1522 3344 1643 3399 gens
1664 3336 1850 3400 pereat

258 3412 427 3483 (Joan.
460 3432 545 3481 χι,
577 3416 697 3486 50).
727 3416 944 3472 Bonum
965 3418 1187 3491 quippe,
1218 3418 1313 3474 sed
1333 3434 1443 3474 non
1462 3417 1602 3475 bene
1630 3419 1847 3477 locutus

254 3511 348 3570 est,
379 3505 510 3576 quia
538 3504 673 3561 dum
718 3505 1101 3563 crudelitatem
1144 3507 1295 3565 necis
1342 3508 1591 3581 appetiit,
1623 3508 1848 3565 redem-

255 3592 456 3663 ptionis
485 3594 716 3665 gratiam
745 3595 1113 3668 prophetavit.
1164 3597 1281 3654 Hoc
1330 3596 1499 3669 igitur
1526 3597 1691 3653 modo
1719 3598 1849 3654 Eliu

256 3698 473 3755 quoque
501 3682 683 3740 dicere
710 3701 817 3741 non
836 3685 974 3743 bene
1001 3684 1149 3742 bona
1166 3684 1607 3758 reprehenditur,
1640 3687 1771 3759 quia
1791 3687 1849 3742 in

257 3769 341 3825 his
372 3787 493 3843 qua
523 3774 789 3831 veraciter
832 3762 1079 3849 loquitur
1120 3782 1439 3848 arroganter
1468 3775 1711 3832 inﬂatur.
1744 3776 1849 3844 Qui

260 3858 311 3914 in
340 3876 402 3916 eo
431 3862 672 3933 speciem
702 3865 1079 3936 arrogantium
1125 3866 1324 3939 signat,
1357 3882 1465 3939 quo
1505 3881 1602 3940 per
1629 3882 1850 3923 sensum

260 3951 604 4008 rectitudinis
635 3953 692 4008 in
724 3955 957 4011 tumoris
986 3955 1157 4013 verba
1184 3973 1241 4013 se
1270 3957 1466 4013 elevat.

324 4047 462 4107 733
502 4055 555 4110 6.
602 4054 670 4111 In
715 4054 1009 4111 amicorum
1049 4057 1146 4113 Job
1192 4058 1634 4124 reconciliatione,
1678 4074 1853 4130 agno-

263 4143 433 4197 scenda
460 4143 825 4199 haereticorum
865 4146 1149 4202 conversio.
1198 4149 1403 4204 Eorum
1449 4147 1713 4221 sacriﬁcia
1742 4147 1850 4203 Deo

264 4246 359 4285 non
378 4233 609 4303 placent,
639 4233 731 4288 sed
757 4250 875 4305 qua:
918 4234 984 4289 ab
1031 4236 1272 4291 Ecclesia
1299 4238 1616 4308 offeruntur.
1648 4265 1719 4277 —-
1746 4235 1852 4293 Sed

266 4321 387 4392 quid
427 4332 505 4380 est
535 4324 685 4397 quod
714 4332 824 4381 tres
855 4326 1063 4382 amicos
1109 4326 1456 4383 reconciliari
1503 4343 1599 4398 per
1644 4333 1851 4398 septem

266 4410 537 4481 sacriﬁcia,
571 4413 768 4470 divina
797 4430 909 4469 vox
930 4413 1180 4487 pracipit
1211 4432 1224 4481 ;
1258 4415 1389 4471 Eliu
1418 4432 1549 4471 vero
1569 4416 1671 4471 sub
1686 4416 1853 4473 unius

269 4501 637 4558 tantummodo
664 4504 950 4560 sententia
972 4503 1344 4576 increpatione
1363 4504 1716 4576 derelinquit,
1741 4504 1848 4560 nisi

270 4590 398 4659 quod
425 4608 825 4666 nonnunquam
846 4593 1114 4663 haeretici,
1146 4593 1351 4649 divina
1383 4595 1569 4665 gratia
1602 4594 1851 4666 largitate

270 4679 477 4747 perfusi,
527 4681 599 4737 ad
655 4682 926 4740 unitatem
984 4689 1188 4740 sancta
1228 4682 1490 4739 Ecclesiae
1549 4682 1782 4738 redeunt
1825 4683 1855 4739 ‘t

270 4764 415 4831 Quod
440 4768 574 4827 bene
606 4771 725 4842 ipsa
754 4773 1060 4830 amicorum
1092 4772 1547 4829 reconciliatione
1584 4772 1850 4843 signatur,

270 4872 358 4926 pro
384 4860 580 4931 quibus
627 4870 812 4918 tamen
859 4863 1053 4920 beatus
1092 4865 1194 4921 Job
1242 4881 1469 4921 exorare
1518 4865 1851 4936 pracipitur,

271 4946 387 5016 quia
412 4950 679 5006 nimirum
729 4951 1113 5009 haereticorum
1164 4951 1433 5010 sacriﬁcia
1479 4961 1699 5025 accepta
1740 4954 1855 5010 Deo

272 5048 372 5089 esse
398 5053 502 5093 non
533 5048 785 5111 possunt,
820 5041 926 5097 nisi
958 5059 1058 5114 pro
1089 5042 1168 5097 eis
1214 5042 1545 5098 universalis
1590 5042 1854 5099 Ecclesia

275 5125 506 5184 nianihus
533 5129 856 5199 offerantur,
880 5138 943 5187 ut
961 5129 1079 5203 ejus
1100 5114 1318 5188 meritis
1338 5130 1645 5188 remedium
1660 5131 1853 5187 salutis

336 5364 437 5420 ‘In
462 5366 661 5435 Editis,
710 5370 849 5424 male
893 5367 1164 5436 dicuntur,
1213 5367 1307 5424 sed
1357 5365 1614 5423 mendose
1648 5383 1659 5421 :
1694 5381 1848 5421 mens

272 5436 427 5520 sancti
470 5437 724 5519 Gregorii
755 5447 869 5520 est,
928 5439 1231 5520 sententias
1270 5439 1587 5520 inibonam
1636 5452 1849 5508 semper

273 5513 461 5634 £3;in
489 5510 854 5583 accipiendas,
888 5511 997 5567 nisi
1027 5510 1235 5583 aliquid
1266 5510 1496 5566 addatur
1527 5527 1636 5583 quo
1668 5525 1847 5581 repro-

274 5648 539 5776 (‘OlibDeest
568 5653 824 5710 hominem
873 5654 931 5710 in
978 5651 1153 5709 tribus
1198 5652 1409 5719 Norm.,
1465 5653 1519 5708 in
1568 5653 1751 5708 Baluz.
1798 5659 1851 5707 et

286 5736 412 5775 μου).

336 5792 355 5825 ³
384 5792 442 5851 In
472 5796 728 5856 omnibus
756 5797 938 5855 Editis
967 5804 1021 5856 et
1048 5797 1108 5856 in
1149 5794 1433 5855 nonnullis
1461 5795 1587 5856 Mss.
1624 5795 1852 5854 vitiatus

1967 545 2181 618 gnando
2213 543 2502 601 feriebant.
2553 544 2707 604 Unde
2755 554 2809 603 et
2855 554 3061 619 septem
3109 566 3208 622 pro
3236 554 3315 609 eis
3342 555 3563 612 sacriﬁ—

1964 636 2050 695 cia
2076 643 2450 694 memorantur
2478 636 2678 706 oblata,
2702 628 2832 711 quia
2850 638 2983 695 dum
3014 641 3349 713 septiformis
3379 647 3563 716 gratia

1963 730 2232 803 Spiritum
2260 728 2585 788 conﬁtentes
2615 729 2916 803 accipiunt,
2966 733 3120 805 quasi
3162 741 3370 805 septem
3400 737 3563 793 obla-

1963 818 2210 875 tionibus
2239 820 2553 892 expiantur.
2590 820 2733 877 Hinc
2762 821 2820 877 in
2851 822 3078 880 Joannis
3107 824 3440 897 Apocalypsi
3470 840 3593 897 per'

1963 910 2334 981 septenarium
2363 909 2737 966 Ecclesiarum
2769 926 3082 982 numerum,
3105 913 3435 970 universalis
3463 915 3565 971 Ec-

1964 998 2130 1055 clesia
2157 997 2473 1069 designatur
2500 997 2693 1069 (Apoc.
2727 1016 2767 1068 ι,
2802 1002 2915 1071 ll).
2940 1001 3082 1060 Hinc
3100 1017 3196 1074 per
3216 1002 3563 1060 Salomonem

1964 1086 2032 1142 de
2060 1086 2328 1158 sapientia
2346 1085 2551 1143 dicitur
2584 1104 2595 1142 :
2632 1088 2907 1159 Sapientia
2925 1090 3203 1163 aediﬁcavit
3214 1092 3316 1148 sibi
3330 1093 3562 1162 domum,

1963 1176 2159 1232 excidit
2177 1176 2449 1231 columnas
2469 1182 2656 1248 septem
2675 1178 2872 1247 (Prov.
2904 1196 2984 1248 Ix,
3012 1181 3090 1252 1).
3114 1182 3236 1253 Ipso
3254 1199 3381 1256 ergo
3395 1186 3562 1241 sacri-

1964 1264 2218 1321 ﬁciorum
2233 1280 2465 1319 numero
2486 1266 2831 1323 reconciliati
2853 1266 3099 1327 haretici
3121 1270 3254 1343 quid
3275 1272 3428 1343 prius
3447 1272 3561 1330 fue-

1965 1356 2077 1411 rint
2106 1355 2446 1426 exprimunt,
2497 1356 2593 1427 qui
2634 1356 2960 1427 perfectioni
3009 1360 3347 1432 septiformis
3375 1364 3561 1434 gratia

1964 1444 2185 1502 nonnisi
2216 1443 2496 1501 redeundo
2520 1444 2849 1517 junguntur.
2877 1446 3023 1504 Bene
3043 1456 3227 1505 autem
3254 1458 3444 1507 tauros
3463 1469 3563 1524 pro

1962 1552 2020 1591 se
2048 1543 2103 1592 et
2131 1535 2327 1591 arietes
2358 1530 2627 1591 obtulisse
2655 1534 3066 1595 describuntur.
3090 1540 3151 1595 In
3174 1547 3332 1596 tauro
3361 1543 3563 1615 quippe

1962 1626 2155 1683 cervix
2186 1623 2476 1697 superbia,
2528 1625 2585 1680 in
2626 1625 2795 1682 ariete
2842 1634 3025 1683 autem
3071 1628 3302 1686 ducatus
3340 1646 3561 1709 gregum

1963 1715 2313 1787 sequentium
2343 1713 2679 1785 designatur.
2712 1714 2819 1783 Qui
2849 1716 3032 1790 itaque
3047 1727 3128 1774 est
3144 1736 3242 1791 pro
3270 1721 3349 1776 eis
3378 1728 3563 1778 tauros

1963 1804 2268 1877 arietesque
2299 1810 2555 1872 mactare,
2590 1804 2699 1859 nisi
2743 1821 2933 1861 eorum
2977 1808 3273 1879 superbum
3302 1809 3563 1868 ducatum

1968 1890 2294 1959 interﬁcere,
2328 1900 2391 1948 ut
2410 1891 2477 1948 de
2492 1907 2548 1948 se
2568 1890 2805 1949 humilia
2824 1895 3082 1964 sentiant,
3102 1904 3155 1952 et
3175 1906 3297 1969 post
3323 1915 3380 1954 se
3400 1900 3565 1956 corda

1967 1981 2347 2038 innocentium
2385 1980 2499 2052 jam
2530 1998 2641 2038 non
2682 1982 2946 2040 seducant
2974 1984 3002 2041 7
3031 1984 3258 2043 Cervice
3287 1988 3435 2043 enim
3467 1995 3565 2044 tu-

1968 2070 2140 2126 menti
2169 2069 2237 2125 ab
2265 2070 2527 2127 Ecclesiae
2556 2071 2917 2128 universitate
2949 2073 3278 2144 resilierant,
3312 2084 3367 2132 et
3395 2076 3563 2132 inﬁr-

1965 2176 2084 2217 mos
2112 2167 2237 2231 post
2265 2176 2322 2216 se
2350 2160 2580 2233 pepulos
2626 2162 2781 2233 quasi
2824 2171 3114 2235 sequentes
3152 2181 3337 2237 greges
3366 2164 3564 2223 trahe—

1965 2253 2117 2309 bant.
2154 2254 2393 2311 Veniant
2423 2255 2591 2327 igitur
2611 2255 2679 2312 ad
2698 2255 2921 2313 beatum
2941 2258 3063 2326 Job,
3089 2257 3146 2313 id
3174 2265 3255 2314 est
3282 2264 3561 2313 revertan-

1964 2350 2056 2398 tur
2083 2343 2153 2399 ad
2179 2343 2505 2413 Ecclesiam,
2556 2351 2609 2400 et
2658 2348 2968 2417 septenario
2997 2347 3267 2405 sacriﬁcio
3293 2355 3480 2403 tauros
3507 2354 3563 2404 et

1963 2431 2159 2488 arietes
2188 2434 2504 2490 mactandos
2524 2434 2772 2504 offerant,
2800 2438 2821 2470 ³
2844 2436 2938 2509 qui
2960 2444 3021 2493 ut
3040 2436 3340 2493 universali
3366 2436 3559 2494 Eccle-

1960 2524 2056 2579 sia
2086 2523 2507 2596 conjungantur,
2541 2522 2858 2581 humilitate
2888 2525 3307 2594 interveniente,
3340 2525 3561 2582 interﬁ-

1960 2614 2110 2670 ciant
2138 2613 2408 2687 quidquid
2454 2614 2606 2687 prius
2652 2613 2930 2671 tumidum
2977 2614 3045 2672 de
3086 2614 3323 2688 superbo
3351 2613 3558 2672 ducatu

1959 2703 2262 2775 sapiebant.

2032 2790 2172 2865 [Vet.
2200 2790 2326 2865 IV.]
2360 2792 2410 2848 7.
2451 2792 2572 2849 Non
2616 2793 3026 2850 reconciliantur
3066 2792 3159 2865 qui
3184 2798 3318 2848 recte
3339 2793 3553 2865 pradi—

1958 2884 2147 2950 cando,
2176 2900 2329 2940 vana
2354 2885 2540 2957 glorias
2565 2886 2823 2952 serviunt,
2851 2886 2940 2941 sed
2958 2883 3242 2956 sapissime
3267 2882 3552 2954 reproban-

1959 2978 2067 3029 tur.
2101 3002 2172 3013 —
2198 2973 2333 3028 Eliu
2373 2989 2504 3029 vero
2550 2989 2646 3044 per
2691 2990 2853 3046 quem
2885 2990 3039 3029 vana
3070 2972 3255 3044 gloria
3284 2977 3551 3026 amatores

1956 3062 2157 3133 signati
2186 3069 2334 3129 sunt,
2369 3062 2391 3096 ⁴
2422 3062 2568 3116 intra
2612 3069 2855 3119 sanctam
2901 3061 3206 3124 Ecclesiam
3236 3059 3547 3126 constituti,

1957 3150 2051 3223 qui
2081 3166 2143 3206 ea
2171 3165 2293 3224 qua
2334 3157 2482 3207 recte
2528 3151 2776 3207 sentiunt
2817 3150 3107 3207 humiliter
3134 3148 3378 3223 proferre
3408 3163 3551 3206 con—

1954 3245 2227 3308 temnunt,
2276 3256 2621 3314 nequaquam
2679 3256 2777 3314 per
2821 3238 3153 3299 sacriﬁcium
3202 3236 3552 3296 reconciliari

1955 3329 2274 3402 praecipitur
2300 3332 2432 3404 quia
2459 3339 2771 3405 arrogantes
2799 3330 3042 3405 quidem,
3074 3328 3169 3387 sed
3196 3336 3378 3385 tamen
3407 3327 3555 3384 ﬁde-

1955 3418 2053 3487 les,
2087 3436 2185 3492 pro
2214 3435 2279 3476 eo
2308 3421 2455 3494 quod
2480 3419 2594 3494 jam
2626 3422 2777 3478 intus
2806 3427 2955 3491 sunt,
2988 3436 3084 3493 per
3112 3427 3319 3492 septem
3348 3415 3554 3475 sacriﬁ-

1955 3508 2042 3565 cia
2070 3509 2319 3567 revocari
2347 3526 2458 3565 non
2488 3518 2737 3582 possunt.
2761 3509 2909 3578 Quos
2936 3516 3120 3565 tamen
3148 3507 3251 3564 sub
3278 3506 3410 3563 Eliu
3437 3520 3553 3577 spe-

1955 3598 2039 3654 cie
2080 3598 2354 3655 sententia
2394 3599 2589 3655 divina
2644 3599 2942 3671 redarguit,
2992 3606 3153 3672 atque
3204 3598 3263 3654 in
3321 3596 3400 3653 eis
3441 3610 3553 3652 non

1958 3688 2207 3744 veritatis
2234 3689 2552 3757 sententias,
2585 3687 2680 3745 sed
2730 3688 2984 3744 elationis
3027 3694 3267 3743 mentem
3296 3702 3361 3745 ac
3389 3683 3556 3742 verba

1960 3778 1981 3812 ³
2013 3776 2384 3848 reprehendit.
2419 3776 2550 3843 Qua
2570 3776 2840 3831 nimirum
2861 3775 3213 3847 reprehensio
3242 3774 3376 3846 quid
3403 3771 3555 3829 aliud

1959 3865 2158 3937 signat,
2191 3865 2301 3919 nisi
2332 3863 2481 3936 quod
2509 3878 2602 3919 eos
2651 3862 2797 3918 intra
2844 3862 3052 3933 positos
3081 3876 3330 3932 superna
3357 3856 3557 3915 distri-

1959 3955 2162 4014 ctionis
2191 3953 2497 4026 increpatio
2528 3952 2615 4008 vel
2646 3968 2743 4024 per
2771 3951 3047 4023 ﬂagellum
3067 3949 3311 4020 corrigit,
3344 3947 3431 4004 vel
3461 3963 3557 4020 per

1954 4045 2167 4119 justum
2198 4058 2428 4100 examen
2457 4040 2820 4115 sibimetipsis
2838 4038 3105 4113 relinquit
3123 4038 3152 4095 ‘t
3171 4038 3326 4095 Tales
3355 4036 3558 4111 quippe

1960 4136 2107 4192 intra
2135 4141 2378 4192 sanctam
2420 4131 2725 4190 Ecclesiam
2772 4138 2919 4189 recta
2967 4128 3189 4203 quidem
3236 4127 3553 4200 pradicant,

1960 4224 2055 4283 sed
2083 4232 2287 4293 tamen,
2339 4225 2452 4280 Deo
2492 4221 2701 4296 judice,
2746 4222 2941 4280 audire
2981 4226 3263 4276 merentur
3306 4220 3553 4287 adversa,

1961 4314 2091 4388 quia
2118 4330 2214 4387 per
2241 4330 2306 4371 ea
2331 4314 2478 4371 bona
2517 4329 2638 4386 qua
2687 4328 2799 4369 non
2843 4310 3066 4385 propria
3105 4309 3412 4382 proferunt,
3444 4324 3556 4365 non

1961 4404 2200 4461 auctoris
2229 4402 2315 4459 sui
2337 4401 2589 4474 gloriam,
2612 4400 2708 4457 sed
2728 4400 3009 4473 propriam
3032 4397 3250 4455 laudern
3279 4404 3552 4472 quarunt.

1962 4492 2117 4550 Unde
2147 4492 2253 4549 hoc
2282 4507 2500 4565 quoque
2521 4497 2679 4546 caute
2698 4488 3038 4562 pensandum
3059 4495 3160 4556 est,
3190 4487 3337 4562 quod
3365 4486 3559 4543 divina

1961 4597 2095 4640 voce
2123 4580 2191 4637 de
2218 4580 2348 4636 Eliu
2376 4577 2581 4636 dicitur
2613 4595 2625 4633 :
2661 4578 2790 4645 Quis
2809 4583 2885 4633 est
2908 4578 3005 4633 iste
3026 4576 3145 4650 (Job
3174 4592 3418 4644 xxxvrn,
3447 4576 3506 4649 2)
3529 4575 3558 4633 ξ)

1961 4672 2147 4729 Prima
2193 4671 2395 4745 quippe
2440 4667 2794 4742 exprobratio
2842 4676 2925 4725 est
2979 4668 3107 4724 talis
3171 4666 3551 4739 interrogatio.

1960 4764 2098 4820 Nam
2130 4762 2259 4830 Quis
2299 4766 2375 4817 est
2418 4760 2513 4815 iste
2539 4774 2651 4815 non
2698 4758 2957 4828 dicimus,
3006 4756 3115 4813 nisi
3162 4757 3231 4813 de
3273 4773 3338 4812 eo
3365 4756 3557 4826 utique

1963 4870 2122 4926 quem
2154 4852 2447 4910 nescimus.
2497 4849 2719 4908 Nescire
2765 4857 2949 4906 autem
2979 4850 3078 4906 Dei
3109 4847 3398 4919 reprobate
3426 4851 3509 4900 est
3539 4862 3551 4908 ;

1961 4943 2107 4999 unde
2137 4942 2467 5016 quibusdam
2496 4957 2633 5014 quos
2655 4940 2912 5011 reprobat
2944 4938 2999 4993 in
3028 4936 3138 4991 ﬁne
3157 4934 3407 4990 dicturus
3435 4938 3517 4986 est
3541 4947 3552 4985 :

1960 5033 2145 5091 Nescio
2172 5048 2263 5085 vos
2289 5031 2427 5085 unde
2454 5029 2592 5095 sitis,
2622 5027 2867 5083 discedite
2914 5044 2948 5079 a
2992 5041 3093 5088 me,
3121 5038 3295 5077 omnes
3322 5021 3559 5091 operarii

1962 5128 2260 5203 iniquitatis
2273 5129 2432 5199 (Luc.
2455 5143 2582 5195 xm,
2608 5125 2727 5196 27).
2760 5122 2905 5192 Quid
2933 5127 3017 5177 est
3032 5134 3159 5191 ergo
3190 5113 3336 5173 734
3363 5116 3430 5175 de
3451 5117 3557 5177 hoc

1955 5372 2037 5421 est
2065 5378 2273 5430 sensus,
2296 5361 2601 5417 mutatione
2619 5355 2831 5430 vocula
2847 5354 2940 5430 qui
2956 5354 3013 5410 in
3036 5355 3182 5430 quia.
3202 5355 3419 5413 Similia
3437 5358 3555 5430 lege

1957 5434 2165 5509 prafat.
2198 5426 2373 5509 sancti
2404 5427 2654 5503 Gregorii
2684 5443 2837 5484 num.
2875 5426 2961 5497 18,
3006 5426 3103 5483 ubi
3137 5444 3248 5484 non
3278 5430 3427 5501 quia,
3459 5426 3553 5486 sed

2041 5507 2051 5561 ἰ
2082 5506 2340 5561 occurrit.
3296 5551 3309 5561 ,

1958 5525 2051 5580 (μη
2082 5522 2340 5563 occurrit.
2702 5570 2711 5581 Ι
3183 5572 3193 5583 .
3296 5551 3327 5583 ,.

2030 5580 2050 5615 ‘
2082 5576 2323 5634 Additur
2343 5574 2400 5630 in
2419 5573 2618 5647 Editis,
2644 5577 2821 5638 etiam,
2846 5570 2938 5628 sed
2960 5587 3069 5627 non
3094 5572 3292 5647 legitur
3313 5588 3371 5629 ιη
3398 5572 3548 5638 Mss,

1958 5669 2060 5730 nec
2088 5648 2315 5730 aliunde
2347 5646 2667 5730 requiritur.
2681 5717 2715 5730 Α.

2030 5724 2051 5757 ⁸
2084 5720 2388 5792 Subjicitur
2418 5717 2475 5775 in
2496 5717 2990 5791 Vulgatis‘tumida.
3023 5718 3193 5776 Abest
3222 5734 3251 5774 a
3280 5717 3431 5784 Mss,
3451 5730 3553 5771 θος

1958 5794 2083 5853 dem
2112 5809 2274 5851 sensu
2304 5797 2636 5850 remanente.
