  <div class='ocr_page' id='page_1' title='image "/cluster/home/n/w/nwhite01/storage/ocr_20150623/76/hvd.32044052772456/135.png"; bbox 0 0 4162 6184; ppageno 0'>
   <div class='ocr_carea' id='block_1_1' title="bbox 583 335 688 392">
    <p class='ocr_par' dir='ltr' id='par_1_1' title="bbox 583 335 688 392">
     <span class='ocr_line' id='line_1_1' title="bbox 583 335 688 392; baseline 0 0"><span class='ocrx_word' id='word_1_1' title='bbox 583 335 688 392; x_wconf 78' lang='grc'>255</span> 
     </span>
    </p>
   </div>
   <div class='ocr_carea' id='block_1_2' title="bbox 579 455 2250 534">
    <p class='ocr_par' dir='ltr' id='par_1_2' title="bbox 579 455 2250 534">
     <span class='ocr_line' id='line_1_2' title="bbox 579 455 2250 534; baseline -0.003 -13"><span class='ocrx_word' id='word_1_2' title='bbox 579 465 868 534; x_wconf 88' lang='lat' dir='ltr'>arrogante</span> <span class='ocrx_word' id='word_1_3' title='bbox 887 459 1162 531; x_wconf 85' lang='lat' dir='ltr'>requirere</span> <span class='ocrx_word' id='word_1_4' title='bbox 1186 473 1197 513; x_wconf 91' lang='lat'>:</span> <span class='ocrx_word' id='word_1_5' title='bbox 1224 456 1354 524; x_wconf 83' lang='lat' dir='ltr'>Quis</span> <span class='ocrx_word' id='word_1_6' title='bbox 1372 463 1445 512; x_wconf 87' lang='lat' dir='ltr'>est</span> <span class='ocrx_word' id='word_1_7' title='bbox 1460 457 1556 511; x_wconf 82' lang='lat' dir='ltr'>iste</span> <span class='ocrx_word' id='word_1_8' title='bbox 1575 457 1602 512; x_wconf 76' lang='lat'><strong><em>?</em></strong></span> <span class='ocrx_word' id='word_1_9' title='bbox 1622 455 1730 512; x_wconf 88' lang='lat' dir='ltr'>nisi</span> <span class='ocrx_word' id='word_1_10' title='bbox 1750 463 1930 527; x_wconf 88' lang='lat' dir='ltr'>aperte</span> <span class='ocrx_word' id='word_1_11' title='bbox 1945 455 2127 512; x_wconf 82' lang='lat' dir='ltr'>dicere</span> <span class='ocrx_word' id='word_1_12' title='bbox 2151 471 2162 510; x_wconf 90' lang='lat'>:</span> <span class='ocrx_word' id='word_1_13' title='bbox 2197 455 2250 516; x_wconf 87' lang='lat' dir='ltr'><strong>A</strong></span> 
     </span>
    </p>
   </div>
   <div class='ocr_carea' id='block_1_3' title="bbox 577 544 2178 626">
    <p class='ocr_par' dir='ltr' id='par_1_3' title="bbox 577 544 2178 626">
     <span class='ocr_line' id='line_1_3' title="bbox 577 544 2178 626; baseline -0.006 -16"><span class='ocrx_word' id='word_1_14' title='bbox 577 555 695 626; x_wconf 89' lang='lat' dir='ltr'>Ego</span> <span class='ocrx_word' id='word_1_15' title='bbox 724 555 1040 622; x_wconf 76' lang='lat' dir='ltr'>arrogantes</span> <span class='ocrx_word' id='word_1_16' title='bbox 1086 545 1291 614; x_wconf 90' lang='lat' dir='ltr'>nescio,</span> <span class='ocrx_word' id='word_1_17' title='bbox 1327 544 1382 600; x_wconf 93' lang='lat' dir='ltr'>id</span> <span class='ocrx_word' id='word_1_18' title='bbox 1430 553 1511 602; x_wconf 91' lang='lat' dir='ltr'>est</span> <span class='ocrx_word' id='word_1_19' title='bbox 1551 561 1742 600; x_wconf 89' lang='lat' dir='ltr'>eorum</span> <span class='ocrx_word' id='word_1_20' title='bbox 1770 545 1942 600; x_wconf 87' lang='lat' dir='ltr'>vitam</span> <span class='ocrx_word' id='word_1_21' title='bbox 1982 545 2038 600; x_wconf 91' lang='lat' dir='ltr'>in</span> <span class='ocrx_word' id='word_1_22' title='bbox 2081 560 2178 600; x_wconf 89' lang='lat' dir='ltr'>sa-</span> 
     </span>
    </p>
   </div>
   <div class='ocr_carea' id='block_1_4' title="bbox 579 631 2177 715">
    <p class='ocr_par' dir='ltr' id='par_1_4' title="bbox 579 631 2177 715">
     <span class='ocr_line' id='line_1_4' title="bbox 579 631 2177 715; baseline -0.007 -17"><span class='ocrx_word' id='word_1_23' title='bbox 579 641 800 715; x_wconf 77' lang='lat' dir='ltr'>pientiae</span> <span class='ocrx_word' id='word_1_24' title='bbox 819 655 953 695; x_wconf 69' lang='lat' dir='ltr'>mea:</span> <span class='ocrx_word' id='word_1_25' title='bbox 973 637 1182 692; x_wconf 89' lang='lat' dir='ltr'>virtute</span> <span class='ocrx_word' id='word_1_26' title='bbox 1201 651 1312 690; x_wconf 90' lang='lat' dir='ltr'>non</span> <span class='ocrx_word' id='word_1_27' title='bbox 1333 635 1594 707; x_wconf 87' lang='lat' dir='ltr'>approbo,</span> <span class='ocrx_word' id='word_1_28' title='bbox 1619 633 1748 707; x_wconf 85' lang='lat' dir='ltr'>quia</span> <span class='ocrx_word' id='word_1_29' title='bbox 1767 633 1900 690; x_wconf 90' lang='lat' dir='ltr'>dum</span> <span class='ocrx_word' id='word_1_30' title='bbox 1923 631 2177 690; x_wconf 84' lang='lat' dir='ltr'>laudibus</span> 
     </span>
    </p>
   </div>
   <div class='ocr_carea' id='block_1_5' title="bbox 579 722 2177 797">
    <p class='ocr_par' dir='ltr' id='par_1_5' title="bbox 579 722 2177 797">
     <span class='ocr_line' id='line_1_5' title="bbox 579 722 2177 797; baseline -0.007 -10"><span class='ocrx_word' id='word_1_31' title='bbox 579 728 836 786; x_wconf 88' lang='lat' dir='ltr'>humanis</span> <span class='ocrx_word' id='word_1_32' title='bbox 857 725 1142 793; x_wconf 87' lang='lat' dir='ltr'>inﬂantur,</span> <span class='ocrx_word' id='word_1_33' title='bbox 1165 742 1197 780; x_wconf 90' lang='lat' dir='ltr'>a</span> <span class='ocrx_word' id='word_1_34' title='bbox 1221 741 1350 780; x_wconf 89' lang='lat' dir='ltr'>vera</span> <span class='ocrx_word' id='word_1_35' title='bbox 1368 725 1543 797; x_wconf 79' lang='lat' dir='ltr'>gloria</span> <span class='ocrx_word' id='word_1_36' title='bbox 1559 731 1776 779; x_wconf 74' lang='lat' dir='ltr'>aeternae</span> <span class='ocrx_word' id='word_1_37' title='bbox 1791 722 2177 780; x_wconf 77' lang='lat' dir='ltr'>retributionis</span> 
     </span>
    </p>
   </div>
   <div class='ocr_carea' id='block_1_6' title="bbox 579 811 2174 888">
    <p class='ocr_par' dir='ltr' id='par_1_6' title="bbox 579 811 2174 888">
     <span class='ocr_line' id='line_1_6' title="bbox 579 811 2174 888; baseline -0.006 -12"><span class='ocrx_word' id='word_1_38' title='bbox 579 819 923 876; x_wconf 82' lang='lat' dir='ltr'>inanescunt.</span> <span class='ocrx_word' id='word_1_39' title='bbox 958 814 1132 888; x_wconf 90' lang='lat' dir='ltr'>Cujus</span> <span class='ocrx_word' id='word_1_40' title='bbox 1179 813 1311 871; x_wconf 89' lang='lat' dir='ltr'>dum</span> <span class='ocrx_word' id='word_1_41' title='bbox 1355 811 1652 868; x_wconf 76' lang='lat' dir='ltr'>sententias</span> <span class='ocrx_word' id='word_1_42' title='bbox 1682 811 1914 868; x_wconf 90' lang='lat' dir='ltr'>minime</span> <span class='ocrx_word' id='word_1_43' title='bbox 1944 812 2174 884; x_wconf 88' lang='lat' dir='ltr'>respuit,</span> 
     </span>
    </p>
   </div>
   <div class='ocr_carea' id='block_1_7' title="bbox 577 901 2174 976">
    <p class='ocr_par' dir='ltr' id='par_1_7' title="bbox 577 901 2174 976">
     <span class='ocr_line' id='line_1_7' title="bbox 577 901 2174 976; baseline -0.005 -12"><span class='ocrx_word' id='word_1_44' title='bbox 577 908 672 964; x_wconf 84' lang='lat' dir='ltr'>sed</span> <span class='ocrx_word' id='word_1_45' title='bbox 703 915 884 962; x_wconf 88' lang='lat' dir='ltr'>tamen</span> <span class='ocrx_word' id='word_1_46' title='bbox 915 922 1040 962; x_wconf 90' lang='lat' dir='ltr'>eum</span> <span class='ocrx_word' id='word_1_47' title='bbox 1072 905 1252 976; x_wconf 90' lang='lat' dir='ltr'>ipsum</span> <span class='ocrx_word' id='word_1_48' title='bbox 1271 904 1365 976; x_wconf 89' lang='lat' dir='ltr'>qui</span> <span class='ocrx_word' id='word_1_49' title='bbox 1397 903 1519 959; x_wconf 86' lang='lat' dir='ltr'>illas</span> <span class='ocrx_word' id='word_1_50' title='bbox 1539 903 1771 974; x_wconf 89' lang='lat' dir='ltr'>protulit</span> <span class='ocrx_word' id='word_1_51' title='bbox 1802 901 2174 974; x_wconf 87' lang='lat' dir='ltr'>reprehendit,</span> 
     </span>
    </p>
   </div>
   <div class='ocr_carea' id='block_1_8' title="bbox 576 988 2176 1071">
    <p class='ocr_par' dir='ltr' id='par_1_8' title="bbox 576 988 2176 1071">
     <span class='ocr_line' id='line_1_8' title="bbox 576 988 2176 1071; baseline -0.006 -17"><span class='ocrx_word' id='word_1_52' title='bbox 576 996 732 1071; x_wconf 87' lang='lat' dir='ltr'>quasi</span> <span class='ocrx_word' id='word_1_53' title='bbox 760 1002 942 1068; x_wconf 84' lang='lat' dir='ltr'>aperte</span> <span class='ocrx_word' id='word_1_54' title='bbox 988 994 1252 1060; x_wconf 85' lang='lat' dir='ltr'>insinuat,</span> <span class='ocrx_word' id='word_1_55' title='bbox 1295 992 1482 1048; x_wconf 89' lang='lat' dir='ltr'>dicens</span> <span class='ocrx_word' id='word_1_56' title='bbox 1520 1007 1531 1045; x_wconf 77' lang='grc' dir='ltr'><strong>ε</strong></span> <span class='ocrx_word' id='word_1_57' title='bbox 1565 990 1707 1046; x_wconf 90' lang='lat' dir='ltr'>Novi</span> <span class='ocrx_word' id='word_1_58' title='bbox 1739 1005 1860 1062; x_wconf 77' lang='lat' dir='ltr'>quae</span> <span class='ocrx_word' id='word_1_59' title='bbox 1891 990 2048 1056; x_wconf 85' lang='lat' dir='ltr'>dicit,</span> <span class='ocrx_word' id='word_1_60' title='bbox 2082 988 2176 1044; x_wconf 91' lang='lat' dir='ltr'>sed</span> 
     </span>
    </p>
   </div>
   <div class='ocr_carea' id='block_1_9' title="bbox 577 1078 2176 1159">
    <p class='ocr_par' dir='ltr' id='par_1_9' title="bbox 577 1078 2176 1159">
     <span class='ocr_line' id='line_1_9' title="bbox 577 1078 2176 1159; baseline -0.006 -16"><span class='ocrx_word' id='word_1_61' title='bbox 577 1087 770 1159; x_wconf 85' lang='lat' dir='ltr'>ignoro</span> <span class='ocrx_word' id='word_1_62' title='bbox 798 1084 893 1157; x_wconf 92' lang='lat' dir='ltr'>qui</span> <span class='ocrx_word' id='word_1_63' title='bbox 925 1082 1080 1152; x_wconf 87' lang='lat' dir='ltr'>dicit,</span> <span class='ocrx_word' id='word_1_64' title='bbox 1113 1082 1244 1155; x_wconf 84' lang='lat' dir='ltr'>quia</span> <span class='ocrx_word' id='word_1_65' title='bbox 1261 1080 1529 1138; x_wconf 78' lang='lat' dir='ltr'>veraciter</span> <span class='ocrx_word' id='word_1_66' title='bbox 1551 1079 1764 1150; x_wconf 88' lang='lat' dir='ltr'>prolata</span> <span class='ocrx_word' id='word_1_67' title='bbox 1793 1078 2056 1151; x_wconf 88' lang='lat' dir='ltr'>approbo,</span> <span class='ocrx_word' id='word_1_68' title='bbox 2080 1078 2176 1134; x_wconf 89' lang='lat' dir='ltr'>sed</span> 
     </span>
    </p>
   </div>
   <div class='ocr_carea' id='block_1_10' title="bbox 576 1169 2178 1248">
    <p class='ocr_par' dir='ltr' id='par_1_10' title="bbox 576 1169 2178 1248">
     <span class='ocr_line' id='line_1_10' title="bbox 576 1169 2178 1248; baseline -0.004 -17"><span class='ocrx_word' id='word_1_69' title='bbox 576 1192 702 1232; x_wconf 90' lang='lat' dir='ltr'>eum</span> <span class='ocrx_word' id='word_1_70' title='bbox 733 1174 828 1248; x_wconf 89' lang='lat' dir='ltr'>qui</span> <span class='ocrx_word' id='word_1_71' title='bbox 855 1173 922 1230; x_wconf 88' lang='lat' dir='ltr'>de</span> <span class='ocrx_word' id='word_1_72' title='bbox 949 1172 1111 1228; x_wconf 89' lang='lat' dir='ltr'>bonis</span> <span class='ocrx_word' id='word_1_73' title='bbox 1141 1187 1260 1245; x_wconf 77' lang='lat' dir='ltr'>quae</span> <span class='ocrx_word' id='word_1_74' title='bbox 1301 1169 1508 1242; x_wconf 84' lang='lat' dir='ltr'>profert</span> <span class='ocrx_word' id='word_1_75' title='bbox 1536 1170 1827 1226; x_wconf 80' lang='lat' dir='ltr'>extollitur</span> <span class='ocrx_word' id='word_1_76' title='bbox 1857 1185 1968 1225; x_wconf 89' lang='lat' dir='ltr'>non</span> <span class='ocrx_word' id='word_1_77' title='bbox 1999 1185 2178 1240; x_wconf 86' lang='lat' dir='ltr'>agno-</span> 
     </span>
    </p>
   </div>
   <div class='ocr_carea' id='block_1_11' title="bbox 575 1281 685 1322">
    <p class='ocr_par' dir='ltr' id='par_1_11' title="bbox 575 1281 685 1322">
     <span class='ocr_line' id='line_1_11' title="bbox 575 1281 685 1322; baseline 0.036 -3"><span class='ocrx_word' id='word_1_78' title='bbox 575 1281 685 1322; x_wconf 80' lang='lat' dir='ltr'>SOO.</span> 
     </span>
    </p>
   </div>
   <div class='ocr_carea' id='block_1_12' title="bbox 644 1348 2179 1426">
    <p class='ocr_par' dir='ltr' id='par_1_12' title="bbox 644 1348 2179 1426">
     <span class='ocr_line' id='line_1_12' title="bbox 644 1348 2179 1426; baseline -0.005 -15"><span class='ocrx_word' id='word_1_79' title='bbox 644 1355 698 1411; x_wconf 90' lang='lat'>8.</span> <span class='ocrx_word' id='word_1_80' title='bbox 734 1353 932 1426; x_wconf 80' lang='lat' dir='ltr'>Optimi</span> <span class='ocrx_word' id='word_1_81' title='bbox 957 1351 1326 1426; x_wconf 75' lang='lat' dir='ltr'>prwdicatoris</span> <span class='ocrx_word' id='word_1_82' title='bbox 1354 1351 1526 1422; x_wconf 86' lang='lat' dir='ltr'>imago</span> <span class='ocrx_word' id='word_1_83' title='bbox 1546 1348 1762 1408; x_wconf 73' lang='lat' dir='ltr'>eximia.</span> <span class='ocrx_word' id='word_1_84' title='bbox 1781 1349 1935 1406; x_wconf 86' lang='lat' dir='ltr'>Bona</span> <span class='ocrx_word' id='word_1_85' title='bbox 1955 1349 2048 1404; x_wconf 77' lang='lat' dir='ltr'>via:</span> <span class='ocrx_word' id='word_1_86' title='bbox 2067 1349 2179 1404; x_wconf 83' lang='lat' dir='ltr'>sine</span> 
     </span>
    </p>
   </div>
   <div class='ocr_carea' id='block_1_13' title="bbox 574 1436 2174 1517">
    <p class='ocr_par' dir='ltr' id='par_1_13' title="bbox 574 1436 2174 1517">
     <span class='ocr_line' id='line_1_13' title="bbox 574 1436 2174 1517; baseline -0.005 -16"><span class='ocrx_word' id='word_1_87' title='bbox 574 1445 811 1517; x_wconf 82' lang='lat' dir='ltr'>periculo</span> <span class='ocrx_word' id='word_1_88' title='bbox 840 1443 1185 1498; x_wconf 79' lang='lat' dir='ltr'>innotescunt.</span> <span class='ocrx_word' id='word_1_89' title='bbox 1223 1440 1328 1508; x_wconf 84' lang='lat' dir='ltr'>Qui</span> <span class='ocrx_word' id='word_1_90' title='bbox 1355 1439 1517 1512; x_wconf 87' lang='lat' dir='ltr'>sapit,</span> <span class='ocrx_word' id='word_1_91' title='bbox 1547 1438 1756 1494; x_wconf 79' lang='lat' dir='ltr'>studeat</span> <span class='ocrx_word' id='word_1_92' title='bbox 1799 1453 1906 1492; x_wconf 85' lang='lat' dir='ltr'>esse</span> <span class='ocrx_word' id='word_1_93' title='bbox 1945 1436 2174 1509; x_wconf 79' lang='lat' dir='ltr'>sapiens,</span> 
     </span>
    </p>
   </div>
   <div class='ocr_carea' id='block_1_14' title="bbox 577 1527 2174 1602">
    <p class='ocr_par' dir='ltr' id='par_1_14' title="bbox 577 1527 2174 1602">
     <span class='ocr_line' id='line_1_14' title="bbox 577 1527 2174 1602; baseline -0.006 -11"><span class='ocrx_word' id='word_1_94' title='bbox 577 1552 684 1590; x_wconf 88' lang='lat' dir='ltr'>non</span> <span class='ocrx_word' id='word_1_95' title='bbox 709 1533 901 1590; x_wconf 76' lang='lat' dir='ltr'>videri.</span> <span class='ocrx_word' id='word_1_96' title='bbox 931 1562 1004 1574; x_wconf 97' lang='lat'><strong>—</strong></span> <span class='ocrx_word' id='word_1_97' title='bbox 1030 1531 1102 1588; x_wconf 88' lang='lat' dir='ltr'>Ut</span> <span class='ocrx_word' id='word_1_98' title='bbox 1121 1546 1252 1586; x_wconf 89' lang='lat' dir='ltr'>vero</span> <span class='ocrx_word' id='word_1_99' title='bbox 1273 1529 1516 1602; x_wconf 88' lang='lat' dir='ltr'>apertius</span> <span class='ocrx_word' id='word_1_100' title='bbox 1539 1527 1890 1584; x_wconf 88' lang='lat' dir='ltr'>ostendamus</span> <span class='ocrx_word' id='word_1_101' title='bbox 1910 1527 1967 1583; x_wconf 94' lang='lat' dir='ltr'>in</span> <span class='ocrx_word' id='word_1_102' title='bbox 1987 1527 2174 1583; x_wconf 88' lang='lat' dir='ltr'>elatio-</span> 
     </span>
    </p>
   </div>
   <div class='ocr_carea' id='block_1_15' title="bbox 577 1615 2174 1696">
    <p class='ocr_par' dir='ltr' id='par_1_15' title="bbox 577 1615 2174 1696">
     <span class='ocr_line' id='line_1_15' title="bbox 577 1615 2174 1696; baseline -0.005 -16"><span class='ocrx_word' id='word_1_103' title='bbox 577 1625 664 1680; x_wconf 91' lang='lat' dir='ltr'>nis</span> <span class='ocrx_word' id='word_1_104' title='bbox 689 1621 957 1696; x_wconf 88' lang='lat' dir='ltr'>jactantia</span> <span class='ocrx_word' id='word_1_105' title='bbox 1000 1621 1132 1677; x_wconf 91' lang='lat' dir='ltr'>Eliu</span> <span class='ocrx_word' id='word_1_106' title='bbox 1172 1634 1336 1692; x_wconf 90' lang='lat' dir='ltr'>quam</span> <span class='ocrx_word' id='word_1_107' title='bbox 1384 1617 1622 1690; x_wconf 83' lang='lat' dir='ltr'>turpiter</span> <span class='ocrx_word' id='word_1_108' title='bbox 1667 1616 1892 1686; x_wconf 88' lang='lat' dir='ltr'>deﬂuat,</span> <span class='ocrx_word' id='word_1_109' title='bbox 1941 1615 2174 1672; x_wconf 87' lang='lat' dir='ltr'>formam</span> 
     </span>
    </p>
   </div>
   <div class='ocr_carea' id='block_1_16' title="bbox 578 1706 2176 1787">
    <p class='ocr_par' dir='ltr' id='par_1_16' title="bbox 578 1706 2176 1787">
     <span class='ocr_line' id='line_1_16' title="bbox 578 1706 2176 1787; baseline -0.005 -17"><span class='ocrx_word' id='word_1_110' title='bbox 578 1713 734 1787; x_wconf 89' lang='lat' dir='ltr'>prius</span> <span class='ocrx_word' id='word_1_111' title='bbox 765 1712 1050 1769; x_wconf 87' lang='lat' dir='ltr'>ostendere</span> <span class='ocrx_word' id='word_1_112' title='bbox 1079 1709 1212 1767; x_wconf 92' lang='lat' dir='ltr'>boni</span> <span class='ocrx_word' id='word_1_113' title='bbox 1255 1707 1630 1781; x_wconf 52' lang='lat' dir='ltr'>praedica’toris</span> <span class='ocrx_word' id='word_1_114' title='bbox 1659 1706 1942 1774; x_wconf 89' lang='lat' dir='ltr'>debemus,</span> <span class='ocrx_word' id='word_1_115' title='bbox 1976 1713 2176 1780; x_wconf 90' lang='lat' dir='ltr'>quate-</span> 
     </span>
    </p>
   </div>
   <div class='ocr_carea' id='block_1_17' title="bbox 1795 326 2684 386">
    <p class='ocr_par' dir='ltr' id='par_1_17' title="bbox 1795 326 2684 386">
     <span class='ocr_line' id='line_1_17' title="bbox 1795 326 2684 386; baseline 0 0"><span class='ocrx_word' id='word_1_116' title='bbox 1795 327 2044 386; x_wconf 82' lang='lat' dir='ltr'>SANCTI</span> <span class='ocrx_word' id='word_1_117' title='bbox 2082 326 2420 386; x_wconf 82' lang='lat' dir='ltr'>GREGORII</span> <span class='ocrx_word' id='word_1_118' title='bbox 2458 329 2684 386; x_wconf 86' lang='lat' dir='ltr'><strong>MAGNI</strong></span> 
     </span>
    </p>
   </div>
   <div class='ocr_carea' id='block_1_18' title="bbox 3779 337 3890 396">
    <p class='ocr_par' dir='ltr' id='par_1_18' title="bbox 3779 337 3890 396">
     <span class='ocr_line' id='line_1_18' title="bbox 3779 337 3890 396; baseline 0 -1"><span class='ocrx_word' id='word_1_119' title='bbox 3779 337 3890 396; x_wconf 78' lang='lat'><strong>256</strong></span> 
     </span>
    </p>
   </div>
   <div class='ocr_carea' id='block_1_19' title="bbox 2351 453 3878 532">
    <p class='ocr_par' dir='ltr' id='par_1_19' title="bbox 2351 453 3878 532">
     <span class='ocr_line' id='line_1_19' title="bbox 2351 453 3878 532; baseline 0.003 -17"><span class='ocrx_word' id='word_1_120' title='bbox 2351 453 2488 528; x_wconf 78' lang='grc' dir='ltr'>[νει.</span> <span class='ocrx_word' id='word_1_121' title='bbox 2530 457 2590 523; x_wconf 85' lang='grc' dir='ltr'>ν,</span> <span class='ocrx_word' id='word_1_122' title='bbox 2640 458 2760 514; x_wconf 85' lang='lat' dir='ltr'>Rec.</span> <span class='ocrx_word' id='word_1_123' title='bbox 2811 457 2919 531; x_wconf 92' lang='grc' dir='ltr'>ΙΙ.]</span> <span class='ocrx_word' id='word_1_124' title='bbox 2952 458 3068 514; x_wconf 85' lang='lat' dir='ltr'>Hoc</span> <span class='ocrx_word' id='word_1_125' title='bbox 3105 460 3252 532; x_wconf 90' lang='lat' dir='ltr'>quod</span> <span class='ocrx_word' id='word_1_126' title='bbox 3293 459 3360 516; x_wconf 91' lang='lat' dir='ltr'>de</span> <span class='ocrx_word' id='word_1_127' title='bbox 3405 475 3470 516; x_wconf 92' lang='lat' dir='ltr'>eo</span> <span class='ocrx_word' id='word_1_128' title='bbox 3508 461 3716 518; x_wconf 88' lang='lat' dir='ltr'>dicitur</span> <span class='ocrx_word' id='word_1_129' title='bbox 3747 479 3758 518; x_wconf 91' lang='lat'>:</span> <span class='ocrx_word' id='word_1_130' title='bbox 3795 466 3878 520; x_wconf 88' lang='lat' dir='ltr'>Eo</span> 
     </span>
    </p>
   </div>
   <div class='ocr_carea' id='block_1_20' title="bbox 2285 545 3889 624">
    <p class='ocr_par' dir='ltr' id='par_1_20' title="bbox 2285 545 3889 624">
     <span class='ocr_line' id='line_1_20' title="bbox 2285 545 3889 624; baseline 0.007 -26"><span class='ocrx_word' id='word_1_131' title='bbox 2285 545 2426 615; x_wconf 88' lang='lat' dir='ltr'>quod</span> <span class='ocrx_word' id='word_1_132' title='bbox 2445 545 2626 614; x_wconf 86' lang='lat' dir='ltr'>justus</span> <span class='ocrx_word' id='word_1_133' title='bbox 2655 548 2677 582; x_wconf 71' lang='lat'><strong>5</strong></span> <span class='ocrx_word' id='word_1_134' title='bbox 2707 547 2808 602; x_wconf 86' lang='lat' dir='ltr'>sibi</span> <span class='ocrx_word' id='word_1_135' title='bbox 2833 547 3122 614; x_wconf 78' lang='lat' dir='ltr'>uideretur,</span> <span class='ocrx_word' id='word_1_136' title='bbox 3155 564 3319 605; x_wconf 66' lang='lat' dir='ltr'>sacras</span> <span class='ocrx_word' id='word_1_137' title='bbox 3339 548 3509 621; x_wconf 88' lang='lat' dir='ltr'>hujus</span> <span class='ocrx_word' id='word_1_138' title='bbox 3538 551 3775 624; x_wconf 83' lang='lat' dir='ltr'>scriptor</span> <span class='ocrx_word' id='word_1_139' title='bbox 3805 553 3889 608; x_wconf 85' lang='lat' dir='ltr'>hi-</span> 
     </span>
    </p>
   </div>
   <div class='ocr_carea' id='block_1_21' title="bbox 2286 635 3890 710">
    <p class='ocr_par' dir='ltr' id='par_1_21' title="bbox 2286 635 3890 710">
     <span class='ocr_line' id='line_1_21' title="bbox 2286 635 3890 710; baseline 0.006 -20"><span class='ocrx_word' id='word_1_140' title='bbox 2286 635 2470 690; x_wconf 72' lang='lat' dir='ltr'>storias</span> <span class='ocrx_word' id='word_1_141' title='bbox 2513 635 2582 691; x_wconf 90' lang='lat' dir='ltr'>ad</span> <span class='ocrx_word' id='word_1_142' title='bbox 2619 637 2922 695; x_wconf 90' lang='lat' dir='ltr'>amicorum</span> <span class='ocrx_word' id='word_1_143' title='bbox 2965 637 3242 710; x_wconf 85' lang='lat' dir='ltr'>judicium</span> <span class='ocrx_word' id='word_1_144' title='bbox 3288 640 3496 710; x_wconf 87' lang='lat' dir='ltr'>retulit,</span> <span class='ocrx_word' id='word_1_145' title='bbox 3544 658 3656 698; x_wconf 90' lang='lat' dir='ltr'>non</span> <span class='ocrx_word' id='word_1_146' title='bbox 3704 651 3890 700; x_wconf 90' lang='lat' dir='ltr'>autem</span> 
     </span>
    </p>
   </div>
   <div class='ocr_carea' id='block_1_22' title="bbox 2286 723 3893 806">
    <p class='ocr_par' dir='ltr' id='par_1_22' title="bbox 2286 723 3893 806">
     <span class='ocr_line' id='line_1_22' title="bbox 2286 723 3893 806; baseline 0.006 -27"><span class='ocrx_word' id='word_1_147' title='bbox 2286 723 2508 781; x_wconf 88' lang='lat' dir='ltr'>beatum</span> <span class='ocrx_word' id='word_1_148' title='bbox 2537 727 2638 783; x_wconf 86' lang='lat' dir='ltr'>Job</span> <span class='ocrx_word' id='word_1_149' title='bbox 2667 727 2734 784; x_wconf 92' lang='lat' dir='ltr'>de</span> <span class='ocrx_word' id='word_1_150' title='bbox 2783 728 3035 785; x_wconf 89' lang='lat' dir='ltr'>elationis</span> <span class='ocrx_word' id='word_1_151' title='bbox 3082 735 3296 786; x_wconf 88' lang='lat' dir='ltr'>tumore</span> <span class='ocrx_word' id='word_1_152' title='bbox 3337 729 3670 802; x_wconf 89' lang='lat' dir='ltr'>reprobavit.</span> <span class='ocrx_word' id='word_1_153' title='bbox 3703 731 3893 806; x_wconf 82' lang='lat' dir='ltr'>Sequi-</span> 
     </span>
    </p>
   </div>
   <div class='ocr_carea' id='block_1_23' title="bbox 2286 819 2424 869">
    <p class='ocr_par' dir='ltr' id='par_1_23' title="bbox 2286 819 2424 869">
     <span class='ocr_line' id='line_1_23' title="bbox 2286 819 2424 869; baseline 0.007 -1"><span class='ocrx_word' id='word_1_154' title='bbox 2286 819 2379 868; x_wconf 88' lang='lat' dir='ltr'>tur</span> <span class='ocrx_word' id='word_1_155' title='bbox 2412 831 2424 869; x_wconf 93' lang='lat'><strong>:</strong></span> 
     </span>
    </p>
   </div>
   <div class='ocr_carea' id='block_1_24' title="bbox 2923 905 3262 964">
    <p class='ocr_par' dir='ltr' id='par_1_24' title="bbox 2923 905 3262 964">
     <span class='ocr_line' id='line_1_24' title="bbox 2923 905 3262 964; baseline 0 0"><span class='ocrx_word' id='word_1_156' title='bbox 2923 905 3152 964; x_wconf 87' lang='lat' dir='ltr'><strong>CAPUT</strong></span> <span class='ocrx_word' id='word_1_157' title='bbox 3193 908 3262 964; x_wconf 91' lang='grc' dir='ltr'>ΙΙ.</span> 
     </span>
    </p>
   </div>
   <div class='ocr_carea' id='block_1_25' title="bbox 2356 991 3892 1072">
    <p class='ocr_par' dir='ltr' id='par_1_25' title="bbox 2356 991 3892 1072">
     <span class='ocr_line' id='line_1_25' title="bbox 2356 991 3892 1072; baseline 0.005 -24"><span class='ocrx_word' id='word_1_158' title='bbox 2356 991 2529 1050; x_wconf 78' lang='lat' dir='ltr'>Vnus.</span> <span class='ocrx_word' id='word_1_159' title='bbox 2551 993 2604 1050; x_wconf 82' lang='lat'>2.</span> <span class='ocrx_word' id='word_1_160' title='bbox 2637 1025 2701 1036; x_wconf 86' lang='lat'>-—</span> <span class='ocrx_word' id='word_1_161' title='bbox 2735 997 2810 1050; x_wconf 87' lang='lat' dir='ltr'>Et</span> <span class='ocrx_word' id='word_1_162' title='bbox 2839 995 3031 1061; x_wconf 85' lang='lat' dir='ltr'>iratus,</span> <span class='ocrx_word' id='word_1_163' title='bbox 3061 996 3466 1068; x_wconf 75' lang='lat' dir='ltr'>indignatusque</span> <span class='ocrx_word' id='word_1_164' title='bbox 3494 1003 3571 1052; x_wconf 88' lang='lat' dir='ltr'>est</span> <span class='ocrx_word' id='word_1_165' title='bbox 3597 997 3731 1054; x_wconf 79' lang='lat' dir='ltr'>Elin</span> <span class='ocrx_word' id='word_1_166' title='bbox 3746 999 3892 1072; x_wconf 85' lang='lat' dir='ltr'>filius</span> 
     </span>
    </p>
   </div>
   <div class='ocr_carea' id='block_1_26' title="bbox 2287 1083 3422 1158">
    <p class='ocr_par' dir='ltr' id='par_1_26' title="bbox 2287 1083 3422 1158">
     <span class='ocr_line' id='line_1_26' title="bbox 2287 1083 3422 1158; baseline 0.005 -20"><span class='ocrx_word' id='word_1_167' title='bbox 2287 1083 2547 1138; x_wconf 75' lang='lat' dir='ltr'>Barachel</span> <span class='ocrx_word' id='word_1_168' title='bbox 2575 1083 2812 1151; x_wconf 86' lang='lat' dir='ltr'>Buzites,</span> <span class='ocrx_word' id='word_1_169' title='bbox 2844 1086 2907 1139; x_wconf 89' lang='lat' dir='ltr'>de</span> <span class='ocrx_word' id='word_1_170' title='bbox 2933 1085 3237 1158; x_wconf 84' lang='lat' dir='ltr'>cognatione</span> <span class='ocrx_word' id='word_1_171' title='bbox 3263 1087 3422 1144; x_wconf 86' lang='lat' dir='ltr'>Ram.</span> 
     </span>
    </p>
   </div>
   <div class='ocr_carea' id='block_1_27' title="bbox 2354 1171 3892 1248">
    <p class='ocr_par' dir='ltr' id='par_1_27' title="bbox 2354 1171 3892 1248">
     <span class='ocr_line' id='line_1_27' title="bbox 2354 1171 3892 1248; baseline 0.005 -21"><span class='ocrx_word' id='word_1_172' title='bbox 2354 1171 2408 1227; x_wconf 91' lang='lat'>9.</span> <span class='ocrx_word' id='word_1_173' title='bbox 2443 1173 2550 1229; x_wconf 89' lang='lat' dir='ltr'>Per</span> <span class='ocrx_word' id='word_1_174' title='bbox 2575 1173 2730 1242; x_wconf 84' lang='lat' dir='ltr'>Eliu,</span> <span class='ocrx_word' id='word_1_175' title='bbox 2761 1174 2973 1245; x_wconf 85' lang='lat' dir='ltr'>ejusque</span> <span class='ocrx_word' id='word_1_176' title='bbox 2987 1181 3198 1246; x_wconf 85' lang='lat' dir='ltr'>patrem</span> <span class='ocrx_word' id='word_1_177' title='bbox 3215 1181 3264 1231; x_wconf 89' lang='lat' dir='ltr'>et</span> <span class='ocrx_word' id='word_1_178' title='bbox 3281 1175 3660 1247; x_wconf 80' lang='lat' dir='ltr'>cognationem,</span> <span class='ocrx_word' id='word_1_179' title='bbox 3680 1177 3892 1248; x_wconf 79' lang='lat' dir='ltr'>signan-</span> 
     </span>
    </p>
   </div>
   <div class='ocr_carea' id='block_1_28' title="bbox 2285 1261 3890 1338">
    <p class='ocr_par' dir='ltr' id='par_1_28' title="bbox 2285 1261 3890 1338">
     <span class='ocr_line' id='line_1_28' title="bbox 2285 1261 3890 1338; baseline 0.006 -24"><span class='ocrx_word' id='word_1_180' title='bbox 2285 1265 2376 1316; x_wconf 87' lang='lat' dir='ltr'>tur</span> <span class='ocrx_word' id='word_1_181' title='bbox 2402 1261 2612 1332; x_wconf 84' lang='lat' dir='ltr'>superbi</span> <span class='ocrx_word' id='word_1_182' title='bbox 2639 1279 2778 1318; x_wconf 74' lang='lat' dir='ltr'>verre</span> <span class='ocrx_word' id='word_1_183' title='bbox 2804 1263 2928 1336; x_wconf 84' lang='lat' dir='ltr'>ﬁdei</span> <span class='ocrx_word' id='word_1_184' title='bbox 2975 1270 3192 1320; x_wconf 62' lang='lat' dir='ltr'>(salaces.</span> <span class='ocrx_word' id='word_1_185' title='bbox 3223 1295 3295 1306; x_wconf 94' lang='lat'><strong>—</strong></span> <span class='ocrx_word' id='word_1_186' title='bbox 3324 1264 3471 1321; x_wconf 90' lang='lat' dir='ltr'>Bene</span> <span class='ocrx_word' id='word_1_187' title='bbox 3513 1264 3633 1322; x_wconf 70' lang='lat' dir='ltr'>haec</span> <span class='ocrx_word' id='word_1_188' title='bbox 3659 1265 3776 1338; x_wconf 88' lang='lat' dir='ltr'>ipsa</span> <span class='ocrx_word' id='word_1_189' title='bbox 3803 1267 3890 1324; x_wconf 85' lang='lat' dir='ltr'>vel</span> 
     </span>
    </p>
   </div>
   <div class='ocr_carea' id='block_1_29' title="bbox 2287 1347 3892 1426">
    <p class='ocr_par' dir='ltr' id='par_1_29' title="bbox 2287 1347 3892 1426">
     <span class='ocr_line' id='line_1_29' title="bbox 2287 1347 3892 1426; baseline 0.004 -22"><span class='ocrx_word' id='word_1_190' title='bbox 2287 1347 2426 1422; x_wconf 88' lang='lat' dir='ltr'>ejus,</span> <span class='ocrx_word' id='word_1_191' title='bbox 2460 1351 2546 1406; x_wconf 89' lang='lat' dir='ltr'>vel</span> <span class='ocrx_word' id='word_1_192' title='bbox 2587 1351 2849 1422; x_wconf 89' lang='lat' dir='ltr'>parentis,</span> <span class='ocrx_word' id='word_1_193' title='bbox 2883 1353 2970 1408; x_wconf 90' lang='lat' dir='ltr'>vel</span> <span class='ocrx_word' id='word_1_194' title='bbox 3002 1353 3132 1422; x_wconf 90' lang='lat' dir='ltr'>loci,</span> <span class='ocrx_word' id='word_1_195' title='bbox 3163 1353 3252 1408; x_wconf 86' lang='lat' dir='ltr'>vel</span> <span class='ocrx_word' id='word_1_196' title='bbox 3292 1353 3636 1426; x_wconf 85' lang='lat' dir='ltr'>cognationis</span> <span class='ocrx_word' id='word_1_197' title='bbox 3665 1355 3892 1412; x_wconf 82' lang='lat' dir='ltr'>nomina</span> 
     </span>
    </p>
   </div>
   <div class='ocr_carea' id='block_1_30' title="bbox 2284 1441 3882 1518">
    <p class='ocr_par' dir='ltr' id='par_1_30' title="bbox 2284 1441 3882 1518">
     <span class='ocr_line' id='line_1_30' title="bbox 2284 1441 3882 1518; baseline 0.005 -24"><span class='ocrx_word' id='word_1_198' title='bbox 2284 1447 2473 1496; x_wconf 91' lang='lat' dir='ltr'>notam</span> <span class='ocrx_word' id='word_1_199' title='bbox 2503 1441 2736 1514; x_wconf 67' lang='lat' dir='ltr'>propriae</span> <span class='ocrx_word' id='word_1_200' title='bbox 2765 1443 3087 1514; x_wconf 87' lang='lat' dir='ltr'>exprimunt</span> <span class='ocrx_word' id='word_1_201' title='bbox 3123 1443 3374 1502; x_wconf 86' lang='lat' dir='ltr'>actionis.</span> <span class='ocrx_word' id='word_1_202' title='bbox 3407 1445 3537 1500; x_wconf 90' lang='lat' dir='ltr'>Eliu</span> <span class='ocrx_word' id='word_1_203' title='bbox 3565 1445 3770 1518; x_wconf 87' lang='lat' dir='ltr'>quippe</span> <span class='ocrx_word' id='word_1_204' title='bbox 3801 1445 3882 1502; x_wconf 90' lang='lat' dir='ltr'>in-</span> 
     </span>
    </p>
   </div>
   <div class='ocr_carea' id='block_1_31' title="bbox 2285 1535 3887 1604">
    <p class='ocr_par' dir='ltr' id='par_1_31' title="bbox 2285 1535 3887 1604">
     <span class='ocr_line' id='line_1_31' title="bbox 2285 1535 3887 1604; baseline 0.005 -20"><span class='ocrx_word' id='word_1_205' title='bbox 2285 1537 2644 1602; x_wconf 88' lang='lat' dir='ltr'>terpretatum</span> <span class='ocrx_word' id='word_1_206' title='bbox 2661 1541 2839 1602; x_wconf 88' lang='lat' dir='ltr'>sonat,</span> <span class='ocrx_word' id='word_1_207' title='bbox 2851 1535 2996 1590; x_wconf 88' lang='lat' dir='ltr'>Deus</span> <span class='ocrx_word' id='word_1_208' title='bbox 3013 1551 3168 1592; x_wconf 90' lang='lat' dir='ltr'>meus</span> <span class='ocrx_word' id='word_1_209' title='bbox 3188 1535 3307 1604; x_wconf 89' lang='lat' dir='ltr'>iste,</span> <span class='ocrx_word' id='word_1_210' title='bbox 3325 1535 3411 1590; x_wconf 88' lang='lat' dir='ltr'>vel</span> <span class='ocrx_word' id='word_1_211' title='bbox 3428 1536 3575 1591; x_wconf 91' lang='lat' dir='ltr'>Deus</span> <span class='ocrx_word' id='word_1_212' title='bbox 3591 1535 3887 1592; x_wconf 89' lang='lat' dir='ltr'>Dominus.</span> 
     </span>
    </p>
   </div>
   <div class='ocr_carea' id='block_1_32' title="bbox 2284 1618 3891 1696">
    <p class='ocr_par' dir='ltr' id='par_1_32' title="bbox 2284 1618 3891 1696">
     <span class='ocr_line' id='line_1_32' title="bbox 2284 1618 3891 1696; baseline 0.004 -22"><span class='ocrx_word' id='word_1_213' title='bbox 2284 1618 2386 1674; x_wconf 89' lang='lat' dir='ltr'>Per</span> <span class='ocrx_word' id='word_1_214' title='bbox 2413 1636 2596 1692; x_wconf 90' lang='lat' dir='ltr'>quem,</span> <span class='ocrx_word' id='word_1_215' title='bbox 2630 1621 2774 1679; x_wconf 88' lang='lat' dir='ltr'>sicut</span> <span class='ocrx_word' id='word_1_216' title='bbox 2792 1621 3043 1694; x_wconf 89' lang='lat' dir='ltr'>superius</span> <span class='ocrx_word' id='word_1_217' title='bbox 3061 1622 3306 1680; x_wconf 81' lang='lat' dir='ltr'>diximus</span> <span class='ocrx_word' id='word_1_218' title='bbox 3331 1623 3516 1696; x_wconf 87' lang='lat' dir='ltr'>(Num.</span> <span class='ocrx_word' id='word_1_219' title='bbox 3541 1624 3618 1694; x_wconf 93' lang='lat'>7),</span> <span class='ocrx_word' id='word_1_220' title='bbox 3641 1624 3891 1696; x_wconf 88' lang='lat' dir='ltr'>designa-</span> 
     </span>
    </p>
   </div>
   <div class='ocr_carea' id='block_1_33' title="bbox 2283 1716 3888 1794">
    <p class='ocr_par' dir='ltr' id='par_1_33' title="bbox 2283 1716 3888 1794">
     <span class='ocr_line' id='line_1_33' title="bbox 2283 1716 3888 1794; baseline 0.004 -23"><span class='ocrx_word' id='word_1_221' title='bbox 2283 1724 2378 1772; x_wconf 90' lang='lat' dir='ltr'>tur</span> <span class='ocrx_word' id='word_1_222' title='bbox 2405 1726 2552 1775; x_wconf 88' lang='lat' dir='ltr'>recta</span> <span class='ocrx_word' id='word_1_223' title='bbox 2583 1716 2728 1774; x_wconf 83' lang='lat'>735</span> <span class='ocrx_word' id='word_1_224' title='bbox 2756 1720 2892 1776; x_wconf 90' lang='lat' dir='ltr'>ﬁdes</span> <span class='ocrx_word' id='word_1_225' title='bbox 2939 1722 3310 1794; x_wconf 88' lang='lat' dir='ltr'>arrogantium</span> <span class='ocrx_word' id='word_1_226' title='bbox 3342 1723 3364 1758; x_wconf 79' lang='grc' dir='ltr'><strong>δ</strong></span> <span class='ocrx_word' id='word_1_227' title='bbox 3394 1721 3541 1777; x_wconf 91' lang='lat' dir='ltr'>intra</span> <span class='ocrx_word' id='word_1_228' title='bbox 3581 1721 3888 1778; x_wconf 89' lang='lat' dir='ltr'>Ecclesiam</span> 
     </span>
    </p>
   </div>
   <div class='ocr_carea' id='block_1_34' title="bbox 575 1800 3888 1884">
    <p class='ocr_par' dir='ltr' id='par_1_34' title="bbox 575 1800 3888 1884">
     <span class='ocr_line' id='line_1_34' title="bbox 575 1800 3888 1884; baseline 0.002 -24"><span class='ocrx_word' id='word_1_229' title='bbox 575 1821 678 1862; x_wconf 87' lang='lat' dir='ltr'>nus</span> <span class='ocrx_word' id='word_1_230' title='bbox 707 1820 777 1860; x_wconf 86' lang='lat' dir='ltr'>ex</span> <span class='ocrx_word' id='word_1_231' title='bbox 805 1810 952 1860; x_wconf 89' lang='lat' dir='ltr'>statu</span> <span class='ocrx_word' id='word_1_232' title='bbox 999 1802 1166 1876; x_wconf 90' lang='lat' dir='ltr'>hujus</span> <span class='ocrx_word' id='word_1_233' title='bbox 1207 1801 1556 1860; x_wconf 86' lang='lat' dir='ltr'>rectitudinis</span> <span class='ocrx_word' id='word_1_234' title='bbox 1597 1809 1934 1858; x_wconf 85' lang='lat' dir='ltr'>monstretur</span> <span class='ocrx_word' id='word_1_235' title='bbox 1961 1800 2176 1874; x_wconf 92' lang='lat' dir='ltr'>liquido</span> <span class='ocrx_word' id='word_1_236' title='bbox 2203 1815 2250 1876; x_wconf 85' lang='grc' dir='ltr'><strong>Β</strong></span> <span class='ocrx_word' id='word_1_237' title='bbox 2284 1805 2614 1878; x_wconf 89' lang='lat' dir='ltr'>positorum.</span> <span class='ocrx_word' id='word_1_238' title='bbox 2646 1807 2801 1865; x_wconf 91' lang='lat' dir='ltr'>Unde</span> <span class='ocrx_word' id='word_1_239' title='bbox 2846 1807 2926 1866; x_wconf 91' lang='lat' dir='ltr'>eis</span> <span class='ocrx_word' id='word_1_240' title='bbox 2945 1817 3000 1866; x_wconf 90' lang='lat' dir='ltr'>et</span> <span class='ocrx_word' id='word_1_241' title='bbox 3019 1809 3125 1867; x_wconf 92' lang='lat' dir='ltr'>hoc</span> <span class='ocrx_word' id='word_1_242' title='bbox 3144 1811 3323 1884; x_wconf 90' lang='lat' dir='ltr'>ipsum</span> <span class='ocrx_word' id='word_1_243' title='bbox 3351 1809 3469 1882; x_wconf 89' lang='lat' dir='ltr'>ejus</span> <span class='ocrx_word' id='word_1_244' title='bbox 3488 1809 3656 1866; x_wconf 89' lang='lat' dir='ltr'>etiam</span> <span class='ocrx_word' id='word_1_245' title='bbox 3687 1827 3888 1868; x_wconf 89' lang='lat' dir='ltr'>nomen</span> 
     </span>
    </p>
   </div>
   <div class='ocr_carea' id='block_1_35' title="bbox 574 1890 2175 1967">
    <p class='ocr_par' dir='ltr' id='par_1_35' title="bbox 574 1890 2175 1967">
     <span class='ocr_line' id='line_1_35' title="bbox 574 1890 2175 1967; baseline -0.004 -17"><span class='ocrx_word' id='word_1_246' title='bbox 574 1893 849 1951; x_wconf 87' lang='lat' dir='ltr'>fortitudo</span> <span class='ocrx_word' id='word_1_247' title='bbox 877 1910 1044 1967; x_wconf 90' lang='lat' dir='ltr'>quam</span> <span class='ocrx_word' id='word_1_248' title='bbox 1073 1908 1244 1964; x_wconf 90' lang='lat' dir='ltr'>prava</span> <span class='ocrx_word' id='word_1_249' title='bbox 1271 1891 1342 1948; x_wconf 90' lang='lat' dir='ltr'>sit</span> <span class='ocrx_word' id='word_1_250' title='bbox 1368 1891 1789 1948; x_wconf 89' lang='lat' dir='ltr'>incurvationis.</span> <span class='ocrx_word' id='word_1_251' title='bbox 1815 1890 2026 1947; x_wconf 62' lang='lat' dir='ltr'>Sanctae</span> <span class='ocrx_word' id='word_1_252' title='bbox 2055 1890 2175 1946; x_wconf 85' lang='lat' dir='ltr'>uni-</span> 
     </span>
    </p>
   </div>
   <div class='ocr_carea' id='block_1_36' title="bbox 576 1977 2174 2053">
    <p class='ocr_par' dir='ltr' id='par_1_36' title="bbox 576 1977 2174 2053">
     <span class='ocr_line' id='line_1_36' title="bbox 576 1977 2174 2053; baseline -0.003 -16"><span class='ocrx_word' id='word_1_253' title='bbox 576 1984 808 2040; x_wconf 85' lang='lat' dir='ltr'>versalis</span> <span class='ocrx_word' id='word_1_254' title='bbox 848 1981 1114 2041; x_wconf 89' lang='lat' dir='ltr'>Ecclesiae</span> <span class='ocrx_word' id='word_1_255' title='bbox 1160 1981 1426 2053; x_wconf 87' lang='lat' dir='ltr'>spiritalis</span> <span class='ocrx_word' id='word_1_256' title='bbox 1459 1979 1704 2053; x_wconf 78' lang='lat' dir='ltr'>quisque</span> <span class='ocrx_word' id='word_1_257' title='bbox 1746 1977 2071 2051; x_wconf 76' lang='lat' dir='ltr'>praedicator</span> <span class='ocrx_word' id='word_1_258' title='bbox 2116 1978 2174 2033; x_wconf 90' lang='lat' dir='ltr'>in</span> 
     </span>
    </p>
   </div>
   <div class='ocr_carea' id='block_1_37' title="bbox 573 2068 2174 2146">
    <p class='ocr_par' dir='ltr' id='par_1_37' title="bbox 573 2068 2174 2146">
     <span class='ocr_line' id='line_1_37' title="bbox 573 2068 2174 2146; baseline -0.004 -16"><span class='ocrx_word' id='word_1_259' title='bbox 573 2073 792 2130; x_wconf 86' lang='lat' dir='ltr'>cunctis</span> <span class='ocrx_word' id='word_1_260' title='bbox 821 2089 941 2146; x_wconf 65' lang='lat' dir='ltr'>quae</span> <span class='ocrx_word' id='word_1_261' title='bbox 972 2071 1109 2129; x_wconf 90' lang='lat' dir='ltr'>dicit</span> <span class='ocrx_word' id='word_1_262' title='bbox 1141 2072 1156 2106; x_wconf 88' lang='grc'>¹</span> <span class='ocrx_word' id='word_1_263' title='bbox 1192 2071 1380 2128; x_wconf 88' lang='lat' dir='ltr'>solerti</span> <span class='ocrx_word' id='word_1_264' title='bbox 1401 2085 1533 2126; x_wconf 88' lang='lat' dir='ltr'>cura</span> <span class='ocrx_word' id='word_1_265' title='bbox 1561 2085 1618 2124; x_wconf 90' lang='lat' dir='ltr'>se</span> <span class='ocrx_word' id='word_1_266' title='bbox 1649 2068 1891 2141; x_wconf 89' lang='lat' dir='ltr'>inspicit,</span> <span class='ocrx_word' id='word_1_267' title='bbox 1925 2085 1994 2124; x_wconf 92' lang='lat' dir='ltr'>ne</span> <span class='ocrx_word' id='word_1_268' title='bbox 2023 2069 2080 2125; x_wconf 89' lang='lat' dir='ltr'>in</span> <span class='ocrx_word' id='word_1_269' title='bbox 2110 2084 2174 2124; x_wconf 91' lang='lat' dir='ltr'>eo</span> 
     </span>
    </p>
   </div>
   <div class='ocr_carea' id='block_1_38' title="bbox 577 2159 2174 2236">
    <p class='ocr_par' dir='ltr' id='par_1_38' title="bbox 577 2159 2174 2236">
     <span class='ocr_line' id='line_1_38' title="bbox 577 2159 2174 2236; baseline -0.003 -17"><span class='ocrx_word' id='word_1_270' title='bbox 577 2163 726 2236; x_wconf 90' lang='lat' dir='ltr'>quod</span> <span class='ocrx_word' id='word_1_271' title='bbox 772 2172 922 2222; x_wconf 90' lang='lat' dir='ltr'>recta</span> <span class='ocrx_word' id='word_1_272' title='bbox 967 2161 1230 2236; x_wconf 67' lang='lat' dir='ltr'>praedicat</span> <span class='ocrx_word' id='word_1_273' title='bbox 1259 2161 1398 2216; x_wconf 90' lang='lat' dir='ltr'>vitio</span> <span class='ocrx_word' id='word_1_274' title='bbox 1428 2177 1484 2216; x_wconf 89' lang='lat' dir='ltr'>se</span> <span class='ocrx_word' id='word_1_275' title='bbox 1514 2159 1768 2216; x_wconf 89' lang='lat' dir='ltr'>elationis</span> <span class='ocrx_word' id='word_1_276' title='bbox 1797 2160 2028 2215; x_wconf 83' lang='lat' dir='ltr'>extollat</span> <span class='ocrx_word' id='word_1_277' title='bbox 2060 2177 2073 2226; x_wconf 88' lang='lat'><strong>;</strong></span> <span class='ocrx_word' id='word_1_278' title='bbox 2106 2175 2174 2214; x_wconf 90' lang='lat' dir='ltr'>ne</span> 
     </span>
    </p>
   </div>
   <div class='ocr_carea' id='block_1_39' title="bbox 575 2249 2175 2326">
    <p class='ocr_par' dir='ltr' id='par_1_39' title="bbox 575 2249 2175 2326">
     <span class='ocr_line' id='line_1_39' title="bbox 575 2249 2175 2326; baseline -0.002 -19"><span class='ocrx_word' id='word_1_279' title='bbox 575 2253 692 2308; x_wconf 88' lang='lat' dir='ltr'>vita</span> <span class='ocrx_word' id='word_1_280' title='bbox 720 2268 753 2308; x_wconf 90' lang='lat' dir='ltr'>a</span> <span class='ocrx_word' id='word_1_281' title='bbox 780 2254 968 2326; x_wconf 80' lang='lat' dir='ltr'>lingua</span> <span class='ocrx_word' id='word_1_282' title='bbox 985 2251 1264 2310; x_wconf 88' lang='lat' dir='ltr'>discordet</span> <span class='ocrx_word' id='word_1_283' title='bbox 1296 2269 1309 2319; x_wconf 89' lang='lat'>;</span> <span class='ocrx_word' id='word_1_284' title='bbox 1345 2267 1412 2308; x_wconf 92' lang='lat' dir='ltr'>ne</span> <span class='ocrx_word' id='word_1_285' title='bbox 1431 2266 1641 2322; x_wconf 87' lang='lat' dir='ltr'>pacem,</span> <span class='ocrx_word' id='word_1_286' title='bbox 1664 2265 1829 2322; x_wconf 91' lang='lat' dir='ltr'>quam</span> <span class='ocrx_word' id='word_1_287' title='bbox 1850 2250 1908 2305; x_wconf 93' lang='lat' dir='ltr'>in</span> <span class='ocrx_word' id='word_1_288' title='bbox 1929 2249 2175 2305; x_wconf 85' lang='lat' dir='ltr'>Ecclesia</span> 
     </span>
    </p>
   </div>
   <div class='ocr_carea' id='block_1_40' title="bbox 573 2338 2169 2415">
    <p class='ocr_par' dir='ltr' id='par_1_40' title="bbox 573 2338 2169 2415">
     <span class='ocr_line' id='line_1_40' title="bbox 573 2338 2169 2415; baseline -0.004 -18"><span class='ocrx_word' id='word_1_289' title='bbox 573 2343 812 2409; x_wconf 86' lang='lat' dir='ltr'>nuntiat,</span> <span class='ocrx_word' id='word_1_290' title='bbox 845 2341 903 2396; x_wconf 90' lang='lat' dir='ltr'>in</span> <span class='ocrx_word' id='word_1_291' title='bbox 933 2343 1132 2415; x_wconf 91' lang='lat' dir='ltr'>seipso,</span> <span class='ocrx_word' id='word_1_292' title='bbox 1183 2341 1318 2399; x_wconf 91' lang='lat' dir='ltr'>dum</span> <span class='ocrx_word' id='word_1_293' title='bbox 1365 2341 1506 2398; x_wconf 87' lang='lat' dir='ltr'>bene</span> <span class='ocrx_word' id='word_1_294' title='bbox 1552 2338 1710 2406; x_wconf 88' lang='lat' dir='ltr'>dicit,</span> <span class='ocrx_word' id='word_1_295' title='bbox 1751 2347 1806 2394; x_wconf 90' lang='lat' dir='ltr'>et</span> <span class='ocrx_word' id='word_1_296' title='bbox 1838 2339 1978 2394; x_wconf 88' lang='lat' dir='ltr'>male</span> <span class='ocrx_word' id='word_1_297' title='bbox 2007 2338 2169 2404; x_wconf 80' lang='lat' dir='ltr'>vivit,</span> 
     </span>
    </p>
   </div>
   <div class='ocr_carea' id='block_1_41' title="bbox 573 2427 2172 2502">
    <p class='ocr_par' dir='ltr' id='par_1_41' title="bbox 573 2427 2172 2502">
     <span class='ocr_line' id='line_1_41' title="bbox 573 2427 2172 2502; baseline -0.003 -15"><span class='ocrx_word' id='word_1_298' title='bbox 573 2430 807 2488; x_wconf 90' lang='lat' dir='ltr'>amittat.</span> <span class='ocrx_word' id='word_1_299' title='bbox 858 2430 963 2488; x_wconf 88' lang='lat' dir='ltr'>Sed</span> <span class='ocrx_word' id='word_1_300' title='bbox 1007 2430 1190 2488; x_wconf 83' lang='lat' dir='ltr'>studet</span> <span class='ocrx_word' id='word_1_301' title='bbox 1231 2446 1578 2502; x_wconf 90' lang='lat' dir='ltr'>summopere</span> <span class='ocrx_word' id='word_1_302' title='bbox 1633 2436 1827 2486; x_wconf 87' lang='lat' dir='ltr'>contra</span> <span class='ocrx_word' id='word_1_303' title='bbox 1873 2427 2172 2484; x_wconf 90' lang='lat' dir='ltr'>maledicos</span> 
     </span>
    </p>
   </div>
   <div class='ocr_carea' id='block_1_42' title="bbox 575 2515 2173 2591">
    <p class='ocr_par' dir='ltr' id='par_1_42' title="bbox 575 2515 2173 2591">
     <span class='ocr_line' id='line_1_42' title="bbox 575 2515 2173 2591; baseline -0.003 -15"><span class='ocrx_word' id='word_1_304' title='bbox 575 2535 821 2576; x_wconf 87' lang='lat' dir='ltr'>rumores</span> <span class='ocrx_word' id='word_1_305' title='bbox 849 2520 1260 2577; x_wconf 87' lang='lat' dir='ltr'>adversantium</span> <span class='ocrx_word' id='word_1_306' title='bbox 1299 2529 1352 2576; x_wconf 91' lang='lat' dir='ltr'>et</span> <span class='ocrx_word' id='word_1_307' title='bbox 1397 2519 1690 2576; x_wconf 89' lang='lat' dir='ltr'>defendere</span> <span class='ocrx_word' id='word_1_308' title='bbox 1722 2517 1996 2591; x_wconf 91' lang='lat' dir='ltr'>loquendo</span> <span class='ocrx_word' id='word_1_309' title='bbox 2027 2515 2173 2589; x_wconf 91' lang='lat' dir='ltr'>quod</span> 
     </span>
    </p>
   </div>
   <div class='ocr_carea' id='block_1_43' title="bbox 574 2605 2173 2681">
    <p class='ocr_par' dir='ltr' id='par_1_43' title="bbox 574 2605 2173 2681">
     <span class='ocr_line' id='line_1_43' title="bbox 574 2605 2173 2681; baseline -0.002 -18"><span class='ocrx_word' id='word_1_310' title='bbox 574 2609 737 2677; x_wconf 86' lang='lat' dir='ltr'>vivit,</span> <span class='ocrx_word' id='word_1_311' title='bbox 769 2617 822 2664; x_wconf 89' lang='lat' dir='ltr'>et</span> <span class='ocrx_word' id='word_1_312' title='bbox 841 2625 1037 2664; x_wconf 89' lang='lat' dir='ltr'>ornare</span> <span class='ocrx_word' id='word_1_313' title='bbox 1057 2609 1298 2664; x_wconf 90' lang='lat' dir='ltr'>vivendo</span> <span class='ocrx_word' id='word_1_314' title='bbox 1319 2608 1467 2681; x_wconf 90' lang='lat' dir='ltr'>quod</span> <span class='ocrx_word' id='word_1_315' title='bbox 1488 2607 1644 2664; x_wconf 87' lang='lat' dir='ltr'>dicit.</span> <span class='ocrx_word' id='word_1_316' title='bbox 1669 2609 1778 2664; x_wconf 89' lang='lat' dir='ltr'>Nec</span> <span class='ocrx_word' id='word_1_317' title='bbox 1802 2608 1860 2662; x_wconf 90' lang='lat' dir='ltr'>in</span> <span class='ocrx_word' id='word_1_318' title='bbox 1889 2607 1978 2662; x_wconf 89' lang='lat' dir='ltr'>his</span> <span class='ocrx_word' id='word_1_319' title='bbox 1997 2605 2173 2662; x_wconf 88' lang='lat' dir='ltr'>omni-</span> 
     </span>
    </p>
   </div>
   <div class='ocr_carea' id='block_1_44' title="bbox 573 2695 2174 2769">
    <p class='ocr_par' dir='ltr' id='par_1_44' title="bbox 573 2695 2174 2769">
     <span class='ocr_line' id='line_1_44' title="bbox 573 2695 2174 2769; baseline -0.001 -16"><span class='ocrx_word' id='word_1_320' title='bbox 573 2698 676 2753; x_wconf 89' lang='lat' dir='ltr'>bus</span> <span class='ocrx_word' id='word_1_321' title='bbox 721 2713 896 2764; x_wconf 91' lang='lat' dir='ltr'>suam,</span> <span class='ocrx_word' id='word_1_322' title='bbox 945 2697 1041 2752; x_wconf 90' lang='lat' dir='ltr'>sed</span> <span class='ocrx_word' id='word_1_323' title='bbox 1087 2695 1330 2754; x_wconf 89' lang='lat' dir='ltr'>auctoris</span> <span class='ocrx_word' id='word_1_324' title='bbox 1396 2697 1626 2768; x_wconf 83' lang='lat' dir='ltr'>gloriam</span> <span class='ocrx_word' id='word_1_325' title='bbox 1695 2697 1896 2768; x_wconf 82' lang='lat' dir='ltr'>quaerit</span> <span class='ocrx_word' id='word_1_326' title='bbox 1946 2715 1958 2763; x_wconf 93' lang='lat'>;</span> <span class='ocrx_word' id='word_1_327' title='bbox 2011 2704 2174 2769; x_wconf 90' lang='lat' dir='ltr'>atque</span> 
     </span>
    </p>
   </div>
   <div class='ocr_carea' id='block_1_45' title="bbox 574 2784 2173 2858">
    <p class='ocr_par' dir='ltr' id='par_1_45' title="bbox 574 2784 2173 2858">
     <span class='ocr_line' id='line_1_45' title="bbox 574 2784 2173 2858; baseline 0 -16"><span class='ocrx_word' id='word_1_328' title='bbox 574 2802 794 2842; x_wconf 90' lang='lat' dir='ltr'>omnem</span> <span class='ocrx_word' id='word_1_329' title='bbox 825 2785 846 2820; x_wconf 74' lang='grc'>³</span> <span class='ocrx_word' id='word_1_330' title='bbox 879 2785 1160 2858; x_wconf 87' lang='lat' dir='ltr'>sapientiae</span> <span class='ocrx_word' id='word_1_331' title='bbox 1191 2784 1442 2857; x_wconf 85' lang='lat' dir='ltr'>gratiam,</span> <span class='ocrx_word' id='word_1_332' title='bbox 1467 2801 1632 2858; x_wconf 89' lang='lat' dir='ltr'>quam</span> <span class='ocrx_word' id='word_1_333' title='bbox 1661 2793 1723 2841; x_wconf 90' lang='lat' dir='ltr'>ut</span> <span class='ocrx_word' id='word_1_334' title='bbox 1745 2786 2062 2858; x_wconf 88' lang='lat' dir='ltr'>loqueretur</span> <span class='ocrx_word' id='word_1_335' title='bbox 2089 2802 2173 2842; x_wconf 91' lang='lat' dir='ltr'>ac-</span> 
     </span>
    </p>
   </div>
   <div class='ocr_carea' id='block_1_46' title="bbox 573 2873 2174 2947">
    <p class='ocr_par' dir='ltr' id='par_1_46' title="bbox 573 2873 2174 2947">
     <span class='ocr_line' id='line_1_46' title="bbox 573 2873 2174 2947; baseline 0 -17"><span class='ocrx_word' id='word_1_336' title='bbox 573 2874 736 2947; x_wconf 88' lang='lat' dir='ltr'>cepit,</span> <span class='ocrx_word' id='word_1_337' title='bbox 767 2889 880 2930; x_wconf 90' lang='lat' dir='ltr'>non</span> <span class='ocrx_word' id='word_1_338' title='bbox 909 2874 1024 2930; x_wconf 88' lang='lat' dir='ltr'>suis</span> <span class='ocrx_word' id='word_1_339' title='bbox 1052 2890 1109 2930; x_wconf 91' lang='lat' dir='ltr'>se</span> <span class='ocrx_word' id='word_1_340' title='bbox 1137 2873 1373 2930; x_wconf 78' lang='lat' dir='ltr'>aestimat</span> <span class='ocrx_word' id='word_1_341' title='bbox 1401 2873 1633 2940; x_wconf 87' lang='lat' dir='ltr'>meritis,</span> <span class='ocrx_word' id='word_1_342' title='bbox 1667 2873 1760 2930; x_wconf 90' lang='lat' dir='ltr'>sed</span> <span class='ocrx_word' id='word_1_343' title='bbox 1791 2891 1978 2931; x_wconf 90' lang='lat' dir='ltr'>eorum</span> <span class='ocrx_word' id='word_1_344' title='bbox 2009 2874 2174 2930; x_wconf 90' lang='lat' dir='ltr'>inter-</span> 
     </span>
    </p>
   </div>
   <div class='ocr_carea' id='block_1_47' title="bbox 573 2963 2174 3037">
    <p class='ocr_par' dir='ltr' id='par_1_47' title="bbox 573 2963 2174 3037">
     <span class='ocr_line' id='line_1_47' title="bbox 573 2963 2174 3037; baseline 0 -17"><span class='ocrx_word' id='word_1_345' title='bbox 573 2963 916 3020; x_wconf 88' lang='lat' dir='ltr'>cessionibus</span> <span class='ocrx_word' id='word_1_346' title='bbox 961 2979 1060 3036; x_wconf 91' lang='lat' dir='ltr'>pro</span> <span class='ocrx_word' id='word_1_347' title='bbox 1093 2963 1310 3036; x_wconf 81' lang='lat' dir='ltr'>quibus</span> <span class='ocrx_word' id='word_1_348' title='bbox 1350 2963 1596 3036; x_wconf 90' lang='lat' dir='ltr'>loquitur</span> <span class='ocrx_word' id='word_1_349' title='bbox 1640 2965 1930 3037; x_wconf 89' lang='lat' dir='ltr'>accepisse.</span> <span class='ocrx_word' id='word_1_350' title='bbox 1975 2965 2174 3036; x_wconf 90' lang='lat' dir='ltr'>Sicque</span> 
     </span>
    </p>
   </div>
   <div class='ocr_carea' id='block_1_48' title="bbox 574 3053 2173 3126">
    <p class='ocr_par' dir='ltr' id='par_1_48' title="bbox 574 3053 2173 3126">
     <span class='ocr_line' id='line_1_48' title="bbox 574 3053 2173 3126; baseline 0 -16"><span class='ocrx_word' id='word_1_351' title='bbox 574 3053 708 3110; x_wconf 87' lang='lat' dir='ltr'>dum</span> <span class='ocrx_word' id='word_1_352' title='bbox 723 3070 780 3110; x_wconf 89' lang='lat' dir='ltr'>se</span> <span class='ocrx_word' id='word_1_353' title='bbox 801 3054 948 3111; x_wconf 89' lang='lat' dir='ltr'>infra</span> <span class='ocrx_word' id='word_1_354' title='bbox 974 3053 1184 3126; x_wconf 90' lang='lat' dir='ltr'>dejicit,</span> <span class='ocrx_word' id='word_1_355' title='bbox 1208 3061 1472 3126; x_wconf 90' lang='lat' dir='ltr'>superest,</span> <span class='ocrx_word' id='word_1_356' title='bbox 1497 3054 1627 3126; x_wconf 90' lang='lat' dir='ltr'>quia</span> <span class='ocrx_word' id='word_1_357' title='bbox 1647 3072 1757 3112; x_wconf 67' lang='lat' dir='ltr'>suae</span> <span class='ocrx_word' id='word_1_358' title='bbox 1774 3055 2040 3112; x_wconf 88' lang='lat' dir='ltr'>nimirum</span> <span class='ocrx_word' id='word_1_359' title='bbox 2062 3071 2173 3110; x_wconf 86' lang='lat' dir='ltr'>ma-</span> 
     </span>
    </p>
   </div>
   <div class='ocr_carea' id='block_1_49' title="bbox 2283 1895 3890 1972">
    <p class='ocr_par' dir='ltr' id='par_1_49' title="bbox 2283 1895 3890 1972">
     <span class='ocr_line' id='line_1_49' title="bbox 2283 1895 3890 1972; baseline 0.002 -21"><span class='ocrx_word' id='word_1_360' title='bbox 2283 1895 2557 1966; x_wconf 88' lang='lat' dir='ltr'>congruit.</span> <span class='ocrx_word' id='word_1_361' title='bbox 2579 1897 2717 1952; x_wconf 89' lang='lat' dir='ltr'>Nam</span> <span class='ocrx_word' id='word_1_362' title='bbox 2739 1899 2992 1970; x_wconf 87' lang='lat' dir='ltr'>quamvis</span> <span class='ocrx_word' id='word_1_363' title='bbox 3015 1897 3178 1970; x_wconf 84' lang='lat' dir='ltr'>juxta</span> <span class='ocrx_word' id='word_1_364' title='bbox 3195 1897 3475 1956; x_wconf 87' lang='lat' dir='ltr'>dominica</span> <span class='ocrx_word' id='word_1_365' title='bbox 3489 1907 3758 1972; x_wconf 88' lang='lat' dir='ltr'>praecepta</span> <span class='ocrx_word' id='word_1_366' title='bbox 3779 1916 3890 1956; x_wconf 84' lang='lat' dir='ltr'>non</span> 
     </span>
    </p>
   </div>
   <div class='ocr_carea' id='block_1_50' title="bbox 2284 1983 3885 2060">
    <p class='ocr_par' dir='ltr' id='par_1_50' title="bbox 2284 1983 3885 2060">
     <span class='ocr_line' id='line_1_50' title="bbox 2284 1983 3885 2060; baseline 0.004 -22"><span class='ocrx_word' id='word_1_367' title='bbox 2284 1983 2495 2052; x_wconf 83' lang='lat' dir='ltr'>vivant,</span> <span class='ocrx_word' id='word_1_368' title='bbox 2525 1987 2702 2042; x_wconf 90' lang='lat' dir='ltr'>Deum</span> <span class='ocrx_word' id='word_1_369' title='bbox 2744 1993 2928 2044; x_wconf 88' lang='lat' dir='ltr'>tamen</span> <span class='ocrx_word' id='word_1_370' title='bbox 2970 1987 3261 2044; x_wconf 89' lang='lat' dir='ltr'>dominum</span> <span class='ocrx_word' id='word_1_371' title='bbox 3291 2004 3411 2045; x_wconf 91' lang='lat' dir='ltr'>esse</span> <span class='ocrx_word' id='word_1_372' title='bbox 3439 1997 3839 2060; x_wconf 89' lang='lat' dir='ltr'>recognoscunt</span> <span class='ocrx_word' id='word_1_373' title='bbox 3872 2007 3885 2054; x_wconf 90' lang='lat'><strong>;</strong></span> 
     </span>
    </p>
   </div>
   <div class='ocr_carea' id='block_1_51' title="bbox 2283 2063 3889 2144">
    <p class='ocr_par' dir='ltr' id='par_1_51' title="bbox 2283 2063 3889 2144">
     <span class='ocr_line' id='line_1_51' title="bbox 2283 2063 3889 2144; baseline 0 -17"><span class='ocrx_word' id='word_1_374' title='bbox 2283 2072 2412 2144; x_wconf 89' lang='lat' dir='ltr'>quia</span> <span class='ocrx_word' id='word_1_375' title='bbox 2429 2071 2489 2128; x_wconf 91' lang='lat' dir='ltr'>in</span> <span class='ocrx_word' id='word_1_376' title='bbox 2519 2074 2750 2130; x_wconf 90' lang='lat' dir='ltr'>veritate</span> <span class='ocrx_word' id='word_1_377' title='bbox 2769 2075 2952 2132; x_wconf 89' lang='lat' dir='ltr'>carnis</span> <span class='ocrx_word' id='word_1_378' title='bbox 2980 2075 3145 2131; x_wconf 89' lang='lat' dir='ltr'>etiam</span> <span class='ocrx_word' id='word_1_379' title='bbox 3173 2076 3408 2130; x_wconf 84' lang='lat' dir='ltr'>formam</span> <span class='ocrx_word' id='word_1_380' title='bbox 3431 2063 3663 2132; x_wconf 27' lang='lat' dir='ltr'>Dei-tatis</span> <span class='ocrx_word' id='word_1_381' title='bbox 3683 2077 3889 2132; x_wconf 90' lang='lat' dir='ltr'>intelli-</span> 
     </span>
    </p>
   </div>
   <div class='ocr_carea' id='block_1_52' title="bbox 2283 2162 3882 2236">
    <p class='ocr_par' dir='ltr' id='par_1_52' title="bbox 2283 2162 3882 2236">
     <span class='ocr_line' id='line_1_52' title="bbox 2283 2162 3882 2236; baseline 0.004 -20"><span class='ocrx_word' id='word_1_382' title='bbox 2283 2169 2436 2234; x_wconf 90' lang='lat' dir='ltr'>gunt,</span> <span class='ocrx_word' id='word_1_383' title='bbox 2468 2163 2611 2219; x_wconf 91' lang='lat' dir='ltr'>sicut</span> <span class='ocrx_word' id='word_1_384' title='bbox 2638 2180 2733 2234; x_wconf 90' lang='lat' dir='ltr'>per</span> <span class='ocrx_word' id='word_1_385' title='bbox 2759 2163 3087 2236; x_wconf 89' lang='lat' dir='ltr'>Prophetam</span> <span class='ocrx_word' id='word_1_386' title='bbox 3117 2162 3321 2220; x_wconf 88' lang='lat' dir='ltr'>dicitur</span> <span class='ocrx_word' id='word_1_387' title='bbox 3346 2183 3358 2220; x_wconf 89' lang='lat'>:</span> <span class='ocrx_word' id='word_1_388' title='bbox 3386 2165 3575 2221; x_wconf 85' lang='lat' dir='ltr'>Scitote</span> <span class='ocrx_word' id='word_1_389' title='bbox 3603 2167 3743 2236; x_wconf 86' lang='lat' dir='ltr'>quod</span> <span class='ocrx_word' id='word_1_390' title='bbox 3771 2167 3882 2222; x_wconf 86' lang='lat' dir='ltr'>Do-</span> 
     </span>
    </p>
   </div>
   <div class='ocr_carea' id='block_1_53' title="bbox 2283 2251 3890 2324">
    <p class='ocr_par' dir='ltr' id='par_1_53' title="bbox 2283 2251 3890 2324">
     <span class='ocr_line' id='line_1_53' title="bbox 2283 2251 3890 2324; baseline 0.002 -19"><span class='ocrx_word' id='word_1_391' title='bbox 2283 2251 2458 2306; x_wconf 83' lang='lat' dir='ltr'>minus</span> <span class='ocrx_word' id='word_1_392' title='bbox 2486 2251 2596 2322; x_wconf 86' lang='lat' dir='ltr'>ipse</span> <span class='ocrx_word' id='word_1_393' title='bbox 2622 2258 2697 2308; x_wconf 87' lang='lat' dir='ltr'>est</span> <span class='ocrx_word' id='word_1_394' title='bbox 2733 2253 2876 2310; x_wconf 86' lang='lat' dir='ltr'>Deus</span> <span class='ocrx_word' id='word_1_395' title='bbox 2919 2253 3100 2324; x_wconf 87' lang='lat' dir='ltr'>(Psal.</span> <span class='ocrx_word' id='word_1_396' title='bbox 3148 2269 3306 2319; x_wconf 78' lang='lat' dir='ltr'>xcrx,</span> <span class='ocrx_word' id='word_1_397' title='bbox 3345 2253 3428 2322; x_wconf 90' lang='lat'>3).</span> <span class='ocrx_word' id='word_1_398' title='bbox 3463 2253 3728 2311; x_wconf 87' lang='lat' dir='ltr'>Barachel</span> <span class='ocrx_word' id='word_1_399' title='bbox 3757 2271 3890 2310; x_wconf 88' lang='lat' dir='ltr'>vero</span> 
     </span>
    </p>
   </div>
   <div class='ocr_carea' id='block_1_54' title="bbox 2285 2338 3885 2412">
    <p class='ocr_par' dir='ltr' id='par_1_54' title="bbox 2285 2338 3885 2412">
     <span class='ocr_line' id='line_1_54' title="bbox 2285 2338 3885 2412; baseline 0.003 -19"><span class='ocrx_word' id='word_1_400' title='bbox 2285 2338 2703 2412; x_wconf 84' lang='lat' dir='ltr'>interpretatum</span> <span class='ocrx_word' id='word_1_401' title='bbox 2733 2340 2940 2396; x_wconf 88' lang='lat' dir='ltr'>dicitur</span> <span class='ocrx_word' id='word_1_402' title='bbox 2967 2343 2988 2376; x_wconf 86' lang='grc'>⁷</span> <span class='ocrx_word' id='word_1_403' title='bbox 3019 2339 3328 2397; x_wconf 89' lang='lat' dir='ltr'>benedictio</span> <span class='ocrx_word' id='word_1_404' title='bbox 3375 2340 3495 2408; x_wconf 92' lang='lat' dir='ltr'>Dei,</span> <span class='ocrx_word' id='word_1_405' title='bbox 3527 2341 3748 2397; x_wconf 82' lang='lat' dir='ltr'>Buzites</span> <span class='ocrx_word' id='word_1_406' title='bbox 3777 2358 3885 2397; x_wconf 91' lang='lat' dir='ltr'>au-</span> 
     </span>
    </p>
   </div>
   <div class='ocr_carea' id='block_1_55' title="bbox 2282 2427 3882 2501">
    <p class='ocr_par' dir='ltr' id='par_1_55' title="bbox 2282 2427 3882 2501">
     <span class='ocr_line' id='line_1_55' title="bbox 2282 2427 3882 2501; baseline 0.002 -18"><span class='ocrx_word' id='word_1_407' title='bbox 2282 2435 2395 2484; x_wconf 87' lang='lat' dir='ltr'>tem</span> <span class='ocrx_word' id='word_1_408' title='bbox 2425 2427 2878 2501; x_wconf 89' lang='lat' dir='ltr'>contemptibilis.</span> <span class='ocrx_word' id='word_1_409' title='bbox 2921 2429 3081 2497; x_wconf 84' lang='lat' dir='ltr'>Quod</span> <span class='ocrx_word' id='word_1_410' title='bbox 3109 2435 3423 2500; x_wconf 85' lang='lat' dir='ltr'>arroganter</span> <span class='ocrx_word' id='word_1_411' title='bbox 3452 2429 3882 2500; x_wconf 71' lang='lat' dir='ltr'>praedicantibus</span> 
     </span>
    </p>
   </div>
   <div class='ocr_carea' id='block_1_56' title="bbox 2283 2516 3888 2592">
    <p class='ocr_par' dir='ltr' id='par_1_56' title="bbox 2283 2516 3888 2592">
     <span class='ocr_line' id='line_1_56' title="bbox 2283 2516 3888 2592; baseline 0 -20"><span class='ocrx_word' id='word_1_412' title='bbox 2283 2516 2423 2575; x_wconf 91' lang='lat' dir='ltr'>bene</span> <span class='ocrx_word' id='word_1_413' title='bbox 2452 2525 2749 2592; x_wconf 88' lang='lat' dir='ltr'>utrumque</span> <span class='ocrx_word' id='word_1_414' title='bbox 2777 2518 3094 2585; x_wconf 89' lang='lat' dir='ltr'>concordat,</span> <span class='ocrx_word' id='word_1_415' title='bbox 3127 2518 3256 2590; x_wconf 87' lang='lat' dir='ltr'>quia</span> <span class='ocrx_word' id='word_1_416' title='bbox 3285 2518 3343 2572; x_wconf 91' lang='lat' dir='ltr'>in</span> <span class='ocrx_word' id='word_1_417' title='bbox 3372 2517 3776 2589; x_wconf 72' lang='lat' dir='ltr'>praedicationis</span> <span class='ocrx_word' id='word_1_418' title='bbox 3805 2517 3888 2572; x_wconf 87' lang='lat' dir='ltr'>fa-</span> 
     </span>
    </p>
   </div>
   <div class='ocr_carea' id='block_1_57' title="bbox 2283 2606 3888 2682">
    <p class='ocr_par' dir='ltr' id='par_1_57' title="bbox 2283 2606 3888 2682">
     <span class='ocr_line' id='line_1_57' title="bbox 2283 2606 3888 2682; baseline 0 -19"><span class='ocrx_word' id='word_1_419' title='bbox 2283 2606 2488 2663; x_wconf 89' lang='lat' dir='ltr'>cundia</span> <span class='ocrx_word' id='word_1_420' title='bbox 2514 2606 2926 2664; x_wconf 88' lang='lat' dir='ltr'>bendictionem</span> <span class='ocrx_word' id='word_1_421' title='bbox 2975 2607 3198 2682; x_wconf 89' lang='lat' dir='ltr'>quidem</span> <span class='ocrx_word' id='word_1_422' title='bbox 3247 2607 3433 2680; x_wconf 72' lang='lat' dir='ltr'>gratiae</span> <span class='ocrx_word' id='word_1_423' title='bbox 3461 2606 3666 2663; x_wconf 90' lang='lat' dir='ltr'>divinae</span> <span class='ocrx_word' id='word_1_424' title='bbox 3697 2608 3888 2679; x_wconf 84' lang='lat' dir='ltr'>perci-</span> 
     </span>
    </p>
   </div>
   <div class='ocr_carea' id='block_1_58' title="bbox 2284 2695 3886 2768">
    <p class='ocr_par' dir='ltr' id='par_1_58' title="bbox 2284 2695 3886 2768">
     <span class='ocr_line' id='line_1_58' title="bbox 2284 2695 3886 2768; baseline 0.001 -18"><span class='ocrx_word' id='word_1_425' title='bbox 2284 2695 2464 2768; x_wconf 88' lang='lat' dir='ltr'>piunt,</span> <span class='ocrx_word' id='word_1_426' title='bbox 2497 2697 2590 2752; x_wconf 91' lang='lat' dir='ltr'>sed</span> <span class='ocrx_word' id='word_1_427' title='bbox 2608 2697 2666 2752; x_wconf 90' lang='lat' dir='ltr'>in</span> <span class='ocrx_word' id='word_1_428' title='bbox 2687 2697 2846 2754; x_wconf 90' lang='lat' dir='ltr'>elatis</span> <span class='ocrx_word' id='word_1_429' title='bbox 2873 2697 2988 2754; x_wconf 89' lang='lat' dir='ltr'>suis</span> <span class='ocrx_word' id='word_1_430' title='bbox 3011 2697 3258 2754; x_wconf 90' lang='lat' dir='ltr'>moribus</span> <span class='ocrx_word' id='word_1_431' title='bbox 3279 2712 3392 2752; x_wconf 91' lang='lat' dir='ltr'>esse</span> <span class='ocrx_word' id='word_1_432' title='bbox 3417 2712 3534 2753; x_wconf 90' lang='lat' dir='ltr'>eam</span> <span class='ocrx_word' id='word_1_433' title='bbox 3566 2697 3886 2768; x_wconf 85' lang='lat' dir='ltr'>contempti-</span> 
     </span>
    </p>
   </div>
   <div class='ocr_carea' id='block_1_59' title="bbox 2283 2783 3888 2858">
    <p class='ocr_par' dir='ltr' id='par_1_59' title="bbox 2283 2783 3888 2858">
     <span class='ocr_line' id='line_1_59' title="bbox 2283 2783 3888 2858; baseline 0.001 -20"><span class='ocrx_word' id='word_1_434' title='bbox 2283 2783 2448 2840; x_wconf 88' lang='lat' dir='ltr'>bilem</span> <span class='ocrx_word' id='word_1_435' title='bbox 2480 2785 2796 2841; x_wconf 88' lang='lat' dir='ltr'>ostendunt.</span> <span class='ocrx_word' id='word_1_436' title='bbox 2829 2786 2953 2858; x_wconf 89' lang='lat' dir='ltr'>Ipsa</span> <span class='ocrx_word' id='word_1_437' title='bbox 2988 2786 3190 2858; x_wconf 87' lang='lat' dir='ltr'>quippe</span> <span class='ocrx_word' id='word_1_438' title='bbox 3215 2801 3335 2856; x_wconf 73' lang='lat' dir='ltr'>quae</span> <span class='ocrx_word' id='word_1_439' title='bbox 3363 2792 3701 2856; x_wconf 88' lang='lat' dir='ltr'>acceperunt</span> <span class='ocrx_word' id='word_1_440' title='bbox 3726 2785 3888 2853; x_wconf 88' lang='lat' dir='ltr'>bona,</span> 
     </span>
    </p>
   </div>
   <div class='ocr_carea' id='block_1_60' title="bbox 2283 2871 3887 2945">
    <p class='ocr_par' dir='ltr' id='par_1_60' title="bbox 2283 2871 3887 2945">
     <span class='ocr_line' id='line_1_60' title="bbox 2283 2871 3887 2945; baseline 0.001 -17"><span class='ocrx_word' id='word_1_441' title='bbox 2283 2889 2346 2928; x_wconf 91' lang='lat' dir='ltr'>eo</span> <span class='ocrx_word' id='word_1_442' title='bbox 2367 2871 2721 2944; x_wconf 77' lang='lat' dir='ltr'>despicabilis</span> <span class='ocrx_word' id='word_1_443' title='bbox 2749 2873 2978 2942; x_wconf 86' lang='lat' dir='ltr'>faciunt,</span> <span class='ocrx_word' id='word_1_444' title='bbox 3013 2889 3122 2945; x_wconf 92' lang='lat' dir='ltr'>quo</span> <span class='ocrx_word' id='word_1_445' title='bbox 3148 2888 3488 2945; x_wconf 89' lang='lat' dir='ltr'>nequaquam</span> <span class='ocrx_word' id='word_1_446' title='bbox 3517 2873 3598 2928; x_wconf 91' lang='lat' dir='ltr'>eis</span> <span class='ocrx_word' id='word_1_447' title='bbox 3625 2873 3765 2930; x_wconf 86' lang='lat' dir='ltr'>bene</span> <span class='ocrx_word' id='word_1_448' title='bbox 3794 2876 3887 2930; x_wconf 92' lang='lat' dir='ltr'>uti</span> 
     </span>
    </p>
   </div>
   <div class='ocr_carea' id='block_1_61' title="bbox 2283 2961 3888 3034">
    <p class='ocr_par' dir='ltr' id='par_1_61' title="bbox 2283 2961 3888 3034">
     <span class='ocr_line' id='line_1_61' title="bbox 2283 2961 3888 3034; baseline 0 -16"><span class='ocrx_word' id='word_1_449' title='bbox 2283 2970 2575 3018; x_wconf 87' lang='lat' dir='ltr'>noverunt.</span> <span class='ocrx_word' id='word_1_450' title='bbox 2611 2965 2751 3034; x_wconf 84' lang='lat' dir='ltr'>Apte</span> <span class='ocrx_word' id='word_1_451' title='bbox 2776 2971 2959 3018; x_wconf 89' lang='lat' dir='ltr'>autem</span> <span class='ocrx_word' id='word_1_452' title='bbox 2991 2961 3156 3017; x_wconf 92' lang='lat' dir='ltr'>etiam</span> <span class='ocrx_word' id='word_1_453' title='bbox 3184 2961 3250 3017; x_wconf 92' lang='lat' dir='ltr'>de</span> <span class='ocrx_word' id='word_1_454' title='bbox 3279 2961 3600 3032; x_wconf 81' lang='lat' dir='ltr'>cognatione</span> <span class='ocrx_word' id='word_1_455' title='bbox 3632 2963 3767 3018; x_wconf 83' lang='lat' dir='ltr'>Ram</span> <span class='ocrx_word' id='word_1_456' title='bbox 3802 2963 3888 3019; x_wconf 89' lang='lat' dir='ltr'>di-</span> 
     </span>
    </p>
   </div>
   <div class='ocr_carea' id='block_1_62' title="bbox 2285 3051 3894 3127">
    <p class='ocr_par' dir='ltr' id='par_1_62' title="bbox 2285 3051 3894 3127">
     <span class='ocr_line' id='line_1_62' title="bbox 2285 3051 3894 3127; baseline -0.001 -17"><span class='ocrx_word' id='word_1_457' title='bbox 2285 3054 2449 3110; x_wconf 90' lang='lat' dir='ltr'>citur.</span> <span class='ocrx_word' id='word_1_458' title='bbox 2485 3054 2621 3110; x_wconf 82' lang='lat' dir='ltr'>Ram</span> <span class='ocrx_word' id='word_1_459' title='bbox 2651 3053 2854 3127; x_wconf 89' lang='lat' dir='ltr'>quippe</span> <span class='ocrx_word' id='word_1_460' title='bbox 2898 3052 3288 3124; x_wconf 87' lang='lat' dir='ltr'>interpretatur</span> <span class='ocrx_word' id='word_1_461' title='bbox 3316 3051 3582 3108; x_wconf 86' lang='lat' dir='ltr'>excelsus.</span> <span class='ocrx_word' id='word_1_462' title='bbox 3617 3053 3894 3109; x_wconf 86' lang='lat' dir='ltr'>Excelsus</span> 
     </span>
    </p>
   </div>
   <div class='ocr_carea' id='block_1_63' title="bbox 575 3138 3892 3232">
    <p class='ocr_par' dir='ltr' id='par_1_63' title="bbox 575 3138 3892 3232">
     <span class='ocr_line' id='line_1_63' title="bbox 575 3138 3892 3232; baseline 0 -35"><span class='ocrx_word' id='word_1_463' title='bbox 575 3143 657 3214; x_wconf 88' lang='lat' dir='ltr'>gis</span> <span class='ocrx_word' id='word_1_464' title='bbox 669 3141 1156 3214; x_wconf 89' lang='lat' dir='ltr'>mercediproﬁcit,</span> <span class='ocrx_word' id='word_1_465' title='bbox 1177 3141 1322 3214; x_wconf 92' lang='lat' dir='ltr'>quod</span> <span class='ocrx_word' id='word_1_466' title='bbox 1339 3141 1484 3198; x_wconf 91' lang='lat' dir='ltr'>bona</span> <span class='ocrx_word' id='word_1_467' title='bbox 1499 3159 1618 3215; x_wconf 84' lang='lat' dir='ltr'>quae</span> <span class='ocrx_word' id='word_1_468' title='bbox 1635 3160 1890 3202; x_wconf 82' lang='lat' dir='ltr'>exercere</span> <span class='ocrx_word' id='word_1_469' title='bbox 1910 3143 2174 3216; x_wconf 70' lang='lat' dir='ltr'>praevalet</span> <span class='ocrx_word' id='word_1_470' title='bbox 2202 3172 2246 3232; x_wconf 70' lang='grc' dir='ltr'>ο</span> <span class='ocrx_word' id='word_1_471' title='bbox 2288 3158 2528 3215; x_wconf 88' lang='lat' dir='ltr'>namque</span> <span class='ocrx_word' id='word_1_472' title='bbox 2557 3150 2640 3198; x_wconf 89' lang='lat' dir='ltr'>est</span> <span class='ocrx_word' id='word_1_473' title='bbox 2667 3141 2916 3198; x_wconf 89' lang='lat' dir='ltr'>ﬁdelium</span> <span class='ocrx_word' id='word_1_474' title='bbox 2939 3141 3191 3214; x_wconf 91' lang='lat' dir='ltr'>populus,</span> <span class='ocrx_word' id='word_1_475' title='bbox 3217 3140 3312 3213; x_wconf 88' lang='lat' dir='ltr'>qui</span> <span class='ocrx_word' id='word_1_476' title='bbox 3340 3138 3509 3232; x_wconf 78' lang='lat' dir='ltr'>hujus</span> <span class='ocrx_word' id='word_1_477' title='bbox 3541 3141 3670 3196; x_wconf 83' lang='lat' dir='ltr'>vitae</span> <span class='ocrx_word' id='word_1_478' title='bbox 3699 3140 3892 3198; x_wconf 85' lang='lat' dir='ltr'>inﬁma</span> 
     </span>
    </p>
   </div>
   <div class='ocr_carea' id='block_1_64' title="bbox 574 3229 2170 3304">
    <p class='ocr_par' dir='ltr' id='par_1_64' title="bbox 574 3229 2170 3304">
     <span class='ocr_line' id='line_1_64' title="bbox 574 3229 2170 3304; baseline 0.001 -18"><span class='ocrx_word' id='word_1_479' title='bbox 574 3229 770 3286; x_wconf 87' lang='lat' dir='ltr'>alienis</span> <span class='ocrx_word' id='word_1_480' title='bbox 799 3231 1012 3286; x_wconf 89' lang='lat' dir='ltr'>meritis</span> <span class='ocrx_word' id='word_1_481' title='bbox 1032 3229 1231 3290; x_wconf 88' lang='lat' dir='ltr'>reddit.</span> <span class='ocrx_word' id='word_1_482' title='bbox 1256 3231 1549 3303; x_wconf 87' lang='lat' dir='ltr'>Indignum</span> <span class='ocrx_word' id='word_1_483' title='bbox 1570 3249 1626 3288; x_wconf 93' lang='lat' dir='ltr'>se</span> <span class='ocrx_word' id='word_1_484' title='bbox 1648 3232 1910 3289; x_wconf 90' lang='lat' dir='ltr'>omnibus</span> <span class='ocrx_word' id='word_1_485' title='bbox 1934 3231 2170 3304; x_wconf 89' lang='lat' dir='ltr'>judicat,</span> 
     </span>
    </p>
   </div>
   <div class='ocr_carea' id='block_1_65' title="bbox 572 3319 2172 3394">
    <p class='ocr_par' dir='ltr' id='par_1_65' title="bbox 572 3319 2172 3394">
     <span class='ocr_line' id='line_1_65' title="bbox 572 3319 2172 3394; baseline 0.001 -19"><span class='ocrx_word' id='word_1_486' title='bbox 572 3319 738 3375; x_wconf 89' lang='lat' dir='ltr'>etiam</span> <span class='ocrx_word' id='word_1_487' title='bbox 767 3335 893 3377; x_wconf 91' lang='lat' dir='ltr'>cum</span> <span class='ocrx_word' id='word_1_488' title='bbox 921 3319 1145 3392; x_wconf 89' lang='lat' dir='ltr'>dignius</span> <span class='ocrx_word' id='word_1_489' title='bbox 1190 3319 1405 3377; x_wconf 88' lang='lat' dir='ltr'>cunctis</span> <span class='ocrx_word' id='word_1_490' title='bbox 1447 3321 1619 3376; x_wconf 88' lang='lat' dir='ltr'>vivat.</span> <span class='ocrx_word' id='word_1_491' title='bbox 1666 3321 1780 3378; x_wconf 90' lang='lat' dir='ltr'>Scit</span> <span class='ocrx_word' id='word_1_492' title='bbox 1822 3322 1990 3388; x_wconf 91' lang='lat' dir='ltr'>enim,</span> <span class='ocrx_word' id='word_1_493' title='bbox 2024 3321 2172 3394; x_wconf 91' lang='lat' dir='ltr'>quod</span> 
     </span>
    </p>
   </div>
   <div class='ocr_carea' id='block_1_66' title="bbox 573 3407 2174 3482">
    <p class='ocr_par' dir='ltr' id='par_1_66' title="bbox 573 3407 2174 3482">
     <span class='ocr_line' id='line_1_66' title="bbox 573 3407 2174 3482; baseline 0.002 -20"><span class='ocrx_word' id='word_1_494' title='bbox 573 3407 718 3463; x_wconf 87' lang='lat' dir='ltr'>bona</span> <span class='ocrx_word' id='word_1_495' title='bbox 745 3423 866 3481; x_wconf 65' lang='lat' dir='ltr'>quae</span> <span class='ocrx_word' id='word_1_496' title='bbox 894 3408 1249 3468; x_wconf 89' lang='lat' dir='ltr'>innotescunt</span> <span class='ocrx_word' id='word_1_497' title='bbox 1276 3409 1615 3478; x_wconf 89' lang='lat' dir='ltr'>hominibus,</span> <span class='ocrx_word' id='word_1_498' title='bbox 1640 3410 1758 3464; x_wconf 87' lang='lat' dir='ltr'>sine</span> <span class='ocrx_word' id='word_1_499' title='bbox 1787 3409 2030 3482; x_wconf 89' lang='lat' dir='ltr'>periculo</span> <span class='ocrx_word' id='word_1_500' title='bbox 2056 3427 2174 3466; x_wconf 90' lang='lat' dir='ltr'>esse</span> 
     </span>
    </p>
   </div>
   <div class='ocr_carea' id='block_1_67' title="bbox 575 3499 2168 3574">
    <p class='ocr_par' dir='ltr' id='par_1_67' title="bbox 575 3499 2168 3574">
     <span class='ocr_line' id='line_1_67' title="bbox 575 3499 2168 3574; baseline 0.002 -22"><span class='ocrx_word' id='word_1_501' title='bbox 575 3499 673 3554; x_wconf 88' lang='lat' dir='ltr'>vix</span> <span class='ocrx_word' id='word_1_502' title='bbox 703 3507 948 3572; x_wconf 86' lang='lat' dir='ltr'>possunt.</span> <span class='ocrx_word' id='word_1_503' title='bbox 981 3501 1054 3556; x_wconf 92' lang='lat' dir='ltr'>Et</span> <span class='ocrx_word' id='word_1_504' title='bbox 1081 3501 1336 3574; x_wconf 88' lang='lat' dir='ltr'>quamvis</span> <span class='ocrx_word' id='word_1_505' title='bbox 1383 3501 1686 3572; x_wconf 90' lang='lat' dir='ltr'>sapientem</span> <span class='ocrx_word' id='word_1_506' title='bbox 1715 3516 1773 3556; x_wconf 91' lang='lat' dir='ltr'>se</span> <span class='ocrx_word' id='word_1_507' title='bbox 1802 3517 1918 3557; x_wconf 91' lang='lat' dir='ltr'>esse</span> <span class='ocrx_word' id='word_1_508' title='bbox 1948 3501 2168 3566; x_wconf 90' lang='lat' dir='ltr'>sentiat,</span> 
     </span>
    </p>
   </div>
   <div class='ocr_carea' id='block_1_68' title="bbox 577 3587 2172 3662">
    <p class='ocr_par' dir='ltr' id='par_1_68' title="bbox 577 3587 2172 3662">
     <span class='ocr_line' id='line_1_68' title="bbox 577 3587 2172 3662; baseline 0 -19"><span class='ocrx_word' id='word_1_509' title='bbox 577 3589 743 3644; x_wconf 88' lang='lat' dir='ltr'>vellet</span> <span class='ocrx_word' id='word_1_510' title='bbox 770 3597 951 3646; x_wconf 89' lang='lat' dir='ltr'>tamen</span> <span class='ocrx_word' id='word_1_511' title='bbox 981 3605 1098 3647; x_wconf 89' lang='lat' dir='ltr'>esse</span> <span class='ocrx_word' id='word_1_512' title='bbox 1125 3590 1360 3662; x_wconf 89' lang='lat' dir='ltr'>sapiens,</span> <span class='ocrx_word' id='word_1_513' title='bbox 1393 3605 1495 3646; x_wconf 92' lang='lat' dir='ltr'>nec</span> <span class='ocrx_word' id='word_1_514' title='bbox 1513 3589 1712 3657; x_wconf 88' lang='lat' dir='ltr'>videri,</span> <span class='ocrx_word' id='word_1_515' title='bbox 1745 3596 1907 3662; x_wconf 90' lang='lat' dir='ltr'>atque</span> <span class='ocrx_word' id='word_1_516' title='bbox 1936 3587 2042 3646; x_wconf 92' lang='lat' dir='ltr'>hoc</span> <span class='ocrx_word' id='word_1_517' title='bbox 2063 3587 2172 3644; x_wconf 90' lang='lat' dir='ltr'>sibi</span> 
     </span>
    </p>
   </div>
   <div class='ocr_carea' id='block_1_69' title="bbox 575 3677 2170 3752">
    <p class='ocr_par' dir='ltr' id='par_1_69' title="bbox 575 3677 2170 3752">
     <span class='ocr_line' id='line_1_69' title="bbox 575 3677 2170 3752; baseline -0.001 -19"><span class='ocrx_word' id='word_1_518' title='bbox 575 3677 895 3734; x_wconf 90' lang='lat' dir='ltr'>omnimodo</span> <span class='ocrx_word' id='word_1_519' title='bbox 924 3678 1072 3752; x_wconf 91' lang='lat' dir='ltr'>quod</span> <span class='ocrx_word' id='word_1_520' title='bbox 1101 3677 1374 3751; x_wconf 89' lang='lat' dir='ltr'>loquendo</span> <span class='ocrx_word' id='word_1_521' title='bbox 1419 3677 1671 3750; x_wconf 91' lang='lat' dir='ltr'>proditur</span> <span class='ocrx_word' id='word_1_522' title='bbox 1700 3678 2036 3749; x_wconf 88' lang='lat' dir='ltr'>pertimescit</span> <span class='ocrx_word' id='word_1_523' title='bbox 2069 3695 2082 3744; x_wconf 90' lang='lat'>;</span> <span class='ocrx_word' id='word_1_524' title='bbox 2116 3685 2170 3733; x_wconf 92' lang='lat' dir='ltr'>et</span> 
     </span>
    </p>
   </div>
   <div class='ocr_carea' id='block_1_70' title="bbox 575 3767 2170 3842">
    <p class='ocr_par' dir='ltr' id='par_1_70' title="bbox 575 3767 2170 3842">
     <span class='ocr_line' id='line_1_70' title="bbox 575 3767 2170 3842; baseline -0.001 -18"><span class='ocrx_word' id='word_1_525' title='bbox 575 3767 620 3824; x_wconf 93' lang='lat' dir='ltr'>si</span> <span class='ocrx_word' id='word_1_526' title='bbox 653 3767 832 3836; x_wconf 89' lang='lat' dir='ltr'>liceat,</span> <span class='ocrx_word' id='word_1_527' title='bbox 880 3775 1058 3826; x_wconf 90' lang='lat' dir='ltr'>tacere</span> <span class='ocrx_word' id='word_1_528' title='bbox 1105 3767 1332 3842; x_wconf 87' lang='lat' dir='ltr'>appetit,</span> <span class='ocrx_word' id='word_1_529' title='bbox 1381 3767 1514 3824; x_wconf 92' lang='lat' dir='ltr'>dum</span> <span class='ocrx_word' id='word_1_530' title='bbox 1561 3783 1677 3824; x_wconf 90' lang='lat' dir='ltr'>esse</span> <span class='ocrx_word' id='word_1_531' title='bbox 1708 3768 1729 3803; x_wconf 85' lang='grc'><strong>³</strong></span> <span class='ocrx_word' id='word_1_532' title='bbox 1761 3767 1950 3824; x_wconf 91' lang='lat' dir='ltr'>multis</span> <span class='ocrx_word' id='word_1_533' title='bbox 1993 3767 2170 3823; x_wconf 88' lang='lat' dir='ltr'>tutius</span> 
     </span>
    </p>
   </div>
   <div class='ocr_carea' id='block_1_71' title="bbox 575 3857 2168 3931">
    <p class='ocr_par' dir='ltr' id='par_1_71' title="bbox 575 3857 2168 3931">
     <span class='ocr_line' id='line_1_71' title="bbox 575 3857 2168 3931; baseline 0.001 -19"><span class='ocrx_word' id='word_1_534' title='bbox 575 3857 858 3915; x_wconf 88' lang='lat' dir='ltr'>silentium</span> <span class='ocrx_word' id='word_1_535' title='bbox 879 3859 1080 3927; x_wconf 80' lang='lat' dir='ltr'>cernit,</span> <span class='ocrx_word' id='word_1_536' title='bbox 1113 3873 1312 3931; x_wconf 91' lang='lat' dir='ltr'>eosque</span> <span class='ocrx_word' id='word_1_537' title='bbox 1354 3873 1468 3914; x_wconf 91' lang='lat' dir='ltr'>esse</span> <span class='ocrx_word' id='word_1_538' title='bbox 1514 3857 1792 3914; x_wconf 87' lang='lat' dir='ltr'>feliciores</span> <span class='ocrx_word' id='word_1_539' title='bbox 1821 3864 1996 3929; x_wconf 84' lang='lat' dir='ltr'>putat,</span> <span class='ocrx_word' id='word_1_540' title='bbox 2031 3873 2168 3931; x_wconf 90' lang='lat' dir='ltr'>quos</span> 
     </span>
    </p>
   </div>
   <div class='ocr_carea' id='block_1_72' title="bbox 575 3940 2164 4021">
    <p class='ocr_par' dir='ltr' id='par_1_72' title="bbox 575 3940 2164 4021">
     <span class='ocr_line' id='line_1_72' title="bbox 575 3940 2164 4021; baseline 0.001 -18"><span class='ocrx_word' id='word_1_541' title='bbox 575 3947 720 4005; x_wconf 91' lang='lat' dir='ltr'>intra</span> <span class='ocrx_word' id='word_1_542' title='bbox 748 3957 990 4006; x_wconf 87' lang='lat' dir='ltr'>sanctam</span> <span class='ocrx_word' id='word_1_543' title='bbox 1010 3950 1314 4006; x_wconf 88' lang='lat' dir='ltr'>Ecclesiam</span> <span class='ocrx_word' id='word_1_544' title='bbox 1335 3950 1487 4006; x_wconf 88' lang='lat' dir='ltr'>locus</span> <span class='ocrx_word' id='word_1_545' title='bbox 1506 3940 1735 4005; x_wconf 84' lang='lat' dir='ltr'>inferior</span> <span class='ocrx_word' id='word_1_546' title='bbox 1763 3965 1858 4021; x_wconf 92' lang='lat' dir='ltr'>per</span> <span class='ocrx_word' id='word_1_547' title='bbox 1885 3949 2164 4006; x_wconf 89' lang='lat' dir='ltr'>silentium</span> 
     </span>
    </p>
   </div>
   <div class='ocr_carea' id='block_1_73' title="bbox 575 4037 2163 4106">
    <p class='ocr_par' dir='ltr' id='par_1_73' title="bbox 575 4037 2163 4106">
     <span class='ocr_line' id='line_1_73' title="bbox 575 4037 2163 4106; baseline 0.002 -16"><span class='ocrx_word' id='word_1_548' title='bbox 575 4037 816 4093; x_wconf 89' lang='lat' dir='ltr'>occultat</span> <span class='ocrx_word' id='word_1_549' title='bbox 845 4055 860 4104; x_wconf 90' lang='lat'><strong>;</strong></span> <span class='ocrx_word' id='word_1_550' title='bbox 893 4046 948 4094; x_wconf 91' lang='lat' dir='ltr'>et</span> <span class='ocrx_word' id='word_1_551' title='bbox 973 4047 1156 4094; x_wconf 88' lang='lat' dir='ltr'>tamen</span> <span class='ocrx_word' id='word_1_552' title='bbox 1185 4047 1248 4096; x_wconf 91' lang='lat' dir='ltr'>ut</span> <span class='ocrx_word' id='word_1_553' title='bbox 1276 4045 1518 4096; x_wconf 87' lang='lat' dir='ltr'>sanctam</span> <span class='ocrx_word' id='word_1_554' title='bbox 1547 4038 1852 4094; x_wconf 86' lang='lat' dir='ltr'>Ecclesiam</span> <span class='ocrx_word' id='word_1_555' title='bbox 1887 4037 2163 4106; x_wconf 89' lang='lat' dir='ltr'>defendat,</span> 
     </span>
    </p>
   </div>
   <div class='ocr_carea' id='block_1_74' title="bbox 577 4123 2170 4199">
    <p class='ocr_par' dir='ltr' id='par_1_74' title="bbox 577 4123 2170 4199">
     <span class='ocr_line' id='line_1_74' title="bbox 577 4123 2170 4199; baseline 0.004 -22"><span class='ocrx_word' id='word_1_556' title='bbox 577 4123 709 4194; x_wconf 88' lang='lat' dir='ltr'>quia</span> <span class='ocrx_word' id='word_1_557' title='bbox 736 4123 804 4179; x_wconf 88' lang='lat' dir='ltr'>ad</span> <span class='ocrx_word' id='word_1_558' title='bbox 831 4125 1168 4198; x_wconf 89' lang='lat' dir='ltr'>loquendum</span> <span class='ocrx_word' id='word_1_559' title='bbox 1198 4129 1257 4184; x_wconf 90' lang='lat' dir='ltr'>vi</span> <span class='ocrx_word' id='word_1_560' title='bbox 1287 4127 1572 4185; x_wconf 88' lang='lat' dir='ltr'>charitatis</span> <span class='ocrx_word' id='word_1_561' title='bbox 1603 4126 1928 4199; x_wconf 88' lang='lat' dir='ltr'>impellitur,</span> <span class='ocrx_word' id='word_1_562' title='bbox 1963 4144 2031 4184; x_wconf 83' lang='lat' dir='ltr'>ex</span> <span class='ocrx_word' id='word_1_563' title='bbox 2062 4143 2170 4184; x_wconf 92' lang='lat' dir='ltr'>ne-</span> 
     </span>
    </p>
   </div>
   <div class='ocr_carea' id='block_1_75' title="bbox 575 4210 2170 4286">
    <p class='ocr_par' dir='ltr' id='par_1_75' title="bbox 575 4210 2170 4286">
     <span class='ocr_line' id='line_1_75' title="bbox 575 4210 2170 4286; baseline 0.003 -19"><span class='ocrx_word' id='word_1_564' title='bbox 575 4210 826 4269; x_wconf 86' lang='lat' dir='ltr'>cessitate</span> <span class='ocrx_word' id='word_1_565' title='bbox 855 4214 1074 4286; x_wconf 92' lang='lat' dir='ltr'>quidem</span> <span class='ocrx_word' id='word_1_566' title='bbox 1105 4215 1347 4272; x_wconf 85' lang='lat' dir='ltr'>ofﬁcium</span> <span class='ocrx_word' id='word_1_567' title='bbox 1378 4215 1674 4273; x_wconf 90' lang='lat' dir='ltr'>locutionis</span> <span class='ocrx_word' id='word_1_568' title='bbox 1703 4215 1953 4286; x_wconf 89' lang='lat' dir='ltr'>suscipit,</span> <span class='ocrx_word' id='word_1_569' title='bbox 1987 4216 2081 4272; x_wconf 89' lang='lat' dir='ltr'>sed</span> <span class='ocrx_word' id='word_1_570' title='bbox 2101 4232 2170 4272; x_wconf 90' lang='lat' dir='ltr'>ex</span> 
     </span>
    </p>
   </div>
   <div class='ocr_carea' id='block_1_76' title="bbox 578 4301 2170 4378">
    <p class='ocr_par' dir='ltr' id='par_1_76' title="bbox 578 4301 2170 4378">
     <span class='ocr_line' id='line_1_76' title="bbox 578 4301 2170 4378; baseline 0.003 -22"><span class='ocrx_word' id='word_1_571' title='bbox 578 4316 774 4372; x_wconf 88' lang='lat' dir='ltr'>magno</span> <span class='ocrx_word' id='word_1_572' title='bbox 803 4301 1076 4360; x_wconf 89' lang='lat' dir='ltr'>desiderio</span> <span class='ocrx_word' id='word_1_573' title='bbox 1119 4304 1295 4360; x_wconf 89' lang='lat' dir='ltr'>otium</span> <span class='ocrx_word' id='word_1_574' title='bbox 1327 4307 1348 4341; x_wconf 70' lang='grc'>⁴</span> <span class='ocrx_word' id='word_1_575' title='bbox 1379 4306 1776 4362; x_wconf 85' lang='lat' dir='ltr'>taciturnitatis</span> <span class='ocrx_word' id='word_1_576' title='bbox 1805 4306 2020 4378; x_wconf 86' lang='lat' dir='ltr'>quaerit.</span> <span class='ocrx_word' id='word_1_577' title='bbox 2055 4307 2170 4362; x_wconf 89' lang='lat' dir='ltr'>Hoc</span> 
     </span>
    </p>
   </div>
   <div class='ocr_carea' id='block_1_77' title="bbox 578 4393 2168 4461">
    <p class='ocr_par' dir='ltr' id='par_1_77' title="bbox 578 4393 2168 4461">
     <span class='ocr_line' id='line_1_77' title="bbox 578 4393 2168 4461; baseline 0.001 -15"><span class='ocrx_word' id='word_1_578' title='bbox 578 4397 760 4446; x_wconf 89' lang='lat' dir='ltr'>servat</span> <span class='ocrx_word' id='word_1_579' title='bbox 785 4399 934 4461; x_wconf 88' lang='lat' dir='ltr'>voto,</span> <span class='ocrx_word' id='word_1_580' title='bbox 988 4393 1128 4449; x_wconf 84' lang='lat' dir='ltr'>illud</span> <span class='ocrx_word' id='word_1_581' title='bbox 1175 4402 1393 4450; x_wconf 85' lang='lat' dir='ltr'>exercet</span> <span class='ocrx_word' id='word_1_582' title='bbox 1439 4395 1770 4451; x_wconf 90' lang='lat' dir='ltr'>ministerio.</span> <span class='ocrx_word' id='word_1_583' title='bbox 1808 4393 1959 4450; x_wconf 87' lang='lat' dir='ltr'>Hanc</span> <span class='ocrx_word' id='word_1_584' title='bbox 1986 4400 2168 4449; x_wconf 87' lang='lat' dir='ltr'>autem</span> 
     </span>
    </p>
   </div>
   <div class='ocr_carea' id='block_1_78' title="bbox 579 4478 2170 4554">
    <p class='ocr_par' dir='ltr' id='par_1_78' title="bbox 579 4478 2170 4554">
     <span class='ocr_line' id='line_1_78' title="bbox 579 4478 2170 4554; baseline 0.001 -21"><span class='ocrx_word' id='word_1_585' title='bbox 579 4478 800 4534; x_wconf 89' lang='lat' dir='ltr'>dicendi</span> <span class='ocrx_word' id='word_1_586' title='bbox 842 4480 1138 4537; x_wconf 87' lang='lat' dir='ltr'>formulam</span> <span class='ocrx_word' id='word_1_587' title='bbox 1168 4491 1480 4554; x_wconf 86' lang='lat' dir='ltr'>arrogantes</span> <span class='ocrx_word' id='word_1_588' title='bbox 1510 4483 1784 4554; x_wconf 88' lang='lat' dir='ltr'>ignorant.</span> <span class='ocrx_word' id='word_1_589' title='bbox 1808 4482 1994 4554; x_wconf 89' lang='lat' dir='ltr'>Neque</span> <span class='ocrx_word' id='word_1_590' title='bbox 2021 4480 2170 4536; x_wconf 91' lang='lat' dir='ltr'>enim</span> 
     </span>
    </p>
   </div>
   <div class='ocr_carea' id='block_1_79' title="bbox 580 4569 2176 4646">
    <p class='ocr_par' dir='ltr' id='par_1_79' title="bbox 580 4569 2176 4646">
     <span class='ocr_line' id='line_1_79' title="bbox 580 4569 2176 4646; baseline 0.003 -23"><span class='ocrx_word' id='word_1_591' title='bbox 580 4569 884 4640; x_wconf 89' lang='lat' dir='ltr'>loquuntur</span> <span class='ocrx_word' id='word_1_592' title='bbox 911 4572 1044 4646; x_wconf 90' lang='lat' dir='ltr'>quia</span> <span class='ocrx_word' id='word_1_593' title='bbox 1071 4588 1248 4628; x_wconf 63' lang='lat' dir='ltr'>causai</span> <span class='ocrx_word' id='word_1_594' title='bbox 1293 4573 1577 4642; x_wconf 87' lang='lat' dir='ltr'>eveniunt,</span> <span class='ocrx_word' id='word_1_595' title='bbox 1611 4572 1706 4629; x_wconf 90' lang='lat' dir='ltr'>sed</span> <span class='ocrx_word' id='word_1_596' title='bbox 1736 4588 1926 4628; x_wconf 90' lang='lat' dir='ltr'>causas</span> <span class='ocrx_word' id='word_1_597' title='bbox 1953 4571 2176 4628; x_wconf 89' lang='lat' dir='ltr'>evenire</span> 
     </span>
    </p>
   </div>
   <div class='ocr_carea' id='block_1_80' title="bbox 577 4661 2174 4732">
    <p class='ocr_par' dir='ltr' id='par_1_80' title="bbox 577 4661 2174 4732">
     <span class='ocr_line' id='line_1_80' title="bbox 577 4661 2174 4732; baseline 0.001 -20"><span class='ocrx_word' id='word_1_598' title='bbox 577 4665 846 4730; x_wconf 88' lang='lat' dir='ltr'>appetunt</span> <span class='ocrx_word' id='word_1_599' title='bbox 881 4668 944 4717; x_wconf 91' lang='lat' dir='ltr'>ut</span> <span class='ocrx_word' id='word_1_600' title='bbox 984 4661 1295 4732; x_wconf 86' lang='lat' dir='ltr'>loquantur.</span> <span class='ocrx_word' id='word_1_601' title='bbox 1327 4661 1574 4728; x_wconf 87' lang='lat' dir='ltr'>Quorum</span> <span class='ocrx_word' id='word_1_602' title='bbox 1604 4677 1753 4716; x_wconf 90' lang='lat' dir='ltr'>nunc</span> <span class='ocrx_word' id='word_1_603' title='bbox 1778 4661 1910 4715; x_wconf 87' lang='lat' dir='ltr'>Elin</span> <span class='ocrx_word' id='word_1_604' title='bbox 1939 4661 2174 4730; x_wconf 88' lang='lat' dir='ltr'>speciem</span> 
     </span>
    </p>
   </div>
   <div class='ocr_carea' id='block_1_81' title="bbox 582 4745 2175 4822">
    <p class='ocr_par' dir='ltr' id='par_1_81' title="bbox 582 4745 2175 4822">
     <span class='ocr_line' id='line_1_81' title="bbox 582 4745 2175 4822; baseline -0.001 -19"><span class='ocrx_word' id='word_1_605' title='bbox 582 4745 782 4820; x_wconf 87' lang='lat' dir='ltr'>signat,</span> <span class='ocrx_word' id='word_1_606' title='bbox 815 4750 909 4822; x_wconf 90' lang='lat' dir='ltr'>qui</span> <span class='ocrx_word' id='word_1_607' title='bbox 941 4750 999 4805; x_wconf 92' lang='lat' dir='ltr'>in</span> <span class='ocrx_word' id='word_1_608' title='bbox 1019 4748 1298 4805; x_wconf 89' lang='lat' dir='ltr'>locutione</span> <span class='ocrx_word' id='word_1_609' title='bbox 1326 4766 1424 4804; x_wconf 91' lang='lat' dir='ltr'>sua</span> <span class='ocrx_word' id='word_1_610' title='bbox 1443 4749 1712 4806; x_wconf 90' lang='lat' dir='ltr'>immenso</span> <span class='ocrx_word' id='word_1_611' title='bbox 1741 4763 1799 4803; x_wconf 89' lang='lat' dir='ltr'>se</span> <span class='ocrx_word' id='word_1_612' title='bbox 1818 4747 1958 4802; x_wconf 87' lang='lat' dir='ltr'>vitio</span> <span class='ocrx_word' id='word_1_613' title='bbox 1989 4747 2175 4803; x_wconf 90' lang='lat' dir='ltr'>elatio-</span> 
     </span>
    </p>
   </div>
   <div class='ocr_carea' id='block_1_82' title="bbox 585 4834 2176 4910">
    <p class='ocr_par' dir='ltr' id='par_1_82' title="bbox 585 4834 2176 4910">
     <span class='ocr_line' id='line_1_82' title="bbox 585 4834 2176 4910; baseline 0 -18"><span class='ocrx_word' id='word_1_614' title='bbox 585 4837 672 4894; x_wconf 91' lang='lat' dir='ltr'>nis</span> <span class='ocrx_word' id='word_1_615' title='bbox 701 4839 928 4894; x_wconf 86' lang='lat' dir='ltr'>exaltat.</span> <span class='ocrx_word' id='word_1_616' title='bbox 959 4837 1134 4910; x_wconf 88' lang='lat' dir='ltr'>Igitur</span> <span class='ocrx_word' id='word_1_617' title='bbox 1163 4836 1339 4893; x_wconf 89' lang='lat' dir='ltr'>ﬁnitis</span> <span class='ocrx_word' id='word_1_618' title='bbox 1356 4837 1502 4893; x_wconf 88' lang='lat' dir='ltr'>beati</span> <span class='ocrx_word' id='word_1_619' title='bbox 1521 4837 1623 4893; x_wconf 88' lang='lat' dir='ltr'>Job</span> <span class='ocrx_word' id='word_1_620' title='bbox 1653 4834 2018 4902; x_wconf 89' lang='lat' dir='ltr'>sermonibus,</span> <span class='ocrx_word' id='word_1_621' title='bbox 2051 4835 2176 4892; x_wconf 89' lang='lat' dir='ltr'>sub-</span> 
     </span>
    </p>
   </div>
   <div class='ocr_carea' id='block_1_83' title="bbox 577 4926 773 4984">
    <p class='ocr_par' dir='ltr' id='par_1_83' title="bbox 577 4926 773 4984">
     <span class='ocr_line' id='line_1_83' title="bbox 577 4926 773 4984; baseline 0.005 -1"><span class='ocrx_word' id='word_1_622' title='bbox 577 4926 730 4984; x_wconf 86' lang='lat' dir='ltr'>ditur</span> <span class='ocrx_word' id='word_1_623' title='bbox 761 4945 773 4984; x_wconf 95' lang='lat'><strong>:</strong></span> 
     </span>
    </p>
   </div>
   <div class='ocr_carea' id='block_1_84' title="bbox 640 5004 2178 5084">
    <p class='ocr_par' dir='ltr' id='par_1_84' title="bbox 640 5004 2178 5084">
     <span class='ocr_line' id='line_1_84' title="bbox 640 5004 2178 5084; baseline -0.002 -13"><span class='ocrx_word' id='word_1_624' title='bbox 640 5004 782 5074; x_wconf 71' lang='lat' dir='ltr'>CAP.</span> <span class='ocrx_word' id='word_1_625' title='bbox 815 5032 999 5084; x_wconf 77' lang='lat' dir='ltr'>XXXII,</span> <span class='ocrx_word' id='word_1_626' title='bbox 1033 5014 1202 5073; x_wconf 72' lang='lat' dir='ltr'>Vsus.</span> <span class='ocrx_word' id='word_1_627' title='bbox 1238 5015 1290 5072; x_wconf 91' lang='lat'>7.</span> <span class='ocrx_word' id='word_1_628' title='bbox 1320 5045 1389 5056; x_wconf 90' lang='lat'><strong><em>—</em></strong></span> <span class='ocrx_word' id='word_1_629' title='bbox 1422 5015 1725 5072; x_wconf 85' lang='lat' dir='ltr'>Omiserunt</span> <span class='ocrx_word' id='word_1_630' title='bbox 1752 5020 1928 5070; x_wconf 86' lang='lat' dir='ltr'>autem</span> <span class='ocrx_word' id='word_1_631' title='bbox 1949 5021 2052 5070; x_wconf 84' lang='lat' dir='ltr'>tres</span> <span class='ocrx_word' id='word_1_632' title='bbox 2070 5014 2178 5070; x_wconf 78' lang='lat' dir='ltr'>uiri</span> 
     </span>
    </p>
   </div>
   <div class='ocr_carea' id='block_1_85' title="bbox 576 5101 2030 5176">
    <p class='ocr_par' dir='ltr' id='par_1_85' title="bbox 576 5101 2030 5176">
     <span class='ocr_line' id='line_1_85' title="bbox 576 5101 2030 5176; baseline 0.003 -21"><span class='ocrx_word' id='word_1_633' title='bbox 576 5101 667 5155; x_wconf 86' lang='lat' dir='ltr'>isti</span> <span class='ocrx_word' id='word_1_634' title='bbox 693 5106 1004 5176; x_wconf 82' lang='lat' dir='ltr'>respondere</span> <span class='ocrx_word' id='word_1_635' title='bbox 1029 5103 1148 5170; x_wconf 83' lang='lat' dir='ltr'>Job,</span> <span class='ocrx_word' id='word_1_636' title='bbox 1178 5121 1234 5158; x_wconf 87' lang='lat' dir='ltr'>eo</span> <span class='ocrx_word' id='word_1_637' title='bbox 1260 5105 1402 5175; x_wconf 76' lang='lat' dir='ltr'>quod.</span> <span class='ocrx_word' id='word_1_638' title='bbox 1411 5103 1594 5174; x_wconf 82' lang='lat' dir='ltr'>justus</span> <span class='ocrx_word' id='word_1_639' title='bbox 1619 5103 1718 5158; x_wconf 85' lang='lat' dir='ltr'>sibi</span> <span class='ocrx_word' id='word_1_640' title='bbox 1745 5103 2030 5160; x_wconf 77' lang='lat' dir='ltr'>uideretur.</span> 
     </span>
    </p>
   </div>
   <div class='ocr_carea' id='block_1_86' title="bbox 654 5337 1661 5406">
    <p class='ocr_par' dir='ltr' id='par_1_86' title="bbox 654 5337 1661 5406">
     <span class='ocr_line' id='line_1_86' title="bbox 654 5337 1661 5406; baseline 0.005 -15"><span class='ocrx_word' id='word_1_641' title='bbox 654 5337 668 5369; x_wconf 92' lang='grc'>¹</span> <span class='ocrx_word' id='word_1_642' title='bbox 703 5337 930 5406; x_wconf 91' lang='lat' dir='ltr'>Turon.,</span> <span class='ocrx_word' id='word_1_643' title='bbox 965 5341 1186 5396; x_wconf 77' lang='lat' dir='ltr'>solerter</span> <span class='ocrx_word' id='word_1_644' title='bbox 1211 5357 1404 5397; x_wconf 85' lang='lat' dir='ltr'>cura-re</span> <span class='ocrx_word' id='word_1_645' title='bbox 1431 5341 1661 5406; x_wconf 84' lang='lat' dir='ltr'>inspicit.</span> 
     </span>
    </p>
   </div>
   <div class='ocr_carea' id='block_1_87' title="bbox 622 5358 2176 5486">
    <p class='ocr_par' dir='ltr' id='par_1_87' title="bbox 622 5358 2176 5486">
     <span class='ocr_line' id='line_1_87' title="bbox 657 5358 1661 5406; baseline 0.005 -15"><span class='ocrx_word' id='word_1_646' title='bbox 657 5358 668 5369; x_wconf 92' lang='lat'><strong><em>-</em></strong></span> <span class='ocrx_word' id='word_1_647' title='bbox 711 5358 930 5406; x_wconf 77' lang='lat' dir='ltr'>ruron.,</span> <span class='ocrx_word' id='word_1_648' title='bbox 965 5358 1186 5396; x_wconf 76' lang='lat' dir='ltr'>saterwr</span> <span class='ocrx_word' id='word_1_649' title='bbox 1211 5358 1404 5397; x_wconf 86' lang='lat' dir='ltr'>cura-re</span> <span class='ocrx_word' id='word_1_650' title='bbox 1431 5358 1514 5397; x_wconf 76' lang='lat' dir='ltr'>ius</span> <span class='ocrx_word' id='word_1_651' title='bbox 1555 5358 1661 5396; x_wconf 75' lang='lat' dir='ltr'>wn.</span> 
     </span>
     <span class='ocr_line' id='line_1_88' title="bbox 622 5358 2176 5486; baseline 0.005 -25"><span class='ocrx_word' id='word_1_652' title='bbox 622 5407 673 5486; x_wconf 68' lang='lat'>_’</span> <span class='ocrx_word' id='word_1_653' title='bbox 705 5407 962 5478; x_wconf 83' lang='lat' dir='ltr'>Viudoc.,</span> <span class='ocrx_word' id='word_1_654' title='bbox 1013 5410 1233 5468; x_wconf 88' lang='lat' dir='ltr'>Ebroic.</span> <span class='ocrx_word' id='word_1_655' title='bbox 1281 5421 1336 5468; x_wconf 91' lang='lat' dir='ltr'>et</span> <span class='ocrx_word' id='word_1_656' title='bbox 1376 5413 1472 5468; x_wconf 88' lang='lat' dir='ltr'>alii</span> <span class='ocrx_word' id='word_1_657' title='bbox 1510 5358 1726 5481; x_wconf 51' lang='lat' dir='ltr'>flown,</span> <span class='ocrx_word' id='word_1_658' title='bbox 1759 5412 2028 5484; x_wconf 58' lang='lat' dir='ltr'>sapientia?</span> <span class='ocrx_word' id='word_1_659' title='bbox 2052 5412 2176 5483; x_wconf 84' lang='lat' dir='ltr'>glo-</span> 
     </span>
    </p>
   </div>
   <div class='ocr_carea' id='block_1_88' title="bbox 583 5493 740 5531">
    <p class='ocr_par' dir='ltr' id='par_1_88' title="bbox 583 5493 740 5531">
     <span class='ocr_line' id='line_1_89' title="bbox 583 5493 740 5531; baseline 0.006 -1"><span class='ocrx_word' id='word_1_660' title='bbox 583 5493 740 5531; x_wconf 77' lang='lat' dir='ltr'>nam.</span> 
     </span>
    </p>
   </div>
   <div class='ocr_carea' id='block_1_89' title="bbox 653 5545 2177 5628">
    <p class='ocr_par' dir='ltr' id='par_1_89' title="bbox 653 5545 2177 5628">
     <span class='ocr_line' id='line_1_90' title="bbox 653 5545 2177 5628; baseline 0.005 -27"><span class='ocrx_word' id='word_1_661' title='bbox 653 5545 1239 5628; x_wconf 41' lang='lat' dir='ltr'>3.lta“Baluz.,_Colb.,</span> <span class='ocrx_word' id='word_1_662' title='bbox 1273 5556 1463 5628; x_wconf 85' lang='lat' dir='ltr'>Norm.</span> <span class='ocrx_word' id='word_1_663' title='bbox 1497 5564 1551 5612; x_wconf 90' lang='lat' dir='ltr'>et</span> <span class='ocrx_word' id='word_1_664' title='bbox 1578 5563 1686 5612; x_wconf 85' lang='lat' dir='ltr'>vet.</span> <span class='ocrx_word' id='word_1_665' title='bbox 1720 5555 1872 5628; x_wconf 79' lang='lat' dir='ltr'>Edit.</span> <span class='ocrx_word' id='word_1_666' title='bbox 1915 5554 2083 5628; x_wconf 81' lang='lat' dir='ltr'>Paris.</span> <span class='ocrx_word' id='word_1_667' title='bbox 2115 5570 2177 5608; x_wconf 91' lang='lat' dir='ltr'>ac</span> 
     </span>
    </p>
   </div>
   <div class='ocr_carea' id='block_1_90' title="bbox 580 5619 2173 5689">
    <p class='ocr_par' dir='ltr' id='par_1_90' title="bbox 580 5619 2173 5689">
     <span class='ocr_line' id='line_1_91' title="bbox 580 5619 2173 5689; baseline 0.002 -14"><span class='ocrx_word' id='word_1_668' title='bbox 580 5619 745 5675; x_wconf 84' lang='lat' dir='ltr'>Basil.</span> <span class='ocrx_word' id='word_1_669' title='bbox 779 5619 998 5675; x_wconf 83' lang='lat' dir='ltr'>Recent.</span> <span class='ocrx_word' id='word_1_670' title='bbox 1036 5622 1238 5678; x_wconf 87' lang='lat' dir='ltr'>habent</span> <span class='ocrx_word' id='word_1_671' title='bbox 1262 5627 1423 5680; x_wconf 85' lang='lat' dir='ltr'>multo</span> <span class='ocrx_word' id='word_1_672' title='bbox 1446 5629 1628 5683; x_wconf 82' lang='lat' dir='ltr'>tutius.</span> <span class='ocrx_word' id='word_1_673' title='bbox 1654 5629 1716 5683; x_wconf 89' lang='lat' dir='ltr'>In</span> <span class='ocrx_word' id='word_1_674' title='bbox 1737 5626 1932 5682; x_wconf 86' lang='lat' dir='ltr'>iisdem</span> <span class='ocrx_word' id='word_1_675' title='bbox 1962 5626 2173 5689; x_wconf 76' lang='lat' dir='ltr'>Norm.,</span> 
     </span>
    </p>
   </div>
   <div class='ocr_carea' id='block_1_91' title="bbox 581 5689 2178 5765">
    <p class='ocr_par' dir='ltr' id='par_1_91' title="bbox 581 5689 2178 5765">
     <span class='ocr_line' id='line_1_92' title="bbox 581 5689 2178 5765; baseline 0.002 -19"><span class='ocrx_word' id='word_1_676' title='bbox 581 5689 818 5765; x_wconf 65' lang='lat' dir='ltr'>Yipdoc.</span> <span class='ocrx_word' id='word_1_677' title='bbox 849 5698 904 5745; x_wconf 84' lang='lat' dir='ltr'>et</span> <span class='ocrx_word' id='word_1_678' title='bbox 931 5690 1072 5758; x_wconf 84' lang='lat' dir='ltr'>aliis,</span> <span class='ocrx_word' id='word_1_679' title='bbox 1105 5711 1288 5765; x_wconf 71' lang='lat' dir='ltr'>eosque</span> <span class='ocrx_word' id='word_1_680' title='bbox 1324 5713 1428 5750; x_wconf 84' lang='lat' dir='ltr'>esse</span> <span class='ocrx_word' id='word_1_681' title='bbox 1457 5698 1739 5765; x_wconf 80' lang='lat' dir='ltr'>feliciores.</span> <span class='ocrx_word' id='word_1_682' title='bbox 1773 5697 1877 5754; x_wconf 87' lang='lat' dir='ltr'>Ubi</span> <span class='ocrx_word' id='word_1_683' title='bbox 1908 5697 1966 5752; x_wconf 88' lang='lat' dir='ltr'>in</span> <span class='ocrx_word' id='word_1_684' title='bbox 1998 5694 2178 5752; x_wconf 85' lang='lat' dir='ltr'>Editis</span> 
     </span>
    </p>
   </div>
   <div class='ocr_carea' id='block_1_92' title="bbox 581 5761 1370 5833">
    <p class='ocr_par' dir='ltr' id='par_1_92' title="bbox 581 5761 1370 5833">
     <span class='ocr_line' id='line_1_93' title="bbox 581 5761 1370 5833; baseline 0.003 -15"><span class='ocrx_word' id='word_1_685' title='bbox 581 5761 769 5829; x_wconf 87' lang='lat' dir='ltr'>habes,</span> <span class='ocrx_word' id='word_1_686' title='bbox 803 5779 985 5833; x_wconf 84' lang='lat' dir='ltr'>eosque</span> <span class='ocrx_word' id='word_1_687' title='bbox 1013 5780 1064 5817; x_wconf 87' lang='lat' dir='ltr'>se</span> <span class='ocrx_word' id='word_1_688' title='bbox 1093 5761 1370 5831; x_wconf 61' lang='lat' dir='ltr'>felicior“.</span> 
     </span>
    </p>
   </div>
   <div class='ocr_carea' id='block_1_93' title="bbox 2285 3227 3888 3302">
    <p class='ocr_par' dir='ltr' id='par_1_93' title="bbox 2285 3227 3888 3302">
     <span class='ocr_line' id='line_1_94' title="bbox 2285 3227 3888 3302; baseline -0.001 -16"><span class='ocrx_word' id='word_1_689' title='bbox 2285 3239 2340 3286; x_wconf 91' lang='lat' dir='ltr'>et</span> <span class='ocrx_word' id='word_1_690' title='bbox 2369 3230 2580 3302; x_wconf 89' lang='lat' dir='ltr'>abjecta</span> <span class='ocrx_word' id='word_1_691' title='bbox 2609 3230 2934 3287; x_wconf 89' lang='lat' dir='ltr'>contemnit.</span> <span class='ocrx_word' id='word_1_692' title='bbox 2974 3229 3202 3286; x_wconf 87' lang='lat' dir='ltr'>Excelsi</span> <span class='ocrx_word' id='word_1_693' title='bbox 3244 3236 3376 3285; x_wconf 92' lang='lat' dir='ltr'>sunt</span> <span class='ocrx_word' id='word_1_694' title='bbox 3416 3227 3512 3302; x_wconf 92' lang='lat' dir='ltr'>qui</span> <span class='ocrx_word' id='word_1_695' title='bbox 3551 3228 3734 3286; x_wconf 90' lang='lat' dir='ltr'>dicere</span> <span class='ocrx_word' id='word_1_696' title='bbox 3761 3246 3888 3286; x_wconf 85' lang='lat' dir='ltr'>cum</span> 
     </span>
    </p>
   </div>
   <div class='ocr_carea' id='block_1_94' title="bbox 2282 3319 3891 3378">
    <p class='ocr_par' dir='ltr' id='par_1_94' title="bbox 2282 3319 3891 3378">
     <span class='ocr_line' id='line_1_95' title="bbox 2282 3319 3891 3378; baseline -0.001 -3"><span class='ocrx_word' id='word_1_697' title='bbox 2282 3319 2452 3376; x_wconf 90' lang='lat' dir='ltr'>Paulo</span> <span class='ocrx_word' id='word_1_698' title='bbox 2499 3327 2772 3376; x_wconf 86' lang='lat' dir='ltr'>noverunt</span> <span class='ocrx_word' id='word_1_699' title='bbox 2819 3337 2830 3374; x_wconf 90' lang='lat'><strong>:</strong></span> <span class='ocrx_word' id='word_1_700' title='bbox 2867 3320 2888 3355; x_wconf 80' lang='grc'><strong><em>⁸</em></strong></span> <span class='ocrx_word' id='word_1_701' title='bbox 2916 3320 3116 3378; x_wconf 84' lang='lat' dir='ltr'>Nostra</span> <span class='ocrx_word' id='word_1_702' title='bbox 3157 3319 3482 3373; x_wconf 81' lang='lat' dir='ltr'>conversatio</span> <span class='ocrx_word' id='word_1_703' title='bbox 3532 3319 3587 3373; x_wconf 85' lang='lat' dir='ltr'>in</span> <span class='ocrx_word' id='word_1_704' title='bbox 3632 3319 3772 3374; x_wconf 64' lang='lat' dir='ltr'>caelis</span> <span class='ocrx_word' id='word_1_705' title='bbox 3815 3326 3891 3374; x_wconf 85' lang='lat' dir='ltr'>est</span> 
     </span>
    </p>
   </div>
   <div class='ocr_carea' id='block_1_95' title="bbox 2287 3406 3886 3481">
    <p class='ocr_par' dir='ltr' id='par_1_95' title="bbox 2287 3406 3886 3481">
     <span class='ocr_line' id='line_1_96' title="bbox 2287 3406 3886 3481; baseline -0.001 -17"><span class='ocrx_word' id='word_1_706' title='bbox 2287 3408 2510 3481; x_wconf 84' lang='lat' dir='ltr'>(Philip.</span> <span class='ocrx_word' id='word_1_707' title='bbox 2543 3425 2628 3477; x_wconf 80' lang='lat' dir='ltr'>nr,</span> <span class='ocrx_word' id='word_1_708' title='bbox 2659 3408 2776 3480; x_wconf 81' lang='lat'>20).</span> <span class='ocrx_word' id='word_1_709' title='bbox 2801 3407 2931 3464; x_wconf 90' lang='lat' dir='ltr'>Eliu</span> <span class='ocrx_word' id='word_1_710' title='bbox 2947 3407 3134 3480; x_wconf 90' lang='lat' dir='ltr'>itaque</span> <span class='ocrx_word' id='word_1_711' title='bbox 3151 3407 3220 3463; x_wconf 90' lang='lat' dir='ltr'>de</span> <span class='ocrx_word' id='word_1_712' title='bbox 3239 3406 3565 3478; x_wconf 87' lang='lat' dir='ltr'>cognatione</span> <span class='ocrx_word' id='word_1_713' title='bbox 3596 3408 3730 3481; x_wconf 64' lang='lat' dir='ltr'>nam</span> <span class='ocrx_word' id='word_1_714' title='bbox 3753 3406 3886 3464; x_wconf 91' lang='lat' dir='ltr'>dici-</span> 
     </span>
    </p>
   </div>
   <div class='ocr_carea' id='block_1_96' title="bbox 2284 3495 3890 3570">
    <p class='ocr_par' dir='ltr' id='par_1_96' title="bbox 2284 3495 3890 3570">
     <span class='ocr_line' id='line_1_97' title="bbox 2284 3495 3890 3570; baseline -0.001 -18"><span class='ocrx_word' id='word_1_715' title='bbox 2284 3503 2393 3564; x_wconf 90' lang='lat' dir='ltr'>tur,</span> <span class='ocrx_word' id='word_1_716' title='bbox 2445 3497 2576 3570; x_wconf 89' lang='lat' dir='ltr'>quia</span> <span class='ocrx_word' id='word_1_717' title='bbox 2620 3497 3001 3570; x_wconf 88' lang='lat' dir='ltr'>unusquisque</span> <span class='ocrx_word' id='word_1_718' title='bbox 3061 3495 3392 3568; x_wconf 70' lang='lat' dir='ltr'>praadicator</span> <span class='ocrx_word' id='word_1_719' title='bbox 3438 3511 3697 3567; x_wconf 86' lang='lat' dir='ltr'>arrogans</span> <span class='ocrx_word' id='word_1_720' title='bbox 3744 3496 3890 3551; x_wconf 89' lang='lat' dir='ltr'>intra</span> 
     </span>
    </p>
   </div>
   <div class='ocr_carea' id='block_1_97' title="bbox 2284 3584 3883 3659">
    <p class='ocr_par' dir='ltr' id='par_1_97' title="bbox 2284 3584 3883 3659">
     <span class='ocr_line' id='line_1_98' title="bbox 2284 3584 3883 3659; baseline -0.001 -17"><span class='ocrx_word' id='word_1_721' title='bbox 2284 3588 2653 3644; x_wconf 89' lang='lat' dir='ltr'>universalem</span> <span class='ocrx_word' id='word_1_722' title='bbox 2679 3587 2988 3644; x_wconf 89' lang='lat' dir='ltr'>Ecclesiam</span> <span class='ocrx_word' id='word_1_723' title='bbox 3021 3586 3254 3659; x_wconf 90' lang='lat' dir='ltr'>positus,</span> <span class='ocrx_word' id='word_1_724' title='bbox 3286 3585 3490 3643; x_wconf 88' lang='lat' dir='ltr'>sanctis</span> <span class='ocrx_word' id='word_1_725' title='bbox 3511 3586 3727 3658; x_wconf 88' lang='lat' dir='ltr'>populis</span> <span class='ocrx_word' id='word_1_726' title='bbox 3755 3584 3883 3641; x_wconf 79' lang='lat' dir='ltr'>fidei</span> 
     </span>
    </p>
   </div>
   <div class='ocr_carea' id='block_1_98' title="bbox 2281 3674 3887 3750">
    <p class='ocr_par' dir='ltr' id='par_1_98' title="bbox 2281 3674 3887 3750">
     <span class='ocr_line' id='line_1_99' title="bbox 2281 3674 3887 3750; baseline -0.002 -17"><span class='ocrx_word' id='word_1_727' title='bbox 2281 3679 2513 3734; x_wconf 86' lang='lat' dir='ltr'>veritate</span> <span class='ocrx_word' id='word_1_728' title='bbox 2544 3678 2804 3746; x_wconf 89' lang='lat' dir='ltr'>sociatur,</span> <span class='ocrx_word' id='word_1_729' title='bbox 2851 3679 3107 3750; x_wconf 84' lang='lat' dir='ltr'>quamvis</span> <span class='ocrx_word' id='word_1_730' title='bbox 3156 3677 3224 3733; x_wconf 90' lang='lat' dir='ltr'>ab</span> <span class='ocrx_word' id='word_1_731' title='bbox 3257 3693 3446 3733; x_wconf 87' lang='lat' dir='ltr'>eorum</span> <span class='ocrx_word' id='word_1_732' title='bbox 3492 3677 3608 3734; x_wconf 90' lang='lat' dir='ltr'>vita</span> <span class='ocrx_word' id='word_1_733' title='bbox 3636 3674 3887 3732; x_wconf 75' lang='lat' dir='ltr'>eiationis</span> 
     </span>
    </p>
   </div>
   <div class='ocr_carea' id='block_1_99' title="bbox 2283 3767 3278 3842">
    <p class='ocr_par' dir='ltr' id='par_1_99' title="bbox 2283 3767 3278 3842">
     <span class='ocr_line' id='line_1_100' title="bbox 2283 3767 3278 3842; baseline -0.004 -17"><span class='ocrx_word' id='word_1_734' title='bbox 2283 3769 2552 3842; x_wconf 85' lang='lat' dir='ltr'>pravitate</span> <span class='ocrx_word' id='word_1_735' title='bbox 2582 3767 2948 3842; x_wconf 88' lang='lat' dir='ltr'>disjungatur.</span> <span class='ocrx_word' id='word_1_736' title='bbox 2973 3768 3232 3840; x_wconf 89' lang='lat' dir='ltr'>Sequitur</span> <span class='ocrx_word' id='word_1_737' title='bbox 3266 3785 3278 3821; x_wconf 89' lang='lat'><em>:</em></span> 
     </span>
    </p>
   </div>
   <div class='ocr_carea' id='block_1_100' title="bbox 2523 3853 3412 3927">
    <p class='ocr_par' dir='ltr' id='par_1_100' title="bbox 2523 3853 3412 3927">
     <span class='ocr_line' id='line_1_101' title="bbox 2523 3853 3412 3927; baseline -0.008 -13"><span class='ocrx_word' id='word_1_738' title='bbox 2523 3867 2528 3870; x_wconf 86' lang='grc'><em>’</em></span> <span class='ocrx_word' id='word_1_739' title='bbox 2747 3856 2975 3912; x_wconf 83' lang='lat' dir='ltr'>CAPUT</span> <span class='ocrx_word' id='word_1_740' title='bbox 3005 3857 3079 3910; x_wconf 92' lang='grc' dir='ltr'>ΙΙΙ</span> <span class='ocrx_word' id='word_1_741' title='bbox 3101 3854 3243 3927; x_wconf 57' lang='lat' dir='ltr'>[Rern</span> <span class='ocrx_word' id='word_1_742' title='bbox 3276 3853 3412 3926; x_wconf 83' lang='lat' dir='ltr'>III].</span> 
     </span>
    </p>
   </div>
   <div class='ocr_carea' id='block_1_101' title="bbox 2356 3941 3889 4010">
    <p class='ocr_par' dir='ltr' id='par_1_101' title="bbox 2356 3941 3889 4010">
     <span class='ocr_line' id='line_1_102' title="bbox 2356 3941 3889 4010; baseline -0.002 -9"><span class='ocrx_word' id='word_1_743' title='bbox 2356 3946 2522 4001; x_wconf 73' lang='lat' dir='ltr'>Vens.</span> <span class='ocrx_word' id='word_1_744' title='bbox 2559 3945 2610 4010; x_wconf 82' lang='lat'>2,</span> <span class='ocrx_word' id='word_1_745' title='bbox 2645 3944 2696 3999; x_wconf 85' lang='lat'>3.</span> <span class='ocrx_word' id='word_1_746' title='bbox 2729 3975 2798 3984; x_wconf 96' lang='lat'><strong>—</strong></span> <span class='ocrx_word' id='word_1_747' title='bbox 2826 3944 3012 4000; x_wconf 82' lang='lat' dir='ltr'>Iratus</span> <span class='ocrx_word' id='word_1_748' title='bbox 3058 3949 3135 3996; x_wconf 88' lang='lat' dir='ltr'>est</span> <span class='ocrx_word' id='word_1_749' title='bbox 3176 3949 3350 3997; x_wconf 88' lang='lat' dir='ltr'>autem</span> <span class='ocrx_word' id='word_1_750' title='bbox 3395 3941 3648 3996; x_wconf 83' lang='lat' dir='ltr'>adversus</span> <span class='ocrx_word' id='word_1_751' title='bbox 3676 3942 3797 4007; x_wconf 80' lang='lat' dir='ltr'>Job,</span> <span class='ocrx_word' id='word_1_752' title='bbox 3829 3960 3889 3998; x_wconf 87' lang='lat' dir='ltr'>eo</span> 
     </span>
    </p>
   </div>
   <div class='ocr_carea' id='block_1_102' title="bbox 2280 4031 3889 4104">
    <p class='ocr_par' dir='ltr' id='par_1_102' title="bbox 2280 4031 3889 4104">
     <span class='ocr_line' id='line_1_103' title="bbox 2280 4031 3889 4104; baseline -0.002 -16"><span class='ocrx_word' id='word_1_753' title='bbox 2280 4033 2419 4104; x_wconf 82' lang='lat' dir='ltr'>quod</span> <span class='ocrx_word' id='word_1_754' title='bbox 2449 4032 2658 4102; x_wconf 80' lang='lat' dir='ltr'>justum</span> <span class='ocrx_word' id='word_1_755' title='bbox 2699 4050 2751 4088; x_wconf 89' lang='lat' dir='ltr'>se</span> <span class='ocrx_word' id='word_1_756' title='bbox 2797 4033 2989 4087; x_wconf 85' lang='lat' dir='ltr'>diceret</span> <span class='ocrx_word' id='word_1_757' title='bbox 3028 4049 3205 4086; x_wconf 82' lang='lat' dir='ltr'>coram</span> <span class='ocrx_word' id='word_1_758' title='bbox 3247 4031 3376 4087; x_wconf 85' lang='lat' dir='ltr'>Deo.</span> <span class='ocrx_word' id='word_1_759' title='bbox 3417 4031 3591 4086; x_wconf 85' lang='lat' dir='ltr'>Porro</span> <span class='ocrx_word' id='word_1_760' title='bbox 3633 4033 3889 4086; x_wconf 81' lang='lat' dir='ltr'>adversus</span> 
     </span>
    </p>
   </div>
   <div class='ocr_carea' id='block_1_103' title="bbox 2279 4119 3890 4192">
    <p class='ocr_par' dir='ltr' id='par_1_103' title="bbox 2279 4119 3890 4192">
     <span class='ocr_line' id='line_1_104' title="bbox 2279 4119 3890 4192; baseline -0.002 -15"><span class='ocrx_word' id='word_1_761' title='bbox 2279 4122 2474 4177; x_wconf 80' lang='lat' dir='ltr'>amicos</span> <span class='ocrx_word' id='word_1_762' title='bbox 2503 4120 2616 4190; x_wconf 82' lang='lat' dir='ltr'>ejus</span> <span class='ocrx_word' id='word_1_763' title='bbox 2645 4121 2947 4192; x_wconf 82' lang='lat' dir='ltr'>indignatus</span> <span class='ocrx_word' id='word_1_764' title='bbox 2995 4127 3089 4186; x_wconf 87' lang='lat' dir='ltr'>est,</span> <span class='ocrx_word' id='word_1_765' title='bbox 3136 4137 3192 4175; x_wconf 86' lang='lat' dir='ltr'>eo</span> <span class='ocrx_word' id='word_1_766' title='bbox 3239 4119 3379 4190; x_wconf 85' lang='lat' dir='ltr'>quod</span> <span class='ocrx_word' id='word_1_767' title='bbox 3423 4135 3532 4172; x_wconf 84' lang='lat' dir='ltr'>non</span> <span class='ocrx_word' id='word_1_768' title='bbox 3572 4119 3890 4174; x_wconf 79' lang='lat' dir='ltr'>invenissent</span> 
     </span>
    </p>
   </div>
   <div class='ocr_carea' id='block_1_104' title="bbox 2279 4211 3893 4284">
    <p class='ocr_par' dir='ltr' id='par_1_104' title="bbox 2279 4211 3893 4284">
     <span class='ocr_line' id='line_1_105' title="bbox 2279 4211 3893 4284; baseline 0 -18"><span class='ocrx_word' id='word_1_769' title='bbox 2279 4213 2667 4284; x_wconf 80' lang='lat' dir='ltr'>responsionem</span> <span class='ocrx_word' id='word_1_770' title='bbox 2712 4212 3107 4278; x_wconf 83' lang='lat' dir='ltr'>rationabilem,</span> <span class='ocrx_word' id='word_1_771' title='bbox 3137 4211 3224 4267; x_wconf 89' lang='lat' dir='ltr'>sed</span> <span class='ocrx_word' id='word_1_772' title='bbox 3257 4211 3616 4266; x_wconf 82' lang='lat' dir='ltr'>tantummodo</span> <span class='ocrx_word' id='word_1_773' title='bbox 3649 4212 3893 4267; x_wconf 82' lang='lat' dir='ltr'>condem-</span> 
     </span>
    </p>
   </div>
   <div class='ocr_carea' id='block_1_105' title="bbox 2279 4303 3012 4360">
    <p class='ocr_par' dir='ltr' id='par_1_105' title="bbox 2279 4303 3012 4360">
     <span class='ocr_line' id='line_1_106' title="bbox 2279 4303 3012 4360; baseline -0.001 -2"><span class='ocrx_word' id='word_1_774' title='bbox 2279 4309 2489 4360; x_wconf 84' lang='lat' dir='ltr'>nassent</span> <span class='ocrx_word' id='word_1_775' title='bbox 2514 4303 2631 4358; x_wconf 83' lang='lat' dir='ltr'>Job.</span> <span class='ocrx_word' id='word_1_776' title='bbox 3002 4311 3012 4316; x_wconf 72' lang='lat'><strong>‘</strong></span> 
     </span>
    </p>
   </div>
   <div class='ocr_carea' id='block_1_106' title="bbox 2357 4391 3885 4464">
    <p class='ocr_par' dir='ltr' id='par_1_106' title="bbox 2357 4391 3885 4464">
     <span class='ocr_line' id='line_1_107' title="bbox 2357 4391 3885 4464; baseline -0.002 -15"><span class='ocrx_word' id='word_1_777' title='bbox 2357 4391 2440 4450; x_wconf 87' lang='grc'>10.</span> <span class='ocrx_word' id='word_1_778' title='bbox 2471 4393 2544 4448; x_wconf 88' lang='lat' dir='ltr'>Hi</span> <span class='ocrx_word' id='word_1_779' title='bbox 2572 4391 2732 4448; x_wconf 85' lang='lat' dir='ltr'>simul</span> <span class='ocrx_word' id='word_1_780' title='bbox 2759 4392 3026 4448; x_wconf 66' lang='lat' dir='ltr'>haereticos</span> <span class='ocrx_word' id='word_1_781' title='bbox 3050 4398 3299 4464; x_wconf 86' lang='lat' dir='ltr'>premunt</span> <span class='ocrx_word' id='word_1_782' title='bbox 3341 4398 3474 4448; x_wconf 84' lang='lat' dir='ltr'>recte</span> <span class='ocrx_word' id='word_1_783' title='bbox 3517 4393 3885 4464; x_wconf 78' lang='lat' dir='ltr'>prwdicando,</span> 
     </span>
    </p>
   </div>
   <div class='ocr_carea' id='block_1_107' title="bbox 2281 4479 3890 4553">
    <p class='ocr_par' dir='ltr' id='par_1_107' title="bbox 2281 4479 3890 4553">
     <span class='ocr_line' id='line_1_108' title="bbox 2281 4479 3890 4553; baseline -0.001 -16"><span class='ocrx_word' id='word_1_784' title='bbox 2281 4489 2329 4537; x_wconf 90' lang='lat' dir='ltr'>et</span> <span class='ocrx_word' id='word_1_785' title='bbox 2357 4482 2648 4538; x_wconf 84' lang='lat' dir='ltr'>Ecclesiam</span> <span class='ocrx_word' id='word_1_786' title='bbox 2673 4481 3038 4553; x_wconf 85' lang='lat' dir='ltr'>superbiendo.</span> <span class='ocrx_word' id='word_1_787' title='bbox 3069 4512 3141 4522; x_wconf 90' lang='lat'><strong>—</strong></span> <span class='ocrx_word' id='word_1_788' title='bbox 3169 4481 3408 4538; x_wconf 88' lang='lat' dir='ltr'>Solerter</span> <span class='ocrx_word' id='word_1_789' title='bbox 3441 4479 3773 4537; x_wconf 86' lang='lat' dir='ltr'>intuendum</span> <span class='ocrx_word' id='word_1_790' title='bbox 3803 4489 3890 4536; x_wconf 85' lang='lat' dir='ltr'>est</span> 
     </span>
    </p>
   </div>
   <div class='ocr_carea' id='block_1_108' title="bbox 2283 4570 3886 4644">
    <p class='ocr_par' dir='ltr' id='par_1_108' title="bbox 2283 4570 3886 4644">
     <span class='ocr_line' id='line_1_109' title="bbox 2283 4570 3886 4644; baseline 0 -16"><span class='ocrx_word' id='word_1_791' title='bbox 2283 4571 2430 4644; x_wconf 90' lang='lat' dir='ltr'>quod</span> <span class='ocrx_word' id='word_1_792' title='bbox 2459 4571 2679 4628; x_wconf 90' lang='lat' dir='ltr'>beatum</span> <span class='ocrx_word' id='word_1_793' title='bbox 2718 4570 2820 4626; x_wconf 84' lang='lat' dir='ltr'>Job</span> <span class='ocrx_word' id='word_1_794' title='bbox 2849 4571 2974 4626; x_wconf 87' lang='lat' dir='ltr'>ideo</span> <span class='ocrx_word' id='word_1_795' title='bbox 3005 4571 3360 4643; x_wconf 89' lang='lat' dir='ltr'>reprehendit</span> <span class='ocrx_word' id='word_1_796' title='bbox 3389 4571 3535 4644; x_wconf 91' lang='lat' dir='ltr'>quod</span> <span class='ocrx_word' id='word_1_797' title='bbox 3565 4587 3751 4626; x_wconf 87' lang='lat' dir='ltr'>coram</span> <span class='ocrx_word' id='word_1_798' title='bbox 3771 4572 3886 4628; x_wconf 92' lang='lat' dir='ltr'>Deo</span> 
     </span>
    </p>
   </div>
   <div class='ocr_carea' id='block_1_109' title="bbox 2285 4657 3888 4732">
    <p class='ocr_par' dir='ltr' id='par_1_109' title="bbox 2285 4657 3888 4732">
     <span class='ocr_line' id='line_1_110' title="bbox 2285 4657 3888 4732; baseline 0 -16"><span class='ocrx_word' id='word_1_799' title='bbox 2285 4679 2341 4717; x_wconf 89' lang='lat' dir='ltr'>se</span> <span class='ocrx_word' id='word_1_800' title='bbox 2365 4659 2578 4732; x_wconf 90' lang='lat' dir='ltr'>justum</span> <span class='ocrx_word' id='word_1_801' title='bbox 2628 4677 2741 4716; x_wconf 90' lang='lat' dir='ltr'>esse</span> <span class='ocrx_word' id='word_1_802' title='bbox 2783 4659 2992 4716; x_wconf 86' lang='lat' dir='ltr'>dixerit</span> <span class='ocrx_word' id='word_1_803' title='bbox 3021 4679 3034 4726; x_wconf 92' lang='lat'>;</span> <span class='ocrx_word' id='word_1_804' title='bbox 3067 4661 3277 4718; x_wconf 91' lang='lat' dir='ltr'>amicos</span> <span class='ocrx_word' id='word_1_805' title='bbox 3321 4677 3452 4715; x_wconf 86' lang='lat' dir='ltr'>vero</span> <span class='ocrx_word' id='word_1_806' title='bbox 3479 4657 3596 4728; x_wconf 90' lang='lat' dir='ltr'>ejus</span> <span class='ocrx_word' id='word_1_807' title='bbox 3636 4657 3761 4714; x_wconf 85' lang='lat' dir='ltr'>ideo</span> <span class='ocrx_word' id='word_1_808' title='bbox 3791 4677 3888 4716; x_wconf 89' lang='lat' dir='ltr'>re-</span> 
     </span>
    </p>
   </div>
   <div class='ocr_carea' id='block_1_110' title="bbox 2285 4747 3884 4822">
    <p class='ocr_par' dir='ltr' id='par_1_110' title="bbox 2285 4747 3884 4822">
     <span class='ocr_line' id='line_1_111' title="bbox 2285 4747 3884 4822; baseline 0 -18"><span class='ocrx_word' id='word_1_809' title='bbox 2285 4748 2523 4821; x_wconf 88' lang='lat' dir='ltr'>darguit,</span> <span class='ocrx_word' id='word_1_810' title='bbox 2580 4751 2728 4822; x_wconf 89' lang='lat' dir='ltr'>quod</span> <span class='ocrx_word' id='word_1_811' title='bbox 2781 4749 3210 4806; x_wconf 89' lang='lat' dir='ltr'>condemnantes</span> <span class='ocrx_word' id='word_1_812' title='bbox 3280 4765 3404 4804; x_wconf 89' lang='lat' dir='ltr'>eum</span> <span class='ocrx_word' id='word_1_813' title='bbox 3473 4747 3884 4818; x_wconf 87' lang='lat' dir='ltr'>responsionem</span> 
     </span>
    </p>
   </div>
   <div class='ocr_carea' id='block_1_111' title="bbox 2285 4835 3883 4894">
    <p class='ocr_par' dir='ltr' id='par_1_111' title="bbox 2285 4835 3883 4894">
     <span class='ocr_line' id='line_1_112' title="bbox 2285 4835 3883 4894; baseline -0.002 0"><span class='ocrx_word' id='word_1_814' title='bbox 2285 4845 2476 4894; x_wconf 89' lang='lat' dir='ltr'>contra</span> <span class='ocrx_word' id='word_1_815' title='bbox 2504 4837 2665 4893; x_wconf 90' lang='lat' dir='ltr'>illum</span> <span class='ocrx_word' id='word_1_816' title='bbox 2697 4837 3081 4894; x_wconf 90' lang='lat' dir='ltr'>rationabilem</span> <span class='ocrx_word' id='word_1_817' title='bbox 3109 4853 3221 4892; x_wconf 92' lang='lat' dir='ltr'>non</span> <span class='ocrx_word' id='word_1_818' title='bbox 3251 4835 3541 4892; x_wconf 87' lang='lat' dir='ltr'>dederunt.</span> <span class='ocrx_word' id='word_1_819' title='bbox 3575 4835 3704 4891; x_wconf 87' lang='lat' dir='ltr'>Istis</span> <span class='ocrx_word' id='word_1_820' title='bbox 3733 4853 3883 4891; x_wconf 88' lang='lat' dir='ltr'>nam-</span> 
     </span>
    </p>
   </div>
   <div class='ocr_carea' id='block_1_112' title="bbox 2285 4923 3888 4999">
    <p class='ocr_par' dir='ltr' id='par_1_112' title="bbox 2285 4923 3888 4999">
     <span class='ocr_line' id='line_1_113' title="bbox 2285 4923 3888 4999; baseline -0.002 -18"><span class='ocrx_word' id='word_1_821' title='bbox 2285 4943 2392 4998; x_wconf 88' lang='lat' dir='ltr'>que</span> <span class='ocrx_word' id='word_1_822' title='bbox 2423 4925 2646 4982; x_wconf 90' lang='lat' dir='ltr'>indiciis</span> <span class='ocrx_word' id='word_1_823' title='bbox 2673 4935 2857 4998; x_wconf 88' lang='lat' dir='ltr'>aperte</span> <span class='ocrx_word' id='word_1_824' title='bbox 2883 4926 3163 4999; x_wconf 89' lang='lat' dir='ltr'>colligitur</span> <span class='ocrx_word' id='word_1_825' title='bbox 3203 4924 3351 4999; x_wconf 89' lang='lat' dir='ltr'>quod</span> <span class='ocrx_word' id='word_1_826' title='bbox 3399 4941 3496 4997; x_wconf 91' lang='lat' dir='ltr'>per</span> <span class='ocrx_word' id='word_1_827' title='bbox 3524 4939 3656 4980; x_wconf 81' lang='lat' dir='ltr'>eum</span> <span class='ocrx_word' id='word_1_828' title='bbox 3682 4923 3888 4994; x_wconf 79' lang='lat' dir='ltr'>species</span> 
     </span>
    </p>
   </div>
   <div class='ocr_carea' id='block_1_113' title="bbox 2285 5013 3888 5088">
    <p class='ocr_par' dir='ltr' id='par_1_113' title="bbox 2285 5013 3888 5088">
     <span class='ocr_line' id='line_1_114' title="bbox 2285 5013 3888 5088; baseline -0.002 -18"><span class='ocrx_word' id='word_1_829' title='bbox 2285 5023 2592 5072; x_wconf 88' lang='lat' dir='ltr'>amatorum</span> <span class='ocrx_word' id='word_1_830' title='bbox 2627 5032 2783 5072; x_wconf 70' lang='lat' dir='ltr'>vanas</span> <span class='ocrx_word' id='word_1_831' title='bbox 2813 5015 2998 5088; x_wconf 89' lang='lat' dir='ltr'>gloriae</span> <span class='ocrx_word' id='word_1_832' title='bbox 3045 5014 3378 5087; x_wconf 88' lang='lat' dir='ltr'>designatur.</span> <span class='ocrx_word' id='word_1_833' title='bbox 3428 5014 3530 5070; x_wconf 85' lang='lat' dir='ltr'>Job</span> <span class='ocrx_word' id='word_1_834' title='bbox 3579 5013 3779 5086; x_wconf 88' lang='lat' dir='ltr'>quippe</span> <span class='ocrx_word' id='word_1_835' title='bbox 3819 5013 3888 5068; x_wconf 83' lang='lat' dir='ltr'>de</span> 
     </span>
    </p>
   </div>
   <div class='ocr_carea' id='block_1_114' title="bbox 2289 5103 3890 5179">
    <p class='ocr_par' dir='ltr' id='par_1_114' title="bbox 2289 5103 3890 5179">
     <span class='ocr_line' id='line_1_115' title="bbox 2289 5103 3890 5179; baseline -0.002 -17"><span class='ocrx_word' id='word_1_836' title='bbox 2289 5115 2618 5179; x_wconf 71' lang='lat' dir='ltr'>praesumpta</span> <span class='ocrx_word' id='word_1_837' title='bbox 2636 5105 2872 5179; x_wconf 88' lang='lat' dir='ltr'>justitia,</span> <span class='ocrx_word' id='word_1_838' title='bbox 2907 5106 3113 5164; x_wconf 83' lang='lat' dir='ltr'>amicos</span> <span class='ocrx_word' id='word_1_839' title='bbox 3160 5122 3291 5163; x_wconf 89' lang='lat' dir='ltr'>vero</span> <span class='ocrx_word' id='word_1_840' title='bbox 3331 5104 3450 5178; x_wconf 90' lang='lat' dir='ltr'>ejus</span> <span class='ocrx_word' id='word_1_841' title='bbox 3495 5103 3564 5160; x_wconf 91' lang='lat' dir='ltr'>de</span> <span class='ocrx_word' id='word_1_842' title='bbox 3593 5103 3759 5160; x_wconf 87' lang='lat' dir='ltr'>stulta</span> <span class='ocrx_word' id='word_1_843' title='bbox 3789 5119 3890 5159; x_wconf 92' lang='lat' dir='ltr'>re-</span> 
     </span>
    </p>
   </div>
   <div class='ocr_carea' id='block_1_115' title="bbox 2358 5338 3305 5408">
    <p class='ocr_par' dir='ltr' id='par_1_115' title="bbox 2358 5338 3305 5408">
     <span class='ocr_line' id='line_1_116' title="bbox 2358 5338 3305 5408; baseline -0.004 -10"><span class='ocrx_word' id='word_1_844' title='bbox 2358 5343 2379 5375; x_wconf 79' lang='grc'>⁴</span> <span class='ocrx_word' id='word_1_845' title='bbox 2409 5341 2620 5408; x_wconf 89' lang='lat' dir='ltr'>Baluz.,</span> <span class='ocrx_word' id='word_1_846' title='bbox 2653 5348 2707 5396; x_wconf 87' lang='lat' dir='ltr'>et</span> <span class='ocrx_word' id='word_1_847' title='bbox 2737 5338 2914 5408; x_wconf 88' lang='lat' dir='ltr'>Colb.,</span> <span class='ocrx_word' id='word_1_848' title='bbox 2951 5339 3305 5395; x_wconf 80' lang='lat' dir='ltr'>taciturnitas.</span> 
     </span>
    </p>
   </div>
   <div class='ocr_carea' id='block_1_116' title="bbox 2357 5410 3486 5478">
    <p class='ocr_par' dir='ltr' id='par_1_116' title="bbox 2357 5410 3486 5478">
     <span class='ocr_line' id='line_1_117' title="bbox 2357 5410 3486 5478; baseline -0.003 -10"><span class='ocrx_word' id='word_1_849' title='bbox 2357 5414 2378 5446; x_wconf 71' lang='grc'>’⁵</span> <span class='ocrx_word' id='word_1_850' title='bbox 2409 5413 2598 5468; x_wconf 86' lang='lat' dir='ltr'>Norm.</span> <span class='ocrx_word' id='word_1_851' title='bbox 2627 5417 2680 5465; x_wconf 85' lang='lat' dir='ltr'>et</span> <span class='ocrx_word' id='word_1_852' title='bbox 2710 5411 2902 5478; x_wconf 83' lang='lat' dir='ltr'>Vind.,</span> <span class='ocrx_word' id='word_1_853' title='bbox 2935 5410 3037 5466; x_wconf 88' lang='lat' dir='ltr'>sibi</span> <span class='ocrx_word' id='word_1_854' title='bbox 3065 5427 3172 5466; x_wconf 88' lang='lat' dir='ltr'>esse</span> <span class='ocrx_word' id='word_1_855' title='bbox 3202 5411 3486 5466; x_wconf 81' lang='lat' dir='ltr'>videretur.</span> 
     </span>
    </p>
   </div>
   <div class='ocr_carea' id='block_1_117' title="bbox 2359 5481 3891 5548">
    <p class='ocr_par' dir='ltr' id='par_1_117' title="bbox 2359 5481 3891 5548">
     <span class='ocr_line' id='line_1_118' title="bbox 2359 5481 3891 5548; baseline -0.001 -9"><span class='ocrx_word' id='word_1_856' title='bbox 2359 5485 2381 5518; x_wconf 75' lang='grc'><em>⁵</em></span> <span class='ocrx_word' id='word_1_857' title='bbox 2412 5483 2565 5539; x_wconf 88' lang='lat' dir='ltr'>Unus</span> <span class='ocrx_word' id='word_1_858' title='bbox 2594 5498 2662 5537; x_wconf 86' lang='lat' dir='ltr'>ex</span> <span class='ocrx_word' id='word_1_859' title='bbox 2685 5481 2928 5548; x_wconf 87' lang='lat' dir='ltr'>Ebroic.,</span> <span class='ocrx_word' id='word_1_860' title='bbox 2960 5489 3144 5537; x_wconf 85' lang='lat' dir='ltr'>contra</span> <span class='ocrx_word' id='word_1_861' title='bbox 3163 5488 3400 5536; x_wconf 71' lang='lat' dir='ltr'>sanctam</span> <span class='ocrx_word' id='word_1_862' title='bbox 3421 5481 3730 5538; x_wconf 82' lang='lat' dir='ltr'>Ecclesiam.</span> <span class='ocrx_word' id='word_1_863' title='bbox 3757 5481 3891 5537; x_wconf 83' lang='lat' dir='ltr'>Vin-</span> 
     </span>
    </p>
   </div>
   <div class='ocr_carea' id='block_1_118' title="bbox 2287 5551 3646 5620">
    <p class='ocr_par' dir='ltr' id='par_1_118' title="bbox 2287 5551 3646 5620">
     <span class='ocr_line' id='line_1_119' title="bbox 2287 5551 3646 5620; baseline -0.001 -11"><span class='ocrx_word' id='word_1_864' title='bbox 2287 5554 2407 5609; x_wconf 88' lang='lat' dir='ltr'>doc.</span> <span class='ocrx_word' id='word_1_865' title='bbox 2441 5561 2493 5608; x_wconf 83' lang='lat' dir='ltr'>et</span> <span class='ocrx_word' id='word_1_866' title='bbox 2524 5551 2616 5608; x_wconf 89' lang='lat' dir='ltr'>alii</span> <span class='ocrx_word' id='word_1_867' title='bbox 2647 5553 2859 5620; x_wconf 84' lang='lat' dir='ltr'>Norm.,</span> <span class='ocrx_word' id='word_1_868' title='bbox 2897 5555 3039 5608; x_wconf 85' lang='lat' dir='ltr'>intra</span> <span class='ocrx_word' id='word_1_869' title='bbox 3072 5559 3307 5608; x_wconf 76' lang='lat' dir='ltr'>sanctam</span> <span class='ocrx_word' id='word_1_870' title='bbox 3337 5553 3646 5607; x_wconf 71' lang='lat' dir='ltr'>Ecclesiam.</span> 
     </span>
    </p>
   </div>
   <div class='ocr_carea' id='block_1_119' title="bbox 2360 5623 3815 5698">
    <p class='ocr_par' dir='ltr' id='par_1_119' title="bbox 2360 5623 3815 5698">
     <span class='ocr_line' id='line_1_120' title="bbox 2360 5623 3815 5698; baseline -0.001 -19"><span class='ocrx_word' id='word_1_871' title='bbox 2360 5627 2379 5659; x_wconf 81' lang='grc'>⁷</span> <span class='ocrx_word' id='word_1_872' title='bbox 2409 5623 2644 5698; x_wconf 66' lang='lat' dir='ltr'>Yindoc.</span> <span class='ocrx_word' id='word_1_873' title='bbox 2673 5632 2730 5680; x_wconf 92' lang='lat' dir='ltr'>et</span> <span class='ocrx_word' id='word_1_874' title='bbox 2759 5624 3003 5698; x_wconf 89' lang='lat' dir='ltr'>plerique</span> <span class='ocrx_word' id='word_1_875' title='bbox 3033 5625 3246 5690; x_wconf 81' lang='lat' dir='ltr'>Norm.,</span> <span class='ocrx_word' id='word_1_876' title='bbox 3277 5624 3558 5698; x_wconf 82' lang='lat' dir='ltr'>benedictio</span> <span class='ocrx_word' id='word_1_877' title='bbox 3577 5624 3815 5680; x_wconf 81' lang='lat' dir='ltr'>Domini.</span> 
     </span>
    </p>
   </div>
   <div class='ocr_carea' id='block_1_120' title="bbox 2362 5695 3460 5758">
    <p class='ocr_par' dir='ltr' id='par_1_120' title="bbox 2362 5695 3460 5758">
     <span class='ocr_line' id='line_1_121' title="bbox 2362 5695 3460 5758; baseline -0.002 -6"><span class='ocrx_word' id='word_1_878' title='bbox 2362 5698 2382 5731; x_wconf 81' lang='grc'>⁸</span> <span class='ocrx_word' id='word_1_879' title='bbox 2413 5695 2673 5758; x_wconf 79' lang='lat' dir='ltr'>Vindoc.,</span> <span class='ocrx_word' id='word_1_880' title='bbox 2708 5695 2888 5752; x_wconf 80' lang='lat' dir='ltr'>nostra</span> <span class='ocrx_word' id='word_1_881' title='bbox 2914 5695 3089 5752; x_wconf 76' lang='lat' dir='ltr'>autem</span> <span class='ocrx_word' id='word_1_882' title='bbox 3118 5695 3460 5750; x_wconf 80' lang='lat' dir='ltr'>conversatio.</span> 
     </span>
    </p>
   </div>
  </div>
