4162 6184
264 278 360 336 257

266 405 567 477 sponsione
594 400 890 472 redarguit.
925 398 1125 456 Cuncti
1155 400 1302 455 enim
1335 416 1487 455 vanae
1518 398 1705 472 gloria)
1733 414 1862 455 sec-
1886 402 1937 460 A

264 496 486 557 tatores,
532 490 545 521 ¹
578 486 702 542 dum
735 501 792 539 se
820 483 1078 539 omnibus
1110 484 1424 555 praeferunt,
1458 485 1597 540 alios
1627 484 1849 556 quidem

261 577 327 633 de
379 576 541 633 fatuis
584 573 853 638 sensibus,
887 573 1026 628 alios
1055 580 1236 628 autem
1266 574 1332 629 de
1364 573 1605 644 indignis
1638 572 1851 628 meritis

261 663 689 738 reprehendunt;
726 661 781 717 id
811 669 913 729 est,
938 661 1075 716 alios
1104 669 1327 717 censent
1356 661 1497 717 nihil
1528 661 1688 729 scire,
1711 661 1850 715 alios

262 772 364 811 non
408 753 545 808 bene
589 752 796 807 vivere.
848 751 920 805 Et
961 750 1214 822 quamvis
1249 750 1397 821 juste
1443 767 1636 805 omnes
1692 757 1851 804 extra

264 843 549 900 Ecclesiam
601 840 810 912 positos
854 855 1023 911 prava
1053 839 1255 894 sentire
1284 838 1632 909 redarguam,
1665 846 1847 893 tamen

262 937 411 992 etiam
441 950 534 989 eos
564 932 665 1005 qui
699 932 849 986 intus
878 937 1008 985 sunt
1036 946 1136 1001 pro
1164 930 1291 985 vitae
1321 929 1577 1001 despectu
1608 934 1848 984 contem-

260 1032 408 1091 nunt,
441 1031 495 1079 et
525 1029 727 1080 contra
748 1020 876 1075 illos
896 1036 966 1075 ex
987 1019 1364 1091 magnitudine
1386 1026 1530 1075 recte
1550 1015 1847 1083 sentiendi,

260 1122 435 1189 contra
462 1112 604 1168 istos
636 1126 769 1166 vero
804 1109 959 1182 quasi
1002 1125 1071 1164 ex
1102 1108 1297 1164 merito
1325 1107 1464 1164 bene
1495 1106 1722 1163 vivendi
1754 1122 1850 1161 su-

258 1203 517 1275 perbiunt.
556 1200 701 1274 [Vet.
746 1197 862 1272 VL]
898 1198 1042 1255 Bene
1072 1206 1252 1254 autem
1282 1198 1413 1253 Eliu
1441 1197 1607 1253 modo
1626 1196 1848 1251 beatum

254 1291 362 1358 Job,
407 1289 575 1345 modo
623 1288 830 1344 amicos
877 1285 995 1358 ejus
1041 1287 1320 1359 increpare
1349 1286 1689 1359 perhibetur,
1722 1283 1851 1357 quia

253 1389 507 1437 amatores
529 1397 691 1437 vana
713 1378 901 1451 gloriae
921 1376 1217 1449 aliquando
1238 1376 1383 1431 intra
1401 1382 1646 1432 sanctam
1664 1374 1849 1431 Eccle-

252 1472 373 1526 siam
404 1470 722 1537 constituti,
756 1476 810 1525 et
851 1466 1193 1523 adversarios
1231 1473 1507 1537 premunt,
1541 1464 1675 1520 dum
1720 1478 1852 1518 vera

250 1560 562 1633 praedicant,
615 1567 670 1615 et
728 1556 972 1629 ejusdem
1029 1562 1229 1612 sanctae
1285 1555 1545 1612 Ecclesiae
1603 1551 1851 1608 moribus

249 1649 653 1715 contradicunt,
687 1647 820 1702 dum
854 1645 921 1701 de
952 1646 1071 1717 ipsa
1100 1643 1489 1715 praedicatione
1520 1643 1845 1715 gloriantur.

1010 272 1379 330 MORALIUM
1421 272 1554 329 LIB.
1598 271 1803 329 XXIII.
1843 301 1913 314 —
1952 273 2021 330 IN
2059 269 2287 330 CAPUT
2325 272 2536 329 XXXII
2576 275 2639 332 Β.
2679 273 2822 330 JOB.

3456 276 3559 332 258

2594 395 2821 463 CAPUT
2858 397 2929 455 V.

2034 507 2207 563 Vnus.
2241 507 2297 575 6,
2331 509 2380 563 7.
2412 537 2482 548 —
2508 506 2942 577 Respondensque
2966 507 3095 562 Elin
3125 509 3267 579 ﬁlius
3298 511 3559 566 Barachel

1962 596 2200 661 Buzites,
2232 596 2409 651 dixit:
2443 596 2638 650 Junior
2665 611 2779 649 sum
2812 601 3057 664 tempore,
3090 612 3178 650 vos
3205 603 3378 651 autem
3404 601 3559 655 anti-

1961 685 2214 756 quiores;
2256 686 2454 740 ideirco
2500 686 2721 740 demisso
2767 683 2933 754 capite
2960 684 3153 738 veritus
3181 702 3296 739 sum
3324 686 3559 743 indicare

1962 777 2104 831 vobis
2142 794 2309 832 meam
2352 777 2677 833 sententiam.
2732 777 3018 846 Sperabam
3057 775 3194 829 enim
3245 776 3385 845 quod
3430 782 3557 830 atas

1956 867 2234 938 prolixior
2278 869 2601 937 loqueretur,
2643 871 2691 921 et
2732 882 2997 921 annorum
3031 863 3314 921 multitudo
3356 865 3559 920 doceret

1962 955 2295 1027 sapientiam.

2037 1047 2122 1103 12.
2172 1049 2382 1112 Tacere,
2413 1064 2546 1119 saepe
2573 1053 2646 1101 est
2684 1064 2885 1119 sapere.
2928 1077 2996 1088 -—
3025 1047 3237 1105 Cuncta
3265 1046 3400 1116 haec,
3435 1062 3554 1120 quae

1961 1134 2029 1189 ab
2077 1151 2141 1189 eo
2185 1151 2280 1206 per
2316 1142 2587 1191 tumorem
2636 1134 2905 1207 superbiae
2946 1136 3318 1207 proferuntur,
3351 1137 3555 1193 cursim

1962 1224 2145 1295 potius
2168 1224 2584 1294 perstringenda
2602 1232 2730 1280 sunt
2749 1240 2909 1296 quam
2931 1224 3192 1289 attentius
3211 1225 3554 1295 exponenda.

1962 1312 2093 1380 Quae
2121 1312 2271 1367 enim
2302 1313 2580 1368 soliditate
2616 1314 2903 1383 gravitatis
2943 1320 3149 1381 carent,
3195 1314 3559 1384 expositionis

1961 1401 2265 1457 subtilitate
2294 1417 2405 1456 non
2431 1401 2698 1472 indigent.
2723 1401 2827 1457 Sed
2849 1401 3027 1457 solum
3053 1408 3185 1472 puto
3208 1401 3451 1458 breviter
3478 1404 3559 1458 in-

1961 1489 2267 1545 timandum
2299 1489 2445 1561 quod
2476 1489 2605 1544 Eliu
2637 1490 2883 1563 quandiu
2914 1506 3011 1560 pro
3039 1490 3217 1545 aetatis
3241 1506 3353 1545 suae
3382 1507 3556 1562 respe-

1960 1589 2053 1638 ctu
2073 1581 2265 1649 tacuit,
2283 1581 2581 1653 sapientior
2602 1581 2739 1647 fuit;
2764 1597 2888 1637 cum
2914 1597 3043 1636 vero
3066 1582 3123 1635 in
3145 1582 3268 1638 aliis
3288 1597 3557 1637 annorum

1960 1671 2397 1737 multitudinem,
2420 1670 2770 1741 semetipsum
2792 1670 3101 1741 praeferens,
3121 1670 3374 1743 despicit,
3393 1685 3555 1743 quam

249 1737 506 1830 {remum
535 1734 1114 1830 advelfe'a'iosji”“}9
1144 1732 1299 1830 959th
1326 1740 1589 1830 Ρτθῖξῖηηξ
1603 1738 1846 1787 Sanctam
1874 1766 1920 1825 B
1959 1759 2246 1830 pueriliter
2290 1732 2525 1829 desipiat
2566 1732 2825 1813 ostendit.
2872 1759 3008 1814 Nam
3054 1732 3246 1815 contra
3274 1732 3559 1830 ejus‘sen-

249 1826 550 1881 Ecclesiam
582 1825 844 1898 qualitate
872 1820 1117 1879 dicendi.
1150 1823 1281 1877 Illos
1311 1820 1701 1892 praedicatione
1744 1835 1851 1875 ve-

246 1912 441 1980 ritatis,
480 1913 645 1969 istam
678 1912 812 1968 vitio
856 1909 1112 1966 elationis
1155 1909 1497 1981 impugnant.
1549 1907 1845 1982 Sequitur:

862 2000 1093 2059 CAPUT
1132 2000 1225 2057 IV.

308 2091 482 2151 Vnus.
504 2090 563 2161 4,
595 2091 648 2149 5.
672 2123 741 2133 —
769 2090 944 2164 Igitur
971 2092 1106 2148 Eliu
1133 2090 1447 2163 exspectavit
1492 2090 1590 2147 Job
1640 2090 1849 2161 loquen-

247 2191 357 2251 tem,
405 2201 465 2239 eo
512 2184 655 2255 quod
700 2183 929 2239 seniores
976 2188 1140 2238 essent
1178 2182 1270 2252 qui
1301 2181 1669 2253 loquebantur.
1717 2180 1852 2236 Cum

246 2278 416 2327 utilem
444 2274 665 2329 vidisset
694 2274 716 2308 ²
745 2274 886 2345 quod
925 2279 1028 2328 tres
1066 2273 1377 2345 respondere
1406 2289 1511 2327 non
1533 2271 1848 2344 potuissent,

252 2361 421 2416 iratus
450 2367 531 2415 est
558 2362 897 2418 vehementer.

306 2451 389 2506 11.
433 2451 563 2507 Νοη
603 2451 710 2505 nisi
747 2457 868 2522 post
898 2449 1258 2504 haereticorum
1288 2449 1579 2504 certamina
1602 2449 1854 2519 prodiere

238 2541 374 2595 acuti
401 2558 596 2596 sensus
625 2547 675 2595 et
698 2540 1007 2610 perplexior
1038 2540 1226 2609 indago
1254 2539 1556 2595 verborum.
1574 2538 1854 2605 —Quam-

241 2629 316 2684 vis
347 2636 560 2685 sancta
586 2627 836 2682 Ecclesia
864 2626 937 2681 sit
964 2626 1156 2697 procul
1184 2625 1355 2681 dubio
1385 2624 1712 2681 adversariis
1740 2626 1855 2682 suis

239 2717 563 2789 antiquior,
587 2716 719 2788 quia
747 2714 814 2771 de
843 2715 940 2770 illa
968 2715 1095 2787 ipsi,
1118 2731 1226 2769 non
1256 2721 1442 2769 autem
1474 2716 1609 2770 exiit
1638 2716 1755 2787 ipsa
1785 2716 1852 2772 de

241 2807 365 2874 illis,
424 2806 580 2862 sicut
618 2804 686 2859 de
734 2805 813 2861 eis
860 2819 954 2876 per
998 2803 1260 2858 Joannem
1296 2807 1440 2864 736
1485 2802 1717 2860 dicitur:
1761 2807 1853 2862 Ex

240 2904 382 2959 nobis
413 2902 689 2970 exierunt,
711 2902 802 2957 sed
826 2918 933 2956 non
953 2907 1107 2956 erant
1132 2918 1197 2956 ea:
1214 2899 1362 2954 nobis
1380 2900 1445 2969 (Ι
1459 2899 1615 2955 Joan.
1640 2917 1700 2968 II,
1726 2900 1847 2972 I9);

249 2999 389 3048 recte
418 3000 611 3047 tamen
632 2990 839 3045 eisdem
865 2989 1193 3045 adversariis
1212 2989 1343 3044 Eliu
1356 2986 1550 3059 junior
1570 2988 1741 3045 fuisse
1761 2987 1851 3044 de-

248 3081 534 3149 scribitur,
569 3080 704 3153 quia
736 3080 1002 3135 nimirum
1035 3081 1056 3114 ³
1096 3087 1219 3151 post
1246 3085 1440 3133 exorta
1466 3076 1851 3134 haereticorum

243 3170 406 3237 bella,
432 3188 547 3227 esse
570 3172 717 3227 intra
736 3179 981 3229 sanctam
1003 3170 1303 3227 Ecclesiam
1326 3169 1470 3226 fastu
1489 3169 1735 3225 scientiae
1768 3168 1849 3223 in-

245 3258 353 3316 ﬂati
402 3268 723 3333 arrogantes
768 3268 1072 3332 coeperunt.
1107 3258 1244 3316 Cum
1277 3259 1424 3314 enim
1458 3258 1709 3330 graviora
1738 3256 1851 3313 ho-

246 3349 407 3404 stium
438 3349 695 3421 prodiere
722 3348 1043 3415 certamina,
1078 3356 1210 3405 tunc
1239 3355 1369 3404 sunt
1399 3347 1647 3420 profecto
1677 3344 1847 3402 subti-

248 3436 381 3494 liora
411 3456 676 3496 sensuum
701 3439 913 3511 spicula
941 3436 1222 3510 requisita,
1246 3444 1380 3493 tunc
1399 3443 1847 3509 argumentorum

247 3527 549 3597 obstacula,
588 3529 720 3585 tunc
760 3527 1074 3601 perplexior
1117 3525 1315 3598 indago
1357 3527 1670 3582 verborum.
1718 3525 1850 3592 Quae

247 3634 383 3691 saepe
414 3618 530 3672 viri
559 3618 830 3673 ferventes
850 3615 1091 3688 ingenio,
1114 3614 1247 3671 dum
1268 3631 1507 3686 congrue
1529 3613 1847 3682 inveniunt,

246 3713 575 3778 arroganter
608 3706 1006 3773 intumescunt;
1055 3711 1128 3771 et,
1161 3702 1310 3775 quod
1341 3719 1437 3774 per
1464 3703 1722 3759 elationis
1752 3704 1850 3757 vi-

250 3796 388 3850 tium
434 3795 760 3868 plerumque
800 3794 1092 3866 contingit,
1142 3791 1337 3847 iisdem
1387 3793 1561 3847 acutis
1600 3790 1852 3848 sensibus

253 3883 447 3955 quibus
499 3883 717 3940 hostem
760 3883 986 3952 feriunt,
1034 3886 1476 3954 prosternuntur,
1509 3878 1642 3935 dum
1676 3880 1732 3935 in
1764 3879 1852 3936 his

256 3986 366 4042 que
395 3979 543 4029 recte
574 3973 644 4028 de
673 3974 786 4029 Deo
817 3972 1083 4039 sentiunt,
1117 3986 1226 4026 non
1256 3969 1376 4039 Dei,
1412 3970 1506 4027 sed
1536 3986 1689 4026 suam
1724 3969 1852 4041 glo-

256 4060 384 4116 riam
416 4069 697 4134 quaarunt.
732 4062 887 4118 Unde
916 4061 1047 4117 Eliu
1075 4075 1292 4133 quoque
1321 4060 1497 4116 multa
1525 4059 1748 4132 quidem
1769 4074 1849 4137 re:

259 4156 336 4205 cte
380 4150 652 4223 loquitur,
700 4159 755 4207 et
796 4158 979 4207 tamen
1022 4149 1215 4205 divina
1244 4166 1396 4218 voce,
1428 4164 1490 4206 ac
1519 4148 1565 4204 si
1596 4163 1851 4219 perversa

262 4236 473 4309 dixerit,
507 4242 847 4313 increpatur.
880 4239 1018 4297 Cum
1049 4255 1179 4295 vero
1206 4236 1412 4295 dicitur
1440 4237 1570 4309 quia
1598 4236 1728 4292 Eliu
1757 4251 1848 4291 ex-

263 4331 521 4400 spectavit
563 4330 668 4386 Job
715 4330 1052 4403 loquentem,
1085 4344 1149 4383 eo
1191 4325 1337 4399 quod
1383 4325 1623 4381 seniores
1670 4333 1850 4382 essent

262 4418 349 4489 qui
396 4418 783 4492 loquebantur,
831 4425 1016 4490 aperte
1060 4416 1220 4472 beato
1264 4413 1365 4470 Job
1414 4430 1523 4469 non
1569 4429 1668 4485 pro
1728 4430 1845 4481 sua,

1959 1847 2190 1903 tentiam
2221 1853 2276 1903 et
2304 1853 2434 1902 astas
2463 1846 2734 1918 prolixior
2764 1847 3030 1918 loquitur,
3061 1854 3115 1902 et
3157 1863 3254 1918 per
3283 1861 3555 1903 annorum

1960 1936 2375 1993 multitudinem
2406 1936 2676 2009 sapientia
2694 1935 2942 2004 docetur,
2966 1937 3093 2010 quia
3113 1936 3217 1993 etsi
3239 1936 3560 2008 longaevitas

1961 2041 2181 2082 sensum
2214 2042 2323 2081 non
2356 2024 2576 2098 praebet,
2612 2026 2633 2060 ‘
2664 2040 2766 2081 usu
2796 2033 2979 2083 tamen
3006 2024 3362 2082 vehementer
3390 2039 3560 2081 exer-

1960 2122 2066 2173 cet.
2098 2114 2359 2188 Sequitur
2385 2131 2396 2171 :

2424 2239 2652 2298 CAPUT
2682 2241 2756 2299 vr
2788 2238 2932 2315 [Rea
2966 2239 3095 2314 IV].

2032 2346 2204 2402 Vnus.
2230 2345 2281 2402 8.
2307 2375 2377 2385 —
2394 2346 2515 2412 Sed,
2548 2352 2603 2401 ut
2624 2346 2794 2411 video,
2815 2345 3037 2417 spiritus
3065 2352 3138 2400 est
3163 2345 3224 2399 in
3241 2344 3555 2413 hominibus,

1960 2443 2007 2491 et
2038 2435 2321 2507 inspiratio
2354 2435 2733 2506 Omnipotentis
2763 2435 2856 2489 dat
2886 2434 3304 2505 intelligentiam.

2034 2524 2120 2581 I3.
2146 2526 2390 2592 Quatuor
2408 2524 2596 2595 species
2618 2524 2840 2579 tumoris
2860 2523 2915 2579 in
2934 2524 3339 2595 arrogantibus:
3355 2525 3558 2595 prima,

1962 2614 2154 2670 bonum
2194 2633 2228 2669 α
2273 2614 2543 2685 semetipso
2592 2613 2779 2670 habere
2825 2630 2877 2668 se
2918 2614 3154 2680 credere,
3186 2613 3432 2677 secunda,
3460 2613 3560 2667 sibi

1954 2721 2060 2776 pro
2090 2704 2201 2759 suis
2229 2704 2429 2759 meritis
2450 2704 2652 2759 datum.
2691 2704 2883 2760 Gratia
2904 2720 3008 2758 non
3024 2703 3189 2758 datur
3210 2719 3315 2774 pro
3331 2702 3556 2757 merit-is.

1970 2793 2147 2849 Tertia
2176 2793 2366 2849 bonum
2394 2794 2615 2864 aliquod
2644 2793 2787 2864 falso
2815 2793 2915 2848 sibi
2946 2792 3210 2857 tribuere;
3236 2797 3433 2862 quarta
3461 2791 3562 2846 sibi

1962 2880 2085 2946 soli,
2128 2881 2374 2952 despectis
2412 2882 2632 2949 steteris,
2662 2882 2802 2937 illud
2830 2881 3120 2935 vindicare.
3151 2910 3223 2920 —
3252 2880 3379 2934 Haec
3415 2885 3561 2934 recte

1963 2968 2171 3024 diceret
2218 2969 2265 3023 si
2312 2968 2561 3024 eamdem
2611 2968 3032 3039 intelligentiam
3074 2966 3176 3021 sibi
3211 2958 3320 3038 prae
3348 2966 3561 3023 caeteris

1961 3074 2073 3113 non
2120 3064 2413 3128 arrogaret.
2444 3057 2632 3128 Neque
2677 3056 2827 3110 enim
2866 3071 3034 3126 prava
3060 3054 3448 3112 condemnatio
3479 3062 3561 3110 est

1886 3140 1930 3201 C
1959 3163 2028 3202 ex
2058 3162 2122 3202 eo
2151 3145 2296 3201 bono
2326 3143 2472 3217 quod
2501 3143 2872 3201 communiter
2884 3143 3055 3209 datur
3078 3143 3291 3216 private
3313 3143 3555 3216 gloriari,

1958 3237 2098 3293 scire
2146 3235 2352 3291 bonum
2399 3234 2546 3290 unde
2589 3234 2880 3306 acceperit,
2930 3242 2984 3290 et
3031 3234 3244 3291 nescire
3284 3234 3560 3308 quomodo

1957 3324 2105 3381 bono
2153 3326 2235 3381 uti
2276 3323 2470 3381 debeat
2501 3324 2647 3398 quod
2689 3324 2918 3396 accepit.
2956 3324 3093 3398 [Vet.
3136 3323 3283 3398 νη]
3315 3322 3561 3392 Quatuor

1960 3415 2161 3488 quippe
2180 3422 2310 3471 sunt
2330 3414 2535 3486 species
2555 3413 2755 3487 quibus
2780 3413 2961 3470 omnis
2982 3421 3165 3469 tumor
3184 3413 3558 3484 arrogantium

1959 3504 2389 3572 demonstratur,
2420 3522 2549 3561 cum
2580 3502 2788 3560 bonum
2828 3511 2923 3559 aut
2963 3520 2996 3559 a
3021 3503 3329 3575 semetipsis
3360 3501 3558 3558 habere

1959 3610 2015 3650 se
2058 3594 2353 3660 aestimant,
2398 3601 2494 3648 aut
2546 3592 2592 3647 si
2639 3591 2745 3648 sibi
2793 3591 2983 3648 datum
3026 3592 3260 3664 desuper
3305 3590 3555 3660 credunt,

1960 3699 2058 3754 pro
2089 3684 2205 3741 suis
2240 3701 2296 3740 se
2331 3681 2436 3740 hoc
2464 3682 2739 3752 accepisse
2780 3682 2993 3737 meritis
3024 3689 3254 3753 putant;
3288 3689 3384 3738 aut
3414 3689 3560 3737 certe

1959 3788 2085 3828 cum
2121 3770 2335 3842 jactant
2382 3787 2439 3826 se
2486 3768 2690 3824 habere
2720 3767 2867 3840 quod
2896 3785 3008 3824 non
3038 3768 3275 3836 habent;
3309 3776 3422 3835 aut,
3455 3768 3561 3823 de-

1960 3859 2159 3931 spectis
2188 3858 2420 3924 caeteris,
2453 3855 2809 3926 singulariter
2848 3856 3027 3911 videri
3067 3862 3331 3925 appetunt
3360 3854 3561 3909 habere

1960 3948 2106 4022 quod
2138 3934 2361 4003 habent.
2386 3947 2435 4003 A
2464 3945 2757 4018 semetipso
2785 3944 2933 4000 enim
2958 3944 3167 4000 bonum
3188 3958 3245 3999 se
3265 3942 3466 3999 habere
3478 3942 3558 4015 ja-

1959 4037 2159 4105 ctabat,
2182 4036 2272 4094 cui
2302 4052 2397 4109 per
2426 4035 2753 4107 Apostolum
2784 4033 3025 4099 dicitur:
3054 4030 3195 4100 Quid
3212 4039 3387 4088 autem
3407 4032 3561 4089 habes

1958 4127 2099 4197 quod
2124 4143 2233 4181 non
2259 4124 2523 4197 accepisti,
2548 4129 2693 4188 737
2726 4123 2855 4195 quid
2882 4122 3138 4196 gloriaris
3165 4122 3320 4193 quasi
3344 4139 3452 4178 non
3478 4140 3562 4179 ac-

1957 4226 2157 4298 ceperis
2184 4226 2249 4298 (I
2277 4226 2403 4283 Cor.
2427 4242 2504 4293 1v,
2541 4224 2594 4297 7)
2614 4223 2643 4280 ‘I
2663 4224 2901 4281 Rursum
2931 4237 2999 4278 ne
3029 4221 3148 4278 dari
3169 4220 3329 4279 nobis
3348 4220 3555 4277 bonum

1958 4315 2146 4387 gratiae
2162 4332 2261 4388 pro
2276 4314 2480 4370 nostris
2495 4311 2937 4385 praecedentibus
2956 4310 3169 4367 meritis
3188 4310 3555 4382 crederemus,

1957 4404 2105 4461 idem
2154 4401 2451 4474 Apostolus
2493 4398 2771 4467 admonet,
2805 4398 3030 4455 dicens:
3069 4398 3261 4454 Gratia
3288 4398 3410 4453 estis
3438 4399 3560 4454 sal-

263 4506 347 4562 sed
394 4490 492 4579 pro
543 4509 845 4566 amicomm
895 4505 1203 4563 reverentia
1243 4502 1507 4559 honorem
1548 4519 1852 4559 reservasse

1958 4496 2069 4551 vati
2091 4511 2191 4566 per
2220 4493 2398 4566 fidem,
2428 4498 2477 4547 et
2503 4492 2597 4546 hoc
2624 4507 2731 4546 non
2759 4507 2825 4546 ea:
2853 4490 3020 4557 vobis,
3052 4492 3073 4525 δ
3104 4490 3194 4545 sed
3233 4490 3335 4547 Dei
3363 4490 3557 4545 donum

266 4603 612 4665 monstratur,
659 4599 789 4671 quia
830 4595 1091 4653 videlicet
1138 4598 1449 4663 arrogantes
1497 4591 1644 4646 intra
1686 4591 1850 4663 positi

266 4683 499 4742 eamdem
522 4693 769 4743 sanctam
792 4683 1115 4751 Ecclesiam,
1149 4696 1314 4754 quam
1334 4676 1656 4746 defendunt,
1676 4677 1852 4749 despi-

266 4772 445 4841 ciunt;
480 4782 532 4832 et
565 4776 890 4849 plerumque
918 4772 1193 4844 contingit
1221 4777 1283 4825 ut
1313 4768 1435 4841 plus
1464 4766 1684 4839 ingenia
1712 4767 1852 4822 male

266 4863 583 4935 sapientium
603 4880 766 4937 quam
784 4862 1092 4936 simplicem
1110 4860 1281 4916 vitam
1298 4856 1677 4915 innocentium
1694 4871 1853 4912 vene-

268 4958 463 5022 rentur,
486 4955 614 5026 plus
624 4959 907 5010 reservent
922 4950 1126 5023 linguis
1147 4956 1303 5006 extra
1324 4946 1667 5021 loquentium
1690 4962 1853 5019 quam

267 5043 465 5099 meritis
486 5044 634 5100 intra
654 5044 985 5116 positorum,
1010 5041 1261 5115 quamvis
1280 5039 1528 5113 utrisque
1549 5055 1617 5094 ex
1638 5038 1856 5093 diverso

267 5131 634 5205 obvient,cum
654 5142 710 5193 et
728 5135 797 5193 ab
817 5134 931 5191 illis
952 5132 1280 5191 rectitudine
1299 5136 1643 5199 sensuum,et
1661 5145 1694 5185 a
1722 5142 1860 5185 san-

266 5224 610 5283 ctaEcclesia
639 5241 856 5283 morum
892 5222 1162 5297 pravitate
1190 5220 1526 5279 discordent.
1559 5218 1818 5291 Sequitur
1842 5238 1855 5278 :

336 5406 351 5480 ξ
383 5404 570 5480 Noun.
597 5415 652 5465 et
671 5405 934 5480 Vindoc.,
959 5403 1085 5461 dum
1113 5420 1166 5480 se
1192 5401 1249 5458 in
1277 5399 1515 5480 omnibus
1539 5395 1856 5480 praeferunt.

333 5478 355 5512 ²
384 5479 595 5549 Baluz.,
618 5480 799 5549 Colb.,
824 5473 995 5545 Prat.,
1019 5476 1161 5547 quod
1190 5473 1502 5547 respondere
1529 5484 1637 5526 non
1658 5473 1859 5542 potuis-

270 5556 411 5615 sent;
440 5553 741 5621 omittitur,
779 5560 903 5608 tres.

333 5623 354 5656 ³
383 5622 613 5693 Turon.,
630 5616 752 5693 post
777 5627 966 5681 exorta
994 5618 1329 5693 inimicorum
1359 5616 1513 5674 bella.
1545 5616 1725 5693 Series
1752 5629 1861 5693 ser-

271 5693 442 5751 monis
472 5686 713 5768 postulat
739 5705 802 5755 ut
830 5693 1031 5765 legitur
1058 5688 1441 5753 haereticorum,
1471 5704 1582 5746 non
1611 5686 1861 5744 inimico-

273 5778 405 5822 rum.

1959 4591 2052 4653 est,
2082 4600 2190 4639 non
2220 4599 2285 4638 ea:
2311 4580 2575 4653 operibus,
2606 4586 2665 4636 ut
2691 4597 2756 4635 ne
2796 4579 2915 4651 quis
2946 4579 3205 4650 glorietur
3245 4579 3463 4653 (Ephes.
3494 4594 3557 4646 ιι,

1959 4675 2012 4743 8,
2029 4674 2109 4747 9).
2134 4672 2241 4741 Qui
2269 4671 2432 4729 etiam
2462 4669 2530 4727 de
2559 4670 2853 4743 semetipso
2883 4668 2961 4725 ait
2987 4687 2998 4725 :
3041 4668 3145 4737 Qui
3168 4668 3326 4741 prius
3345 4667 3432 4739 fui
3450 4667 3559 4724 bla-

1961 4764 2223 4835 sphemus,
2255 4768 2303 4817 et
2323 4767 2650 4834 persecutor,
2680 4767 2728 4816 et
2753 4760 3189 4825 contumeliosus;
3217 4758 3306 4814 sed
3348 4753 3560 4812 miseri-

1961 4854 2197 4912 cordiam
2224 4856 2524 4908 consecutus
2543 4867 2658 4905 sum
2680 4849 2746 4921 (Ι
2777 4850 2914 4907 Tim.
2940 4865 2978 4917 1,
3004 4847 3117 4921 13).
3148 4844 3358 4914 Quibus
3378 4839 3560 4898 verbis

1963 4951 2146 5017 aperte
2170 4942 2411 4999 declarat
2439 4940 2587 5013 quod
2612 4940 2787 5012 gratia
2807 4941 2829 4974 δ
2850 4953 2963 4993 non
2992 4952 3091 5009 pro
3121 4932 3335 4989 meritis
3354 4927 3559 5017 tribua-

1964 5016 2074 5101 tur,
2107 5033 2238 5089 dum
2270 5049 2339 5089 ex
2370 5031 2549 5103 seipso
2570 5027 2761 5085 docuit
2780 5034 2835 5083 et
2854 5023 2990 5099 quid
3009 5022 3078 5079 de
3106 5018 3318 5075 malitia
3335 5016 3556 5087 meruit,

1968 5128 2023 5177 et
2060 5120 2194 5196 quid
2230 5122 2298 5179 de
2338 5116 2725 5178 benevolentia
2769 5112 2999 5187 accepit.
3032 5111 3272 5167 Rursum
3302 5106 3560 5165 nonnulli

1962 5210 2172 5284 jactant
2198 5228 2255 5269 se
2283 5210 2483 5269 habere
2503 5209 2651 5285 quod
2671 5225 2783 5265 non
2803 5205 3030 5274 habent,
3052 5202 3197 5261 sicut
3216 5199 3407 5259 divina
3426 5215 3561 5259 voce

2039 5393 2061 5427 ‘
2088 5391 2260 5458 Editi,
2284 5407 2437 5445 usum
2460 5396 2699 5446 tamen...
2722 5393 2942 5444 exercet.
2964 5384 3171 5458 Melius
3182 5383 3240 5440 in
3259 5382 3412 5458 Mss,
3434 5397 3556 5458 usu.

2049 5425 2055 5427 -
2088 5425 2260 5458 uuln,
2287 5425 2437 5445 ιωωυσ
2460 5425 2699 5446 mm"...
2722 5425 2832 5444 ωσι
2849 5425 2942 5444 νο..
2965 5425 3162 5445 me...”
3182 5425 3240 5440 ιι.
3259 5425 3387 5442 μου.
3439 5425 3556 5439 κν...

2039 5465 2059 5498 ⁵
2092 5462 2350 5529 Vindoc.,
2382 5461 2481 5517 Dei
2520 5461 2658 5517 enim
2702 5458 2899 5515 donum
2938 5464 3034 5525 est,
3064 5456 3287 5525 omisso,
3320 5425 3426 5513 sed.
3458 5455 3559 5512 De-

1967 5543 2049 5594 est
2076 5532 2240 5590 etiam
2272 5534 2327 5588 in
2357 5530 2570 5600 Norm.,
2601 5532 2786 5587 Baluz.
2818 5539 2874 5587 et
2901 5530 3057 5589 Colb.

2039 5609 2061 5643 ⁶
2090 5608 2277 5663 Norm.
2321 5612 2376 5661 et
2403 5602 2596 5672 Vind.,
2624 5619 2734 5659 non
2762 5603 2965 5660 meritis
3004 5601 3293 5661 tribuatur.
3340 5600 3559 5659 Utrum-

1968 5695 2073 5753 que
2101 5675 2568 5752 Augustinianum
2600 5690 2820 5736 sensum
2852 5675 3012 5750 sapit.
