4162 6184
583 271 685 330 259
1587 290 1594 300 ν
1789 257 2036 317 SANCTI
2075 253 2414 314 GREGORII
2449 252 2676 311 MAGNI
3780 255 3880 313 360

586 414 680 470 per
721 393 1042 468 prophetam
1085 392 1151 447 de
1192 385 1351 447 Moab
1375 384 1614 443 dicitur:
1653 385 1668 418 ¹
1703 381 2014 454 Superbiam
2043 380 2180 451 ejus,
2209 381 2262 442 Α
2288 384 2390 433 ctae
2419 375 2681 433 Ecclesia:
2729 373 3070 470 adversarios
3113 375 3484 470 conspiciunt,
3507 389 3652 470 non
3703 377 3760 432 in
3807 378 3885 434 eis

585 459 632 542 et
658 459 1025 557 arrogantiam
1052 479 1165 550 ejus
1192 494 1280 550 ego
1306 477 1452 540 novi,
1485 481 1532 529 et
1559 473 1698 544 quod
1737 489 1844 527 non
1872 472 1943 527 sit
1971 470 1994 504 ²
2015 470 2181 540 jiuruz
2290 481 2466 521 annos
2511 473 2846 538 temporum,
2878 465 2972 522 sed
3029 465 3394 522 intentionem
3442 459 3626 520 solent
3667 480 3885 536 pensare

585 593 702 632 eum
717 552 889 628 virtus
908 569 1020 640 eius
1037 567 1258 637 (Jerem.
1282 580 1479 631 XLVIII,
1494 563 1583 630 29,
1603 561 1718 634 30).
1738 563 1810 616 Et
1828 561 1972 618 sicut
1990 560 2182 632 angelo
2291 553 2609 611 verborum.
2659 555 2796 611 Nam
2840 555 3188 629 quantolibet
3217 554 3330 610 sint
3355 552 3562 610 eisdem
3593 555 3886 626 arroganti-

587 661 842 722 Ecclesiae
872 661 893 696 ³
923 657 1204 714 Laodicea
1233 655 1474 713 dicitur:
1511 653 1651 721 Quia
1695 652 1826 708 dicis
1856 653 1997 723 quod
2042 651 2184 706 dives
2291 643 2396 700 bus
2419 644 2761 717 antiquiores
2790 644 3057 712 haeretici,
3091 661 3183 700 eos
3215 641 3472 700 audacter
3493 641 3888 714 comprimunt,

585 768 722 817 sum,
753 756 800 804 et
827 748 1190 820 locupletatus,
1213 752 1261 800 et
1286 745 1492 801 nullius
1518 761 1676 816 egeo;
1704 749 1752 800 et
1776 743 1943 798 nescis
1969 741 2098 814 quia
2127 745 2188 796 tu
2295 733 2353 788 in
2384 748 2617 806 quorum
2657 733 2842 790 verbis
2888 731 3142 804 dogmata
3169 748 3426 804 perversa
3461 729 3888 804 reprehendunt.

585 861 637 898 es
665 839 844 903 miser,
876 843 924 892 et
951 835 1294 901 miserabilis,
1325 841 1373 890 et
1397 850 1625 906 pauper,
1658 839 1707 888 et
1733 849 1916 897 cacus,
1947 837 1995 886 et
2012 830 2187 886 nudus
2296 820 2554 894 Sequitur
2579 839 2591 878 ἒ

584 930 780 1000 (Apoc.
813 943 898 994 III,
935 927 1046 998 17).
1079 926 1317 982 Rursum
1349 923 1626 990 nonnulli,
1651 921 1924 994 despectis
1953 919 2184 988 caeteris,
2712 913 2940 974 CAPUT
2971 913 3098 972 VIII
3129 911 3268 986 [Vet.
3309 911 3490 986 VIII].

586 999 768 1076 videri
795 1021 1061 1088 appetunt
1089 1013 1444 1086 singulariter
1461 1011 1672 1067 bonum
1694 1009 1895 1066 habere
1915 1008 2062 1082 quod
2081 1007 2192 1064 ha—
2377 1005 2551 1062 Vsus.
2595 1003 2682 1073 12,
2733 1003 2818 1060 l3.
2857 1033 2929 1047 —
2969 1003 3091 1070 Sed,
3119 1009 3180 1058 ut
3214 1002 3386 1068 video,
3423 1017 3531 1059 non
3568 1005 3644 1056 est
3677 999 3772 1072 qui
3795 1017 3896 1057 ar-

587 1107 739 1165 bent.
769 1105 928 1162 Unde
954 1112 1008 1160 et
1036 1103 1344 1160 Pharisaeus
1389 1100 1602 1159 idcirco
1649 1099 1719 1156 de
1747 1099 1956 1171 templo
1986 1097 2192 1170 absque
2297 1112 2454 1170 guere
2491 1093 2661 1166 possit
2700 1093 2826 1161 Job,
2851 1098 2900 1149 et
2943 1091 3258 1165 respondere
3296 1109 3362 1148 ea:
3400 1091 3546 1146 vobis
3574 1092 3899 1148 sermonibus

583 1195 984 1270 justiﬁcatione
1009 1191 1295 1250 descendit
1329 1190 1481 1262 (Luc.
1504 1206 1669 1258 xvm,
1705 1187 1818 1262 14),
1851 1187 1982 1262 quia
2005 1185 2192 1243 bono-
2299 1187 2434 1260 ejus.
2482 1187 2560 1245 Ne
2603 1184 2744 1258 forte
2783 1185 3004 1242 dicatis:
3049 1184 3354 1244 Invenimus
3393 1182 3733 1255 sapientiam,
3763 1182 3901 1239 Deus

590 1303 714 1343 rum
745 1300 972 1358 operum
1005 1282 1203 1339 merita
1228 1281 1337 1338 sibi
1357 1281 1514 1354 quasi
1539 1279 1895 1353 singulariter
1920 1277 2190 1346 tribuens,
2296 1276 2523 1350 projecit
2549 1292 2688 1344 eum,
2715 1292 2824 1332 non
2850 1275 3022 1332 homo.
3143 1333 3152 1340 _
3707 1345 3716 1357 '

593 1375 774 1433 oranti
803 1373 1099 1446 publicano
1128 1387 1184 1429 se
1213 1370 1476 1444 praetulit.
1499 1369 1687 1428 Sancti
1715 1385 1932 1444 quoque
1961 1366 2192 1441 apostoli
2376 1367 2464 1424 15.
2513 1367 2655 1422 Deus
2697 1365 2755 1420 in
2799 1365 2896 1421 hac
2939 1365 3051 1422 vita
3093 1363 3287 1422 solatia
3323 1362 3619 1436 aliquando
3656 1361 3901 1431 concedit,

594 1465 663 1522 ab
683 1465 790 1522 hoc
808 1463 1065 1520 elationis
1085 1461 1226 1518 vitio
1248 1459 1702 1532 revocantur,qui
1721 1459 1789 1516 de
1807 1457 2197 1532 praedicatione
2303 1457 2456 1513 nullo
2497 1455 2618 1512 vitte
2657 1459 2866 1510 (eterna:
2893 1454 3222 1511 detrimento.
3255 1484 3326 1496 —
3355 1453 3506 1526 Saepe
3535 1451 3782 1510 haeretici
3811 1467 3904 1525 per

597 1553 906 1622 redeuntes,
957 1568 1083 1608 cum
1131 1551 1261 1607 elati
1307 1549 1595 1607 dicerent:
1627 1548 1875 1614 Domine,
1903 1547 1962 1603 in
1989 1546 2198 1616 nomine
2307 1547 2416 1606 hoc
2435 1545 2584 1621 quod
2605 1560 2722 1603 esse
2741 1552 2795 1602 et
2819 1544 3143 1602 hominibus
3166 1543 3528 1618 despicabiles
3548 1543 3748 1611 solent,
3781 1558 3904 1599 cum

597 1651 686 1700 tuo
715 1643 873 1700 etiam
901 1641 1165 1698 dte-monia
1191 1639 1342 1696 nobis
1371 1637 1602 1709 subjecta
1629 1644 1756 1695 sunt
1781 1638 1940 1711 (Luc.
1977 1653 2036 1706 χ,
2081 1634 2194 1708 17),
2307 1655 2340 1695 a
2367 1636 2585 1696 cunctis
2623 1634 2739 1692 fere
2767 1634 3022 1708 gentibus
3051 1641 3296 1692 sanctam
3325 1632 3626 1691 Ecclesiam
3656 1630 3906 1688 venerari

597 1749 667 1790 ne
695 1731 764 1790 de
792 1730 898 1790 hac
925 1731 1318 1789 miraculorum
1351 1728 1736 1800 singularitate
1764 1727 2086 1800 gauderent,
2121 1725 2200 1779 il-
2230 1737 2276 1798 Β
2307 1724 2678 1796 conspiciunt,
2703 1723 3022 1796 opinionem
3054 1721 3173 1796 ejus
3200 1721 3402 1797 quibus
3431 1721 3621 1779 valent
3638 1719 3908 1776 obtrecta-

597 1822 710 1881 lico
729 1821 810 1879 eis
828 1819 1112 1894 respondit
1125 1817 1644 1885 Dominus,dicens:
1679 1815 1923 1876 Videbam
1945 1815 2200 1872 Satanam
2311 1814 2560 1872 tionibus
2589 1815 2827 1871 lacerare
2853 1813 3216 1885 contendunt,
3258 1814 3536 1872 dicentes:
3583 1811 3797 1871 Idcirco
3826 1807 3908 1866 illi

596 1911 740 1967 velut
763 1909 952 1981 fulgur
978 1909 1042 1964 de
1067 1908 1194 1963 caelo
1222 1906 1486 1962 cadentem
1503 1905 1698 1976 (Ibid,
1723 1903 1835 1975 18).
1860 1904 1979 1976 Ipse
1998 1901 2201 1974 quippe
2311 1911 2512 1962 cuncta
2537 1903 2864 1975 temporalia
2891 1910 3208 1976 suppetunt,
3241 1903 3370 1978 quia
3398 1903 3449 1960 ei
3476 1901 3705 1976 praemia
3746 1906 3911 1957 aiter-

598 1997 956 2070 singulariter
983 1997 1159 2053 elatus
1189 1994 1438 2052 dixerat:
1464 1995 1635 2065 Super
1652 1999 1804 2049 astra
1823 1992 1937 2048 cali
1957 1989 2200 2047 eaaltabo
2313 2009 2511 2050 norum
2528 2007 2822 2048 munerum
2839 1982 3260 2048 subtrahuntur.
3275 1992 3519 2060 Quorum
3540 1991 3774 2052 vocibus
3785 1989 3913 2048 Elin

597 2089 794 2144 solium
821 2103 1014 2151 meum,
1031 2084 1210 2140 sedebo
1239 2083 1298 2139 in
1323 2088 1498 2138 monte
1528 2081 1840 2148 testamenti,
1859 2081 1920 2138 in
1950 2078 2202 2136 lateribus
2313 2083 2522 2153 obviat,
2553 2082 2780 2140 dicens:
2811 2083 2890 2140 Ne
2913 2079 3056 2156 forte
3082 2082 3272 2139 dicatis
3294 2100 3313 2138 :
3342 2084 3648 2139 Invenimus
3693 2082 3916 2154 sapienw-

597 2175 906 2246 Aquilonis,
922 2172 1115 2228 similis
1134 2188 1224 2227 ero
1240 2171 1515 2228 Altissimo
1538 2170 1694 2242 (Isai.
1714 2187 1834 2240 XIV,
1852 2169 1962 2240 13).
1979 2169 2052 2224 Et
2065 2167 2204 2222 mire
2315 2174 2468 2239 tiam,
2497 2172 2641 2228 Deus
2665 2169 2894 2244 projecit
2918 2189 3035 2228 eum
3061 2189 3169 2228 non
3197 2172 3368 2229 homo.
3400 2173 3482 2230 Ac
3522 2173 3568 2230 si
3599 2177 3916 2244 arrogantes

599 2263 892 2332 Dominus,
914 2269 978 2319 ut
994 2263 1052 2318 in
1068 2260 1470 2333 discipulorum
1492 2258 1754 2317 cordibus
1773 2255 2064 2316 elationem
2086 2273 2205 2330 pre-
2318 2261 2465 2318 intra
2483 2266 2729 2318 sanctam
2751 2261 3056 2319 Ecclesiam
3072 2261 3166 2318 sed
3184 2269 3369 2319 tamen
3389 2261 3580 2318 ﬁdeles
3601 2269 3796 2319 contra
3811 2260 3915 2316 hae-

604 2360 797 2423 meret,
844 2369 976 2408 mox
1002 2350 1280 2424 judicium
1309 2349 1484 2406 ruinae
1513 2350 1724 2418 retulit,
1759 2349 1907 2422 quod
1947 2347 2062 2420 ipse
2087 2363 2204 2404 ma—
2317 2351 2521 2407 reticos
2549 2349 2770 2406 dicant:
2803 2349 2906 2405 Per
2933 2348 3040 2406 hoc
3069 2349 3219 2424 quod
3247 2357 3490 2408 sanctam
3522 2349 3828 2408 Ecclesiam
3859 2349 3914 2405 in

606 2442 773 2516 gister
814 2439 1070 2497 elationis
1113 2439 1344 2512 accepit,
1371 2445 1434 2494 ut
1463 2438 1522 2493 in
1549 2444 1770 2494 auctore
1813 2435 2081 2508 superbiae
2109 2435 2207 2490 di—
2317 2437 2529 2494 honore
2553 2437 2844 2494 hominum
2871 2438 3065 2496 ﬂorere
3087 2440 3464 2512 temporaliter
3503 2439 3754 2508 cernitis,
3785 2454 3916 2512 pro-

605 2537 822 2589 scerent
861 2529 996 2602 quid
1027 2529 1094 2585 de
1115 2529 1380 2584 elationis
1407 2527 1550 2582 vitio
1589 2526 1973 2582 formidarent.
2006 2525 2069 2582 III
2105 2523 2210 2580 hac
2315 2525 2519 2599 jectam
2553 2543 2672 2583 eam
2702 2543 2734 2582 a
2772 2527 3012 2584 Domino
3057 2543 3168 2584 non
3197 2527 3452 2584 credatis.
3502 2529 3620 2586 Scit
3647 2527 3792 2585 enim
3821 2527 3916 2584 Be-

609 2619 794 2691 itaque
813 2617 1138 2688 arrogantiae
1163 2623 1358 2688 quarta
1379 2615 1561 2686 specie
1580 2614 1775 2672 crebro
1795 2614 2072 2671 humanus
2092 2614 2208 2670 ani-
2321 2615 2576 2688 demptor
2603 2614 2740 2688 ejus,
2775 2623 2830 2672 et
2859 2616 2918 2672 in
2947 2615 3054 2674 hoc
3081 2615 3279 2673 itinere
3307 2616 3501 2674 solatia
3535 2617 3785 2675 venienti
3810 2615 3918 2672 tri-

608 2721 733 2761 mus
761 2704 985 2772 labitur,
1005 2709 1070 2759 ut
1097 2703 1155 2760 id
1185 2703 1331 2777 quod
1360 2701 1528 2760 habet
1554 2702 1754 2760 habere
1779 2719 1837 2760 se
1857 2703 2212 2776 singulariter
2320 2703 2510 2773 buere,
2556 2711 2611 2760 et
2651 2705 2997 2777 pervenienti
3038 2705 3107 2760 ad
3135 2712 3394 2762 aetemam
3424 2707 3659 2778 patriam
3691 2719 3920 2779 superna

616 2793 898 2866 glorietur.
931 2792 995 2848 In
1025 2807 1134 2865 qua
1159 2797 1344 2848 tamen
1374 2790 1732 2848 similitudini
1762 2791 2049 2848 diabolicae
2075 2791 2210 2849 vici-
2321 2792 2549 2866 praemia
2578 2807 2877 2848 reservare.
2902 2794 3184 2850 Incassum
3217 2793 3387 2865 igitur
3413 2793 3600 2852 dicitis
3631 2796 3762 2870 quia
3780 2795 3920 2850 Deus

610 2885 740 2942 nius
784 2882 1208 2956 appropinquat,
1241 2881 1372 2956 quia
1410 2882 1660 2956 quisquis
1687 2881 1895 2940 bonum
1926 2899 1982 2940 se
2011 2881 2212 2940 habere
2323 2899 2440 2940 eam
2473 2889 2528 2938 et
2555 2898 2667 2937 non
2697 2880 2866 2937 homo
2897 2880 3205 2954 proiecerit,
3245 2898 3370 2939 cum
3409 2884 3664 2941 venerari
3712 2885 3862 2940 illam
3892 2899 3922 2938 a

611 2972 969 3047 singulariter
987 2969 1205 3044 gaudet,
1219 2971 1470 3044 quisquis
1486 2970 1664 3028 videri
1685 2969 1984 3028 sublimior
2000 2970 2212 3028 caeteris
2323 2971 2538 3030 cunctis
2569 2971 2684 3028 fere
2710 2969 3034 3028 hominibus
3060 2970 3284 3040 videtis,
3319 2971 3451 3044 quia
3478 2972 3556 3030 sic
3601 2974 3653 3030 ei
3693 2981 3923 3030 terrenae

611 3063 829 3138 quaerit,
862 3059 1022 3118 illum
1051 3059 1316 3160 videlicet
1348 3061 1620 3160 imitatur,
1652 3060 1748 3134 qui
1779 3059 2036 3135 despecto
2063 3059 2211 3118 bono
2245 3097 2290 3160 ο
2325 3061 2513 3134 gloriae
2559 3059 2936 3134 adjumentum
2975 3059 3261 3130 tribuitur,
3289 3067 3354 3118 ut
3381 3077 3478 3134 per
3504 3061 3612 3120 hoc
3641 3060 3924 3135 multipli-

612 3151 888 3209 societatis
915 3148 1457 3222 angelorum,sedem
1489 3166 1644 3206 suam
1664 3149 1733 3206 ad
1760 3151 2096 3224 Aquilonem
2117 3167 2209 3223 po-
2249 3148 2290 3160 "
2319 3151 2440 3208 cius
2464 3149 2628 3206 etiam
2655 3149 2722 3206 ad
2751 3149 2995 3207 coelestia
3022 3148 3381 3208 subvehatur.
3410 3151 3674 3224 Sequitur
3699 3170 3710 3208 :

613 3256 769 3311 nens,
801 3247 855 3296 et
883 3238 1156 3296 Altissimi
1186 3236 1616 3296 similitudinem
1660 3239 1892 3312 superbe
1928 3247 2207 3313 appetens,
2941 3236 3169 3296 CAPUT
3198 3239 3296 3296 IX.

613 3347 709 3407 per
737 3329 989 3404 iniquum
1019 3327 1356 3386 desiderium
1388 3329 1545 3403 quasi
1574 3328 1643 3385 ad
1680 3328 1960 3403 quoddam
1990 3329 2209 3386 culmen
2391 3330 2564 3390 Vnus.
2594 3329 2682 3388 14.
2712 3363 2784 3374 -
2811 3331 2964 3392 Nihil
2995 3333 3197 3390 locutus
3224 3338 3298 3388 est
3326 3331 3478 3403 mihi,
3509 3337 3558 3390 et
3583 3348 3676 3407 ego
3702 3347 3808 3390 non
3833 3346 3918 3386 se-

614 3428 846 3482 conatus
875 3425 957 3477 est
977 3418 1378 3492 singularitatis
1397 3433 1703 3491 erumpere.
1723 3417 1851 3474 Eliu
1871 3433 2000 3492 ergo
2021 3434 2210 3492 quam-
2321 3421 2552 3478 cundum
2579 3427 2778 3478 vestros
2805 3439 3067 3478 sermones
3094 3421 3413 3495 respondebo
3441 3422 3548 3479 illi.

615 3512 704 3569 vis
733 3511 853 3568 dari
881 3524 913 3566 a
941 3509 1182 3566 Domino
1210 3507 1536 3582 sapientiam
1567 3507 1880 3578 confitetur,
1914 3508 1972 3564 in
2002 3506 2106 3565 hac
2132 3514 2228 3585 tag
2396 3511 2482 3568 16.
2534 3511 2778 3583 Superbi,
2821 3529 2938 3568 cum
2979 3512 3369 3585 corripiuntur,
3396 3528 3504 3568 non
3541 3512 3789 3578 audiunt,
3827 3514 3920 3566 aut

615 3618 743 3658 men
767 3600 1020 3657 elationis
1050 3599 1230 3673 specie
1261 3598 1488 3668 labitur,
1519 3605 1583 3655 ut
1610 3598 1996 3671 sapientiorem
2025 3614 2084 3655 se
2115 3614 2214 3654 cae-
2323 3601 2682 3659 dissimulant.
2728 3631 2800 3644 —
2841 3601 2983 3670 Quid
3031 3608 3134 3672 est,
3179 3601 3326 3676 quod
3365 3602 3442 3660 ait
3475 3619 3486 3658 :
3529 3603 3682 3660 Nihil
3722 3603 3919 3660 locutus

618 3692 752 3750 teris
773 3692 1024 3766 gaudeat,
1048 3695 1102 3748 et
1117 3691 1276 3774 quasi
1295 3691 1364 3748 de
1386 3691 1652 3763 singulari
1675 3689 1820 3747 bono
1839 3706 1955 3748 sese
1975 3690 2217 3747 inaniter
2325 3697 2400 3746 est
2426 3692 2596 3750 mihi?
2626 3692 2891 3766 Nunquid
2920 3699 3110 3750 sancta
3137 3692 3384 3751 Ecclesia
3419 3707 3516 3766 per
3542 3691 3918 3765 praedicatores

619 3782 868 3842 extollat.
920 3780 1078 3851 Quod
1122 3779 1308 3839 verbis
1337 3779 1695 3855 sequentibus
1723 3779 1950 3849 indicat,
1981 3780 2172 3838 dicens
2200 3797 2212 3836 :
2321 3779 2502 3854 justos
2531 3799 2655 3840 cum
2689 3781 2836 3839 intra
2862 3799 2920 3840 se
2945 3789 3258 3854 arrogantes
3285 3781 3572 3852 conspicit,
3604 3781 3824 3838 erudire
3861 3791 3920 3834 ac

1221 3870 1450 3930 CAPUT
1474 3870 1595 3929 VII.
1931 3909 1953 3929 .
2327 3871 2654 3943 redarguere
2701 3869 3116 3943 praetermittit?
3151 3870 3388 3926 Exercet
3414 3867 3550 3937 haec,
3583 3875 3638 3926 et
3675 3866 3921 3942 quotidie

690 3963 862 4024 Vsus.
911 3961 1060 4021 9-12.
1093 3989 1165 4004 --
1204 3960 1327 4020 Non
1375 3965 1499 4017 sunt
1541 3959 1762 4034 longaevi
1806 3957 2086 4032 sapientes,
2131 3974 2220 4014 nec
2327 3975 2582 4016 exercere
2623 3975 2734 4014 non
2775 3965 2968 4015 cessat.
3016 3955 3122 4014 Sed
3149 3957 3298 4025 Elin,
3332 3957 3426 4030 qui
3467 3957 3783 4031 loquentem
3813 3971 3924 4030 pu-

621 4069 762 4108 senes
807 4053 1108 4123 intelligunt
1138 4051 1425 4121 judicium.
1471 4050 1596 4107 Ideo
1643 4049 1852 4105 dicam:
1897 4047 2093 4104 Audite
2118 4064 2218 4114 me,
2327 4047 2471 4106 blice
2512 4047 2734 4105 beatum
2775 4047 2877 4104 Job
2905 4047 3172 4116 audierat,
3205 4045 3384 4104 dicat:
3419 4047 3575 4106 Nihil
3605 4049 3810 4106 locutus
3854 4051 3924 4102 est

621 4141 891 4198 ostendam
932 4141 1075 4198 vobis
1113 4143 1134 4177 ‘
1181 4159 1270 4214 ego
1310 4158 1480 4198 meam
1524 4139 1860 4215 sapientiam.
1904 4137 2224 4211 Exspectavi
2331 4145 2483 4212 mihi,
2503 4145 2633 4220 quia
2661 4143 2927 4201 nimirum
2957 4161 3150 4202 omnes
3177 4149 3489 4218 arrogantes
3511 4163 3674 4204 voces
3703 4141 3922 4219 quidem

623 4232 761 4288 enim
805 4247 1072 4286 εϐντηοηεε
1115 4236 1336 4297 υϐδίτοει
1364 4230 1551 4286 audivi
1590 4229 1933 4302 Ρνίιάθητὶατη
1971 4233 2221 4294 vestram,
2331 4242 2534 4294 sanctae
2560 4234 2823 4293 Ecclesiae
2851 4233 3104 4304 audiunt,
3136 4233 3232 4292 sed
3259 4233 3366 4291 sibi
3396 4250 3489 4292 eas
3515 4234 3627 4293 dici
3671 4234 3922 4291 dissimu-

625 4320 784 4376 donec
813 4319 1171 4392 disceptaretis
1199 4319 1566 4386 sermonibus;
1594 4325 1642 4376 et
1667 4318 1828 4376 donec
1849 4316 2106 4391 putabam
2133 4334 2224 4374 vos

2331 4324 2470 4394 lant,
2490 4324 2712 4398 quando
2731 4323 2984 4380 elationis
3004 4323 3204 4381 vitium
3226 4323 3516 4382 emendare
3545 4325 3918 4382 contemnunt.

624 4410 835 4522 αιὶᾳξιίά
861 4410 1050 4522 dicare:
1081 4409 1500 4468 εοηδὶἀθναδαπιο
1911 4497 1941 4522 Δ
2257 4461 2306 4522 D
2335 4417 2446 4475 Nec
2475 4431 2530 4474 se
2558 4415 2626 4472 de
2656 4413 2911 4489 superbia
2940 4413 3194 4488 redargui
3233 4415 3528 4486 aestimant,
3563 4415 3694 4490 quia
3732 4429 3845 4472 esse
3870 4425 3922 4467 se

704 4501 721 4522 Ι
844 4499 944 4522 Λ-.)
991 4518 1064 4522 ----
1105 4499 1317 4522 ---μΑμι-
1349 4505 1518 4522 Δ---..ι
1541 4516 1552 4522 -
1586 4505 1628 4522 -Δ
1660 4515 1797 4522 --μρρ
1836 4515 1902 4522 ρ.-.
1946 4497 2060 4522 ξ----ι
2125 4513 2225 4522 AC-“
2336 4505 2352 4522 1
2480 4507 2514 4522 οι
2685 4513 2699 4522 Α
2756 4511 2795 4522 ,A
2852 4521 2861 4522 κ
2883 4521 2891 4522 κ
2922 4505 2934 4522 9
2980 4505 3062 4522 ,A',
3200 4521 3209 4522 κ
3235 4504 3281 4522 14
3338 4521 3341 4522 ,
3402 4504 3414 4516 '
3459 4505 3508 4522 'I-
3583 4505 3595 4517 ο
3638 4506 3649 4517 ⁸
3737 4511 3753 4522 ι
3812 4501 3917 4522 ’μμ

699 4499 785 4558 M-
841 4499 1069 4568 Ουίάαπι
1097 4499 1318 4573 superbe
1349 4505 1552 4566 tacent;
1579 4505 1628 4555 ϐε
1655 4515 1798 4555 δεηθε
1829 4497 2081 4564 audiunt,
2122 4513 2231 4553 ﬂ0n
2257 4497 2306 4522 ³³
2336 4505 2577 4564 humiles
2605 4511 2818 4579 putant,
2843 4505 2938 4578 qui
2967 4505 3130 4561 etiam
3161 4504 3418 4578 redargui
3445 4505 3773 4579 despiciunt,
3797 4501 3920 4558 dum

627 4597 688 4648 αι
713 4591 939 4661 discam:
969 4593 1058 4650 8θά
1085 4593 1420 4664 “judicent.
1452 4623 1518 4634 -
1548 4591 1826 4660 Quantum
1855 4591 1925 4648 ad
1953 4590 2229 4648 intentio-
2335 4597 2699 4672 sapientiores
2739 4612 2796 4654 se
2841 4601 2896 4652 et
2927 4595 3059 4668 ipsis
3089 4591 3544 4668 redarguentibus
3572 4593 3918 4650 arbitrantur.

627 4695 755 4740 nem
786 4679 985 4740 litterae
1031 4684 1260 4756 spectat,
1292 4681 1522 4754 loquens
1549 4679 1678 4736 Eliu
1709 4678 1919 4736 indicat
1947 4695 2111 4752 quam
2141 4695 2228 4735 su-
2336 4688 2496 4758 Quod
2515 4704 2646 4744 vero
2675 4687 2784 4744 ait:
2808 4687 2884 4744 Et
2908 4702 2998 4759 ego
3025 4701 3132 4740 non
3151 4683 3431 4740 secundum
3456 4698 3717 4738 sermones
3738 4686 3924 4738 vestros

627 4771 793 4846 perbe
817 4773 1068 4831 tacuerit.
1088 4769 1226 4829 Cum
1248 4771 1396 4826 enim
1419 4769 1583 4828 dicit:
1618 4767 1938 4839 Exspectavi
1965 4768 2103 4823 enim
2121 4785 2228 4823 sero
2335 4777 2656 4852 respondebo
2687 4775 2793 4844 illi,
2825 4775 2965 4832 bene
3006 4773 3166 4831 beato
3205 4770 3308 4829 Job
3337 4789 3446 4829 non
3482 4767 3784 4830 secundum
3823 4781 3922 4824 ser-

628 4880 807 4921 mones
852 4869 1074 4928 υεεινοει
1107 4865 1156 4916 ει
1185 4857 1440 4932 Putabam
1470 4874 1562 4913 υοε
1589 4855 1799 4926 aliquid
1825 4856 2016 4923 dicere:
2047 4863 2231 4930 aperte
2338 4883 2532 4925 mones
2560 4880 2750 4923 eorum
2778 4862 3107 4940 respondere
3139 4879 3195 4922 se
3227 4861 3384 4922 dicit.
3425 4863 3758 4937 Arrogantes
3784 4859 3920 4917 enim

631 4951 874 5014 declarat
896 4971 954 5012 se
982 4951 1051 5011 ad
1079 4946 1249 5008 verba
1276 4963 1467 5006 senum
1494 4941 1801 5020 indicantis
1829 4945 2014 5020 Ροῑίαε
2045 4944 2228 5003 εῐαάίο
2341 4957 2488 5015 intra
2535 4963 2777 5014 sanctam
2821 4955 3124 5014 Ecclesium
3166 4955 3332 5029 positi
3377 4951 3710 5028 respondent
3747 4954 3925 5012 contra

632 5057 795 5118 quam
839 5043 1103 5106 discentis
1129 5047 1262 5098 voto
1290 5038 1544 5098 tacuisse.
1577 5036 1843 5108 Quamvis
1883 5034 2003 5096 haec
2031 5037 2231 5095 melius
2339 5065 2480 5117 eam,
2513 5045 2609 5104 sed
2637 5063 2750 5104 non
2779 5047 2923 5104 sicut
2951 5045 3195 5104 haeretici
3221 5045 3464 5102 exterius
3494 5043 3802 5103 constituti.
3831 5038 3922 5096 Ne-

633 5133 781 5190 Viam
830 5141 973 5200 738
1021 5132 1413 5206 arrogantium
1435 5125 1746 5204 (Νέφθυι,
1793 5127 1890 5202 (Ιηί
1935 5125 2230 5202 aliquando
2340 5152 2444 5215 que
2491 5139 2638 5197 enim
2698 5138 3088 5198 contradicunt
3137 5139 3188 5196 ei
3243 5151 3412 5212 prava
3456 5136 3822 5212 praedicando,
3874 5141 3926 5185 se

638 5231 786 5289 intra
824 5239 1068 5292 sanctam
1111 5232 1416 5292 Ecclesiam
1460 5230 1647 5305 positi,
1679 5243 1805 5288 cum
1838 5223 2079 5302 ejusdem
2111 5242 2230 5286 san-
2339 5244 2594 5306 perverse
2644 5229 2905 5302 vivendo,
2953 5231 3084 5306 quia
3125 5247 3228 5290 nec
3268 5229 3337 5288 de
3377 5231 3512 5300 Deo,
3559 5235 3623 5288 ut
3667 5219 3923 5286 haeretici,
4011 5229 4022 5238 °

711 5429 733 5504 ξ
762 5426 1032 5504 Elimea,
1053 5428 1353 5504 superbiam
1379 5427 1558 5504 Hoab.
1743 5498 1810 5504 μ,
1874 5497 1887 5504 Δ
2021 5500 2051 5504 Δ
2099 5501 2113 5504 _
2413 5425 2435 5504 if
2463 5423 2674 5504 δοται),
2707 5421 2996 5504 Laudicive.
3029 5421 3154 5504 Yet.
3177 5417 3306 5496 Ed.,
3821 5487 3833 5504 .

713 5500 920 5576 ’__Ed_i_ti
947 5497 1366 5576 etiam-veteres,
1389 5503 1556 5576 juxta
1583 5518 1720 5562 eum.
1743 5497 2229 5576 Vindoc.,Baluz.,
2372 5570 2383 5576 _
2414 5500 2436 5534 ‘
2466 5499 2696 5576 ΡηξιῐεξιἋ
2720 5516 2808 5576 ego
2835 5499 3012 5576 etiam.
3044 5498 3234 5576 Baluz1
3256 5507 3312 5556 et
3343 5497 3726 5576 Qorb.,-meam
3761 5497 3928 5573 scisti:

767 5537 920 5558 Ηυιιι
947 5537 1112 5560 ῠιιαω
1144 5537 1366 5574 νῠισιυθ,
1583 5537 1720 5562 σωπι.
1759 5537 2229 5572 νιιιυυν-,υωιιιισ,
2467 5537 2491 5554 ι
2511 5537 2664 5556 loton.
2720 5537 2744 5554 υ
2777 5537 2807 5554 υ
2835 5537 3012 5556 ουκ-ιυοο
3045 5537 3228 5556 uulua.
3256 5537 3312 5556 νυ
3344 5537 3533 5568 υνιυο,
3561 5537 3726 5554 "wn.
3761 5537 3891 5550 νυν-ην
3918 5558 3924 5570 ⁴

642 5570 825 5641 Colb.,
844 5572 1060 5648 _Norm_.,
1078 5572 1248 5644 juxta
1273 5592 1410 5648 eam,
1431 5573 2038 5648 nimirumisuperbiam
2068 5578 2122 5631 et
2150 5589 2232 5629 ar-
2343 5567 2628 5648 tiam.__Qui
2657 5537 2886 5648 (lodices
2913 5567 3118 5630 habent
3146 5569 3310 5640 infra,
3332 5569 3493 5626 donec
3519 5563 3924 5641 disceptaremim

640 5642 1327 5775 ἷὲἒῖἶέἶῐξὲίέἓῷίιηοᾳηθ
1358 5645 1560 5718 legitur
1580 5648 1634 5704 in
1663 5642 1916 5719 Vulgata,
1934 5644 2098 5716 juxta
2115 5651 2232 5702 tex-

1205 5661 1327 5718 ique
1358 5645 1560 5718 legitur
1580 5648 1634 5704 in
1663 5642 1916 5719 Vulgata,
1934 5644 2098 5716 juxta
2115 5651 2232 5702 tex-
2341 5656 2442 5714 pro
2468 5642 2848 5715 disceptaretis.
