4162 6184
308 294 406 351 ibi

1068 288 1437 348 MORALIUM
1477 289 1605 347 LIB.
1650 288 1861 346 XXIII.
1903 316 1974 331 —-
2014 289 2084 345 IN
2127 287 2363 346 CAPUT
2400 289 2615 347 XXXII
2653 291 2713 350 B.
2757 290 2898 351 10B.

3405 287 3419 311 ‘
3518 297 3619 355 262

313 422 539 495 indigna
582 418 841 481 sentiunt,
873 414 967 471 sed
1015 414 1082 470 de
1110 431 1167 471 se
1196 414 1320 488 plus
1349 432 1511 489 quam
1543 432 1761 474 necesse
1790 423 1892 485 est,
1929 417 1980 478 Α
2015 416 2281 473 tulantur.
2316 416 2648 487 Arrogantes
2677 415 2825 472 enim
2849 431 2976 475 cum
2998 420 3281 476 scientiam
3314 421 3613 497 accipiunt,

312 508 478 580 digna
505 505 865 578 suspicantur.
900 504 1162 577 Sequitur
1194 523 1206 560 :

380 600 546 657 Vnus.
580 597 664 652 15.
686 594 1173 663 —-Ea:timuerunt,
1206 612 1295 650 nec
1323 597 1703 667 responderunt
1730 598 1899 663 ultra,

312 690 736 757 abstuleruntque
766 705 798 740 a
829 703 881 740 se
908 686 1191 756 eloquium.

376 778 509 853 [γει.
560 777 689 851 ῙΧ.]
734 777 883 832 Bene
925 775 994 831 ad
1039 777 1170 832 Eliu
1215 777 1382 833 verba
1420 778 1583 834 amici
1613 777 1713 833 Job
1744 777 1901 832 exti—

310 870 501 923 muisse
532 868 873 935 referuntur;
891 868 1022 940 quia
1044 884 1437 941 nonnunquam
1467 876 1781 941 arrogantes
1802 870 1901 925 Ec-

306 958 473 1015 clesia:
520 956 860 1024 defensores,
906 958 1160 1029 quamvis
1215 958 1466 1015 ordinem
1523 958 1745 1015 dicendi
1789 974 1900 1014 non

302 1054 532 1116 teneant,
585 1055 771 1103 tamen
815 1046 1158 1103 adversarios
1206 1048 1323 1120 ipsa
1365 1047 1646 1106 dictorum
1695 1048 1903 1105 virtute

302 1137 643 1211 perturbant.
680 1136 941 1210 Sequitur
975 1154 987 1193 :

945 1244 1175 1302 CAPUT
1204 1246 1275 1301 X.

366 1345 537 1404 Vnus.
584 1344 671 1403 16.
704 1376 775 1387 -
806 1341 950 1399 739
995 1343 1256 1412 Quoniam
1298 1343 1461 1415 igitur
1499 1344 1812 1417 exspectavi,
1857 1351 1904 1399 et

299 1455 397 1494 non
425 1443 554 1492 sunt
591 1435 783 1502 locuti;
810 1439 1080 1501 steterunt,
1110 1449 1199 1487 nec
1228 1434 1615 1506 responderunt
1641 1434 1809 1489 ultra.

364 1528 449 1584 17.
508 1529 781 1585 Errantes
808 1525 934 1581 dum
987 1523 1338 1595 redarguunt,
1388 1540 1541 1579 suam
1590 1523 1905 1595 sapientiam

297 1625 558 1676 ostentare
606 1622 809 1673 tantum
855 1614 1093 1687 cupiunt,
1123 1631 1231 1669 non
1275 1614 1403 1670 aliis
1439 1613 1705 1687 prodesse.
1751 1613 1903 1669 Secus

298 1710 413 1766 boni
436 1709 838 1783 prcedicatores.
861 1738 930 1747 —
951 1705 1104 1761 Finis
1124 1720 1239 1761 esse
1255 1704 1549 1762 locutionis
1570 1703 1900 1776 sapientium

2011 505 2152 560 nihil
2183 522 2240 559 se
2280 504 2548 577 accepisse
2595 505 2887 572 aestimant,
2936 506 2983 560 si
3031 506 3173 563 hanc
3218 525 3310 565 eos
3339 512 3611 567 occultam

2010 594 2211 651 habere
2239 594 2537 665 contingat.
2570 595 2849 667 Nusquam
2896 595 3097 667 quippe
3137 614 3297 653 suum
3329 601 3610 670 gaudium,

2009 684 2116 740 nisi
2148 685 2204 739 in
2233 701 2325 739 ore
2354 684 2643 739 hominum
2666 693 2897 755 ponunt.
2932 684 3085 740 Unde
3112 694 3164 740 et
3186 686 3349 742 fatum
3369 688 3615 759 virgines

2012 774 2069 830 in
2091 773 2238 829 vasis
2262 774 2377 828 suis
2398 773 2581 828 oleum
2606 788 2718 827 non
2740 774 3039 845 sumpsisse
3060 774 3375 831 referuntur
3396 776 3610 848 (Matth.

2010 880 2147 932 xxv,
2177 864 2257 933 3),
2290 863 2421 935 quia
2440 872 2755 935 arrogantes
2777 880 2967 919 omnes
2994 881 3120 921 cum
3152 881 3208 919 se
3236 864 3305 919 ab
3334 865 3614 937 aliquibus

2012 954 2241 1011 fortasse
2284 953 2438 1009 vitiis
2484 953 2789 1021 continent,
2828 953 3035 1009 bonum
3068 955 3255 1025 glorias
3287 954 3432 1011 intra
3476 971 3614 1011 con-

2011 1043 2271 1101 scientias
2295 1042 2498 1098 habere
2527 1058 2638 1098 non
2658 1051 2907 1114 possunt.
2938 1043 3001 1098 In
3029 1060 3157 1100 vase
3176 1052 3357 1100 autem
3388 1044 3613 1117 proprio

2010 1141 2318 1205 sumpserat
2346 1133 2547 1188 Paulus
2567 1132 2768 1200 oleum,
2803 1132 2897 1204 qui
2927 1133 3176 1190 dicebat:
3206 1135 3395 1191 Gloria
3422 1141 3615 1191 nostra

2011 1223 2115 1277 haec
2143 1227 2237 1290 est,
2270 1221 2619 1275 testimonium
2664 1221 2988 1277 conscientiae
3033 1229 3227 1279 nostra:
3270 1223 3367 1292 (II
3412 1224 3537 1280 Cor.
3572 1241 3613 1291 ι,

2014 1314 2129 1385 12).
2162 1315 2329 1370 Inane
2347 1331 2475 1387 ergo
2495 1315 2780 1371 vasculum
2804 1314 2945 1371 ferre
2966 1324 3047 1372 est
3078 1314 3225 1373 intus
3246 1315 3409 1373 corde
3436 1332 3615 1373 vacuo

2012 1404 2034 1440 ⁸
2064 1404 2200 1461 foris
2228 1403 2459 1460 humani
2507 1404 2619 1460 oris
2643 1402 2919 1476 judicium
2950 1421 3211 1477 quaerere.
3242 1406 3374 1462 Eliu
3404 1406 3609 1479 itaque,

2011 1493 2141 1567 quia
2172 1494 2401 1566 gloriam
2430 1493 2563 1549 dum
2592 1493 2835 1549 exterius
2864 1494 3062 1567 quaerit
3107 1495 3252 1551 intra
3280 1511 3377 1551 vas
3429 1496 3611 1564 oleum

2012 1601 2123 1641 non
2153 1584 2337 1652 habet,
2369 1583 2505 1640 dicit
2556 1601 2566 1639 :
2610 1584 2944 1655 Respondebo
2978 1590 3028 1640 et
3055 1602 3143 1656 ego
3185 1591 3394 1657 partem
3424 1602 3612 1649 meam,

2010 1681 2059 1729 et
2103 1673 2372 1729 ostendam
2417 1672 2688 1729 scientiam
2731 1689 2919 1729 meam.
2970 1673 3125 1729 Unde
3172 1684 3225 1730 et
3254 1673 3360 1731 hoc
3408 1673 3611 1746 ipsum,

297 1761 456 1868 solet:
485 1805 551 1855 ut
594 1814 658 1854 eo
700 1811 871 1870 usque
899 1793 1086 1852 dicant
1116 1811 1223 1868 quo
1253 1793 1583 1851 adversariis
1613 1761 1897 1849 silentium
1933 1777 1980 1838 Β
2010 1761 2916 1870 (1110“‘iﬁ‘fewéféjanfuggloria’
2956 1762 3104 1820 imus
3148 1764 3372 1835 93mm"
3423 1762 3612 1818 verbis

299 1889 613 1961 imponant.
642 1886 939 1951 Nomenim
969 1901 1026 1941 se
1058 1883 1361 1953 ostendere,
1393 1883 1487 1941 sed
1518 1898 1686 1957 prava
1704 1881 1903 1939 docen-

296 1986 380 2034 tes
422 1991 767 2050 compescere
807 1975 1058 2048 cupiunt.
1104 1973 1398 2047 Postquam
1439 1990 1571 2029 vero
1612 1971 1679 2029 de
1711 1971 1905 2030 amicis

293 2066 396 2122 Job
438 2066 653 2123 dictum
682 2073 761 2123 est
789 2084 800 2122 :
834 2066 1241 2131 Extimuerunt,
1274 2081 1362 2119 nec
1390 2065 1779 2137 responderunt
1808 2063 1905 2119 ul-

297 2162 401 2221 tra,
431 2156 867 2227 abstuleruntque
893 2173 929 2211 a
956 2172 1007 2210 se
1046 2154 1343 2226 eloquium;
1371 2153 1503 2209 Eliu
1542 2151 1900 2225 subjungens,

295 2244 369 2300 ait
394 2262 405 2299 :
429 2244 778 2317 Exspectavi,
801 2250 849 2299 et
874 2260 982 2299 non
1010 2249 1132 2298 sunt
1161 2243 1357 2309 locuti;
1385 2248 1658 2308 steterunt,
1679 2260 1770 2298 nec
1796 2259 1904 2297 res-

290 2335 601 2407 ponderunt
627 2336 795 2391 ultra.
818 2334 892 2390 Et
921 2332 1034 2389 illis
1058 2331 1171 2405 jam
1193 2332 1504 2402 silentibus,
1528 2332 1709 2389 adhuc
1737 2331 1904 2389 verba

295 2423 655 2496 multiplicat,
689 2424 819 2497 quia
859 2422 1119 2479 videlicet
1158 2423 1246 2478 vir
1276 2438 1554 2494 arrogans,
1585 2430 1639 2478 et
1667 2421 1902 2478 formam

292 2513 347 2569 in
378 2531 438 2571 se
469 2514 851 2586 arrogantium
887 2513 1181 2581 intentans,
1203 2528 1319 2568 non
1355 2512 1796 2568 adversariorum
1826 2512 1906 2568 di-

288 2610 378 2659 cta
408 2619 700 2674 superare,
722 2603 817 2657 sed
838 2618 995 2659 suam
1016 2602 1339 2674 sapientiam
1360 2608 1631 2659 ostentare
1660 2600 1900 2659 festinat.

288 2690 461 2748 Unde
493 2696 552 2746 et
578 2689 829 2762 sequitur
862 2706 874 2746 :

359 2780 546 2839 Vnus.
584 2778 669 2834 17.
704 2809 775 2820 -
801 2779 1131 2851 Respondebo
1180 2787 1229 2837 et
1274 2798 1363 2855 ego
1398 2787 1607 2855 partem
1636 2798 1827 2850 meam,
1858 2786 1907 2837 et

292 2870 571 2928 ostendam
595 2870 866 2925 scientiam
893 2887 1083 2926 meam.

363 2962 522 3018 Hanc
546 2960 697 3017 enim
728 2966 939 3033 partem
971 2976 1124 3017 suam
1156 2960 1338 3017 omnis
1367 2977 1624 3035 arrogans
1643 2963 1899 3032 aestimat,

296 3052 340 3108 si
387 3051 679 3109 scientiam
729 3067 841 3106 non
888 3055 1001 3108 tam
1044 3050 1241 3109 habeat
1278 3068 1442 3126 quam
1472 3053 1741 3123 ostendat,
1775 3052 1906 3127 quia

2014 1851 2368 1927 sequentibus
2397 1851 2591 1925 aperit,
2620 1851 2811 1909 dicens
2845 1870 2857 1908 :

2491 1962 2718 2019 CAPUT
2748 1962 2826 2020 XI
2856 1960 3000 2037 [Rea
3044 1961 3132 2037 V].

2086 2051 2257 2110 Vsus.
2290 2050 2471 2108 18-20.
2504 2082 2575 2093 —
2602 2051 2799 2108 Plenus
2841 2068 2957 2107 sum
3006 2050 3358 2122 sermonibus,
3386 2057 3433 2107 et
3461 2068 3614 2109 coar-

2013 2148 2122 2198 ctat
2149 2158 2226 2197 me
2253 2141 2476 2214 spiritus
2502 2141 2641 2196 uteri
2668 2141 2788 2197 mei.
2821 2142 2911 2198 En
2938 2146 3115 2196 venter
3156 2157 3300 2197 meus
3326 2141 3481 2212 quasi
3504 2158 3616 2197 mu-

2014 2240 2152 2289 stum
2178 2233 2370 2304 absque
2396 2233 2685 2305 spiraculo,
2706 2233 2845 2304 quod
2878 2232 3186 2305 lagunculas
3203 2247 3367 2286 novas
3387 2230 3616 2286 disrum-

2008 2324 2111 2396 pit.
2143 2323 2381 2393 Loquar,
2415 2327 2463 2377 et
2506 2322 2783 2394 respirabo
2810 2322 3097 2394 paululum
3127 2338 3147 2388 ;
3186 2319 3426 2392 aperiam
3474 2318 3617 2375 labia

2013 2430 2150 2479 mea,
2182 2419 2230 2468 et
2258 2413 2593 2485 respondebo.

2089 2503 2175 2559 18.
2226 2503 2530 2559 Locutionis
2572 2519 2753 2558 eorum
2797 2501 3174 2569 celsitudinem,
3216 2518 3324 2557 non
3364 2498 3616 2557 utilitatis

2014 2593 2355 2650 intentionem
2374 2594 2657 2650 imitantur
2682 2593 2914 2665 superbi.
2946 2623 3016 2635 —
3040 2592 3447 2666 Nonnunquam
3466 2607 3614 2648 arro-

2015 2704 2204 2769 gantes
2246 2692 2375 2763 viri,
2423 2692 2555 2750 dum
2590 2691 2971 2765 praedicatores
3005 2688 3148 2746 740
3178 2699 3393 2750 sanctos
3422 2706 3619 2762 magna

2014 2784 2201 2858 eloqui
2230 2801 2294 2843 ac
2335 2801 2434 2858 pro
2478 2784 2756 2841 locutione
2803 2798 2902 2840 sua
2948 2782 3197 2839 venerari
3240 2779 3611 2855 conspiciunt,

2014 2874 2313 2931 locutionis
2328 2890 2519 2930 eorum
2535 2872 2920 2931 celsitudinem
2952 2881 3006 2929 et
3033 2888 3145 2928 non
3165 2874 3185 2907 ³
3204 2872 3501 2928 utilitatem
3525 2870 3605 2925 in-

2014 2962 2277 3019 tentionis
2298 2962 2620 3029 imitantur;
2655 2977 2831 3035 neque
2852 2961 2958 3020 hoc
2972 2969 3160 3018 amant
3180 2961 3327 3034 quod
3349 2960 3433 3016 illi
3452 2975 3610 3033 appe-

2018 3060 2163 3120 tunt,
2195 3049 2291 3108 sed
2310 3051 2417 3108 hoc
2444 3065 2791 3122 summopere
2820 3057 3084 3122 appetunt
3103 3048 3251 3123 quod
3276 3049 3411 3107 clari
3432 3048 3611 3105 homi-

298 3141 565 3197 nimirum
611 3155 801 3196 omnes
849 3140 977 3195 elati
1025 3141 1311 3197 scientiam
1359 3159 1469 3198 non
1512 3141 1714 3200 habere
1745 3157 1903 3216 appe-
1935 3138 1980 3200 C
2014 3139 2181 3196 nibus
2208 3137 2588 3197 ostendantur.
2620 3140 2759 3195 Nam
2780 3154 2921 3212 saepe
2949 3137 3221 3211 contingit
3249 3150 3312 3196 ut
3338 3137 3612 3211 sapientes

302 3236 440 3298 tunt,
489 3227 590 3287 sed
636 3227 941 3286 ostendere.
984 3228 1104 3297 Quo
1150 3238 1344 3288 contra
1382 3230 1519 3288 bene
1548 3248 1644 3304 per
1671 3232 1899 3305 Moysen
2007 3230 2119 3287 viri
2147 3246 2272 3287 cum
2298 3246 2357 3287 se
2386 3245 2497 3285 non
2527 3226 2709 3285 audiri
2750 3227 3123 3297 considerant,
3168 3227 3253 3284 ori
3299 3244 3399 3285 suo
3431 3228 3612 3286 silen-

300 3317 502 3376 dicitur
534 3338 546 3376 :
593 3320 693 3379 Vas
720 3319 863 3390 quod
890 3335 997 3374 non
1024 3319 1267 3376 habuerit
1294 3322 1620 3394 operculum,
1651 3338 1741 3377 nec
1772 3321 1901 3393 liga-

303 3417 472 3467 turam
503 3411 749 3482 desuper,
778 3409 1108 3466 immundum
1137 3412 1239 3467 erit
1268 3411 1452 3483 (Num.
1480 3430 1599 3482 xxx,
1627 3413 1739 3486 15).
1772 3413 1902 3486 Teg-

303 3517 425 3558 men
473 3501 681 3575 quippe
714 3501 981 3574 operculi,
1013 3502 1101 3558 vel
1145 3502 1397 3575 ligatura,
1435 3510 1517 3560 est
1548 3519 1780 3561 censura
1808 3502 1905 3559 di-

301 3593 575 3664 sciplinae,
618 3595 634 3627 ³
678 3608 784 3665 qua
819 3592 1067 3665 quisquis
1117 3609 1229 3648 non
1274 3593 1559 3666 premitur,
1607 3594 1762 3668 quasi
1811 3610 1907 3650 vas

304 3680 659 3738 immundum
679 3684 1057 3756 pollutumque
1078 3683 1419 3757 reprobatur.
1443 3686 1645 3741 Annon
1674 3702 1770 3742 vas
1791 3686 1907 3742 sine

304 3771 569 3845 operculo
610 3770 737 3827 Eliu
778 3772 974 3841 fuerat,
1008 3773 1105 3847 qui
1153 3772 1296 3830 hanc
1345 3790 1459 3830 esse
1508 3782 1718 3847 partem
1751 3791 1905 3837 suam

304 3862 689 3929 aestimaverat,
712 3859 759 3918 si
780 3861 1093 3920 ostenderet
1113 3862 1403 3920 scientiam
1434 3880 1598 3937 quam
1628 3863 1906 3921 habebat?

305 3950 465 4018 Quasi
515 3950 663 4007 enim
694 3967 789 4007 vas
831 3952 951 4007 sine
980 3953 1258 4025 operculo,
1292 3954 1378 4009 vel
1411 3953 1660 4026 ligatura,
1695 3954 1909 4026 pollui-

306 4049 410 4110 tur,
442 4042 543 4116 qui
572 4058 669 4114 per
698 4042 945 4100 studium
975 4042 1361 4100 ostentationis
1390 4050 1598 4116 patens,
1632 4044 1788 4099 nullo
1817 4059 1908 4099 ve-

309 4128 508 4186 lamine
525 4132 922 4190 taciturnitatis
945 4133 1209 4206 operitur.
1236 4130 1373 4206 [νει.
1396 4131 1492 4207 Χ.]
1516 4131 1909 4190 Praedicatores

309 4228 485 4277 autem
516 4223 693 4279 sancti
725 4229 934 4294 partem
954 4240 1108 4281 suam
1129 4229 1405 4296 reputant,
1428 4222 1475 4278 si
1505 4222 1655 4280 intus
1684 4223 1907 4297 quidem

315 4310 415 4383 ipsi
439 4313 512 4370 de
539 4314 809 4386 sapientia
838 4331 937 4373 sua
965 4313 1255 4389 gaudeant,
1296 4314 1433 4372 foris
1463 4322 1645 4372 autem
1676 4316 1814 4373 alios
1842 4316 1911 4373 ab

315 4414 492 4458 errore
538 4408 923 4474 compescant;
970 4419 1148 4476 neque
1185 4419 1217 4460 a
1262 4419 1319 4459 se
1360 4402 1495 4475 ipsis
1532 4402 1610 4459 ita
1639 4401 1913 4477 loquendo

2010 3320 2151 3377 tium
2170 3318 2471 3388 ‘indicant;
2494 3318 2590 3376 sed
2605 3319 2926 3392 plerumque
2941 3318 3075 3375 dum
3096 3318 3446 3391 conspiciunt
3460 3317 3608 3392 quod

2013 3411 2332 3485 iniquorum
2349 3410 2596 3469 facinora
2611 3410 2746 3484 ipsis
2765 3408 3075 3468 tacentibus
3094 3419 3148 3467 et
3167 3426 3279 3466 non
3309 3409 3607 3483 corripien-

2013 3502 2164 3559 tibus
2192 3511 2466 3571 crescunt,
2501 3500 2616 3557 vim
2638 3501 2932 3575 quamdam
2951 3499 3181 3574 spiritus
3199 3500 3287 3557 sui
3316 3499 3610 3569 sustinent,

2015 3599 2077 3647 ut
2100 3591 2160 3647 in
2174 3590 2512 3648 locutionem
2532 3598 2733 3662 apertae
2746 3589 3110 3663 correptionis
3124 3598 3433 3662 erumpant.
3457 3587 3615 3646 Unde

2016 3678 2285 3754 propheta
2313 3678 2576 3735 Jeremias
2604 3694 2729 3736 cum
2760 3677 3167 3751 praedicationis
3194 3678 3301 3735 sibi
3331 3679 3615 3735 silentium

2018 3769 2331 3837 indixisset,
2354 3767 2545 3823 dicens
2570 3784 2580 3823 :
2606 3766 2727 3823 Non
2746 3767 3065 3823 recordabar
3082 3766 3212 3836 ejus,
3234 3785 3396 3839 neque
3426 3770 3618 3839 loquar

2016 3860 2167 3915 ultra
2182 3858 2239 3912 in
2258 3856 2467 3910 nomine
2487 3855 2636 3909 illius
2652 3871 2673 3919 ;
2702 3853 2855 3911 illico
2874 3853 3131 3925 adjunxit
3155 3872 3166 3909 :
3190 3857 3265 3910 Et
3281 3854 3456 3924 factus
3475 3857 3618 3910 estin

2017 3946 2172 4003 corde
2190 3962 2301 4000 meo
2321 3944 2474 4015 quasi
2503 3942 2640 4015 ignis
2666 3948 2981 4011 exaestuans,
3013 3944 3325 4015 claususque
3342 3944 3401 3998 in
3419 3944 3621 3999 ossibus

2016 4036 2164 4106 meis,
2198 4041 2247 4091 et
2274 4032 2457 4105 defeci,
2478 4032 2623 4106 ferre
2650 4048 2758 4089 non
2786 4033 3046 4089 sustinens
3075 4050 3097 4100 ;
3133 4032 3320 4090 audivi
3350 4033 3488 4090 enim
3506 4050 3623 4089 con-

2018 4126 2266 4184 tumelias
2284 4125 2575 4181 multorum
2592 4125 2737 4196 (Jer.
2767 4139 2867 4193 xx,
2888 4124 2942 4192 9,
2969 4122 3084 4195 10).
3108 4123 3211 4179 Pro
3231 4139 3294 4180 eo
3310 4123 3458 4180 enim
3477 4121 3624 4199 quod

2021 4235 2078 4275 se
2108 4215 2340 4273 minime
2363 4215 2545 4273 audiri
2572 4214 2883 4289 conspexit,
2915 4213 3200 4270 silentium
3229 4213 3494 4288 appetiit;
3526 4212 3621 4270 sed

2022 4326 2151 4368 cum
2180 4308 2486 4368 crescentia
2505 4306 2651 4364 mala
2668 4313 2936 4374 cerneret,
2971 4305 3027 4361 in
3058 4302 3249 4362 eodem
3269 4304 3493 4362 silentio
3508 4321 3622 4361 non

2022 4400 2344 4473 permansit.
2378 4396 2521 4465 Quia
2547 4396 2694 4453 enim
2724 4395 2860 4452 foris
2886 4396 3078 4464 tacuit,
3107 4412 3177 4453 ex
3205 4393 3370 4453 tedio
3391 4395 3622 4454 locutio-

314 4497 537 4559 exeunt,
585 4499 648 4548 ut
684 4492 946 4565 gaudium
994 4492 1197 4550 mentis
1246 4492 1304 4549 in
1349 4491 1661 4550 ostensione
1706 4500 1915 4565 ponant
1939 4501 1989 4562 D
2018 4495 2107 4553 nis
2136 4493 2285 4551 intus
2313 4491 2497 4565 ignem
2543 4489 2770 4563 pertulit
2797 4488 2866 4545 de
2892 4487 3009 4544 zelo
3037 4486 3346 4544 charitatis.
3392 4484 3626 4543 Inﬂam—

316 4576 531 4637 disertm
561 4580 875 4651 locutionis,
907 4581 1003 4640 sed
1031 4582 1240 4639 bonum
1262 4581 1506 4639 scientiae
1536 4581 1594 4637 in
1622 4581 1805 4640 cordis
1833 4598 1914 4639 se-

318 4677 458 4726 creto
488 4670 846 4744 meditantur,
878 4680 933 4730 et
962 4672 1040 4729 ibi
1062 4671 1300 4745 gaudent
1318 4669 1415 4727 ubi
1444 4670 1550 4729 hoc
1578 4670 1912 4744 percipiunt,

320 4773 426 4814 non
460 4759 557 4818 ubi
605 4763 751 4821 inter
794 4771 879 4821 tot
924 4763 1297 4820 tentationum
1326 4761 1548 4835 laqueos
1576 4761 1914 4818 innotescere

320 4853 739 4925 compelluntur,
770 4854 1024 4929 quamvis
1060 4871 1187 4912 cum
1230 4851 1437 4910 bonum
1464 4852 1612 4927 quod
1640 4851 1915 4925 accipiunt

323 4937 688 5015 innotescunt,
719 4944 901 5004 media
931 4945 1333 5002 interveniente
1362 4943 1651 5013 charitate,
1685 4959 1754 5000 ex
1783 4958 1914 5015 pro-

324 5028 461 5091 fectu
489 5034 857 5105 audientium,
889 5042 945 5094 et
972 5052 1084 5094 non
1113 5053 1181 5094 ex
1212 5034 1433 5110 propria
1458 5034 1769 5094 ostensione
1799 5047 1914 5106 gra-

393 5262 880 5356 ‘ﬁecentioribus
1145 5267 1367 5356 placuit
1417 5264 1635 5355 addere,
1695 5265 1916 5353 silentii,

324 5342 704 5414 explicationis
724 5347 915 5420 gratia.
939 5342 1295 5420 Antiquiores
1322 5345 1552 5420 Excusi,
1575 5360 1712 5420 quos
1741 5344 1917 5420 sequi-

326 5428 463 5541 mplr,
512 5425 702 5543 catrent
730 5414 855 5475 'hoc
899 5414 1296 5486 additainento,
1330 5423 1385 5473 et
1428 5416 1557 5474 Mss.
1590 5414 1920 5488 religiosius

326 5501 380 5540 m
423 5503 565 5543 aerea
600 5533 611 5543 .

326 5501 686 5633 :ilgaiﬂlg‘ati,
719 5562 938 5619 humani
978 5560 1204 5633 favoris.
1247 5560 1441 5633 Nostra
1462 5560 1663 5633 lectio
1679 5564 1761 5616 est
1788 5557 1916 5633 Mss.

612 5625 897 5703 Norman.,
929 5625 1035 5690 etc.
1072 5632 1258 5689 Baluz.
1290 5637 1344 5687 et
1382 5630 1537 5690 Colb.
1576 5629 1783 5689 habent
1810 5630 1919 5687 hu-

579 5721 622 5759 e.

394 5773 414 5806 ³
453 5773 713 5844 Vindoc.,
762 5777 983 5846 Pratel.,
1015 5776 1157 5836 Utic.
1209 5782 1263 5835 et
1310 5773 1427 5844 alii,
1457 5775 1708 5835 utilitatis
1736 5775 1919 5833 inten-

2025 4591 2248 4642 mantur
2274 4580 2478 4656 quippe
2523 4578 2693 4637 corda
2730 4576 3030 4650 justorum,
3076 4594 3203 4635 cum
3234 4593 3345 4634 non
3376 4584 3626 4650 correpta

2022 4688 2264 4731 crescere
2291 4668 2641 4743 conspiciunt
2660 4676 2782 4725 acta
2809 4666 3103 4737 malorum,
3126 4681 3430 4740 eorumque
3449 4665 3625 4737 culpae

2022 4780 2078 4822 se
2107 4761 2398 4837 participes
2427 4758 2659 4818 credunt
2688 4774 2826 4832 quos
2855 4758 2913 4815 in
2945 4757 3242 4832 iniquitate
3270 4768 3517 4815 crescere
3547 4753 3627 4808 si—

2023 4854 2185 4912 lendo
2215 4853 2560 4928 permittunt.
2592 4850 2771 4908 David
2801 4849 3069 4924 propheta
3089 4857 3376 4921 postquam
3406 4842 3515 4900 sibi
3542 4840 3630 4897 si—

2022 4944 2256 5002 lentium
2287 4943 2585 5011 indixerat,
2608 4940 2799 4999 dicens
2835 4959 2846 4997 :
2882 4938 3049 4997 Posui
3067 4938 3153 4993 ori
3180 4953 3291 4991 meo
3311 4931 3625 4999 custodiam,

2023 5033 2151 5089 dum
2185 5031 2486 5089 consisteret
2522 5036 2767 5103 peccator
2810 5028 3094 5085 adversum
3138 5040 3217 5080 me
3246 5040 3269 5090 ;
3296 5018 3552 5090 obmutui,
3583 5025 3630 5077 et

2029 5262 2239 5334 tionem,
2269 5273 2323 5323 et
2356 5260 2587 5322 fortaSse
2615 5257 2834 5319 melius.

2098 5340 2119 5375 ⁴
2149 5327 2394 5397 Verbum
2436 5335 2679 5391 addicere
2724 5347 2823 5403 pro
2860 5327 3206 5403 simpliciter,
3256 5328 3622 5403 condemnare,

2026 5424 2174 5487 saepe
2195 5416 2516 5487 usurpatum
2540 5404 2655 5487 jam
2682 5402 3162 5487 monuimusl._n,
3195 5402 3357 5487 n.mi5
3385 5411 3439 5460 et
3454 5402 3622 5487 alibi.

2027 5471 2661 5551 Laudatisscriptoribus
2674 5474 2994 5551 addidimus
3004 5471 3223 5532 Petrum
3237 5471 3517 5551 Chrysol.,
3533 5473 3631 5547 qui

2029 5569 2191 5611 serm.
2241 5550 2307 5623 74
2355 5547 2433 5607 ita
2454 5548 2716 5623 loquitur
2748 5565 2761 5604 :
2792 5547 3080 5623 Addigitur
3104 5563 3269 5623 mors,
3300 5547 3417 5623 qua
3438 5547 3632 5623 _in_ngs

2031 5625 2239 5699 tendens
2256 5615 2826 5699 incurritinjudieem:
2850 5621 2925 5699 Et
2941 5615 3261 5699 Ennodium
3283 5615 3378 5694 qui
3407 5618 3488 5699 sic
3503 5615 3632 5699 infit

2031 5696 2277 5757 dictione
2319 5692 2408 5763 22,
2449 5698 2508 5752 ut
2553 5688 2747 5751 hostem
2790 5692 3003 5765 fulciat,
3050 5688 3354 5755 socios....'..
3411 5688 3629 5748 addicit.
