4162 6184
519 258 622 314 263

1721 246 1969 304 SANCTI
2009 246 2347 306 GREGORII
2383 245 2610 303 MAGNI

3710 250 3808 306 264

521 377 830 433 humiliatus
857 389 992 442 sum,
1022 378 1070 427 et
1097 371 1282 428 siluia
1307 369 1454 426 bonis
1477 370 1657 443 (Psal.
1682 387 1926 440 xxxvm,
1949 371 2003 438 2,
2025 371 2109 443 3),
2141 380 2192 440 Α
2218 369 2408 426 videre
2454 386 2641 442 prava,
2693 383 2794 426 nec
2836 370 3146 442 corrigere;
3199 369 3274 426 ita
3318 369 3501 440 gravis
3548 379 3627 428 est
3665 373 3814 430 labor

525 467 580 520 in
611 465 730 536 ipso
759 479 860 518 suo
889 461 1132 529 silentio,
1165 459 1270 517 isto
1303 461 1420 516 zelo
1453 458 1739 516 charitatis
1767 461 1996 529 exarsit,
2023 460 2118 533 qui

522 554 674 611 illico
701 551 949 610 subdidit
981 570 992 608 :
1026 553 1102 607 Et
1135 551 1292 607 dolor
1319 567 1463 606 meus
1492 556 1773 606 renovatus
1811 557 1904 619 est,
1936 567 2118 606 conca-

525 643 622 698 luit
647 660 738 699 cor
768 657 940 696 meum
969 641 1115 695 intra
1141 657 1240 708 me,
1271 647 1318 695 et
1357 641 1415 694 in
1439 641 1776 698 meditatione
1808 657 1922 695 mea
1951 657 2120 694 exar-

522 733 686 787 descet
705 731 840 802 ignis
858 729 1052 801 (Ibid.,
1081 727 1221 800 3,4).
1239 730 1394 786 Intus
1413 748 1542 804 ergo
1561 748 1657 788 cor
1675 729 1972 798 concaluit,
1989 729 2122 812 quia

522 820 836 878 dilectionis
863 819 1027 875 ardor
1055 835 1151 892 per
1178 818 1611 878 admonitionem
1644 818 1940 882 locutionis
1969 827 2115 874 exte-

522 909 640 965 rius
665 923 917 964 emanare
959 908 1254 965 recusavit.
1287 909 1434 980 Ignis
1463 909 1521 964 in
1553 908 1911 965 meditatione
1937 907 2120 964 cordis

525 997 750 1065 exarsit,
775 997 905 1070 quia
924 996 1227 1069 increpatio
1246 995 1690 1069 delinquentium
1718 1012 1750 1052 a
1775 995 2121 1067 correptione

525 1090 637 1146 oris
668 1089 907 1145 refrixit.
943 1085 1241 1144 Charitatis
1270 1087 1414 1142 enim
1447 1086 1596 1144 zelus
1624 1086 2000 1145 consolatione
2031 1085 2122 1142 ad-

523 1176 766 1233 mirabili
809 1174 1057 1248 augendo
1103 1191 1160 1231 se
1201 1184 1487 1248 temperat,
1529 1175 1748 1250 quando
1788 1184 1979 1232 contra
2020 1174 2122 1230 ini-

526 1281 758 1338 quorum
787 1279 951 1336 opera
979 1279 1074 1335 per
1100 1281 1292 1322 vocem
1323 1265 1689 1338 correptionis
1709 1274 1946 1332 emanat,
1980 1274 2043 1322 ut
2070 1273 2124 1321 et

527 1370 648 1427 qua
678 1353 948 1425 corrigere
977 1370 1089 1409 non
1129 1355 1294 1424 valet,
1337 1355 1616 1428 increpare
1647 1373 1758 1412 non
1789 1355 2022 1423 desinat,
2055 1371 2123 1410 ne

527 1459 584 1498 se
613 1442 935 1514 participem
966 1443 1407 1517 delinquentium
1437 1462 1506 1502 ex
1537 1462 1807 1503 consensu
1838 1443 2122 1503 taciturni-

523 1532 652 1589 tatis
668 1530 904 1589 addicat.

597 1618 735 1693 [Vet.
775 1620 902 1695 XL]
937 1621 1023 1676 19.
1057 1621 1331 1678 Nonnulla
1371 1621 1502 1677 vitia
1531 1621 1749 1677 virtutes
1776 1621 2120 1676 mentiuntur.

2227 461 2622 532 arrogantium,
2667 461 2714 516 si
2755 459 2903 533 quod
2945 460 3165 532 sapiunt
3205 476 3316 515 non
3345 460 3659 518 ostendunt.
3690 465 3810 521 Vim

2229 551 2429 622 quippe
2458 549 2792 606 intrinsecus
2823 557 3142 606 astuantem
3174 547 3316 605 ferre
3360 549 3459 605 vix
3497 561 3744 622 possunt,
3773 554 3816 608 si

2229 655 2391 696 omne
2420 639 2567 713 quod
2588 639 2834 696 sentiunt
2855 639 3018 712 paulo
3037 639 3252 696 tardius
3272 639 3642 698 innotescunt.
3667 641 3819 699 Unde

2229 748 2447 790 necesse
2474 741 2557 789 est
2583 740 2646 788 ut
2674 748 2800 789 cum
2843 746 2928 786 res
2953 729 3097 786 bona
3125 730 3306 803 agitur
3334 730 3488 802 prius
3514 729 3632 802 ejus
3659 733 3822 790 elatio

2231 823 2288 880 in
2317 823 2481 880 corde
2510 823 2786 889 vincatur,
2819 837 2888 877 ne
2916 820 2964 878 si
2993 837 3026 876 a
3053 818 3236 876 radice
3267 819 3480 876 miserae
3503 821 3822 878 intentionis

2230 912 2474 986 prodeat,
2505 929 2720 969 amaros
2745 911 3006 984 nequitia
3033 909 3246 966 fructus
3274 909 3560 981 producat.

2302 999 2442 1074 [Vet.
2501 1001 2633 1067 XII,
2664 1003 2782 1058 Rec.
2824 999 2942 1074 VL]
2974 999 3062 1056 21.
3099 998 3203 1066 Qui
3247 999 3420 1054 adhuc
3464 998 3610 1054 vitiis
3652 999 3823 1069 subju-

2230 1095 2362 1158 cent,
2391 1090 2528 1145 alios
2555 1106 2731 1160 regere
2757 1105 2864 1144 non
2887 1093 3234 1159 praesumant.
3265 1117 3338 1129 —
3357 1087 3423 1143 Ili
3452 1103 3582 1160 ergo
3609 1088 3704 1162 qui
3737 1088 3824 1145 ad-

2230 1178 2341 1236 huc
2385 1179 2650 1236 vitiorum
2691 1178 2840 1234 bello
2867 1176 3156 1249 subjacent
3184 1193 3531 1250 nequaquam
3561 1192 3657 1250 per
3685 1194 3830 1250 pra-

2230 1267 2525 1325 dicationis
2573 1284 2734 1324 usum
2777 1282 3005 1340 praesse
3033 1265 3348 1339 magisterio
3377 1275 3698 1324 caterorum
3728 1267 3832 1325 de-

2231 1356 2366 1414 bent
2397 1358 2558 1430 (Dist.
2592 1357 2682 1424 44,
2715 1374 2832 1429 cap.
2863 1358 2984 1415 Non
3017 1357 3214 1429 liceat).
3238 1356 3382 1414 Hinc
3401 1366 3482 1414 est
3497 1358 3645 1414 enim
3667 1359 3830 1431 quod,

2227 1446 2391 1520 juxta
2418 1446 2624 1503 divina
2655 1445 3083 1519 dispensationis
3103 1461 3293 1503 vocem
3315 1445 3382 1503 ab
3402 1463 3552 1504 anno
3571 1445 3833 1520 vigesimo

2233 1555 2288 1603 et
2317 1545 2512 1619 quinto
2541 1545 2746 1602 Levita
2776 1544 3128 1604 tabernaculo
3155 1546 3424 1616 serviunt,
3457 1545 3556 1604 sed
3584 1564 3616 1604 a
3636 1547 3658 1582 ³
3679 1545 3835 1620 quin—

2235 1633 2552 1708 quagesimo
2592 1634 2844 1691 custodes
2886 1651 3140 1691 vasorum
3183 1633 3342 1692 fiunt.
3387 1633 3536 1703 Quid
3564 1635 3709 1691 enim
3742 1649 3836 1706 per

523 1739 594 1749 -·
625 1707 731 1807 8ῗά
761 1709 892 1807 quia
936 1725 1078 1807 ξεεΡθ
1123 1710 1398 1807 Βοῐξηιιηθι
1442 1710 1581 1767 Vitia
1623 1710 1866 1807 νίτῐυξθε
1897 1726 1963 1807 ,⁸6
2009 1724 2127 1807 ἳξδθ
2156 1746 2202 1807 Β
2234 1707 2442 1782 annum
2475 1725 2734 1798 quintum
2765 1741 2828 1782 ac
2857 1725 3210 1797 vigesimum,
3243 1725 3301 1780 in
3330 1741 3440 1798 quo
3460 1724 3564 1780 ﬂos
3577 1723 3836 1796 juventu-

525 1797 889 1866 mentiuntur,
913 1797 1057 1855 sicut
1085 1797 1278 1855 effusio
1299 1815 1695 1874 nonnunquam
1724 1797 2122 1867 misericordia,

526 1895 581 1944 et
627 1885 840 1943 tenacia
885 1901 1281 1960 nonnunquam
1329 1888 1686 1960 parcimonia,
1736 1897 1790 1946 et
1831 1885 2126 1945 crudelitas

526 1975 824 2050 aliquando
839 1974 1059 2048 justitia
1079 1977 1201 2033 vult
1221 1976 1419 2047 videri,
1445 1977 1521 2034 ita
1543 1977 1866 2051 plerumque
1886 1985 2124 2032 mentem

527 2063 595 2124 ad
627 2064 889 2139 loquendi
921 2065 1208 2139 impetum,
1239 2082 1395 2123 vana
1424 2065 1611 2140 gloria
1641 2065 1893 2122 anxietas
1920 2080 2126 2139 nequa-

528 2171 691 2228 quam
723 2172 780 2212 se
806 2156 951 2212 intra
978 2155 1260 2212 silentium
1312 2155 1552 2229 capiens,
1587 2156 1742 2229 quasi
1771 2156 1920 2212 zelus
1949 2153 2157 2242 charix

527 2245 658 2302 tatis
687 2243 1012 2314 inﬂammat,
1062 2253 1225 2318 atque
1273 2245 1526 2318 appetita
1572 2243 1902 2302 ostensionis
1945 2243 2032 2300 vis
2059 2243 2126 2300 ad

530 2333 944 2391 effrenationem
969 2333 1268 2392 locutionis
1284 2334 1539 2407 impellit,
1571 2343 1624 2390 et
1645 2333 1800 2407 quasi
1819 2333 1922 2390 sub
1943 2332 2128 2390 studio

529 2422 855 2481 consulendi
883 2422 1059 2480 libido
1087 2423 1327 2496 erumpit
1355 2421 1673 2496 apparendi.
1707 2422 1828 2479 Non
1859 2422 2004 2480 enim
2036 2438 2127 2478 cu-

531 2521 615 2569 rat
645 2509 920 2586 loquendo
950 2509 1085 2586 quid
1133 2512 1325 2584 prosit,
1374 2510 1468 2570 sed
1515 2510 1649 2584 quid
1697 2519 1952 2584 appareat
1983 2527 1996 2577 ;
2029 2526 2130 2566 nec

530 2600 713 2660 studet
743 2609 805 2658 ut
845 2601 1051 2656 malum
1096 2601 1244 2674 quod
1280 2601 1456 2658 cernit
1497 2601 1752 2673 corrigat,
1787 2600 1882 2656 sed
1922 2600 2126 2655 bonum

533 2690 679 2766 quod
709 2691 875 2748 sentit
904 2689 1174 2748 ostendat.
1209 2690 1363 2747 Unde
1391 2689 1521 2746 Eliu
1551 2705 1770 2762 quoque
1793 2689 1993 2761 spiritu
2024 2689 2129 2744 ela-

531 2780 699 2836 tionis
727 2789 1004 2848 extensus,
1055 2788 1109 2836 et
1155 2795 1272 2836 sese
1323 2779 1470 2836 intra
1509 2778 1720 2835 silentii
1750 2778 1992 2836 claustra
2019 2793 2131 2833 non

529 2869 768 2943 capiens,
801 2871 879 2927 ait
911 2887 922 2927 :
957 2870 1156 2926 Plenus
1182 2886 1298 2925 sum
1336 2868 1684 2933 sermonibus,
1718 2873 1768 2923 et
1794 2871 2028 2923 coarctat
2054 2883 2134 2922 me

530 2960 750 3032 spiritus
779 2958 918 3014 uteri
945 2959 1066 3015 mei.
1098 2961 1186 3015 En
1213 2965 1391 3014 venter
1409 2975 1552 3014 meus
1581 2956 1735 3029 quasi
1761 2962 1989 3012 mustum
2017 2955 2134 3011 abs-

529 3064 628 3120 que
654 3048 947 3122 spiracula,
975 3047 1117 3120 quod
1147 3047 1456 3121 lagunculas
1481 3063 1646 3102 novas
1685 3046 1990 3118 disrumpit.

601 3138 690 3194 20.
723 3137 994 3192 Elationis
1022 3137 1246 3208 inﬂatio,
1279 3138 1450 3194 zelum
1477 3155 1543 3192 ex
1561 3137 1744 3210 afﬂatu
1765 3136 2000 3208 Spiritus
2015 3151 2134 3190 san-

531 3226 600 3282 cti
627 3226 944 3296 quandoque
970 3225 1232 3284 imitatur.
1264 3257 1336 3270 —
1365 3225 1522 3296 Quod
1550 3225 1596 3282 si
1627 3225 1934 3297 intelligere
1975 3223 2132 3296 spiri-

534 3313 720 3372 taliter
749 3312 1031 3384 debemus,
1064 3314 1169 3374 hoc
1197 3317 1318 3374 loco
1365 3313 1626 3372 videlicet
1670 3323 1918 3372 ventrem
1949 3312 2133 3369 sinum

531 3402 716 3462 cordis
745 3404 1002 3477 appellat.
1036 3405 1098 3461 In
1120 3413 1302 3462 musto
1322 3421 1454 3461 vero
1480 3403 1653 3461 sancti
1684 3401 1921 3476 Spiritus
1950 3401 2136 3458 fervor

533 3494 822 3568 accipitur,
845 3495 913 3550 de
933 3511 1043 3568 quo
1063 3495 1121 3550 iu
1142 3494 1446 3568 Evangelia
1465 3492 1736 3550 Dominus
1749 3491 1917 3548 dicit:
1945 3491 2136 3549 Vinum

529 3598 723 3638 novum
731 3584 944 3639 mittunt
955 3585 1011 3639 in
1021 3589 1164 3640 utres
1173 3584 1363 3656 novos(
1365 3582 1552 3642 Matth.
1570 3598 1650 3650 rx,
1665 3581 1729 3637 17
1733 3580 1870 3654 ).Ex
1882 3596 1991 3654 quo
2001 3579 2134 3637 dum

532 3680 755 3745 repente
766 3673 1108 3745 replerentur
1117 3670 1790 3746 apostoli(Act.n,d),dum
1806 3670 2012 3743 linguis
2023 3687 2136 3726 om-

543 3768 708 3828 nibus
725 3767 862 3825 ’741
885 3769 1258 3845 loquerentur,
1277 3786 1309 3826 a
1321 3769 1525 3827 Judais
1539 3767 1932 3836 nescientibus,
1951 3765 2046 3825 sed
2058 3775 2135 3824 ta-

533 3876 658 3918 men
675 3878 805 3920 vera
817 3861 1223 3932 attestantibus,
1242 3861 1454 3920 dictum
1471 3869 1570 3918 est:
1592 3860 1664 3917 Hi
1677 3865 1848 3916 musto
1857 3857 2005 3931 pleni
2016 3862 2140 3914 sunt

537 3949 725 4022 (Ibid,
746 3952 858 4027 i3).
883 3953 1226 4027 Lagunculas
1247 3967 1378 4008 vero
1395 3948 1644 4006 inﬁrmas
1665 3948 1783 4022 ipsa
1795 3947 2138 4004 humanitate

533 4040 918 4110 conscientias,
937 4043 1024 4098 vel
1045 4049 1191 4098 certe
1210 4039 1329 4097 hac
1347 4048 1560 4097 terrena
1577 4053 1872 4110 corporum
1895 4035 2136 4103 vascula,

535 4143 647 4184 non
663 4128 1114 4188 inconvenienter
1129 4129 1452 4202 accipimus,
1475 4128 1544 4186 de
1563 4128 1770 4203 quibus
1790 4127 1996 4184 Paulus
2013 4142 2138 4200 apo-

535 4217 710 4273 stolus
738 4216 816 4272 ait
847 4235 860 4273 :
894 4217 1156 4274 Habemus
1200 4219 1502 4274 thesaqu
1549 4218 1706 4273 istum
1734 4216 1792 4272 in
1815 4217 1958 4272 vasis
1993 4215 2142 4288 ﬁcti-

540 4303 678 4362 libus
709 4304 798 4377 (ΙΙ
825 4305 948 4364 Cor.
986 4324 1065 4375 1v,
1099 4307 1177 4381 7).
1207 4307 1339 4364 Eliu
1380 4317 1584 4376 autem,
1615 4306 1764 4380 quia,
1796 4305 1941 4363 sicut
1970 4321 2142 4378 supe-

537 4395 657 4451 rius
715 4394 983 4466 diximus,
1031 4397 1113 4454 sic
1161 4395 1446 4454 inﬂatione
1493 4397 1750 4454 elationis
1796 4395 2138 4464 extenditur,

2239 1813 2308 1869 tis
2349 1812 2622 1879 oboritur,
2654 1811 2763 1869 nisi
2805 1813 2924 1886 ipsa
2951 1822 3144 1871 contra
3171 1812 3605 1887 unumquodque
3635 1810 3836 1869 vitium

2236 1903 2382 1960 bella
2426 1903 2763 1976 signantur?
2807 1904 2879 1961 Et
2925 1904 3059 1977 quid
3089 1921 3184 1976 per
3207 1904 3748 1978 quinquagesimum,
3779 1901 3836 1958 in

2237 2009 2346 2067 quo
2375 2001 2429 2050 et
2449 1990 2666 2064 jubilai
2695 1992 2911 2065 requies
2941 1992 3278 2061 continetur,
3311 1992 3420 2049 nisi
3446 1993 3667 2050 interna
3685 1991 3840 2064 quies

2237 2081 2479 2138 edomito
2507 2080 2655 2138 bello
2699 2081 2901 2138 mentis
2947 2080 3328 2154 exprimitur?
3368 2079 3516 2148 Quid
3563 2097 3697 2138 vero
3745 2096 3840 2153 per

2237 2187 2366 2228 vasa
2410 2169 2772 2239 tabernaculi,
2816 2169 2924 2227 nisi
2964 2168 3211 2226 ﬁdelium
3255 2169 3454 2226 anima
3481 2168 3843 2242 ﬁgurantur?

2237 2262 2443 2320 Levita
2472 2279 2600 2335 ergo
2627 2261 2696 2319 ab
2723 2277 2870 2319 anno
2897 2261 3166 2334 vigesimo
3194 2269 3248 2317 et
3269 2259 3466 2334 quinto
3481 2259 3842 2317 tabernaculo

2237 2351 2506 2419 serviunt,
2530 2360 2584 2408 et
2601 2368 2634 2407 a
2654 2348 3376 2424 quinquagesimocustodes
3395 2366 3656 2406 vasorum
3679 2348 3841 2417 ﬁunt,

2238 2450 2301 2498 ut
2320 2440 2580 2499 videlicet
2594 2442 2689 2515 qui
2719 2439 2902 2498 adhuc
2916 2440 3355 2514 impugnantium
3375 2439 3643 2496 vitiorum
3675 2445 3842 2496 certa-

2239 2531 2392 2587 mina
2419 2547 2517 2604 per
2543 2547 2870 2588 consensum
2901 2529 3288 2588 delectationis
3316 2528 3575 2597 tolerant,
3607 2528 3841 2585 aliorum

2239 2638 2428 2679 curam
2471 2621 2749 2693 suscipere
2791 2637 2903 2677 non
2937 2628 3306 2692 prasumant;
3339 2636 3464 2676 cum
3496 2636 3630 2676 vero
3659 2625 3845 2675 tenta-

2241 2712 2457 2769 tionum
2486 2709 2632 2768 bella
2660 2710 2994 2782 subegerint,
3019 2709 3166 2783 quod
3187 2709 3332 2782 apud
3351 2726 3408 2765 se
3421 2707 3536 2780 jam
3559 2709 3630 2766 de
3651 2710 3848 2766 intima

2242 2801 2643 2874 tranquillitate
2671 2799 2848 2858 securi
2878 2809 3029 2868 sunt,
3063 2799 3372 2855 animarum
3402 2799 3716 2856 custodiam
3737 2816 3846 2856 sor-

2243 2891 2469 2950 tiantur.
2521 2889 2627 2946 Sed
2655 2890 2779 2962 quis
2807 2888 2925 2945 hac
2955 2889 3322 2946 tentationum
3353 2887 3544 2960 pralia
3571 2887 3683 2945 sibi
3715 2907 3851 2963 per-

2242 2980 2382 3038 fecte
2410 2979 2646 3052 subigat,
2679 2997 2805 3036 cum
2834 2978 3037 3035 Paulus
3065 2976 3248 3034 dicat:
3289 2975 3446 3036 Video
3483 2978 3657 3034 aliam
3690 2978 3851 3050 legem

2163 3107 2208 3168 Ο
2241 3070 2300 3125 in
2326 3070 2573 3126 membris
2599 3069 2727 3125 meis
2753 3072 3131 3140 repugnantem
3159 3067 3258 3138 legi
3297 3065 3483 3122 mentis
3512 3082 3662 3132 mete,
3693 3071 3743 3120 et
3767 3083 3852 3122 ca-

2237 3160 2446 3232 ptivum
2489 3175 2566 3214 me
2595 3158 2859 3214 ducentem
2887 3157 2945 3212 in
2992 3157 3094 3228 lege
3129 3154 3327 3227 peccati
3353 3155 3538 3225 (Rom.
3569 3169 3676 3221 vn,
3709 3150 3852 3223 23)?

2244 3249 2349 3306 Sed
2379 3247 2531 3306 aliud
2559 3257 2640 3306 est
2665 3247 2812 3304 bella
2840 3245 3056 3304 fortiter
3084 3244 3315 3319 perpeti,
3339 3241 3493 3302 aliud
3511 3242 3680 3304 bellis
3700 3258 3852 3299 ener-

2244 3338 2388 3396 viter
2414 3337 2736 3411 expugnari.
2770 3337 2833 3392 In
2864 3335 2986 3393 istis
3014 3344 3304 3392 exercetur
3317 3334 3518 3401 virtus,
3552 3348 3625 3389 ne
3655 3330 3852 3389 extolli

2243 3428 2474 3497 debeat;
2509 3429 2566 3484 in
2597 3427 2712 3483 illis
2751 3426 3074 3483 omnimodo
3115 3423 3507 3498 exstinguitur,
3555 3439 3628 3480 ne
3658 3421 3854 3480 subsi-

2245 3528 2368 3577 stat.
2401 3519 2508 3588 Qui
2538 3518 2708 3591 igitur
2735 3515 2840 3574 scit
2869 3516 3087 3575 fortiter
3114 3517 3473 3574 tentationem
3505 3514 3655 3571 ferre
3684 3520 3853 3571 certa-

2245 3609 2432 3676 minis,
2465 3617 2518 3665 et
2547 3623 2671 3664 cum
2701 3605 3007 3663 tentatione
3025 3607 3344 3664 concutitur
3363 3607 3422 3662 in
3441 3605 3557 3662 alta
3574 3619 3699 3662 arce
3721 3617 3853 3676 pra-

2245 3693 2386 3752 sidet
2416 3694 2638 3768 quietis,
2663 3693 2794 3767 quia
2811 3693 2978 3749 etiam
2999 3692 3144 3766 apud
3163 3693 3515 3766 semetipsum
3547 3693 3654 3749 sub
3675 3689 3854 3762 seipse

2246 3801 2363 3843 esse
2404 3785 2786 3842 contentiones
2828 3783 3094 3841 vitiorum
3139 3785 3428 3856 conspicit,
3460 3783 3671 3855 quibus
3702 3781 3854 3838 nulla

2247 3876 2453 3933 fractus
2482 3873 2844 3932 delectatione
2873 3873 3166 3931 consentit.
3201 3871 3494 3945 Sequitur:

2838 4002 3066 4061 CAPUT
3107 4002 3231 4059 XII.

2320 4115 2494 4173 Vens.
2524 4115 2613 4184 21,
2655 4111 2742 4172 22.
2775 4143 2840 4155 -
2870 4113 2991 4171 Non
3031 4111 3286 4184 accipiam
3321 4123 3609 4182 personam
3636 4109 3772 4178 viri,
3812 4115 3862 4164 et

2249 4206 2418 4262 Deum
2455 4205 2655 4262 homini
2688 4221 2795 4260 non
2817 4201 3051 4274 (equabo.
3081 4201 3264 4258 Nescio
3300 4199 3437 4254 enim
3464 4198 3711 4270 quandiu
3741 4197 3864 4253 sub-

2249 4295 2452 4364 sistam,
2484 4299 2532 4350 et
2558 4294 2606 4349 si
2628 4299 2749 4365 post
2776 4290 3038 4348 modicum
3065 4290 3218 4346 tollat
3241 4305 3322 4344 me
3345 4286 3519 4358 factor
3545 4304 3718 4344 metis.

2321 4385 2410 4442 22.
2451 4385 2578 4443 Vitae
2596 4383 2871 4456 prasentis
2910 4387 3108 4454 tempus
3136 4379 3284 4436 breve
3309 4384 3402 4448 est,
3435 4378 3564 4450 quia
3591 4393 3705 4434 non
3727 4393 3854 4450 per-

539 4499 604 4541 ac
633 4483 679 4540 si
727 4483 796 4540 ad
839 4465 1174 4559 loquendum
1222 4499 1318 4558 per
1356 4485 1642 4544 charitatis
1689 4487 1917 4560 gratiam
1949 4484 2142 4542 ardore
2167 4469 2218 4529 D
2249 4481 2442 4530 manet-
2475 4503 2546 4515 -
2592 4474 2758 4530 Recta
2799 4469 3186 4538 CODSidel'atiO,
3215 4469 3384 4560 3°94
3429 4469 3610 4560 Deli“?
3638 4465 3860 4560 Ῐὶοῐηίηξ

537 4571 782 4644 Spiritus
811 4575 985 4632 sancti
1014 4573 1363 4644 accendatur,
1387 4592 1579 4632 sensus
1599 4576 1682 4632 sui
1707 4577 1966 4648 spiritum
1999 4575 2055 4631 in
2077 4593 2142 4633 eo

541 4661 692 4737 quod
725 4664 743 4698 ¹
776 4663 968 4732 tacuit,
1015 4663 1174 4736 quasi
1214 4673 1396 4720 musto
1442 4665 1648 4738 absque
1695 4663 1970 4736 spiraculo
1998 4680 2145 4721 com-

537 4751 772 4828 paravit.
804 4754 876 4810 Et
901 4753 1040 4810 bene
1069 4752 1147 4808 ait
1179 4769 1190 4807 :
1227 4753 1378 4820 Quod
1396 4754 1706 4825 lagunculas
1732 4769 1897 4809 novas
1916 4753 2146 4810 disrum-

531 4844 616 4918 pit
647 4862 662 4914 ;
697 4843 830 4918 quia
857 4843 1033 4902 sancti
1082 4841 1323 4916 Spiritus
1367 4841 1553 4899 fervor
1597 4857 1709 4897 non
1739 4841 1917 4898 solum
1949 4841 2144 4910 veteri,

541 4933 639 4991 sed
668 4933 837 4992 etiam
867 4949 1012 4992 nova
1039 4932 1158 4990 vita
1174 4931 1274 4989 vix
1293 4930 1527 5005 capitur.
1549 4930 1792 4990 Mustum
1813 4946 1942 5004 ergo
1959 4931 2147 5004 lagun-

541 5024 695 5081 culas
723 5040 896 5082 novas
924 5021 1243 5096 disrumpit,
1281 5021 1412 5096 quia
1457 5020 1692 5078 fervoris
1739 5018 1858 5094 ejus
1904 5021 2150 5095 potentia

541 5111 708 5168 etiam
738 5113 1012 5184 spiritalia
1036 5109 1203 5172 corda
1227 5109 1588 5169 transcendit.
1619 5111 1860 5183 Loquar,
1891 5117 1939 5167 et
1966 5111 2150 5183 respi-

541 5200 674 5257 rabo
710 5203 995 5274 paululum
1027 5221 1048 5269 ;
1079 5201 1320 5276 aperiam
1359 5201 1503 5259 labia
1547 5218 1684 5270 mea,
1731 5205 1783 5256 et
1810 5200 2147 5276 respondebo.

543 5288 691 5348 Bene
719 5291 799 5350 ait
832 5309 844 5349 :
878 5294 1188 5366 Respirabo,
1232 5294 1366 5370 quia
1407 5293 1553 5354 sicut
1585 5293 1740 5354 labor
1764 5290 2041 5366 justorum
2071 5303 2154 5353 est

619 5564 637 5640 4
671 5560 857 5640 Baluz.
891 5574 944 5624 et
971 5561 1153 5640 polin,
1183 5567 1380 5640 docuit,
1411 5566 1704 5630 manifesto
1732 5585 1936 5629 errore.

547 5703 560 5714 .
612 5639 642 5716 ξ
673 5639 934 5716 Τιιτοιιη.
957 5637 1116 5696 Colb.
1164 5649 1220 5697 et
1253 5637 1470 5716 _Noru_1.,
1509 5661 1546 5699 a
1573 5642 2053 5716 quinquagenum,
2083 5638 2157 5699 Et

545 5709 706 5780 infra,
725 5726 824 5783 per
839 5709 1375 5782 quinquagenarium.
1396 5709 1477 5770 Ita
1496 5709 1730 5788 qudque"
1748 5709 1951 5785 legitur
1965 5713 2021 5769 in
2043 5723 2153 5772 vet.

2253 4563 2459 4622 idcirco
2505 4579 2615 4620 non
2663 4571 2860 4636 aquat,
2893 4561 3024 4635 quia
3051 4559 3300 4634 quandiu
3327 4558 3421 4616 hic
3449 4557 3735 4624 subsistat,
3771 4555 3860 4610 vel

2253 4649 2472 4726 quando
2519 4651 2588 4710 ad
2625 4651 2726 4708 Dei
2761 4649 3038 4724 judicium
3071 4648 3317 4716 tollatur,
3351 4647 3583 4718 ignorat.
3617 4643 3693 4700 Et
3720 4641 3864 4699 bene

2253 4743 2331 4802 ait
2355 4761 2367 4800 :
2415 4747 2560 4807 742
2586 4745 2718 4801 Post
2740 4741 3004 4798 modicum
3034 4740 3186 4796 tollat
3226 4755 3304 4793 me
3329 4736 3504 4808 factor
3525 4751 3700 4803 meus,
3733 4733 3864 4807 quia

2255 4840 2560 4914 quamlibet
2589 4839 2814 4912 longum
2843 4835 3012 4894 fuerit
3039 4843 3255 4906 tempus
3296 4832 3424 4888 vita
3453 4829 3771 4904 praesentis,
3801 4842 3865 4884 eo

2257 4931 2376 5005 ipso
2403 4932 2570 4989 breve
2599 4939 2700 5000 est,
2731 4946 2840 5004 quo
2869 4941 3194 5002 permanens
3223 4939 3336 4980 non
3364 4930 3466 4979 est.
3490 4922 3687 4995 Neque
3715 4917 3864 4976 enim

2261 5019 2491 5094 dignum
2523 5029 2604 5078 est
2621 5029 2684 5078 ut
2702 5019 2984 5078 diutinum
3001 5015 3303 5089 judicetur,
3326 5009 3606 5094 quidquid
3633 5009 3746 5066 ﬁne
3765 5005 3868 5064 cir-

2257 5093 2671 5168 cumscribitur.
2714 5108 2820 5167 Sed
2863 5108 3008 5166 inter
3037 5105 3138 5164 has
3165 5093 3462 5164 sententias
3491 5116 3632 5175 quas
3661 5113 3734 5156 ex
3762 5111 3870 5152 ve-

2259 5199 2424 5256 ritate
2479 5197 2683 5256 solidas
2729 5197 2960 5271 profert,
3005 5195 3076 5253 ad
3123 5194 3292 5254 verba
3333 5207 3555 5252 rursum
3613 5185 3871 5248 elationis

2261 5289 2522 5365 erumpit,
2555 5287 2744 5350 dicens
2769 5305 2782 5346 :

2262 5559 2368 5624 Ed.
2402 5559 2572 5623 Paris.
2605 5569 2660 5637 et
2688 5559 2880 5634 Basil.,
2915 5579 2979 5623 ac
3007 5555 3172 5637 paulo
3201 5560 3358 5633 post:
3392 5551 3465 5615 Et
3491 5570 3527 5616 α
3551 5549 3873 5629 quinquage-

2263 5639 2421 5696 nario
2449 5635 2705 5706 custodes,
2732 5645 2839 5698 etc.
