4162 6184
324 264 431 320 265

747 379 974 438 CAPUT
1004 380 1135 437 xm
1166 379 1311 454 [ιιεε.
1355 382 1501 458 VII].

395 475 534 532 Car.
563 486 764 539 χχχιιι,
795 470 967 527 Vsus.
1000 470 1322 527 I2.—Audi
1348 473 1537 545 igitur,
1566 473 1684 543 Job,
1716 474 1926 545 eloquia

322 581 460 628 nica,
506 568 557 616 et
591 577 764 616 omnes
807 576 1069 615 sermones
1097 577 1234 615 meos
1273 563 1541 618 ausculta.
1576 564 1710 618 Ecce
1736 564 1927 635 aperui

319 670 377 707 os
404 668 600 715 meum,
632 650 885 721 loquatur
916 650 1097 720 lingua
1124 667 1237 704 mea
1274 650 1335 705 in
1362 650 1607 721 faucibus
1634 652 1780 708 meis.

389 741 474 797 23.
523 740 754 811 Superbi
782 756 969 795 sanam
998 740 1293 795 doctrinam
1320 758 1425 796 non
1455 759 1580 797 sane
1603 742 1924 814 pradicant,

320 832 454 902 quod
502 830 839 885 insolescant.
871 860 941 871 --
970 829 1265 885 Pensemus
1308 830 1374 886 de
1406 848 1513 903 qua
1540 832 1776 888 elatione
1807 831 1926 887 des-

318 920 519 985 cendit,
568 918 722 991 quod
768 918 989 975 beatum
1020 918 1122 973 Job
1159 919 1350 975 audire
1380 937 1436 976 se
1467 921 1744 991 admonet,
1777 923 1922 995 quod

318 1027 374 1065 os
419 1009 709 1080 aperuisse
755 1023 811 1062 se
850 1006 1122 1079 perhibet,
1156 1009 1302 1081 quod
1332 1010 1578 1081 linguam
1606 1028 1761 1068 suam
1800 1013 1813 1046 ¹
1866 1012 1925 1067 in

314 1099 570 1156 faucibus
604 1098 761 1171 loqui
789 1097 1083 1170 promittit.
1127 1098 1242 1156 Hoc
1269 1099 1415 1154 enim
1446 1099 1614 1156 habet
1640 1100 1924 1173 proprium

313 1186 568 1245 doctrina
619 1186 997 1259 arrogantium
1043 1186 1207 1259 (Dist.
1250 1187 1343 1257 46,
1371 1205 1486 1260 cap.
1518 1190 1629 1245 Hoc
1659 1188 1832 1262 habet)
1866 1198 1927 1247 ut

313 1274 612 1332 humiliter
668 1274 920 1331 nesciant
965 1273 1167 1330 inferre
1212 1274 1360 1348 quod
1405 1276 1623 1345 docent,
1677 1284 1732 1333 et
1778 1284 1928 1333 recta

313 1383 430 1439 qua
460 1366 698 1438 sapiunt
727 1371 873 1420 recte
902 1363 1214 1420 ministrare
1242 1380 1350 1420 non
1385 1365 1613 1437 possint.
1645 1366 1707 1422 In
1736 1365 1924 1423 verbis

312 1454 455 1511 enim
509 1471 708 1511 eorum
754 1452 1009 1526 proditur
1048 1453 1197 1526 quod
1242 1470 1368 1512 cum
1415 1453 1633 1523 docent,
1666 1454 1822 1529 quasi
1868 1454 1926 1510 in

311 1544 554 1617 quodam
579 1542 693 1600 sibi
715 1542 977 1599 videntur
999 1542 1021 1577 ²
1040 1544 1377 1600 summitatis
1394 1543 1640 1602 culmine
1660 1543 1922 1613 residere,

309 1646 513 1706 eosque
550 1648 692 1706 quos
741 1632 943 1689 docent
978 1639 1041 1688 ut
1068 1631 1230 1705 longe
1258 1632 1404 1688 infra
1431 1649 1488 1691 se
1516 1634 1724 1706 positos
1752 1632 1926 1689 veluti

312 1722 366 1777 in
397 1721 516 1777 imo
548 1720 879 1794 respiciunt,
903 1720 1103 1793 quibus
1131 1738 1243 1777 non
1267 1720 1605 1779 consulendo
1634 1721 1807 1795 loqui,
1830 1721 1926 1779 sed

311 1812 410 1868 vix
438 1811 792 1868 dominando
821 1811 1137 1884 dignantur.
1160 1813 1324 1870 Recte
1348 1819 1527 1869 autem
1560 1812 1650 1869 his
1678 1828 1773 1885 per
1803 1829 1925 1885 pro-

307 1899 545 1973 phetam
592 1901 859 1958 Dominus
903 1900 1072 1959 dicit:
1132 1902 1230 1960 Vos
1268 1908 1443 1958 autem
1470 1918 1589 1958 cum
1617 1902 1928 1958 austeritate

310 1990 667 2061 imperabatis
710 1990 802 2057 eis,
829 1997 879 2046 et
918 2007 1037 2047 cum
1070 1991 1306 2062 potentia
1350 1991 1566 2065 (Ezecb.
1607 2007 1809 2061 χχχιιι,
1840 1991 1921 2064 4).

309 2077 452 2138 Cum
484 2079 809 2137 austeritate
837 2079 985 2136 enim
1016 2086 1070 2137 et
1090 2081 1336 2152 potentia
1362 2081 1654 2153 imperant,
1680 2081 1776 2154 qui
1797 2080 1923 2138 sub-

308 2168 458 2226 ditos
486 2186 621 2226 suos
648 2186 762 2226 non
791 2169 1089 2243 tranquille
1107 2170 1489 2227 ratiocinando
1509 2170 1802 2243 corrigere,
1825 2169 1923 2227 sed

309 2273 504 2332 aspere
536 2257 820 2317 inﬂectere
845 2257 1184 2316 dominando
1214 2258 1496 2316 festinant.

382 2365 530 2441 [Vet.
569 2366 762 2441 XIII.]
794 2366 881 2424 24.
922 2368 1056 2425 Vera
1082 2368 1325 2425 doctrina
1354 2369 1634 2425 elationem
1663 2366 1822 2439 fugit.
1853 2397 1924 2409 —

309 2458 381 2512 At
407 2464 615 2513 contra
641 2472 778 2512 vera
803 2457 1057 2513 doctrina
1094 2463 1250 2513 tanto
1278 2457 1660 2514 vehementius
1686 2457 1794 2514 hoc
1819 2456 1923 2513 ειδ-

306 2544 490 2602 tionis
519 2546 730 2601 vitium
765 2544 908 2617 fugit
934 2560 1032 2616 per
1058 2547 1467 2617 cogitationem,
1499 2553 1704 2619 quanto
1734 2546 1923 2602 arden-

302 2635 426 2690 tius
457 2632 769 2689 verborum
792 2648 1015 2688 suorum
1039 2631 1241 2704 jaculis
1270 2634 1449 2707 ipsum
1471 2634 1787 2707 magistrum
1819 2636 1922 2693 ela-

304 2723 499 2779 tionis
550 2720 880 2794 insequitur.
922 2720 1091 2779 Cavet
1117 2723 1262 2778 enim
1296 2739 1363 2778 ne
1392 2738 1514 2779 eum
1553 2724 1723 2797 magis
1765 2724 1922 2781 elatis

308 2809 581 2867 moribus
610 2810 887 2883 pradicet,
917 2824 1078 2883 quem
1105 2811 1163 2866 in
1186 2811 1352 2868 corde
1378 2811 1721 2871 audientium
1751 2814 1922 2872 sacris

307 2898 675 2958 sermonibus
715 2900 1030 2957 insectatur.
1075 2899 1455 2957 Humilitatem
1497 2918 1753 2977 namque,
1799 2920 1920 2977 qua

310 2991 583 3064 magistra
602 2994 684 3046 est
703 2988 954 3045 omnium
972 2996 1252 3063 materque
1272 2990 1624 3060 virtutum,et
1645 2991 1920 3065 loquendo

311 3080 517 3150 dicere,
551 3085 610 3137 et
638 3075 880 3136 vivendo
910 3081 932 3116 ³
962 3086 1194 3138 conatur
1221 3080 1528 3151 ostendere,
1550 3090 1614 3138 ut
1633 3098 1750 3138 eam
1773 3081 1920 3155 apud

308 3170 619 3246 discipulos
647 3171 900 3228 veritatis
927 3172 1053 3244 plus
1082 3172 1331 3230 moribus
1360 3189 1523 3246 quam
1571 3172 1921 3230 sermonibus

308 3261 622 3335 eloquatur.
646 3261 802 3318 Unde
822 3262 1025 3318 Paulus
1054 3260 1631 3320 Thessalonicensibus
1664 3263 1915 3337 loquens,

308 3350 462 3422 quasi
496 3338 762 3406 culminis
791 3349 1001 3422 proprii
1032 3350 1366 3421 apostolatus
1394 3350 1622 3419 oblitus,
1660 3351 1771 3409 ait:
1806 3353 1917 3408 Fa-

307 3442 376 3496 cti
414 3455 605 3497 sumus
639 3442 862 3513 parvuli
904 3440 961 3496 in
987 3441 1158 3496 medio
1186 3447 1415 3496 vestrum
1446 3442 1501 3509 (Ι
1531 3443 1706 3500 Thess.
1740 3460 1802 3512 ιι,
1837 3444 1915 3516 7).

308 3529 461 3589 Unde
488 3532 684 3588 Petrus
702 3531 1135 3605 apostolus,cum
1155 3530 1363 3589 diceret
1388 3549 1398 3587 :
1423 3532 1616 3588 Parati
1633 3549 1836 3605 semper
1849 3534 1921 3590 ad

309 3622 733 3693 satisfactionem
776 3622 919 3678 omni
957 3622 1191 3694 poscenti
1216 3638 1310 3678 vos
1336 3623 1598 3679 rationem
1626 3623 1690 3679 de
1716 3640 1776 3679 ea
1805 3641 1921 3695 qua:

310 3710 371 3765 in
415 3709 572 3766 vobis
617 3716 696 3765 est
727 3727 813 3783 spe
860 3708 917 3783 (Ι
952 3712 1065 3768 Pet.
1112 3728 1196 3779 ιιι,
1232 3710 1346 3783 15),
1381 3711 1437 3766 in
1484 3712 1603 3783 ipsa
1652 3710 1919 3770 doctrina

310 3799 552 3857 scientia
571 3798 888 3872 qualitatum
920 3798 1156 3859 docendi
1183 3799 1417 3856 asseruit
1434 3815 1552 3856 esse
1572 3800 1915 3873 servandam,

311 3890 586 3947 subdens:
636 3890 739 3947 Sed
783 3907 901 3946 cum
944 3889 1197 3946 modestia
1235 3895 1283 3944 et
1314 3888 1519 3957 timore,
1550 3890 1920 3948 conscientiam

313 3979 554 4036 habentes
582 3980 773 4035 bonam
799 3977 996 4052 (Ibid,
1028 3978 1141 4051 16).
1185 3978 1302 4036 Hoc
1347 3986 1528 4035 autem
1583 3978 1730 4054 quod
1758 3981 1918 4040 disci-

314 4068 441 4140 pulo
473 4068 681 4125 Paulus
710 4068 820 4125 ait:
853 4068 1089 4140 P-rwcipe
1116 4067 1241 4135 hac,
1273 4073 1321 4124 et
1346 4067 1467 4123 doce
1499 4084 1617 4124 cum
1645 4070 1789 4125 omni
1817 4069 1918 4125 im-

314 4161 458 4231 perio
489 4160 550 4233 (1
578 4161 714 4217 Tim.
738 4177 817 4229 Iv,
845 4159 943 4227 Il;
978 4160 1081 4215 Tit.
1106 4175 1166 4229 ιι,
1190 4158 1319 4232 15);
1354 4175 1464 4216 non
1485 4159 1917 4219 dominationem

321 4248 701 4323 potentia,sed
717 4250 1102 4308 auctoritatem
1125 4249 1320 4306 suadet
1335 4250 1513 4306 vita.‘
1531 4250 1667 4309 Cum
1688 4253 1918 4325 imperio

320 4342 519 4415 quippe
566 4340 799 4399 docetur
845 4342 991 4416 quod
1038 4340 1191 4413 prius
1237 4342 1417 4415 agitur
1462 4357 1625 4415 quam
1679 4342 1914 4402 dicatur.

320 4429 450 4486 Nam
484 4428 748 4488 doctrina
785 4429 1066 4488 subtrahit
1094 4430 1377 4500 ﬁduciam,
1400 4431 1617 4505 quando
1636 4433 1917 4491 conscien-

322 4518 395 4574 tia
420 4519 694 4593 prapedit
719 4521 989 4593 linguam.
1021 4519 1141 4577 Non
1175 4535 1301 4593 ergo
1330 4519 1381 4577 ei
1410 4526 1733 4593 potestatem
1763 4522 1917 4580 elata

322 4605 637 4678 locutionis,
687 4610 783 4668 sed
829 4610 989 4668 bona
1025 4609 1285 4668 ﬁduciam
1329 4610 1635 4668 insinuavit
1660 4610 1911 4670 actionis.

325 4696 474 4754 Unde
502 4698 669 4755 etiam
699 4697 767 4755 de
796 4700 1034 4758 Domino
1061 4698 1327 4772 scriptum
1356 4705 1472 4756 est:
1506 4700 1647 4756 Erat
1670 4701 1803 4755 enim
1826 4700 1914 4757 do-

321 4802 454 4854 cens,
504 4788 637 4845 sicut
676 4795 983 4862 potestatem
1028 4790 1242 4857 habens,
1287 4806 1396 4845 non
1440 4788 1574 4846 sicut
1621 4790 1817 4848 Scriba:
1869 4797 1915 4847 et

323 4875 585 4935 Pharisai
626 4879 848 4952 (Matth.
896 4898 999 4951 vn,
1045 4880 1160 4953 29).
1200 4878 1562 4954 Singulariter
1588 4896 1824 4956 namque
1851 4896 1914 4940 ac

393 5073 409 5149 ξ
440 5069 627 5149 ρριιιη
659 5071 896 5149 Vindoc.
928 5078 983 5133 et
1008 5075 1219 5149 Norm.,
1251 5075 1310 5132 in
1336 5075 1579 5149 faucibus
1608 5074 1738 5135 suis.

391 5146 884 5223 ’__Editi,_culmine
937 5147 1293 5205 sublimitatis.
1337 5146 1646 5223 Sequimur
1703 5149 1911 5218 Baluz.,

325 5215 477 5275 Colb.
509 5226 563 5274 et
594 5215 784 5276 Norm.

392 5292 413 5324 ³
442 5290 655 5361 Norm.,
688 5290 874 5350 Baluz.
908 5296 962 5349 et
989 5289 1170 5362 Colb.,
1213 5298 1494 5358 conantur,
1537 5297 1592 5349 et
1619 5291 1781 5361 infra,
1812 5291 1913 5348 elo-

358 5366 576 5420 uantur.

325 5376 355 5431 ρ
442 5432 637 5519 Xind.,
667 5436 868 5519 Norm._
888 5433 1095 5519 etnalii,
1135 5450 1251 5491 cum
1278 5435 1422 5492 omni
1449 5436 1641 5508 quippe
1667 5434 1910 5507 imperio.

391 5505 412 5538 ‘
442 5504 627 5577 Deest,
656 5509 822 5577 solus,
854 5508 910 5563 in
939 5508 1127 5564 Norm.

389 5578 413 5653 ξ
441 5576 680 5653 Yindoc.
714 5587 768 5635 et
795 5576 935 5653 pler1
964 5578 1180 5653 No_r_m.,
1210 5596 1378 5635 nosse.

392 5649 411 5683 ⁷
442 5649 523 5705 Ita
563 5650 772 5719 Baluz.,
796 5648 1000 5718 ’Colb.,
1040 5650 1231 5707 Norm.
1277 5657 1331 5705 et
1371 5657 1479 5706 vet.
1519 5651 1623 5707 Ed.
1654 5648 1826 5706 Paris.
1860 5655 1915 5704 et

330 5716 484 5776 Basil.
529 5721 643 5779 Alii
674 5716 899 5791 habent,
934 5716 1108 5795 typho.
1143 5720 1409 5779 Observat
1452 5728 1637 5777 noster
1664 5719 1912 5780 Mabillo-

604 5820 843 5877 ΡΑτιιοι..
879 5818 1128 5875 LXXVI.

1071 257 1444 316 MORALIUM
1482 259 1615 317 LIB.
1659 259 1863 317 XXIII.
1899 287 1969 302 —
2007 259 2078 316 IN
2115 260 2344 319 CAPUT
2381 262 2622 319 XXXIII
2659 265 2722 321 Β.
2762 264 2906 323 JOB.

1947 4475 1996 4534 D

3539 268 3644 327 266

1952 385 2005 447 Α
2033 384 2418 457 principaliter
2445 386 2466 420 ⁸
2516 384 2665 441 solus
2709 401 2777 441 ex
2816 394 3099 458 potestate
3126 388 3272 446 bona
3299 390 3514 450 locutus
3541 402 3643 459 est,

2042 474 2174 547 quia
2201 490 2270 529 ex
2302 473 2624 530 inﬁrmitate
2656 474 2803 530 mala
2832 475 2989 532 nulla
3016 479 3313 536 commisit.
3334 480 3422 537 Ex
3440 482 3643 541 divini-

2035 567 2170 623 tatis
2200 567 2402 640 quippe
2437 566 2685 640 potentia
2728 566 2926 623 habuit
2970 568 3026 624 id
3053 569 3201 642 quod
3231 572 3390 629 nobis
3418 592 3516 648 per
3544 576 3644 635 hu-

2037 656 2324 713 manitatis
2348 674 2460 713 sua
2491 656 2871 714 innocentiam
2903 657 3259 715 ministravit.

2109 745 2248 819 [νει.
2269 746 2419 813 XIV,
2442 748 2560 804 Rec.
2593 746 2731 804 VIII
2735 745 2775 820 .]
2801 746 2890 803 25.
2928 747 3071 814 Quid
3094 748 3559 819 pradicatonbus,
3587 761 3646 809 ut

2035 838 2313 893 elationem
2367 836 2602 909 fugiant,
2661 837 3125 894 considerandum.
3179 869 3251 880 —
3304 840 3414 896 Nos
3472 841 3641 910 enim,

2035 926 2166 997 quia
2194 925 2401 980 inﬁrmi
2435 924 2689 983 homines
2712 943 2923 994 sumus,
2947 943 3072 983 cum
3102 926 3171 982 de
3190 928 3303 983 Deo
3326 925 3647 985 hominibus

2034 1014 2336 1086 loquimur,
2386 1014 2649 1071 debemus
2690 1016 2934 1087 primum
2965 1018 2988 1053 ⁸
3030 1017 3352 1073 meminisse
3380 1017 3527 1090 quod
3558 1033 3645 1072 su-

2035 1118 2179 1170 mus,
2224 1109 2288 1158 ut
2325 1118 2395 1158 ex
2443 1104 2668 1176 propria
2711 1104 3036 1162 inﬁrmitate
3075 1122 3368 1178 pensemus
3397 1123 3506 1180 quo
3551 1107 3644 1164 do.

2034 1189 2197 1247 cendi
2226 1190 2424 1247 ordine
2444 1192 2686 1251 inﬁrmis
2705 1194 2972 1251 fratribus
2990 1197 3361 1253 consulamus.
3386 1196 3645 1254 Conside-

2036 1294 2223 1336 remus
2274 1280 2445 1353 igitur
2493 1283 2623 1355 quia
2663 1291 2758 1340 aut
2811 1285 2947 1341 tales
3004 1301 3215 1353 sumus,
3261 1292 3406 1350 743
3458 1287 3645 1361 quales

2036 1376 2335 1433 nonnullos
2378 1380 2739 1453 corrigimus;
2772 1388 2869 1438 aut
2913 1383 3051 1439 tales
3077 1384 3375 1457 aliquando
3415 1385 3642 1457 fuimus,

2035 1465 2137 1522 etsi
2166 1464 2281 1537 jam
2312 1466 2506 1524 divina
2534 1469 2719 1541 gratia
2747 1476 3004 1543 operante
3029 1488 3141 1528 non
3170 1489 3379 1543 sumus,
3410 1482 3472 1530 ut
3490 1481 3645 1532 tanto

2036 1556 2442 1627 temperantius
2462 1557 2662 1615 humili
2706 1560 2869 1616 corde
2897 1561 3256 1634 corrigamus,
3290 1571 3496 1636 quanto
3522 1579 3645 1621 nos-

2035 1645 2302 1718 metipsos
2344 1647 2531 1703 verius
2580 1648 2638 1703 in
2684 1647 2772 1704 his
2818 1665 2955 1723 quos
2996 1651 3351 1709 emendamus
3384 1653 3644 1726 agnosci—

1959 1748 2007 1810 B
2036 1749 2180 1790 mus.
2212 1734 2268 1791 Si
2302 1742 2484 1791 autem
2515 1736 2652 1793 tales
2679 1753 2782 1796 nec
2805 1755 3016 1809 sumus,
3049 1757 3150 1799 nec
3190 1742 3419 1812 fuimus,
3452 1744 3643 1817 quales

2036 1823 2220 1881 adhuc
2248 1823 2333 1880 illi
2363 1831 2496 1881 sunt
2523 1842 2661 1899 quos
2701 1827 2992 1885 emendare
3019 1847 3295 1900 curamus,
3329 1848 3398 1888 ne
3426 1849 3522 1889 cor
3549 1850 3642 1891 no-

2036 1920 2214 1970 strum
2262 1913 2404 1970 forte
2443 1913 2742 1987 superbiat,
2774 1923 2829 1973 et
2869 1916 2937 1973 de
2979 1917 3101 1991 ipsa
3143 1919 3462 1978 innocentia
3489 1920 3646 1995 pejus

2035 2010 2179 2071 ruat,
2202 2018 2440 2076 quorum
2468 2004 2613 2060 mala
2640 2004 2989 2078 corrigimus,
3013 2007 3123 2064 alia
3150 2024 3341 2066 eorum
3370 2010 3515 2067 bona
3544 2028 3639 2068 no-

2032 2092 2121 2149 bis
2167 2100 2294 2149 ante
2335 2093 2526 2151 oculos
2571 2109 2913 2153 revocemus.
2959 2097 3091 2165 Qua
3132 2098 3179 2155 si
3229 2098 3457 2157 omnino
3490 2100 3645 2158 nulla

2034 2191 2182 2254 sunt,
2218 2185 2287 2242 ad
2315 2187 2535 2243 occulta
2569 2186 2667 2243 Dei
2692 2185 2907 2260 judicia
2933 2206 3303 2260 recurramus,
3338 2193 3468 2266 quia
3500 2193 3645 2251 sicut

2034 2290 2134 2330 nos
2164 2273 2380 2331 meritis
2408 2273 2580 2331 nullis
2610 2273 2715 2332 hoc
2743 2274 2924 2349 ipsum
2954 2276 3163 2334 bonum
3194 2278 3343 2351 quod
3374 2278 3643 2338 habemus

2032 2362 2365 2433 accepimus,
2412 2364 2493 2419 ita
2532 2363 2659 2419 illos
2706 2380 2924 2438 quoque
2966 2373 3146 2439 potest
3191 2368 3365 2439 gratia
3394 2384 3642 2442 superna

2032 2452 2259 2510 virtutis
2297 2452 2610 2522 infundere,
2642 2460 2705 2509 ut
2751 2453 2977 2511 excitati
3017 2455 3299 2528 posterius
3325 2458 3493 2513 etiam
3524 2457 3642 2531 ipsa

2031 2542 2245 2614 possint
2289 2543 2433 2599 bona
2477 2557 2600 2615 qua
2646 2558 2747 2599 nos
2787 2551 2913 2600 ante
2955 2545 3269 2618 accepimus
3316 2546 3637 2619 pravenire.

2031 2629 2167 2698 Quis
2213 2630 2361 2687 enim
2408 2630 2658 2688 crederet
2686 2631 2834 2705 quod
2874 2648 2971 2705 per
3002 2635 3340 2707 apostolatus
3380 2637 3637 2693 meritum

2030 2722 2231 2779 Saulus
2259 2722 2569 2795 lapidatum
2598 2722 2938 2796 Stephanum
2970 2741 3339 2798 pracessurus
3357 2735 3475 2784 erat
3487 2729 3638 2800 (Act.

2029 2829 2131 2881 vn,
2162 2813 2281 2885 57),
2314 2813 2412 2886 qui
2441 2812 2498 2869 in
2540 2822 2718 2870 morte
2746 2811 2866 2885 ejus
2895 2815 3260 2888 Iapidantium
3308 2819 3640 2876 vestimenta

2030 2901 2322 2959 servabat?
2353 2903 2452 2959 His
2477 2918 2605 2975 ergo
2633 2904 2875 2976 primum
2899 2903 3329 2976 cogitationibus
3352 2904 3638 2963 humiliari

2029 3007 2127 3050 cor
2169 2989 2354 3059 debet,
2389 2998 2444 3047 et
2471 2997 2607 3048 tunc
2646 2990 2869 3047 demum
2898 2991 3342 3066 delinquentium
3373 2993 3639 3068 iniquitas

2018 3079 2323 3152 "increpari.
2355 3078 2461 3136 Sed
2490 3078 2660 3148 hunc,
2692 3086 2755 3136 ut
2782 3095 2923 3152 sape
2951 3078 3163 3138 dictum
3194 3088 3295 3150 est,
3339 3083 3638 3141 locutionis

2030 3169 2257 3227 modum
2286 3169 2417 3226 Eliu
2447 3168 2698 3243 ignorare
2728 3168 3056 3240 ostenditur,
3098 3170 3196 3244 qui
3251 3170 3311 3228 in
3358 3172 3636 3231 locutione

2029 3275 2127 3316 sua
2146 3258 2403 3316 elationis
2423 3261 2444 3295 ⁷
2478 3265 2611 3332 typo
2640 3260 2795 3333 quasi
2825 3259 3073 3332 potentia
3094 3258 3380 3333 cujusdam
3402 3263 3636 3321 auctori-

2028 3349 2159 3406 tatis
2188 3348 2432 3419 inﬁatur,
2464 3348 2681 3406 dicens:
2714 3346 2861 3406 Audi
2889 3350 3073 3422 igitur,
3102 3350 3221 3418 Job,
3257 3353 3469 3424 eloquia
3498 3370 3633 3418 mea,

2029 3445 2078 3494 et
2119 3456 2295 3496 omnes
2348 3456 2610 3496 sermones
2665 3456 2803 3496 meos
2856 3441 3118 3497 ausculta.
3164 3441 3297 3497 Ecce
3339 3442 3530 3514 aperui
3579 3458 3636 3498 os

2028 3546 2220 3595 meum,
2255 3530 2506 3600 loquatur
2539 3530 2720 3601 lingua
2748 3546 2861 3585 mea
2892 3530 2950 3585 in
2976 3529 3222 3600 faucibus
3250 3531 3397 3588 meis.

2099 3618 2187 3675 26.
2230 3619 2493 3676 Nonnulli
2542 3620 2850 3676 modestiam
2912 3623 3081 3677 solum
3138 3621 3412 3679 simulant.
3461 3654 3533 3667 —
3573 3624 3634 3682 In

2028 3708 2283 3767 faucibus
2313 3726 2444 3767 vero
2473 3710 2628 3783 loqui
2656 3717 2737 3766 est
2766 3710 2994 3767 silenter
3033 3706 3236 3781 dicere,
3266 3721 3321 3770 et
3360 3730 3469 3770 non
3510 3716 3635 3771 cla—

2029 3798 2281 3854 moribus
2323 3799 2637 3856 vociferari.
2689 3798 2903 3865 Quibus
2932 3799 3117 3856 verbis
3145 3810 3461 3873 arrogantes
3490 3802 3633 3857 intra

2028 3894 2272 3943 sanctam
2302 3887 2605 3943 Ecclesiam
2635 3888 2847 3958 positos
2874 3887 3071 3958 signat.
3115 3887 3183 3943 Hi
3213 3889 3362 3943 enim
3394 3888 3547 3943 velut
3575 3888 3632 3945 in

2028 3974 2287 4033 faucibus
2315 3975 2467 4050 loqui
2494 3975 2778 4044 dicuntur,
2811 3975 3033 4048 quando
3070 3991 3182 4032 non
3212 3983 3403 4032 contra
3443 3976 3631 4035 adver-

2028 4064 2201 4123 sarios
2246 4073 2404 4123 extra
2449 4065 2703 4122 viventes
2742 4065 3001 4134 clamant,
3043 4064 3138 4121 sed
3184 4064 3449 4138 quosdam
3488 4065 3634 4124 intra

2029 4158 2215 4214 sinum
2240 4163 2441 4214 sancta
2459 4156 2719 4214 Ecclesia
2739 4155 2895 4230 quasi
2920 4156 3135 4213 vicinos
3154 4172 3218 4213 ac
3243 4154 3407 4229 juxta
3426 4158 3633 4231 positos

2028 4247 2331 4320 increpant.
2379 4246 2531 4319 Sape
2568 4262 2699 4302 vero
2728 4253 3044 4319 arrogantes
3072 4244 3318 4301 eamdem
3349 4263 3511 4320 quam
3540 4254 3634 4304 te-

2027 4343 2164 4392 nent
2204 4334 2574 4407 arrogantiam
2620 4351 2677 4392 se
2725 4335 2912 4407 fugere
2941 4333 3274 4403 ostendunt;
3307 4342 3361 4391 et
3390 4334 3522 4392 dum
3551 4337 3633 4394 sic

2026 4433 2222 4483 cuncta
2255 4432 2443 4497 agunt,
2475 4433 2538 4482 ut
2566 4426 2783 4481 nullum
2815 4425 3038 4492 lateant,
3062 4422 3179 4481 hac
3207 4423 3419 4496 private
3446 4425 3629 4498 singu-

2026 4517 2097 4573 lis
2126 4516 2283 4589 quasi
2314 4516 2334 4551 ⁸
2364 4516 2596 4572 latenter
2623 4521 2852 4571 narrant
2876 4531 2887 4569 :
2922 4520 3190 4587 quatenus
3214 4530 3325 4570 non
3354 4514 3532 4571 solum
3561 4514 3630 4573 dc

2025 4623 2190 4664 sensu
2218 4606 2617 4681 intelligentia,
2641 4606 2737 4664 sed
2759 4605 2825 4662 de
2856 4607 2974 4679 ipso
3003 4604 3147 4679 apud
3179 4606 3433 4663 homines
3462 4607 3627 4663 etiam

2024 4698 2352 4773 arrogantia
2389 4704 2710 4770 contemptu
2753 4695 3075 4771 glorientur.
3124 4694 3279 4752 Unde
3309 4713 3459 4753 nunc
3486 4696 3628 4752 dici-

2023 4795 2156 4846 tur:
2207 4789 2483 4861 Loquatur
2526 4787 2707 4859 lingua
2753 4803 2867 4841 mea
2906 4785 2962 4841 in
2990 4783 3235 4854 faucibus
3265 4783 3411 4838 meis.
3455 4784 3536 4839 Ac
3579 4780 3625 4838 si

2022 4888 2207 4955 aperte
2237 4879 2480 4938 dicatur:
2526 4877 2658 4946 Qua
2683 4884 2876 4936 contra
2896 4882 2948 4933 te
2966 4872 3265 4947 prudenter
3283 4872 3478 4940 sentio,
3502 4886 3626 4929 ecce

2021 5073 2149 5132 nius
2186 5069 2449 5148 adepist.
2481 5068 2583 5131 247
2613 5063 3257 5148 san_cti_Berna_1'disape
3299 5061 3403 5135 legi
3446 5070 3625 5148 tgpum

2022 5164 2121 5220 pro
2174 5138 2347 5220 typho;
2392 5146 2457 5218 in
2495 5161 2639 5220 ~mss.
2689 5141 2939 5220 Qodicib.
2992 5138 3054 5194 Id
3097 5151 3237 5208 saepe
3267 5138 3527 5220 _occurrit
3565 5138 3624 5195 in

2022 5164 2121 5220 pro
2174 5164 2225 5218 by
2262 5164 2347 5214 no,
2392 5164 2457 5218 ,ιιι
2509 5164 2639 5201 mss.
2689 5164 2939 5200 nomen).
2992 5164 3054 5194 lu
3097 5164 3237 5208 adipe
3283 5164 3523 5218 yuuun'u
3565 5164 3619 5195 ιιι

2021 5164 2431 5298 exemplaribus
2467 5212 2848 5298 ﬁreg‘orianis‘
2885 5209 3458 5298 manupexa‘ratis.
3488 5209 3619 5283 Reg.

2021 5280 2203 5361 sancti
2220 5286 2573 5361 Benedictio.
2593 5280 2691 5361 31,
2714 5282 2812 5361 ubi
2834 5281 3037 5361 legitur
3055 5280 3169 5361 sine
3190 5284 3308 5361 typo
3330 5280 3410 5361 vel
3430 5280 3589 5361 mora
3606 5299 3620 5361 ς

2022 5357 2373 5414 Hildemarus
2411 5355 2545 5428 legit
2584 5350 2696 5428 sine
2743 5350 3057 5428 typho,_hoc
3088 5358 3169 5407 est
3191 5350 3329 5428 _Si_ne
3358 5350 3503 5428 fastu
3530 5358 3625 5409 aut

2021 5429 2363 5502 arrogantia:
2384 5423 2563 5502 Aug,
2595 5427 2654 5482 in
2681 5423 2774 5502 ps.
2793 5423 2885 5502 uv,
2916 5426 2949 5480 6
2968 5423 3227 5502 :__Inpenhis-
3246 5423 3505 5502 hominem
3534 5441 3619 5479 su-

2016 5493 2443 5574 perbum,‘typho
2473 5493 3041 5574 arrogantissimOLEt
3068 5493 3285 5574 deCiv.
3318 5493 3437 5574 Dei,
3470 5495 3507 5550 Ι.
3537 5510 3620 5574 ιι,

2021 5568 2069 5631 c.
2114 5568 2356 5699 penult:
2403 5588 2566 5627 unam
2607 5568 2865 5641 fruentem
2915 5568 3042 5633 Deo,
3073 5568 3297 5622 alteram
3348 5573 3620 5651 tumentem

2025 5651 2110 5699 tun
2148 5662 2200 5699 ο.
3531 5682 3535 5691 ς

2073 5662 2200 5718 Ρηρτ

2025 5651 2420 5789 Ἧέὴῖἶθιὶᾳιιθ,
2452 5715 2681 5772 silenter.

3300 5808 3333 5860 9
