  <div class='ocr_page' id='page_1' title='image "/cluster/home/n/w/nwhite01/storage/ocr_20150623/76/hvd.32044052772456/141.png"; bbox 0 0 4162 6184; ppageno 0'>
   <div class='ocr_carea' id='block_1_1' title="bbox 480 251 582 309">
    <p class='ocr_par' dir='ltr' id='par_1_1' title="bbox 480 251 582 309">
     <span class='ocr_line' id='line_1_1' title="bbox 480 251 582 309; baseline -0.01 0"><span class='ocrx_word' id='word_1_1' title='bbox 480 251 582 309; x_wconf 82' lang='grc'>267</span> 
     </span>
    </p>
   </div>
   <div class='ocr_carea' id='block_1_2' title="bbox 1689 245 2577 305">
    <p class='ocr_par' dir='ltr' id='par_1_2' title="bbox 1689 245 2577 305">
     <span class='ocr_line' id='line_1_2' title="bbox 1689 245 2577 305; baseline -0.001 -1"><span class='ocrx_word' id='word_1_2' title='bbox 1689 246 1939 304; x_wconf 79' lang='lat' dir='ltr'><strong>SANCTI</strong></span> <span class='ocrx_word' id='word_1_3' title='bbox 1977 245 2314 305; x_wconf 78' lang='lat' dir='ltr'><strong>GREGOBH</strong></span> <span class='ocrx_word' id='word_1_4' title='bbox 2350 246 2577 305; x_wconf 77' lang='lat' dir='ltr'><strong>MAGNI</strong></span> 
     </span>
    </p>
   </div>
   <div class='ocr_carea' id='block_1_3' title="bbox 3677 250 3783 308">
    <p class='ocr_par' dir='ltr' id='par_1_3' title="bbox 3677 250 3783 308">
     <span class='ocr_line' id='line_1_3' title="bbox 3677 250 3783 308; baseline 0 -2"><span class='ocrx_word' id='word_1_5' title='bbox 3677 250 3783 308; x_wconf 84' lang='grc'>268</span> 
     </span>
    </p>
   </div>
   <div class='ocr_carea' id='block_1_4' title="bbox 475 369 3782 445">
    <p class='ocr_par' dir='ltr' id='par_1_4' title="bbox 475 369 3782 445">
     <span class='ocr_line' id='line_1_4' title="bbox 475 369 3782 445; baseline -0.002 -12"><span class='ocrx_word' id='word_1_6' title='bbox 475 378 701 435; x_wconf 86' lang='lat' dir='ltr'><strong>silenter</strong></span> <span class='ocrx_word' id='word_1_7' title='bbox 728 389 911 431; x_wconf 89' lang='lat' dir='ltr'><strong>narro.</strong></span> <span class='ocrx_word' id='word_1_8' title='bbox 944 371 1257 445; x_wconf 82' lang='lat' dir='ltr'><strong>Aliquando</strong></span> <span class='ocrx_word' id='word_1_9' title='bbox 1284 378 1466 428; x_wconf 89' lang='lat' dir='ltr'><strong>autem</strong></span> <span class='ocrx_word' id='word_1_10' title='bbox 1499 373 1516 406; x_wconf 79' lang='grc' dir='ltr'>ι</span> <span class='ocrx_word' id='word_1_11' title='bbox 1547 371 1606 428; x_wconf 92' lang='lat' dir='ltr'><strong>in</strong></span> <span class='ocrx_word' id='word_1_12' title='bbox 1635 379 1846 428; x_wconf 89' lang='lat' dir='ltr'><strong>tantam</strong></span> <span class='ocrx_word' id='word_1_13' title='bbox 1876 370 2071 443; x_wconf 84' lang='lat' dir='ltr'><strong>impn—</strong></span> <span class='ocrx_word' id='word_1_14' title='bbox 2097 376 2150 436; x_wconf 76' lang='grc' dir='ltr'>Α</span> <span class='ocrx_word' id='word_1_15' title='bbox 2177 369 2512 443; x_wconf 83' lang='lat' dir='ltr'><strong>spiraculum</strong></span> <span class='ocrx_word' id='word_1_16' title='bbox 2531 385 2590 426; x_wconf 92' lang='lat' dir='ltr'><strong>se</strong></span> <span class='ocrx_word' id='word_1_17' title='bbox 2613 378 2799 426; x_wconf 90' lang='lat' dir='ltr'><strong>narrat</strong></span> <span class='ocrx_word' id='word_1_18' title='bbox 2819 370 3142 426; x_wconf 89' lang='lat' dir='ltr'><strong>animatum.</strong></span> <span class='ocrx_word' id='word_1_19' title='bbox 3167 371 3330 428; x_wconf 89' lang='lat' dir='ltr'><strong>Facto</strong></span> <span class='ocrx_word' id='word_1_20' title='bbox 3351 372 3554 444; x_wconf 85' lang='lat' dir='ltr'><strong>quippe</strong></span> <span class='ocrx_word' id='word_1_21' title='bbox 3587 371 3782 436; x_wconf 81' lang='lat' dir='ltr'><strong>Adam,</strong></span> 
     </span>
    </p>
   </div>
   <div class='ocr_carea' id='block_1_5' title="bbox 475 459 2068 532">
    <p class='ocr_par' dir='ltr' id='par_1_5' title="bbox 475 459 2068 532">
     <span class='ocr_line' id='line_1_5' title="bbox 475 459 2068 532; baseline -0.004 -10"><span class='ocrx_word' id='word_1_22' title='bbox 475 465 676 522; x_wconf 60' lang='lat' dir='ltr'><strong>dentis:</strong></span> <span class='ocrx_word' id='word_1_23' title='bbox 706 463 996 520; x_wconf 80' lang='lat' dir='ltr'><strong>elationem</strong></span> <span class='ocrx_word' id='word_1_24' title='bbox 1023 459 1338 532; x_wconf 90' lang='lat' dir='ltr'><strong>prosiliunt,</strong></span> <span class='ocrx_word' id='word_1_25' title='bbox 1371 469 1432 518; x_wconf 92' lang='lat' dir='ltr'><strong>ut</strong></span> <span class='ocrx_word' id='word_1_26' title='bbox 1459 460 1583 517; x_wconf 89' lang='lat' dir='ltr'><strong>aliis</strong></span> <span class='ocrx_word' id='word_1_27' title='bbox 1612 459 1922 518; x_wconf 81' lang='lat' dir='ltr'><strong>tacentibus</strong></span> <span class='ocrx_word' id='word_1_28' title='bbox 1963 461 2068 532; x_wconf 89' lang='lat' dir='ltr'><strong>ipsi</strong></span> 
     </span>
    </p>
   </div>
   <div class='ocr_carea' id='block_1_6' title="bbox 477 548 1888 622">
    <p class='ocr_par' dir='ltr' id='par_1_6' title="bbox 477 548 1888 622">
     <span class='ocr_line' id='line_1_6' title="bbox 477 548 1888 622; baseline -0.006 -10"><span class='ocrx_word' id='word_1_29' title='bbox 477 555 690 612; x_wconf 81' lang='lat' dir='ltr'><strong>soleant</strong></span> <span class='ocrx_word' id='word_1_30' title='bbox 717 550 937 610; x_wconf 88' lang='lat' dir='ltr'><strong>laudare</strong></span> <span class='ocrx_word' id='word_1_31' title='bbox 965 549 1113 622; x_wconf 90' lang='lat' dir='ltr'><strong>quod</strong></span> <span class='ocrx_word' id='word_1_32' title='bbox 1140 548 1352 606; x_wconf 90' lang='lat' dir='ltr'><strong>dicunt.</strong></span> <span class='ocrx_word' id='word_1_33' title='bbox 1386 550 1539 607; x_wconf 88' lang='lat' dir='ltr'><strong>Unde</strong></span> <span class='ocrx_word' id='word_1_34' title='bbox 1567 548 1888 622; x_wconf 86' lang='lat' dir='ltr'><strong>subjungit:</strong></span> 
     </span>
    </p>
   </div>
   <div class='ocr_carea' id='block_1_7' title="bbox 1070 637 1478 697">
    <p class='ocr_par' dir='ltr' id='par_1_7' title="bbox 1070 637 1478 697">
     <span class='ocr_line' id='line_1_7' title="bbox 1070 637 1478 697; baseline 0 -3"><span class='ocrx_word' id='word_1_35' title='bbox 1070 637 1297 695; x_wconf 82' lang='lat' dir='ltr'>CAPUT</span> <span class='ocrx_word' id='word_1_36' title='bbox 1328 639 1478 697; x_wconf 81' lang='lat' dir='ltr'><strong>XIV.</strong></span> 
     </span>
    </p>
   </div>
   <div class='ocr_carea' id='block_1_8' title="bbox 548 728 2074 799">
    <p class='ocr_par' dir='ltr' id='par_1_8' title="bbox 548 728 2074 799">
     <span class='ocr_line' id='line_1_8' title="bbox 548 728 2074 799; baseline -0.005 -9"><span class='ocrx_word' id='word_1_37' title='bbox 548 732 716 790; x_wconf 68' lang='lat' dir='ltr'><strong>Vnus.</strong></span> <span class='ocrx_word' id='word_1_38' title='bbox 749 731 802 786; x_wconf 88' lang='lat'><strong><em>3.</em></strong></span> <span class='ocrx_word' id='word_1_39' title='bbox 836 759 908 771; x_wconf 97' lang='lat'>—</span> <span class='ocrx_word' id='word_1_40' title='bbox 937 728 1180 799; x_wconf 74' lang='lat' dir='ltr'><strong>Simplici</strong></span> <span class='ocrx_word' id='word_1_41' title='bbox 1207 729 1361 784; x_wconf 87' lang='lat' dir='ltr'><strong>corde</strong></span> <span class='ocrx_word' id='word_1_42' title='bbox 1389 729 1412 764; x_wconf 81' lang='grc'>³</span> <span class='ocrx_word' id='word_1_43' title='bbox 1441 747 1552 784; x_wconf 89' lang='lat' dir='ltr'><strong>meo</strong></span> <span class='ocrx_word' id='word_1_44' title='bbox 1581 746 1842 785; x_wconf 86' lang='lat' dir='ltr'><strong>ser-mones</strong></span> <span class='ocrx_word' id='word_1_45' title='bbox 1870 729 1994 797; x_wconf 88' lang='lat' dir='ltr'><strong>mei,</strong></span> <span class='ocrx_word' id='word_1_46' title='bbox 2025 734 2074 782; x_wconf 93' lang='lat' dir='ltr'><strong>et</strong></span> 
     </span>
    </p>
   </div>
   <div class='ocr_carea' id='block_1_9' title="bbox 474 817 1650 890">
    <p class='ocr_par' dir='ltr' id='par_1_9' title="bbox 474 817 1650 890">
     <span class='ocr_line' id='line_1_9' title="bbox 474 817 1650 890; baseline 0.001 -17"><span class='ocrx_word' id='word_1_47' title='bbox 474 819 780 874; x_wconf 87' lang='lat' dir='ltr'><strong>sententiam</strong></span> <span class='ocrx_word' id='word_1_48' title='bbox 801 834 1002 890; x_wconf 86' lang='lat' dir='ltr'><strong>puram</strong></span> <span class='ocrx_word' id='word_1_49' title='bbox 1033 817 1175 874; x_wconf 80' lang='lat' dir='ltr'><strong><em>labia</em></strong></span> <span class='ocrx_word' id='word_1_50' title='bbox 1203 835 1320 873; x_wconf 86' lang='lat' dir='ltr'><strong>mea</strong></span> <span class='ocrx_word' id='word_1_51' title='bbox 1351 819 1650 889; x_wconf 77' lang='lat' dir='ltr'><strong>loquentur.</strong></span> 
     </span>
    </p>
   </div>
   <div class='ocr_carea' id='block_1_10' title="bbox 545 906 2072 979">
    <p class='ocr_par' dir='ltr' id='par_1_10' title="bbox 545 906 2072 979">
     <span class='ocr_line' id='line_1_10' title="bbox 545 906 2072 979; baseline -0.001 -15"><span class='ocrx_word' id='word_1_52' title='bbox 545 907 630 964; x_wconf 88' lang='grc'><strong>27.</strong></span> <span class='ocrx_word' id='word_1_53' title='bbox 691 907 770 963; x_wconf 88' lang='lat' dir='ltr'><strong>De</strong></span> <span class='ocrx_word' id='word_1_54' title='bbox 823 907 1158 979; x_wconf 75' lang='lat' dir='ltr'><strong>simplicitate</strong></span> <span class='ocrx_word' id='word_1_55' title='bbox 1207 906 1349 977; x_wconf 84' lang='lat' dir='ltr'><strong>falso</strong></span> <span class='ocrx_word' id='word_1_56' title='bbox 1394 908 1719 978; x_wconf 74' lang='lat' dir='ltr'><strong>gloriantur.</strong></span> <span class='ocrx_word' id='word_1_57' title='bbox 1759 937 1830 948; x_wconf 89' lang='lat'><strong><em>—</em></strong></span> <span class='ocrx_word' id='word_1_58' title='bbox 1865 907 2072 977; x_wconf 64' lang='lat' dir='ltr'><strong>Magnae</strong></span> 
     </span>
    </p>
   </div>
   <div class='ocr_carea' id='block_1_11' title="bbox 473 994 2074 1068">
    <p class='ocr_par' dir='ltr' id='par_1_11' title="bbox 473 994 2074 1068">
     <span class='ocr_line' id='line_1_11' title="bbox 473 994 2074 1068; baseline -0.002 -16"><span class='ocrx_word' id='word_1_59' title='bbox 473 997 698 1053; x_wconf 89' lang='lat' dir='ltr'><strong>virtutis</strong></span> <span class='ocrx_word' id='word_1_60' title='bbox 744 996 864 1053; x_wconf 90' lang='lat' dir='ltr'><strong>laus</strong></span> <span class='ocrx_word' id='word_1_61' title='bbox 907 1003 990 1053; x_wconf 88' lang='lat' dir='ltr'><strong>est</strong></span> <span class='ocrx_word' id='word_1_62' title='bbox 1026 996 1352 1068; x_wconf 69' lang='lat' dir='ltr'><strong>simplicitas</strong></span> <span class='ocrx_word' id='word_1_63' title='bbox 1387 995 1705 1053; x_wconf 91' lang='lat' dir='ltr'><strong>locutionis.</strong></span> <span class='ocrx_word' id='word_1_64' title='bbox 1738 995 1912 1064; x_wconf 87' lang='lat' dir='ltr'><strong>Quam</strong></span> <span class='ocrx_word' id='word_1_65' title='bbox 1943 994 2074 1068; x_wconf 85' lang='lat' dir='ltr'><strong>quia</strong></span> 
     </span>
    </p>
   </div>
   <div class='ocr_carea' id='block_1_12' title="bbox 472 1083 2073 1158">
    <p class='ocr_par' dir='ltr' id='par_1_12' title="bbox 472 1083 2073 1158">
     <span class='ocr_line' id='line_1_12' title="bbox 472 1083 2073 1158; baseline -0.001 -17"><span class='ocrx_word' id='word_1_66' title='bbox 472 1093 786 1158; x_wconf 79' lang='lat' dir='ltr'><strong>arrogantes</strong></span> <span class='ocrx_word' id='word_1_67' title='bbox 832 1102 944 1142; x_wconf 91' lang='lat' dir='ltr'><strong>non</strong></span> <span class='ocrx_word' id='word_1_68' title='bbox 984 1085 1209 1153; x_wconf 82' lang='lat' dir='ltr'><strong>habent,</strong></span> <span class='ocrx_word' id='word_1_69' title='bbox 1259 1085 1460 1142; x_wconf 89' lang='lat' dir='ltr'><strong>habere</strong></span> <span class='ocrx_word' id='word_1_70' title='bbox 1490 1101 1546 1142; x_wconf 93' lang='lat' dir='ltr'><strong>se</strong></span> <span class='ocrx_word' id='word_1_71' title='bbox 1588 1085 1733 1143; x_wconf 88' lang='lat' dir='ltr'><strong>hanc</strong></span> <span class='ocrx_word' id='word_1_72' title='bbox 1779 1083 2073 1142; x_wconf 81' lang='lat' dir='ltr'><strong>sollicitius</strong></span> 
     </span>
    </p>
   </div>
   <div class='ocr_carea' id='block_1_13' title="bbox 471 1173 2073 1247">
    <p class='ocr_par' dir='ltr' id='par_1_13' title="bbox 471 1173 2073 1247">
     <span class='ocr_line' id='line_1_13' title="bbox 471 1173 2073 1247; baseline -0.001 -17"><span class='ocrx_word' id='word_1_73' title='bbox 471 1181 743 1242; x_wconf 81' lang='lat' dir='ltr'><strong>asserunt,</strong></span> <span class='ocrx_word' id='word_1_74' title='bbox 775 1181 838 1230; x_wconf 89' lang='lat' dir='ltr'><strong>ut</strong></span> <span class='ocrx_word' id='word_1_75' title='bbox 865 1173 1112 1230; x_wconf 89' lang='lat' dir='ltr'><strong>securius</strong></span> <span class='ocrx_word' id='word_1_76' title='bbox 1139 1174 1454 1231; x_wconf 80' lang='lat' dir='ltr'><strong>audiantur.</strong></span> <span class='ocrx_word' id='word_1_77' title='bbox 1485 1176 1557 1230; x_wconf 90' lang='lat' dir='ltr'><strong>Et</strong></span> <span class='ocrx_word' id='word_1_78' title='bbox 1585 1191 1719 1247; x_wconf 92' lang='lat' dir='ltr'><strong>pure</strong></span> <span class='ocrx_word' id='word_1_79' title='bbox 1746 1191 1802 1231; x_wconf 90' lang='lat' dir='ltr'><strong>se</strong></span> <span class='ocrx_word' id='word_1_80' title='bbox 1846 1176 2073 1232; x_wconf 89' lang='lat' dir='ltr'><strong>locutu-</strong></span> 
     </span>
    </p>
   </div>
   <div class='ocr_carea' id='block_1_14' title="bbox 473 1261 2070 1336">
    <p class='ocr_par' dir='ltr' id='par_1_14' title="bbox 473 1261 2070 1336">
     <span class='ocr_line' id='line_1_14' title="bbox 473 1261 2070 1336; baseline 0 -19"><span class='ocrx_word' id='word_1_81' title='bbox 473 1278 564 1318; x_wconf 90' lang='lat' dir='ltr'><strong>ros</strong></span> <span class='ocrx_word' id='word_1_82' title='bbox 602 1261 953 1331; x_wconf 86' lang='lat' dir='ltr'><strong>denuntiant,</strong></span> <span class='ocrx_word' id='word_1_83' title='bbox 984 1279 1106 1335; x_wconf 62' lang='lat' dir='ltr'><strong>quas</strong></span> <span class='ocrx_word' id='word_1_84' title='bbox 1151 1263 1491 1336; x_wconf 88' lang='lat' dir='ltr'><strong>duplicitatis</strong></span> <span class='ocrx_word' id='word_1_85' title='bbox 1529 1279 1643 1320; x_wconf 73' lang='lat' dir='ltr'><strong>suae</strong></span> <span class='ocrx_word' id='word_1_86' title='bbox 1681 1262 1950 1319; x_wconf 83' lang='lat' dir='ltr'><strong>malitiam</strong></span> <span class='ocrx_word' id='word_1_87' title='bbox 1981 1261 2070 1317; x_wconf 86' lang='lat' dir='ltr'><strong>de-</strong></span> 
     </span>
    </p>
   </div>
   <div class='ocr_carea' id='block_1_15' title="bbox 473 1351 2072 1425">
    <p class='ocr_par' dir='ltr' id='par_1_15' title="bbox 473 1351 2072 1425">
     <span class='ocr_line' id='line_1_15' title="bbox 473 1351 2072 1425; baseline 0 -19"><span class='ocrx_word' id='word_1_88' title='bbox 473 1351 741 1424; x_wconf 87' lang='lat' dir='ltr'><strong>prehendi</strong></span> <span class='ocrx_word' id='word_1_89' title='bbox 770 1351 1089 1409; x_wconf 81' lang='lat' dir='ltr'><strong>formidant.</strong></span> <span class='ocrx_word' id='word_1_90' title='bbox 1123 1353 1274 1425; x_wconf 62' lang='lat' dir='ltr'><strong>Sape</strong></span> <span class='ocrx_word' id='word_1_91' title='bbox 1303 1359 1486 1408; x_wconf 87' lang='lat' dir='ltr'><strong>autem</strong></span> <span class='ocrx_word' id='word_1_92' title='bbox 1516 1359 1570 1407; x_wconf 91' lang='lat' dir='ltr'><strong>et</strong></span> <span class='ocrx_word' id='word_1_93' title='bbox 1599 1351 1753 1408; x_wconf 87' lang='lat' dir='ltr'><strong>falsis</strong></span> <span class='ocrx_word' id='word_1_94' title='bbox 1781 1368 1911 1407; x_wconf 90' lang='lat' dir='ltr'><strong>vera</strong></span> <span class='ocrx_word' id='word_1_95' title='bbox 1938 1367 2072 1423; x_wconf 89' lang='lat' dir='ltr'><strong>per-</strong></span> 
     </span>
    </p>
   </div>
   <div class='ocr_carea' id='block_1_16' title="bbox 475 1438 2069 1509">
    <p class='ocr_par' dir='ltr' id='par_1_16' title="bbox 475 1438 2069 1509">
     <span class='ocr_line' id='line_1_16' title="bbox 475 1438 2069 1509; baseline -0.001 -12"><span class='ocrx_word' id='word_1_96' title='bbox 475 1441 728 1509; x_wconf 82' lang='lat' dir='ltr'><strong>miscent,</strong></span> <span class='ocrx_word' id='word_1_97' title='bbox 773 1449 836 1497; x_wconf 93' lang='lat' dir='ltr'><strong>nt</strong></span> <span class='ocrx_word' id='word_1_98' title='bbox 874 1440 1002 1497; x_wconf 92' lang='lat' dir='ltr'><strong>inde</strong></span> <span class='ocrx_word' id='word_1_99' title='bbox 1043 1457 1246 1500; x_wconf 70' lang='lat' dir='ltr'><strong>eorum.</strong></span> <span class='ocrx_word' id='word_1_100' title='bbox 1278 1440 1566 1498; x_wconf 91' lang='lat' dir='ltr'><strong>mendacio</strong></span> <span class='ocrx_word' id='word_1_101' title='bbox 1602 1440 1768 1498; x_wconf 84' lang='lat' dir='ltr'><strong>citius</strong></span> <span class='ocrx_word' id='word_1_102' title='bbox 1797 1438 2069 1507; x_wconf 87' lang='lat' dir='ltr'><strong>credatur,</strong></span> 
     </span>
    </p>
   </div>
   <div class='ocr_carea' id='block_1_17' title="bbox 473 1527 2075 1600">
    <p class='ocr_par' dir='ltr' id='par_1_17' title="bbox 473 1527 2075 1600">
     <span class='ocr_line' id='line_1_17' title="bbox 473 1527 2075 1600; baseline -0.001 -15"><span class='ocrx_word' id='word_1_103' title='bbox 473 1528 621 1585; x_wconf 91' lang='lat' dir='ltr'><strong>unde</strong></span> <span class='ocrx_word' id='word_1_104' title='bbox 662 1529 842 1586; x_wconf 91' lang='lat' dir='ltr'><strong>inesse</strong></span> <span class='ocrx_word' id='word_1_105' title='bbox 887 1529 967 1586; x_wconf 89' lang='lat' dir='ltr'><strong>eis</strong></span> <span class='ocrx_word' id='word_1_106' title='bbox 1006 1529 1236 1586; x_wconf 87' lang='lat' dir='ltr'><strong>assertio</strong></span> <span class='ocrx_word' id='word_1_107' title='bbox 1282 1530 1534 1586; x_wconf 88' lang='lat' dir='ltr'><strong>veritatis</strong></span> <span class='ocrx_word' id='word_1_108' title='bbox 1563 1529 1898 1600; x_wconf 76' lang='lat' dir='ltr'><strong>agnoscitur.</strong></span> <span class='ocrx_word' id='word_1_109' title='bbox 1933 1527 2075 1597; x_wconf 88' lang='lat' dir='ltr'><strong>Quia</strong></span> 
     </span>
    </p>
   </div>
   <div class='ocr_carea' id='block_1_18' title="bbox 472 1617 2077 1692">
    <p class='ocr_par' dir='ltr' id='par_1_18' title="bbox 472 1617 2077 1692">
     <span class='ocr_line' id='line_1_18' title="bbox 472 1617 2077 1692; baseline 0 -20"><span class='ocrx_word' id='word_1_110' title='bbox 472 1617 644 1690; x_wconf 91' lang='lat' dir='ltr'><strong>igitur</strong></span> <span class='ocrx_word' id='word_1_111' title='bbox 669 1618 800 1674; x_wconf 89' lang='lat' dir='ltr'><strong>Elin</strong></span> <span class='ocrx_word' id='word_1_112' title='bbox 829 1626 883 1675; x_wconf 91' lang='lat' dir='ltr'><strong>et</strong></span> <span class='ocrx_word' id='word_1_113' title='bbox 911 1635 1044 1692; x_wconf 90' lang='lat' dir='ltr'><strong>pure</strong></span> <span class='ocrx_word' id='word_1_114' title='bbox 1072 1635 1130 1676; x_wconf 87' lang='lat' dir='ltr'><strong>se</strong></span> <span class='ocrx_word' id='word_1_115' title='bbox 1157 1619 1473 1676; x_wconf 90' lang='lat' dir='ltr'><strong>locuturum</strong></span> <span class='ocrx_word' id='word_1_116' title='bbox 1513 1617 1818 1691; x_wconf 87' lang='lat' dir='ltr'><strong>perhibuit,</strong></span> <span class='ocrx_word' id='word_1_117' title='bbox 1848 1625 1904 1674; x_wconf 92' lang='lat' dir='ltr'><strong>et</strong></span> <span class='ocrx_word' id='word_1_118' title='bbox 1926 1618 2077 1675; x_wconf 90' lang='lat' dir='ltr'><strong>dicta</strong></span> 
     </span>
    </p>
   </div>
   <div class='ocr_carea' id='block_1_19' title="bbox 2178 459 3787 534">
    <p class='ocr_par' dir='ltr' id='par_1_19' title="bbox 2178 459 3787 534">
     <span class='ocr_line' id='line_1_19' title="bbox 2178 459 3787 534; baseline -0.001 -16"><span class='ocrx_word' id='word_1_119' title='bbox 2178 461 2449 534; x_wconf 82' lang='lat' dir='ltr'><strong>scriptum</strong></span> <span class='ocrx_word' id='word_1_120' title='bbox 2492 469 2608 517; x_wconf 91' lang='lat' dir='ltr'><strong>est:</strong></span> <span class='ocrx_word' id='word_1_121' title='bbox 2659 459 2953 531; x_wconf 80' lang='lat' dir='ltr'><strong>Inspiravit</strong></span> <span class='ocrx_word' id='word_1_122' title='bbox 2969 461 3027 515; x_wconf 87' lang='lat' dir='ltr'><strong>in</strong></span> <span class='ocrx_word' id='word_1_123' title='bbox 3077 460 3268 531; x_wconf 96' lang='lat' dir='ltr'><strong>faciem</strong></span> <span class='ocrx_word' id='word_1_124' title='bbox 3307 461 3420 532; x_wconf 87' lang='lat' dir='ltr'><strong>ejus</strong></span> <span class='ocrx_word' id='word_1_125' title='bbox 3459 463 3787 534; x_wconf 78' lang='lat' dir='ltr'><strong>spiraculum</strong></span> 
     </span>
    </p>
   </div>
   <div class='ocr_carea' id='block_1_20' title="bbox 2178 549 3784 621">
    <p class='ocr_par' dir='ltr' id='par_1_20' title="bbox 2178 549 3784 621">
     <span class='ocr_line' id='line_1_20' title="bbox 2178 549 3784 621; baseline 0.001 -17"><span class='ocrx_word' id='word_1_126' title='bbox 2178 551 2321 615; x_wconf 78' lang='lat' dir='ltr'><strong>uiue,</strong></span> <span class='ocrx_word' id='word_1_127' title='bbox 2358 556 2405 604; x_wconf 89' lang='lat' dir='ltr'><strong>et</strong></span> <span class='ocrx_word' id='word_1_128' title='bbox 2434 549 2610 620; x_wconf 74' lang='lat' dir='ltr'><strong>factm</strong></span> <span class='ocrx_word' id='word_1_129' title='bbox 2637 556 2713 604; x_wconf 86' lang='lat' dir='ltr'><strong>est</strong></span> <span class='ocrx_word' id='word_1_130' title='bbox 2739 550 2892 604; x_wconf 88' lang='lat' dir='ltr'><strong>homo</strong></span> <span class='ocrx_word' id='word_1_131' title='bbox 2921 550 2977 604; x_wconf 89' lang='lat' dir='ltr'><strong>in</strong></span> <span class='ocrx_word' id='word_1_132' title='bbox 3002 550 3237 606; x_wconf 90' lang='lat' dir='ltr'><strong>animam</strong></span> <span class='ocrx_word' id='word_1_133' title='bbox 3263 552 3518 608; x_wconf 80' lang='lat' dir='ltr'><strong>viventem</strong></span> <span class='ocrx_word' id='word_1_134' title='bbox 3565 552 3784 621; x_wconf 83' lang='lat' dir='ltr'><strong>(Genes.</strong></span> 
     </span>
    </p>
   </div>
   <div class='ocr_carea' id='block_1_21' title="bbox 2179 638 3791 712">
    <p class='ocr_par' dir='ltr' id='par_1_21' title="bbox 2179 638 3791 712">
     <span class='ocr_line' id='line_1_21' title="bbox 2179 638 3791 712; baseline 0.001 -20"><span class='ocrx_word' id='word_1_135' title='bbox 2179 655 2244 706; x_wconf 81' lang='grc' dir='ltr'><strong>ιι,</strong></span> <span class='ocrx_word' id='word_1_136' title='bbox 2277 638 2359 710; x_wconf 89' lang='grc'><strong>7).</strong></span> <span class='ocrx_word' id='word_1_137' title='bbox 2393 638 2500 694; x_wconf 89' lang='lat' dir='ltr'><strong>Sed</strong></span> <span class='ocrx_word' id='word_1_138' title='bbox 2525 638 2644 695; x_wconf 70' lang='lat' dir='ltr'><strong>haec</strong></span> <span class='ocrx_word' id='word_1_139' title='bbox 2665 655 2786 712; x_wconf 71' lang='lat' dir='ltr'><strong>quae</strong></span> <span class='ocrx_word' id='word_1_140' title='bbox 2816 648 2961 695; x_wconf 88' lang='lat' dir='ltr'><strong>recte</strong></span> <span class='ocrx_word' id='word_1_141' title='bbox 2988 640 3188 696; x_wconf 88' lang='lat' dir='ltr'><strong>astruit</strong></span> <span class='ocrx_word' id='word_1_142' title='bbox 3233 649 3417 697; x_wconf 93' lang='lat' dir='ltr'><strong>utrum</strong></span> <span class='ocrx_word' id='word_1_143' title='bbox 3448 649 3593 698; x_wconf 91' lang='lat' dir='ltr'><strong>recte</strong></span> <span class='ocrx_word' id='word_1_144' title='bbox 3619 657 3791 696; x_wconf 87' lang='lat' dir='ltr'><strong>exse-</strong></span> 
     </span>
    </p>
   </div>
   <div class='ocr_carea' id='block_1_22' title="bbox 2181 728 3054 802">
    <p class='ocr_par' dir='ltr' id='par_1_22' title="bbox 2181 728 3054 802">
     <span class='ocr_line' id='line_1_22' title="bbox 2181 728 3054 802; baseline 0.001 -19"><span class='ocrx_word' id='word_1_145' title='bbox 2181 736 2383 800; x_wconf 89' lang='lat' dir='ltr'><strong>quatur</strong></span> <span class='ocrx_word' id='word_1_146' title='bbox 2421 728 2732 785; x_wconf 87' lang='lat' dir='ltr'><strong>audiamus.</strong></span> <span class='ocrx_word' id='word_1_147' title='bbox 2760 729 3020 802; x_wconf 86' lang='lat' dir='ltr'><strong>Sequitur</strong></span> <span class='ocrx_word' id='word_1_148' title='bbox 3043 733 3054 785; x_wconf 85' lang='lat'><strong>&#39;:</strong></span> 
     </span>
    </p>
   </div>
   <div class='ocr_carea' id='block_1_23' title="bbox 2771 817 3200 876">
    <p class='ocr_par' dir='ltr' id='par_1_23' title="bbox 2771 817 3200 876">
     <span class='ocr_line' id='line_1_23' title="bbox 2771 817 3200 876; baseline 0 -2"><span class='ocrx_word' id='word_1_149' title='bbox 2771 817 2999 874; x_wconf 88' lang='lat' dir='ltr'><strong>CAPUT</strong></span> <span class='ocrx_word' id='word_1_150' title='bbox 3049 819 3200 876; x_wconf 81' lang='lat' dir='ltr'><strong>XVI.</strong></span> 
     </span>
    </p>
   </div>
   <div class='ocr_carea' id='block_1_24' title="bbox 2252 905 3790 978">
    <p class='ocr_par' dir='ltr' id='par_1_24' title="bbox 2252 905 3790 978">
     <span class='ocr_line' id='line_1_24' title="bbox 2252 905 3790 978; baseline 0 -16"><span class='ocrx_word' id='word_1_151' title='bbox 2252 905 2424 962; x_wconf 76' lang='lat' dir='ltr'><strong>Vnus.</strong></span> <span class='ocrx_word' id='word_1_152' title='bbox 2453 906 2507 962; x_wconf 82' lang='lat'><strong>5.</strong></span> <span class='ocrx_word' id='word_1_153' title='bbox 2542 937 2614 948; x_wconf 94' lang='lat'><strong><em>—</em></strong></span> <span class='ocrx_word' id='word_1_154' title='bbox 2644 906 2703 963; x_wconf 89' lang='lat' dir='ltr'><strong>Si</strong></span> <span class='ocrx_word' id='word_1_155' title='bbox 2721 913 2886 978; x_wconf 84' lang='lat' dir='ltr'><strong>potes,</strong></span> <span class='ocrx_word' id='word_1_156' title='bbox 2911 908 3166 978; x_wconf 83' lang='lat' dir='ltr'><strong>responde</strong></span> <span class='ocrx_word' id='word_1_157' title='bbox 3183 907 3313 963; x_wconf 85' lang='lat' dir='ltr'><strong>mihi</strong></span> <span class='ocrx_word' id='word_1_158' title='bbox 3338 913 3387 963; x_wconf 93' lang='lat' dir='ltr'><strong>et</strong></span> <span class='ocrx_word' id='word_1_159' title='bbox 3408 909 3662 963; x_wconf 83' lang='lat' dir='ltr'><strong>adversus</strong></span> <span class='ocrx_word' id='word_1_160' title='bbox 3689 906 3790 978; x_wconf 87' lang='lat' dir='ltr'><strong>fa-</strong></span> 
     </span>
    </p>
   </div>
   <div class='ocr_carea' id='block_1_25' title="bbox 2179 995 3242 1071">
    <p class='ocr_par' dir='ltr' id='par_1_25' title="bbox 2179 995 3242 1071">
     <span class='ocr_line' id='line_1_25' title="bbox 2179 995 3242 1071; baseline 0.002 -21"><span class='ocrx_word' id='word_1_161' title='bbox 2179 995 2306 1050; x_wconf 86' lang='lat' dir='ltr'><strong>ciem</strong></span> <span class='ocrx_word' id='word_1_162' title='bbox 2324 1012 2495 1050; x_wconf 86' lang='lat' dir='ltr'><strong>meam</strong></span> <span class='ocrx_word' id='word_1_163' title='bbox 2508 997 2750 1051; x_wconf 78' lang='lat' dir='ltr'><strong>consiste.</strong></span> <span class='ocrx_word' id='word_1_164' title='bbox 3228 1045 3242 1071; x_wconf 78' lang='lat'><strong>,</strong></span> 
     </span>
    </p>
   </div>
   <div class='ocr_carea' id='block_1_26' title="bbox 2251 1082 3791 1158">
    <p class='ocr_par' dir='ltr' id='par_1_26' title="bbox 2251 1082 3791 1158">
     <span class='ocr_line' id='line_1_26' title="bbox 2251 1082 3791 1158; baseline -0.001 -17"><span class='ocrx_word' id='word_1_165' title='bbox 2251 1082 2340 1141; x_wconf 81' lang='grc'><strong>29.</strong></span> <span class='ocrx_word' id='word_1_166' title='bbox 2375 1085 2587 1141; x_wconf 85' lang='lat' dir='ltr'><strong>Insulsa</strong></span> <span class='ocrx_word' id='word_1_167' title='bbox 2611 1087 2736 1156; x_wconf 84' lang='lat' dir='ltr'><strong>plus</strong></span> <span class='ocrx_word' id='word_1_168' title='bbox 2748 1083 2900 1154; x_wconf 85' lang='lat' dir='ltr'><strong>justo</strong></span> <span class='ocrx_word' id='word_1_169' title='bbox 2921 1085 3024 1140; x_wconf 88' lang='lat' dir='ltr'><strong>sibi</strong></span> <span class='ocrx_word' id='word_1_170' title='bbox 3047 1087 3419 1158; x_wconf 88' lang='lat' dir='ltr'><strong>arrogantium</strong></span> <span class='ocrx_word' id='word_1_171' title='bbox 3429 1084 3791 1155; x_wconf 82' lang='lat' dir='ltr'><strong>jactantia.—</strong></span> 
     </span>
    </p>
   </div>
   <div class='ocr_carea' id='block_1_27' title="bbox 2180 1172 3788 1241">
    <p class='ocr_par' dir='ltr' id='par_1_27' title="bbox 2180 1172 3788 1241">
     <span class='ocr_line' id='line_1_27' title="bbox 2180 1172 3788 1241; baseline 0 -13"><span class='ocrx_word' id='word_1_172' title='bbox 2180 1173 2320 1229; x_wconf 89' lang='lat' dir='ltr'><strong>Ecce</strong></span> <span class='ocrx_word' id='word_1_173' title='bbox 2339 1172 2474 1229; x_wconf 93' lang='lat' dir='ltr'><strong>dum</strong></span> <span class='ocrx_word' id='word_1_174' title='bbox 2496 1181 2683 1229; x_wconf 90' lang='lat' dir='ltr'><strong>narrat</strong></span> <span class='ocrx_word' id='word_1_175' title='bbox 2701 1173 2952 1229; x_wconf 91' lang='lat' dir='ltr'><strong>ordinem</strong></span> <span class='ocrx_word' id='word_1_176' title='bbox 2976 1189 3121 1230; x_wconf 67' lang='lat' dir='ltr'><strong>verae</strong></span> <span class='ocrx_word' id='word_1_177' title='bbox 3137 1173 3496 1241; x_wconf 79' lang='lat' dir='ltr'><strong>conditionis,</strong></span> <span class='ocrx_word' id='word_1_178' title='bbox 3516 1174 3572 1228; x_wconf 91' lang='lat' dir='ltr'><strong>in</strong></span> <span class='ocrx_word' id='word_1_179' title='bbox 3587 1173 3788 1230; x_wconf 85' lang='lat' dir='ltr'><strong>fastum</strong></span> 
     </span>
    </p>
   </div>
   <div class='ocr_carea' id='block_1_28' title="bbox 2179 1261 3791 1336">
    <p class='ocr_par' dir='ltr' id='par_1_28' title="bbox 2179 1261 3791 1336">
     <span class='ocr_line' id='line_1_28' title="bbox 2179 1261 3791 1336; baseline 0.001 -20"><span class='ocrx_word' id='word_1_180' title='bbox 2179 1261 2364 1318; x_wconf 91' lang='lat' dir='ltr'><strong>subito</strong></span> <span class='ocrx_word' id='word_1_181' title='bbox 2375 1262 2621 1334; x_wconf 86' lang='lat' dir='ltr'><strong>superbae</strong></span> <span class='ocrx_word' id='word_1_182' title='bbox 2636 1262 2892 1320; x_wconf 88' lang='lat' dir='ltr'><strong>elationis</strong></span> <span class='ocrx_word' id='word_1_183' title='bbox 2903 1262 3333 1336; x_wconf 90' lang='lat' dir='ltr'><strong>erumpit,atque</strong></span> <span class='ocrx_word' id='word_1_184' title='bbox 3347 1263 3474 1319; x_wconf 91' lang='lat' dir='ltr'><strong>aliis</strong></span> <span class='ocrx_word' id='word_1_185' title='bbox 3489 1261 3674 1318; x_wconf 85' lang='lat' dir='ltr'><strong>verbis</strong></span> <span class='ocrx_word' id='word_1_186' title='bbox 3685 1261 3791 1318; x_wconf 91' lang='lat' dir='ltr'><strong>hoc</strong></span> 
     </span>
    </p>
   </div>
   <div class='ocr_carea' id='block_1_29' title="bbox 2181 1344 3442 1424">
    <p class='ocr_par' dir='ltr' id='par_1_29' title="bbox 2181 1344 3442 1424">
     <span class='ocr_line' id='line_1_29' title="bbox 2181 1344 3442 1424; baseline 0.004 -19"><span class='ocrx_word' id='word_1_187' title='bbox 2181 1349 2328 1406; x_wconf 89' lang='lat' dir='ltr'><strong>idem</strong></span> <span class='ocrx_word' id='word_1_188' title='bbox 2357 1353 2606 1424; x_wconf 90' lang='lat' dir='ltr'><strong>replicat,</strong></span> <span class='ocrx_word' id='word_1_189' title='bbox 2637 1352 2858 1410; x_wconf 89' lang='lat' dir='ltr'><strong>dicens:</strong></span> <span class='ocrx_word' id='word_1_190' title='bbox 3427 1344 3442 1354; x_wconf 84' lang='grc'><strong>’</strong></span> 
     </span>
    </p>
   </div>
   <div class='ocr_carea' id='block_1_30' title="bbox 2253 1439 3788 1512">
    <p class='ocr_par' dir='ltr' id='par_1_30' title="bbox 2253 1439 3788 1512">
     <span class='ocr_line' id='line_1_30' title="bbox 2253 1439 3788 1512; baseline -0.001 -16"><span class='ocrx_word' id='word_1_191' title='bbox 2253 1439 2426 1497; x_wconf 76' lang='lat' dir='ltr'><strong>Vnus.</strong></span> <span class='ocrx_word' id='word_1_192' title='bbox 2468 1441 2522 1507; x_wconf 90' lang='lat'><strong>6,</strong></span> <span class='ocrx_word' id='word_1_193' title='bbox 2547 1441 2597 1496; x_wconf 91' lang='lat'><strong>7.</strong></span> <span class='ocrx_word' id='word_1_194' title='bbox 2630 1471 2701 1483; x_wconf 89' lang='lat'>—</span> <span class='ocrx_word' id='word_1_195' title='bbox 2731 1443 2862 1498; x_wconf 87' lang='lat' dir='ltr'><strong>Ecce</strong></span> <span class='ocrx_word' id='word_1_196' title='bbox 2888 1448 2936 1496; x_wconf 90' lang='lat' dir='ltr'><strong>et</strong></span> <span class='ocrx_word' id='word_1_197' title='bbox 2981 1459 3061 1498; x_wconf 90' lang='lat' dir='ltr'><strong>me</strong></span> <span class='ocrx_word' id='word_1_198' title='bbox 3106 1442 3242 1496; x_wconf 86' lang='lat' dir='ltr'><strong>sicut</strong></span> <span class='ocrx_word' id='word_1_199' title='bbox 3298 1448 3346 1496; x_wconf 90' lang='lat' dir='ltr'><strong>et</strong></span> <span class='ocrx_word' id='word_1_200' title='bbox 3401 1448 3446 1496; x_wconf 88' lang='lat' dir='ltr'><strong>te</strong></span> <span class='ocrx_word' id='word_1_201' title='bbox 3482 1440 3604 1512; x_wconf 86' lang='lat' dir='ltr'><strong>fecit</strong></span> <span class='ocrx_word' id='word_1_202' title='bbox 3627 1441 3788 1508; x_wconf 79' lang='lat' dir='ltr'><strong>Deus,</strong></span> 
     </span>
    </p>
   </div>
   <div class='ocr_carea' id='block_1_31' title="bbox 2181 1527 3788 1602">
    <p class='ocr_par' dir='ltr' id='par_1_31' title="bbox 2181 1527 3788 1602">
     <span class='ocr_line' id='line_1_31' title="bbox 2181 1527 3788 1602; baseline 0.001 -20"><span class='ocrx_word' id='word_1_203' title='bbox 2181 1533 2230 1583; x_wconf 89' lang='lat' dir='ltr'><strong>et</strong></span> <span class='ocrx_word' id='word_1_204' title='bbox 2246 1527 2309 1583; x_wconf 84' lang='lat' dir='ltr'><strong>de</strong></span> <span class='ocrx_word' id='word_1_205' title='bbox 2331 1528 2506 1583; x_wconf 82' lang='lat' dir='ltr'><strong>eodem</strong></span> <span class='ocrx_word' id='word_1_206' title='bbox 2523 1529 2632 1584; x_wconf 88' lang='lat' dir='ltr'><strong>luto</strong></span> <span class='ocrx_word' id='word_1_207' title='bbox 2652 1547 2740 1601; x_wconf 86' lang='lat' dir='ltr'><strong>ego</strong></span> <span class='ocrx_word' id='word_1_208' title='bbox 2760 1546 2965 1602; x_wconf 88' lang='lat' dir='ltr'><strong>quoque</strong></span> <span class='ocrx_word' id='word_1_209' title='bbox 2979 1529 3246 1600; x_wconf 87' lang='lat' dir='ltr'><strong>formatus</strong></span> <span class='ocrx_word' id='word_1_210' title='bbox 3263 1546 3400 1586; x_wconf 88' lang='lat' dir='ltr'><strong>sum.</strong></span> <span class='ocrx_word' id='word_1_211' title='bbox 3424 1531 3788 1588; x_wconf 82' lang='lat' dir='ltr'><strong>Verumtamen</strong></span> 
     </span>
    </p>
   </div>
   <div class='ocr_carea' id='block_1_32' title="bbox 2181 1617 3789 1690">
    <p class='ocr_par' dir='ltr' id='par_1_32' title="bbox 2181 1617 3789 1690">
     <span class='ocr_line' id='line_1_32' title="bbox 2181 1617 3789 1690; baseline 0.001 -18"><span class='ocrx_word' id='word_1_212' title='bbox 2181 1617 2499 1673; x_wconf 86' lang='lat' dir='ltr'><strong>miraculum</strong></span> <span class='ocrx_word' id='word_1_213' title='bbox 2525 1635 2697 1674; x_wconf 89' lang='lat' dir='ltr'><strong>meum</strong></span> <span class='ocrx_word' id='word_1_214' title='bbox 2725 1635 2829 1674; x_wconf 88' lang='lat' dir='ltr'><strong>non</strong></span> <span class='ocrx_word' id='word_1_215' title='bbox 2861 1625 2906 1674; x_wconf 90' lang='lat' dir='ltr'><strong>te</strong></span> <span class='ocrx_word' id='word_1_216' title='bbox 2945 1625 3158 1687; x_wconf 85' lang='lat' dir='ltr'><strong>terreat,</strong></span> <span class='ocrx_word' id='word_1_217' title='bbox 3199 1619 3494 1690; x_wconf 83' lang='lat' dir='ltr'><strong>eloquentia</strong></span> <span class='ocrx_word' id='word_1_218' title='bbox 3528 1635 3644 1674; x_wconf 85' lang='lat' dir='ltr'><strong>mea</strong></span> <span class='ocrx_word' id='word_1_219' title='bbox 3682 1634 3789 1674; x_wconf 85' lang='lat' dir='ltr'><strong>non</strong></span> 
     </span>
    </p>
   </div>
   <div class='ocr_carea' id='block_1_33' title="bbox 473 1706 2597 1790">
    <p class='ocr_par' dir='ltr' id='par_1_33' title="bbox 473 1706 2597 1790">
     <span class='ocr_line' id='line_1_33' title="bbox 473 1706 2597 1790; baseline -0 -26"><span class='ocrx_word' id='word_1_220' title='bbox 473 1725 571 1765; x_wconf 90' lang='lat' dir='ltr'><strong>sua</strong></span> <span class='ocrx_word' id='word_1_221' title='bbox 596 1709 922 1783; x_wconf 91' lang='lat' dir='ltr'><strong>appellando</strong></span> <span class='ocrx_word' id='word_1_222' title='bbox 951 1709 1254 1766; x_wconf 89' lang='lat' dir='ltr'><strong>sententias</strong></span> <span class='ocrx_word' id='word_1_223' title='bbox 1290 1709 1477 1766; x_wconf 88' lang='lat' dir='ltr'><strong>favore</strong></span> <span class='ocrx_word' id='word_1_224' title='bbox 1505 1709 1888 1782; x_wconf 61' lang='lat' dir='ltr'><strong>praecucurrit,</strong></span> <span class='ocrx_word' id='word_1_225' title='bbox 1930 1725 2074 1766; x_wconf 84' lang='lat' dir='ltr'><strong>eam-</strong></span> <span class='ocrx_word' id='word_1_226' title='bbox 2101 1729 2148 1790; x_wconf 82' lang='grc' dir='ltr'>Β</span> <span class='ocrx_word' id='word_1_227' title='bbox 2183 1706 2254 1762; x_wconf 85' lang='lat' dir='ltr'><strong>sit</strong></span> <span class='ocrx_word' id='word_1_228' title='bbox 2283 1707 2377 1761; x_wconf 87' lang='lat' dir='ltr'><strong>tibi</strong></span> <span class='ocrx_word' id='word_1_229' title='bbox 2393 1707 2597 1778; x_wconf 80' lang='lat' dir='ltr'><strong>gravis.</strong></span> 
     </span>
    </p>
   </div>
   <div class='ocr_carea' id='block_1_34' title="bbox 472 1797 2068 1872">
    <p class='ocr_par' dir='ltr' id='par_1_34' title="bbox 472 1797 2068 1872">
     <span class='ocr_line' id='line_1_34' title="bbox 472 1797 2068 1872; baseline -0.001 -18"><span class='ocrx_word' id='word_1_230' title='bbox 472 1799 598 1854; x_wconf 91' lang='lat' dir='ltr'><strong>dem</strong></span> <span class='ocrx_word' id='word_1_231' title='bbox 622 1798 737 1870; x_wconf 91' lang='lat' dir='ltr'><strong>jam</strong></span> <span class='ocrx_word' id='word_1_232' title='bbox 758 1799 1086 1857; x_wconf 89' lang='lat' dir='ltr'><strong>sententiam</strong></span> <span class='ocrx_word' id='word_1_233' title='bbox 1108 1815 1271 1872; x_wconf 90' lang='lat' dir='ltr'><strong>quam</strong></span> <span class='ocrx_word' id='word_1_234' title='bbox 1292 1799 1547 1871; x_wconf 89' lang='lat' dir='ltr'><strong>promisit</strong></span> <span class='ocrx_word' id='word_1_235' title='bbox 1565 1797 2068 1870; x_wconf 87' lang='lat' dir='ltr'><strong>adjungit,dicens:</strong></span> 
     </span>
    </p>
   </div>
   <div class='ocr_carea' id='block_1_35' title="bbox 767 1887 1782 1962">
    <p class='ocr_par' dir='ltr' id='par_1_35' title="bbox 767 1887 1782 1962">
     <span class='ocr_line' id='line_1_35' title="bbox 767 1887 1782 1962; baseline -0.002 -16"><span class='ocrx_word' id='word_1_236' title='bbox 767 1887 997 1946; x_wconf 79' lang='lat' dir='ltr'><strong>CAPUT</strong></span> <span class='ocrx_word' id='word_1_237' title='bbox 1044 1889 1150 1944; x_wconf 86' lang='lat' dir='ltr'><strong>xv</strong></span> <span class='ocrx_word' id='word_1_238' title='bbox 1177 1887 1319 1962; x_wconf 86' lang='lat' dir='ltr'><strong>[Vet.</strong></span> <span class='ocrx_word' id='word_1_239' title='bbox 1351 1889 1470 1957; x_wconf 80' lang='lat' dir='ltr'><strong>XV,</strong></span> <span class='ocrx_word' id='word_1_240' title='bbox 1500 1890 1620 1946; x_wconf 86' lang='lat' dir='ltr'><strong>Rec.</strong></span> <span class='ocrx_word' id='word_1_241' title='bbox 1654 1887 1782 1962; x_wconf 83' lang='lat' dir='ltr'><strong>IX].</strong></span> 
     </span>
    </p>
   </div>
   <div class='ocr_carea' id='block_1_36' title="bbox 545 1976 2074 2050">
    <p class='ocr_par' dir='ltr' id='par_1_36' title="bbox 545 1976 2074 2050">
     <span class='ocr_line' id='line_1_36' title="bbox 545 1976 2074 2050; baseline -0.003 -15"><span class='ocrx_word' id='word_1_242' title='bbox 545 1977 717 2035; x_wconf 75' lang='lat' dir='ltr'><strong>Vsus.</strong></span> <span class='ocrx_word' id='word_1_243' title='bbox 757 1977 809 2034; x_wconf 77' lang='grc'><strong>4.</strong></span> <span class='ocrx_word' id='word_1_244' title='bbox 849 2008 920 2020; x_wconf 90' lang='grc'><strong><em>-</em></strong></span> <span class='ocrx_word' id='word_1_245' title='bbox 966 1978 1201 2050; x_wconf 83' lang='lat' dir='ltr'><strong>Spiritus</strong></span> <span class='ocrx_word' id='word_1_246' title='bbox 1241 1978 1342 2034; x_wconf 87' lang='lat' dir='ltr'><strong>Dei</strong></span> <span class='ocrx_word' id='word_1_247' title='bbox 1385 1978 1510 2049; x_wconf 87' lang='lat' dir='ltr'><strong>fecit</strong></span> <span class='ocrx_word' id='word_1_248' title='bbox 1535 1996 1637 2046; x_wconf 88' lang='lat' dir='ltr'><strong>me,</strong></span> <span class='ocrx_word' id='word_1_249' title='bbox 1667 1984 1716 2035; x_wconf 92' lang='lat' dir='ltr'><strong>et</strong></span> <span class='ocrx_word' id='word_1_250' title='bbox 1741 1976 2074 2050; x_wconf 83' lang='lat' dir='ltr'><strong>spiraculum</strong></span> 
     </span>
    </p>
   </div>
   <div class='ocr_carea' id='block_1_37' title="bbox 477 2066 1296 2138">
    <p class='ocr_par' dir='ltr' id='par_1_37' title="bbox 477 2066 1296 2138">
     <span class='ocr_line' id='line_1_37' title="bbox 477 2066 1296 2138; baseline -0.002 -14"><span class='ocrx_word' id='word_1_251' title='bbox 477 2066 856 2138; x_wconf 86' lang='lat' dir='ltr'><strong>Omnipotentis</strong></span> <span class='ocrx_word' id='word_1_252' title='bbox 883 2067 1171 2138; x_wconf 75' lang='lat' dir='ltr'><strong>viviﬁcavit</strong></span> <span class='ocrx_word' id='word_1_253' title='bbox 1197 2085 1296 2123; x_wconf 88' lang='lat' dir='ltr'><strong>me.</strong></span> 
     </span>
    </p>
   </div>
   <div class='ocr_carea' id='block_1_38' title="bbox 544 2151 2070 2224">
    <p class='ocr_par' dir='ltr' id='par_1_38' title="bbox 544 2151 2070 2224">
     <span class='ocr_line' id='line_1_38' title="bbox 544 2151 2070 2224; baseline -0.002 -13"><span class='ocrx_word' id='word_1_254' title='bbox 544 2155 633 2212; x_wconf 82' lang='lat'><strong>28.</strong></span> <span class='ocrx_word' id='word_1_255' title='bbox 664 2153 924 2210; x_wconf 83' lang='lat' dir='ltr'><strong>Doctrina</strong></span> <span class='ocrx_word' id='word_1_256' title='bbox 941 2153 1248 2209; x_wconf 87' lang='lat' dir='ltr'><strong>inordinate</strong></span> <span class='ocrx_word' id='word_1_257' title='bbox 1259 2154 1481 2224; x_wconf 88' lang='lat' dir='ltr'><strong>prolata</strong></span> <span class='ocrx_word' id='word_1_258' title='bbox 1509 2155 1785 2211; x_wconf 87' lang='lat' dir='ltr'><strong>sterilescit</strong></span> <span class='ocrx_word' id='word_1_259' title='bbox 1811 2159 1860 2209; x_wconf 88' lang='lat' dir='ltr'><strong>et</strong></span> <span class='ocrx_word' id='word_1_260' title='bbox 1886 2151 2070 2224; x_wconf 65' lang='lat' dir='ltr'><strong>flectat.</strong></span> 
     </span>
    </p>
   </div>
   <div class='ocr_carea' id='block_1_39' title="bbox 475 2241 2079 2314">
    <p class='ocr_par' dir='ltr' id='par_1_39' title="bbox 475 2241 2079 2314">
     <span class='ocr_line' id='line_1_39' title="bbox 475 2241 2079 2314; baseline 0.002 -16"><span class='ocrx_word' id='word_1_261' title='bbox 475 2277 546 2289; x_wconf 95' lang='lat'><strong>—</strong></span> <span class='ocrx_word' id='word_1_262' title='bbox 559 2241 896 2298; x_wconf 90' lang='lat' dir='ltr'><strong>Subditurus</strong></span> <span class='ocrx_word' id='word_1_263' title='bbox 917 2257 1066 2312; x_wconf 89' lang='lat' dir='ltr'><strong>vera,</strong></span> <span class='ocrx_word' id='word_1_264' title='bbox 1083 2241 1351 2314; x_wconf 67' lang='lat' dir='ltr'><strong>praemisit</strong></span> <span class='ocrx_word' id='word_1_265' title='bbox 1371 2243 1542 2310; x_wconf 89' lang='lat' dir='ltr'><strong>elata;</strong></span> <span class='ocrx_word' id='word_1_266' title='bbox 1565 2250 1620 2299; x_wconf 90' lang='lat' dir='ltr'><strong>et</strong></span> <span class='ocrx_word' id='word_1_267' title='bbox 1647 2243 1902 2300; x_wconf 86' lang='lat' dir='ltr'><strong>dicturus</strong></span> <span class='ocrx_word' id='word_1_268' title='bbox 1932 2245 2079 2304; x_wconf 78' lang='grc'><strong>’144</strong></span> 
     </span>
    </p>
   </div>
   <div class='ocr_carea' id='block_1_40' title="bbox 475 2335 2076 2415">
    <p class='ocr_par' dir='ltr' id='par_1_40' title="bbox 475 2335 2076 2415">
     <span class='ocr_line' id='line_1_40' title="bbox 475 2335 2076 2415; baseline 0.006 -22"><span class='ocrx_word' id='word_1_269' title='bbox 475 2335 582 2396; x_wconf 86' lang='lat' dir='ltr'><strong>hoc</strong></span> <span class='ocrx_word' id='word_1_270' title='bbox 609 2339 758 2412; x_wconf 93' lang='lat' dir='ltr'><strong>quod</strong></span> <span class='ocrx_word' id='word_1_271' title='bbox 786 2346 933 2396; x_wconf 90' lang='lat' dir='ltr'><strong>recte</strong></span> <span class='ocrx_word' id='word_1_272' title='bbox 961 2347 1193 2411; x_wconf 90' lang='lat' dir='ltr'><strong>saperet,</strong></span> <span class='ocrx_word' id='word_1_273' title='bbox 1233 2349 1358 2396; x_wconf 89' lang='lat' dir='ltr'><strong>ante</strong></span> <span class='ocrx_word' id='word_1_274' title='bbox 1403 2341 1651 2398; x_wconf 89' lang='lat' dir='ltr'><strong>innotuit</strong></span> <span class='ocrx_word' id='word_1_275' title='bbox 1692 2353 1962 2415; x_wconf 89' lang='lat' dir='ltr'><strong>quantum</strong></span> <span class='ocrx_word' id='word_1_276' title='bbox 1993 2353 2076 2402; x_wconf 90' lang='lat' dir='ltr'><strong>tu-</strong></span> 
     </span>
    </p>
   </div>
   <div class='ocr_carea' id='block_1_41' title="bbox 475 2427 2078 2501">
    <p class='ocr_par' dir='ltr' id='par_1_41' title="bbox 475 2427 2078 2501">
     <span class='ocr_line' id='line_1_41' title="bbox 475 2427 2078 2501; baseline 0.005 -19"><span class='ocrx_word' id='word_1_277' title='bbox 475 2433 666 2484; x_wconf 89' lang='lat' dir='ltr'><strong>meret.</strong></span> <span class='ocrx_word' id='word_1_278' title='bbox 715 2428 807 2484; x_wconf 91' lang='lat' dir='ltr'><strong>Sic</strong></span> <span class='ocrx_word' id='word_1_279' title='bbox 842 2427 1132 2496; x_wconf 91' lang='lat' dir='ltr'><strong>nimirum,</strong></span> <span class='ocrx_word' id='word_1_280' title='bbox 1163 2427 1244 2485; x_wconf 93' lang='lat' dir='ltr'><strong>sic</strong></span> <span class='ocrx_word' id='word_1_281' title='bbox 1285 2428 1661 2501; x_wconf 90' lang='lat' dir='ltr'><strong>arrogantium</strong></span> <span class='ocrx_word' id='word_1_282' title='bbox 1693 2439 1904 2488; x_wconf 89' lang='lat' dir='ltr'><strong>mentes</strong></span> <span class='ocrx_word' id='word_1_283' title='bbox 1935 2433 2078 2490; x_wconf 89' lang='lat' dir='ltr'><strong>insa-</strong></span> 
     </span>
    </p>
   </div>
   <div class='ocr_carea' id='block_1_42' title="bbox 476 2518 2083 2592">
    <p class='ocr_par' dir='ltr' id='par_1_42' title="bbox 476 2518 2083 2592">
     <span class='ocr_line' id='line_1_42' title="bbox 476 2518 2083 2592; baseline 0.003 -18"><span class='ocrx_word' id='word_1_284' title='bbox 476 2518 658 2587; x_wconf 91' lang='lat' dir='ltr'><strong>niunt,</strong></span> <span class='ocrx_word' id='word_1_285' title='bbox 712 2527 775 2574; x_wconf 93' lang='lat' dir='ltr'><strong>nt</strong></span> <span class='ocrx_word' id='word_1_286' title='bbox 826 2527 880 2574; x_wconf 92' lang='lat' dir='ltr'><strong>et</strong></span> <span class='ocrx_word' id='word_1_287' title='bbox 919 2520 977 2574; x_wconf 92' lang='lat' dir='ltr'><strong>in</strong></span> <span class='ocrx_word' id='word_1_288' title='bbox 1024 2519 1104 2576; x_wconf 91' lang='lat' dir='ltr'><strong>eis</strong></span> <span class='ocrx_word' id='word_1_289' title='bbox 1151 2535 1274 2592; x_wconf 72' lang='lat' dir='ltr'><strong>quae</strong></span> <span class='ocrx_word' id='word_1_290' title='bbox 1320 2525 1466 2575; x_wconf 90' lang='lat' dir='ltr'><strong>recte</strong></span> <span class='ocrx_word' id='word_1_291' title='bbox 1517 2519 1766 2576; x_wconf 89' lang='lat' dir='ltr'><strong>sentiunt</strong></span> <span class='ocrx_word' id='word_1_292' title='bbox 1821 2521 2083 2579; x_wconf 89' lang='lat' dir='ltr'><strong>elationis</strong></span> 
     </span>
    </p>
   </div>
   <div class='ocr_carea' id='block_1_43' title="bbox 474 2607 2080 2682">
    <p class='ocr_par' dir='ltr' id='par_1_43' title="bbox 474 2607 2080 2682">
     <span class='ocr_line' id='line_1_43' title="bbox 474 2607 2080 2682; baseline 0.003 -18"><span class='ocrx_word' id='word_1_293' title='bbox 474 2624 588 2664; x_wconf 85' lang='lat' dir='ltr'><strong>suae</strong></span> <span class='ocrx_word' id='word_1_294' title='bbox 642 2607 968 2664; x_wconf 87' lang='lat' dir='ltr'><strong>fortitudine</strong></span> <span class='ocrx_word' id='word_1_295' title='bbox 1023 2609 1413 2682; x_wconf 90' lang='lat' dir='ltr'><strong>depraventur.</strong></span> <span class='ocrx_word' id='word_1_296' title='bbox 1478 2609 1633 2666; x_wconf 92' lang='lat' dir='ltr'><strong>Unde</strong></span> <span class='ocrx_word' id='word_1_297' title='bbox 1680 2610 1744 2667; x_wconf 85' lang='lat' dir='ltr'><strong>tit</strong></span> <span class='ocrx_word' id='word_1_298' title='bbox 1800 2620 1863 2668; x_wconf 92' lang='lat' dir='ltr'><strong>ut</strong></span> <span class='ocrx_word' id='word_1_299' title='bbox 1913 2613 2080 2669; x_wconf 91' lang='lat' dir='ltr'><strong>etiam</strong></span> 
     </span>
    </p>
   </div>
   <div class='ocr_carea' id='block_1_44' title="bbox 475 2695 2082 2775">
    <p class='ocr_par' dir='ltr' id='par_1_44' title="bbox 475 2695 2082 2775">
     <span class='ocr_line' id='line_1_44' title="bbox 475 2695 2082 2775; baseline 0.004 -23"><span class='ocrx_word' id='word_1_300' title='bbox 475 2712 667 2752; x_wconf 89' lang='lat' dir='ltr'><strong>eorum</strong></span> <span class='ocrx_word' id='word_1_301' title='bbox 709 2703 858 2754; x_wconf 91' lang='lat' dir='ltr'><strong>recta</strong></span> <span class='ocrx_word' id='word_1_302' title='bbox 896 2695 1178 2753; x_wconf 89' lang='lat' dir='ltr'><strong>auditores</strong></span> <span class='ocrx_word' id='word_1_303' title='bbox 1216 2713 1563 2771; x_wconf 87' lang='lat' dir='ltr'><strong>nequaquam</strong></span> <span class='ocrx_word' id='word_1_304' title='bbox 1607 2699 1906 2770; x_wconf 85' lang='lat' dir='ltr'><strong>instruant,</strong></span> <span class='ocrx_word' id='word_1_305' title='bbox 1949 2702 2082 2775; x_wconf 86' lang='lat' dir='ltr'><strong>quia</strong></span> 
     </span>
    </p>
   </div>
   <div class='ocr_carea' id='block_1_45' title="bbox 475 2783 2083 2860">
    <p class='ocr_par' dir='ltr' id='par_1_45' title="bbox 475 2783 2083 2860">
     <span class='ocr_line' id='line_1_45' title="bbox 475 2783 2083 2860; baseline 0.004 -21"><span class='ocrx_word' id='word_1_306' title='bbox 475 2783 724 2857; x_wconf 88' lang='lat' dir='ltr'><strong>profecto</strong></span> <span class='ocrx_word' id='word_1_307' title='bbox 773 2785 899 2841; x_wconf 91' lang='lat' dir='ltr'><strong>illos</strong></span> <span class='ocrx_word' id='word_1_308' title='bbox 941 2801 1039 2857; x_wconf 91' lang='lat' dir='ltr'><strong>per</strong></span> <span class='ocrx_word' id='word_1_309' title='bbox 1075 2801 1138 2842; x_wconf 92' lang='lat' dir='ltr'><strong>ea</strong></span> <span class='ocrx_word' id='word_1_310' title='bbox 1168 2801 1289 2860; x_wconf 73' lang='lat' dir='ltr'><strong>quae</strong></span> <span class='ocrx_word' id='word_1_311' title='bbox 1318 2786 1530 2843; x_wconf 89' lang='lat' dir='ltr'><strong>tumide</strong></span> <span class='ocrx_word' id='word_1_312' title='bbox 1553 2787 1820 2858; x_wconf 89' lang='lat' dir='ltr'><strong>sentiunt,</strong></span> <span class='ocrx_word' id='word_1_313' title='bbox 1853 2805 1966 2846; x_wconf 92' lang='lat' dir='ltr'><strong>non</strong></span> <span class='ocrx_word' id='word_1_314' title='bbox 2011 2791 2083 2846; x_wconf 90' lang='lat' dir='ltr'><strong>ad</strong></span> 
     </span>
    </p>
   </div>
   <div class='ocr_carea' id='block_1_46' title="bbox 475 2873 2080 2948">
    <p class='ocr_par' dir='ltr' id='par_1_46' title="bbox 475 2873 2080 2948">
     <span class='ocr_line' id='line_1_46' title="bbox 475 2873 2080 2948; baseline 0.004 -19"><span class='ocrx_word' id='word_1_315' title='bbox 475 2873 565 2929; x_wconf 91' lang='lat' dir='ltr'><strong>sui</strong></span> <span class='ocrx_word' id='word_1_316' title='bbox 590 2873 978 2941; x_wconf 86' lang='lat' dir='ltr'><strong>reverentiam,</strong></span> <span class='ocrx_word' id='word_1_317' title='bbox 1009 2873 1106 2930; x_wconf 92' lang='lat' dir='ltr'><strong>sed</strong></span> <span class='ocrx_word' id='word_1_318' title='bbox 1135 2875 1204 2930; x_wconf 88' lang='lat' dir='ltr'><strong>ad</strong></span> <span class='ocrx_word' id='word_1_319' title='bbox 1232 2882 1613 2948; x_wconf 90' lang='lat' dir='ltr'><strong>contemptum</strong></span> <span class='ocrx_word' id='word_1_320' title='bbox 1656 2885 1876 2934; x_wconf 89' lang='lat' dir='ltr'><strong>vocant.</strong></span> <span class='ocrx_word' id='word_1_321' title='bbox 1913 2879 2080 2934; x_wconf 87' lang='lat' dir='ltr'><strong>Dum-</strong></span> 
     </span>
    </p>
   </div>
   <div class='ocr_carea' id='block_1_47' title="bbox 475 2961 2078 3036">
    <p class='ocr_par' dir='ltr' id='par_1_47' title="bbox 475 2961 2078 3036">
     <span class='ocr_line' id='line_1_47' title="bbox 475 2961 2078 3036; baseline 0.003 -18"><span class='ocrx_word' id='word_1_322' title='bbox 475 2978 582 3036; x_wconf 87' lang='lat' dir='ltr'><strong>que</strong></span> <span class='ocrx_word' id='word_1_323' title='bbox 627 2961 793 3019; x_wconf 90' lang='lat' dir='ltr'><strong>dictis</strong></span> <span class='ocrx_word' id='word_1_324' title='bbox 837 2961 1206 3034; x_wconf 89' lang='lat' dir='ltr'><strong>prudentibus</strong></span> <span class='ocrx_word' id='word_1_325' title='bbox 1251 2964 1501 3022; x_wconf 65' lang='lat' dir='ltr'><strong>stultitia:</strong></span> <span class='ocrx_word' id='word_1_326' title='bbox 1543 2966 1713 3023; x_wconf 89' lang='lat' dir='ltr'><strong>verba</strong></span> <span class='ocrx_word' id='word_1_327' title='bbox 1757 2967 2078 3036; x_wconf 89' lang='lat' dir='ltr'><strong>miscentur,</strong></span> 
     </span>
    </p>
   </div>
   <div class='ocr_carea' id='block_1_48' title="bbox 2252 1794 3790 1870">
    <p class='ocr_par' dir='ltr' id='par_1_48' title="bbox 2252 1794 3790 1870">
     <span class='ocr_line' id='line_1_48' title="bbox 2252 1794 3790 1870; baseline 0 -19"><span class='ocrx_word' id='word_1_328' title='bbox 2252 1794 2398 1863; x_wconf 88' lang='lat' dir='ltr'><strong>Quid</strong></span> <span class='ocrx_word' id='word_1_329' title='bbox 2426 1803 2508 1853; x_wconf 88' lang='lat' dir='ltr'><strong>est</strong></span> <span class='ocrx_word' id='word_1_330' title='bbox 2533 1795 2658 1864; x_wconf 91' lang='lat' dir='ltr'><strong>hoc,</strong></span> <span class='ocrx_word' id='word_1_331' title='bbox 2678 1796 2826 1870; x_wconf 92' lang='lat' dir='ltr'><strong>quod</strong></span> <span class='ocrx_word' id='word_1_332' title='bbox 2849 1797 2980 1854; x_wconf 90' lang='lat' dir='ltr'><strong>Eliu</strong></span> <span class='ocrx_word' id='word_1_333' title='bbox 3009 1797 3259 1855; x_wconf 91' lang='lat' dir='ltr'><strong>ordinem</strong></span> <span class='ocrx_word' id='word_1_334' title='bbox 3281 1812 3424 1854; x_wconf 69' lang='lat' dir='ltr'><strong>verte</strong></span> <span class='ocrx_word' id='word_1_335' title='bbox 3451 1795 3790 1854; x_wconf 87' lang='lat' dir='ltr'><strong>conditionis</strong></span> 
     </span>
    </p>
   </div>
   <div class='ocr_carea' id='block_1_49' title="bbox 2181 1882 3791 1959">
    <p class='ocr_par' dir='ltr' id='par_1_49' title="bbox 2181 1882 3791 1959">
     <span class='ocr_line' id='line_1_49' title="bbox 2181 1882 3791 1959; baseline -0.001 -18"><span class='ocrx_word' id='word_1_336' title='bbox 2181 1885 2449 1958; x_wconf 81' lang='lat' dir='ltr'><strong>agnoscit,</strong></span> <span class='ocrx_word' id='word_1_337' title='bbox 2484 1892 2541 1941; x_wconf 92' lang='lat' dir='ltr'><strong>et</strong></span> <span class='ocrx_word' id='word_1_338' title='bbox 2569 1885 2799 1942; x_wconf 91' lang='lat' dir='ltr'><strong>modum</strong></span> <span class='ocrx_word' id='word_1_339' title='bbox 2825 1894 2986 1944; x_wconf 67' lang='lat' dir='ltr'><strong>rectae</strong></span> <span class='ocrx_word' id='word_1_340' title='bbox 3021 1887 3325 1945; x_wconf 92' lang='lat' dir='ltr'><strong>locutionis</strong></span> <span class='ocrx_word' id='word_1_341' title='bbox 3355 1885 3618 1959; x_wconf 79' lang='lat' dir='ltr'><strong>ignorat?</strong></span> <span class='ocrx_word' id='word_1_342' title='bbox 3644 1882 3791 1953; x_wconf 84' lang='lat' dir='ltr'><strong>Quid</strong></span> 
     </span>
    </p>
   </div>
   <div class='ocr_carea' id='block_1_50' title="bbox 2181 1974 3788 2050">
    <p class='ocr_par' dir='ltr' id='par_1_50' title="bbox 2181 1974 3788 2050">
     <span class='ocr_line' id='line_1_50' title="bbox 2181 1974 3788 2050; baseline -0.001 -18"><span class='ocrx_word' id='word_1_343' title='bbox 2181 1983 2284 2043; x_wconf 90' lang='lat' dir='ltr'><strong>est,</strong></span> <span class='ocrx_word' id='word_1_344' title='bbox 2313 1975 2460 2049; x_wconf 91' lang='lat' dir='ltr'><strong>quod</strong></span> <span class='ocrx_word' id='word_1_345' title='bbox 2489 1991 2547 2034; x_wconf 87' lang='lat' dir='ltr'><strong>se</strong></span> <span class='ocrx_word' id='word_1_346' title='bbox 2575 1974 2738 2033; x_wconf 89' lang='lat' dir='ltr'><strong>beato</strong></span> <span class='ocrx_word' id='word_1_347' title='bbox 2760 1975 2862 2032; x_wconf 85' lang='lat' dir='ltr'><strong>Job</strong></span> <span class='ocrx_word' id='word_1_348' title='bbox 2892 1986 2948 2033; x_wconf 91' lang='lat' dir='ltr'><strong>et</strong></span> <span class='ocrx_word' id='word_1_349' title='bbox 2971 1976 3230 2034; x_wconf 91' lang='lat' dir='ltr'><strong>conditus</strong></span> <span class='ocrx_word' id='word_1_350' title='bbox 3258 1985 3530 2050; x_wconf 60' lang='lat' dir='ltr'><strong>exaquat,</strong></span> <span class='ocrx_word' id='word_1_351' title='bbox 3563 1985 3617 2032; x_wconf 91' lang='lat' dir='ltr'><strong>et</strong></span> <span class='ocrx_word' id='word_1_352' title='bbox 3644 1976 3788 2032; x_wconf 89' lang='lat' dir='ltr'><strong>locu-</strong></span> 
     </span>
    </p>
   </div>
   <div class='ocr_carea' id='block_1_51' title="bbox 2183 2063 3787 2138">
    <p class='ocr_par' dir='ltr' id='par_1_51' title="bbox 2183 2063 3787 2138">
     <span class='ocr_line' id='line_1_51' title="bbox 2183 2063 3787 2138; baseline -0.001 -18"><span class='ocrx_word' id='word_1_353' title='bbox 2183 2073 2340 2120; x_wconf 88' lang='lat' dir='ltr'><strong>turus</strong></span> <span class='ocrx_word' id='word_1_354' title='bbox 2369 2063 2596 2132; x_wconf 81' lang='lat' dir='ltr'><strong>exaltat,</strong></span> <span class='ocrx_word' id='word_1_355' title='bbox 2631 2063 2739 2120; x_wconf 92' lang='lat' dir='ltr'><strong>nisi</strong></span> <span class='ocrx_word' id='word_1_356' title='bbox 2771 2063 2894 2134; x_wconf 91' lang='lat' dir='ltr'><strong>hoc,</strong></span> <span class='ocrx_word' id='word_1_357' title='bbox 2927 2065 3074 2138; x_wconf 93' lang='lat' dir='ltr'><strong>quod</strong></span> <span class='ocrx_word' id='word_1_358' title='bbox 3104 2074 3418 2136; x_wconf 79' lang='lat' dir='ltr'><strong>arrogantes</strong></span> <span class='ocrx_word' id='word_1_359' title='bbox 3436 2079 3628 2120; x_wconf 90' lang='lat' dir='ltr'><strong>omnes</strong></span> <span class='ocrx_word' id='word_1_360' title='bbox 3655 2078 3787 2120; x_wconf 90' lang='lat' dir='ltr'><strong>cun-</strong></span> 
     </span>
    </p>
   </div>
   <div class='ocr_carea' id='block_1_52' title="bbox 2183 2152 3792 2228">
    <p class='ocr_par' dir='ltr' id='par_1_52' title="bbox 2183 2152 3792 2228">
     <span class='ocr_line' id='line_1_52' title="bbox 2183 2152 3792 2228; baseline -0.002 -18"><span class='ocrx_word' id='word_1_361' title='bbox 2183 2153 2288 2210; x_wconf 90' lang='lat' dir='ltr'><strong>ctis</strong></span> <span class='ocrx_word' id='word_1_362' title='bbox 2314 2153 2538 2226; x_wconf 86' lang='lat' dir='ltr'><strong>quidem</strong></span> <span class='ocrx_word' id='word_1_363' title='bbox 2572 2152 2893 2212; x_wconf 90' lang='lat' dir='ltr'><strong>hominibus</strong></span> <span class='ocrx_word' id='word_1_364' title='bbox 2923 2171 2981 2211; x_wconf 88' lang='lat' dir='ltr'><strong>se</strong></span> <span class='ocrx_word' id='word_1_365' title='bbox 3015 2154 3300 2228; x_wconf 55' lang='lat' dir='ltr'><strong>aequaliter</strong></span> <span class='ocrx_word' id='word_1_366' title='bbox 3318 2152 3572 2212; x_wconf 90' lang='lat' dir='ltr'><strong>conditos</strong></span> <span class='ocrx_word' id='word_1_367' title='bbox 3600 2153 3792 2208; x_wconf 90' lang='lat' dir='ltr'><strong>memi-</strong></span> 
     </span>
    </p>
   </div>
   <div class='ocr_carea' id='block_1_53' title="bbox 2185 2241 3792 2316">
    <p class='ocr_par' dir='ltr' id='par_1_53' title="bbox 2185 2241 3792 2316">
     <span class='ocr_line' id='line_1_53' title="bbox 2185 2241 3792 2316; baseline -0.001 -18"><span class='ocrx_word' id='word_1_368' title='bbox 2185 2251 2408 2310; x_wconf 91' lang='lat' dir='ltr'><strong>nerunt,</strong></span> <span class='ocrx_word' id='word_1_369' title='bbox 2431 2241 2526 2298; x_wconf 89' lang='lat' dir='ltr'><strong>sed</strong></span> <span class='ocrx_word' id='word_1_370' title='bbox 2548 2259 2644 2316; x_wconf 91' lang='lat' dir='ltr'><strong>per</strong></span> <span class='ocrx_word' id='word_1_371' title='bbox 2667 2243 2869 2300; x_wconf 88' lang='lat' dir='ltr'><strong>fastum</strong></span> <span class='ocrx_word' id='word_1_372' title='bbox 2903 2244 3148 2300; x_wconf 68' lang='lat' dir='ltr'><strong>scientiae</strong></span> <span class='ocrx_word' id='word_1_373' title='bbox 3167 2243 3447 2300; x_wconf 86' lang='lat' dir='ltr'><strong>auditores</strong></span> <span class='ocrx_word' id='word_1_374' title='bbox 3467 2259 3596 2298; x_wconf 90' lang='lat' dir='ltr'><strong>suos</strong></span> <span class='ocrx_word' id='word_1_375' title='bbox 3615 2257 3792 2315; x_wconf 66' lang='lat' dir='ltr'><strong>aequa-</strong></span> 
     </span>
    </p>
   </div>
   <div class='ocr_carea' id='block_1_54' title="bbox 2187 2331 3792 2404">
    <p class='ocr_par' dir='ltr' id='par_1_54' title="bbox 2187 2331 3792 2404">
     <span class='ocr_line' id='line_1_54' title="bbox 2187 2331 3792 2404; baseline 0 -18"><span class='ocrx_word' id='word_1_376' title='bbox 2187 2331 2264 2387; x_wconf 91' lang='lat' dir='ltr'><strong>les</strong></span> <span class='ocrx_word' id='word_1_377' title='bbox 2289 2331 2397 2388; x_wconf 89' lang='lat' dir='ltr'><strong>sibi</strong></span> <span class='ocrx_word' id='word_1_378' title='bbox 2428 2332 2517 2388; x_wconf 85' lang='lat' dir='ltr'><strong>vel</strong></span> <span class='ocrx_word' id='word_1_379' title='bbox 2547 2348 2667 2389; x_wconf 91' lang='lat' dir='ltr'><strong>esse</strong></span> <span class='ocrx_word' id='word_1_380' title='bbox 2713 2335 2798 2389; x_wconf 87' lang='lat' dir='ltr'><strong>vel</strong></span> <span class='ocrx_word' id='word_1_381' title='bbox 2829 2333 3052 2391; x_wconf 90' lang='lat' dir='ltr'><strong>credere</strong></span> <span class='ocrx_word' id='word_1_382' title='bbox 3081 2332 3472 2404; x_wconf 84' lang='lat' dir='ltr'><strong>dedignantur,</strong></span> <span class='ocrx_word' id='word_1_383' title='bbox 3516 2331 3705 2404; x_wconf 91' lang='lat' dir='ltr'><strong>eisque</strong></span> <span class='ocrx_word' id='word_1_384' title='bbox 3735 2347 3792 2387; x_wconf 88' lang='lat' dir='ltr'><strong>se</strong></span> 
     </span>
    </p>
   </div>
   <div class='ocr_carea' id='block_1_55' title="bbox 2190 2422 3790 2494">
    <p class='ocr_par' dir='ltr' id='par_1_55' title="bbox 2190 2422 3790 2494">
     <span class='ocr_line' id='line_1_55' title="bbox 2190 2422 3790 2494; baseline -0.001 -17"><span class='ocrx_word' id='word_1_385' title='bbox 2190 2439 2284 2494; x_wconf 91' lang='lat' dir='ltr'><strong>per</strong></span> <span class='ocrx_word' id='word_1_386' title='bbox 2312 2432 2522 2479; x_wconf 80' lang='lat' dir='ltr'><strong>naturae</strong></span> <span class='ocrx_word' id='word_1_387' title='bbox 2539 2422 2915 2480; x_wconf 89' lang='lat' dir='ltr'><strong>conditionem</strong></span> <span class='ocrx_word' id='word_1_388' title='bbox 2950 2425 3265 2492; x_wconf 87' lang='lat' dir='ltr'><strong>conferunt,</strong></span> <span class='ocrx_word' id='word_1_389' title='bbox 3289 2422 3385 2479; x_wconf 90' lang='lat' dir='ltr'><strong>sed</strong></span> <span class='ocrx_word' id='word_1_390' title='bbox 3407 2439 3501 2494; x_wconf 87' lang='lat' dir='ltr'><strong>per</strong></span> <span class='ocrx_word' id='word_1_391' title='bbox 3522 2431 3790 2478; x_wconf 85' lang='lat' dir='ltr'><strong>tumorem</strong></span> 
     </span>
    </p>
   </div>
   <div class='ocr_carea' id='block_1_56' title="bbox 2189 2509 3792 2587">
    <p class='ocr_par' dir='ltr' id='par_1_56' title="bbox 2189 2509 3792 2587">
     <span class='ocr_line' id='line_1_56' title="bbox 2189 2509 3792 2587; baseline 0.001 -21"><span class='ocrx_word' id='word_1_392' title='bbox 2189 2510 2434 2568; x_wconf 84' lang='lat' dir='ltr'><strong>scientiae</strong></span> <span class='ocrx_word' id='word_1_393' title='bbox 2455 2513 2883 2583; x_wconf 82' lang='lat' dir='ltr'><strong>superponunt?</strong></span> <span class='ocrx_word' id='word_1_394' title='bbox 2911 2513 3173 2587; x_wconf 68' lang='lat' dir='ltr'><strong>Equales</strong></span> <span class='ocrx_word' id='word_1_395' title='bbox 3209 2512 3433 2586; x_wconf 91' lang='lat' dir='ltr'><strong>quidem</strong></span> <span class='ocrx_word' id='word_1_396' title='bbox 3456 2527 3512 2568; x_wconf 90' lang='lat' dir='ltr'><strong>se</strong></span> <span class='ocrx_word' id='word_1_397' title='bbox 3539 2509 3792 2583; x_wconf 77' lang='lat' dir='ltr'><strong>judicent</strong></span> 
     </span>
    </p>
   </div>
   <div class='ocr_carea' id='block_1_57' title="bbox 2190 2598 3791 2673">
    <p class='ocr_par' dir='ltr' id='par_1_57' title="bbox 2190 2598 3791 2673">
     <span class='ocr_line' id='line_1_57' title="bbox 2190 2598 3791 2673; baseline -0.002 -17"><span class='ocrx_word' id='word_1_398' title='bbox 2190 2598 2470 2656; x_wconf 86' lang='lat' dir='ltr'><strong>exstitisse</strong></span> <span class='ocrx_word' id='word_1_399' title='bbox 2499 2599 2797 2668; x_wconf 90' lang='lat' dir='ltr'><strong>nascendo,</strong></span> <span class='ocrx_word' id='word_1_400' title='bbox 2844 2599 2940 2656; x_wconf 92' lang='lat' dir='ltr'><strong>sed</strong></span> <span class='ocrx_word' id='word_1_401' title='bbox 2988 2617 3100 2657; x_wconf 92' lang='lat' dir='ltr'><strong>non</strong></span> <span class='ocrx_word' id='word_1_402' title='bbox 3151 2601 3390 2673; x_wconf 73' lang='lat' dir='ltr'><strong>zeqnales</strong></span> <span class='ocrx_word' id='word_1_403' title='bbox 3443 2599 3678 2656; x_wconf 88' lang='lat' dir='ltr'><strong>remansi</strong></span> <span class='ocrx_word' id='word_1_404' title='bbox 3734 2614 3791 2654; x_wconf 91' lang='lat' dir='ltr'><strong>se</strong></span> 
     </span>
    </p>
   </div>
   <div class='ocr_carea' id='block_1_58' title="bbox 2191 2687 3793 2762">
    <p class='ocr_par' dir='ltr' id='par_1_58' title="bbox 2191 2687 3793 2762">
     <span class='ocr_line' id='line_1_58' title="bbox 2191 2687 3793 2762; baseline -0.002 -18"><span class='ocrx_word' id='word_1_405' title='bbox 2191 2688 2453 2744; x_wconf 86' lang='lat' dir='ltr'><strong>vivendo.</strong></span> <span class='ocrx_word' id='word_1_406' title='bbox 2487 2689 2508 2723; x_wconf 79' lang='grc'><strong><em>⁵</em></strong></span> <span class='ocrx_word' id='word_1_407' title='bbox 2550 2690 2730 2760; x_wconf 77' lang='lat' dir='ltr'><strong>Atque</strong></span> <span class='ocrx_word' id='word_1_408' title='bbox 2777 2688 2834 2742; x_wconf 89' lang='lat' dir='ltr'><strong>in</strong></span> <span class='ocrx_word' id='word_1_409' title='bbox 2881 2704 2948 2744; x_wconf 92' lang='lat' dir='ltr'><strong>eo</strong></span> <span class='ocrx_word' id='word_1_410' title='bbox 3004 2689 3151 2761; x_wconf 92' lang='lat' dir='ltr'><strong>quod</strong></span> <span class='ocrx_word' id='word_1_411' title='bbox 3205 2689 3442 2762; x_wconf 68' lang='lat' dir='ltr'><strong>aequales</strong></span> <span class='ocrx_word' id='word_1_412' title='bbox 3495 2687 3649 2760; x_wconf 89' lang='lat' dir='ltr'><strong>quasi</strong></span> <span class='ocrx_word' id='word_1_413' title='bbox 3697 2687 3793 2741; x_wconf 84' lang='lat' dir='ltr'><strong>vi-</strong></span> 
     </span>
    </p>
   </div>
   <div class='ocr_carea' id='block_1_59' title="bbox 2190 2774 3791 2847">
    <p class='ocr_par' dir='ltr' id='par_1_59' title="bbox 2190 2774 3791 2847">
     <span class='ocr_line' id='line_1_59' title="bbox 2190 2774 3791 2847; baseline -0.002 -15"><span class='ocrx_word' id='word_1_414' title='bbox 2190 2775 2370 2832; x_wconf 91' lang='lat' dir='ltr'><strong>vendo</strong></span> <span class='ocrx_word' id='word_1_415' title='bbox 2423 2774 2538 2847; x_wconf 88' lang='lat' dir='ltr'><strong>jam</strong></span> <span class='ocrx_word' id='word_1_416' title='bbox 2569 2791 2680 2832; x_wconf 90' lang='lat' dir='ltr'><strong>non</strong></span> <span class='ocrx_word' id='word_1_417' title='bbox 2708 2785 2855 2843; x_wconf 91' lang='lat' dir='ltr'><strong>sunt,</strong></span> <span class='ocrx_word' id='word_1_418' title='bbox 2909 2776 3050 2831; x_wconf 93' lang='lat' dir='ltr'><strong>illud</strong></span> <span class='ocrx_word' id='word_1_419' title='bbox 3099 2775 3168 2831; x_wconf 86' lang='lat' dir='ltr'><strong>ad</strong></span> <span class='ocrx_word' id='word_1_420' title='bbox 3225 2775 3405 2847; x_wconf 87' lang='lat' dir='ltr'><strong>majus</strong></span> <span class='ocrx_word' id='word_1_421' title='bbox 3460 2775 3791 2831; x_wconf 85' lang='lat' dir='ltr'><strong>miraculum</strong></span> 
     </span>
    </p>
   </div>
   <div class='ocr_carea' id='block_1_60' title="bbox 2189 2863 3794 2940">
    <p class='ocr_par' dir='ltr' id='par_1_60' title="bbox 2189 2863 3794 2940">
     <span class='ocr_line' id='line_1_60' title="bbox 2189 2863 3794 2940; baseline -0.002 -16"><span class='ocrx_word' id='word_1_422' title='bbox 2189 2876 2469 2934; x_wconf 90' lang='lat' dir='ltr'><strong>revocant,</strong></span> <span class='ocrx_word' id='word_1_423' title='bbox 2532 2865 2678 2940; x_wconf 91' lang='lat' dir='ltr'><strong>quod</strong></span> <span class='ocrx_word' id='word_1_424' title='bbox 2732 2865 2966 2937; x_wconf 68' lang='lat' dir='ltr'><strong>aequales</strong></span> <span class='ocrx_word' id='word_1_425' title='bbox 3004 2864 3280 2921; x_wconf 90' lang='lat' dir='ltr'><strong>nascendo</strong></span> <span class='ocrx_word' id='word_1_426' title='bbox 3332 2865 3575 2920; x_wconf 86' lang='lat' dir='ltr'><strong>fuerunt.</strong></span> <span class='ocrx_word' id='word_1_427' title='bbox 3639 2863 3794 2921; x_wconf 89' lang='lat' dir='ltr'><strong>Unde</strong></span> 
     </span>
    </p>
   </div>
   <div class='ocr_carea' id='block_1_61' title="bbox 2190 2953 3797 3024">
    <p class='ocr_par' dir='ltr' id='par_1_61' title="bbox 2190 2953 3797 3024">
     <span class='ocr_line' id='line_1_61' title="bbox 2190 2953 3797 3024; baseline -0.003 -11"><span class='ocrx_word' id='word_1_428' title='bbox 2190 2957 2412 3013; x_wconf 84' lang='lat' dir='ltr'><strong>inﬂatus</strong></span> <span class='ocrx_word' id='word_1_429' title='bbox 2440 2957 2568 3012; x_wconf 84' lang='lat' dir='ltr'><strong>Elin</strong></span> <span class='ocrx_word' id='word_1_430' title='bbox 2587 2955 2758 3014; x_wconf 87' lang='lat' dir='ltr'><strong>dicit:</strong></span> <span class='ocrx_word' id='word_1_431' title='bbox 2793 2957 2924 3012; x_wconf 85' lang='lat' dir='ltr'><strong>Ecce</strong></span> <span class='ocrx_word' id='word_1_432' title='bbox 2949 2959 2998 3010; x_wconf 89' lang='lat' dir='ltr'><strong>et</strong></span> <span class='ocrx_word' id='word_1_433' title='bbox 3017 2971 3096 3009; x_wconf 78' lang='lat' dir='ltr'><strong>nte</strong></span> <span class='ocrx_word' id='word_1_434' title='bbox 3113 2953 3248 3008; x_wconf 82' lang='lat' dir='ltr'><strong>sicut</strong></span> <span class='ocrx_word' id='word_1_435' title='bbox 3274 2960 3322 3009; x_wconf 88' lang='lat' dir='ltr'><strong>et</strong></span> <span class='ocrx_word' id='word_1_436' title='bbox 3353 2960 3398 3008; x_wconf 87' lang='lat' dir='ltr'><strong>te</strong></span> <span class='ocrx_word' id='word_1_437' title='bbox 3411 2953 3534 3024; x_wconf 85' lang='lat' dir='ltr'><strong>fecit</strong></span> <span class='ocrx_word' id='word_1_438' title='bbox 3559 2953 3722 3020; x_wconf 85' lang='lat' dir='ltr'><strong>Deus,</strong></span> <span class='ocrx_word' id='word_1_439' title='bbox 3745 2959 3797 3008; x_wconf 88' lang='lat' dir='ltr'><strong>et</strong></span> 
     </span>
    </p>
   </div>
   <div class='ocr_carea' id='block_1_62' title="bbox 477 3043 3794 3146">
    <p class='ocr_par' dir='ltr' id='par_1_62' title="bbox 477 3043 3794 3146">
     <span class='ocr_line' id='line_1_62' title="bbox 477 3043 3794 3146; baseline -0.004 -38"><span class='ocrx_word' id='word_1_440' title='bbox 477 3052 608 3125; x_wconf 90' lang='lat' dir='ltr'><strong>quia</strong></span> <span class='ocrx_word' id='word_1_441' title='bbox 627 3051 868 3108; x_wconf 86' lang='lat' dir='ltr'><strong>stultitia</strong></span> <span class='ocrx_word' id='word_1_442' title='bbox 886 3051 956 3108; x_wconf 90' lang='lat' dir='ltr'><strong>ab</strong></span> <span class='ocrx_word' id='word_1_443' title='bbox 976 3051 1234 3109; x_wconf 89' lang='lat' dir='ltr'><strong>audiente</strong></span> <span class='ocrx_word' id='word_1_444' title='bbox 1255 3052 1578 3127; x_wconf 87' lang='lat' dir='ltr'><strong>despicitur,</strong></span> <span class='ocrx_word' id='word_1_445' title='bbox 1599 3055 1764 3112; x_wconf 87' lang='lat' dir='ltr'><strong>etiam</strong></span> <span class='ocrx_word' id='word_1_446' title='bbox 1787 3055 2081 3129; x_wconf 89' lang='lat' dir='ltr'><strong>prudentia</strong></span> <span class='ocrx_word' id='word_1_447' title='bbox 2113 3084 2160 3146; x_wconf 66' lang='grc' dir='ltr'>ο</span> <span class='ocrx_word' id='word_1_448' title='bbox 2191 3047 2262 3146; x_wconf 34' lang='grc' dir='ltr'><strong>ἀει</strong></span> <span class='ocrx_word' id='word_1_449' title='bbox 2289 3047 2464 3146; x_wconf 43' lang='lat' dir='ltr'><strong>eode-In</strong></span> <span class='ocrx_word' id='word_1_450' title='bbox 2478 3047 2586 3102; x_wconf 80' lang='lat' dir='ltr'><strong>luto</strong></span> <span class='ocrx_word' id='word_1_451' title='bbox 2615 3062 2702 3117; x_wconf 89' lang='lat' dir='ltr'><strong>ego</strong></span> <span class='ocrx_word' id='word_1_452' title='bbox 2717 3061 2919 3116; x_wconf 84' lang='lat' dir='ltr'><strong>quoque</strong></span> <span class='ocrx_word' id='word_1_453' title='bbox 2936 3043 3202 3146; x_wconf 75' lang='lat' dir='ltr'><strong>formatus</strong></span> <span class='ocrx_word' id='word_1_454' title='bbox 3229 3059 3366 3146; x_wconf 83' lang='lat' dir='ltr'><strong>sum.</strong></span> <span class='ocrx_word' id='word_1_455' title='bbox 3423 3043 3794 3146; x_wconf 41' lang='lat' dir='ltr'><strong>Verumtamen</strong></span> 
     </span>
    </p>
   </div>
   <div class='ocr_carea' id='block_1_63' title="bbox 477 3131 2083 3215">
    <p class='ocr_par' dir='ltr' id='par_1_63' title="bbox 477 3139 2080 3215">
     <span class='ocr_line' id='line_1_63' title="bbox 477 3139 2080 3215; baseline 0.002 -19"><span class='ocrx_word' id='word_1_456' title='bbox 477 3156 590 3196; x_wconf 92' lang='lat' dir='ltr'><strong>non</strong></span> <span class='ocrx_word' id='word_1_457' title='bbox 635 3147 870 3198; x_wconf 89' lang='lat' dir='ltr'><strong>tenetur.</strong></span> <span class='ocrx_word' id='word_1_458' title='bbox 922 3139 1066 3198; x_wconf 90' lang='lat' dir='ltr'><strong>Hinc</strong></span> <span class='ocrx_word' id='word_1_459' title='bbox 1091 3142 1240 3197; x_wconf 88' lang='lat' dir='ltr'><strong>enim</strong></span> <span class='ocrx_word' id='word_1_460' title='bbox 1285 3157 1382 3214; x_wconf 90' lang='lat' dir='ltr'><strong>per</strong></span> <span class='ocrx_word' id='word_1_461' title='bbox 1417 3143 1644 3215; x_wconf 88' lang='lat' dir='ltr'><strong>Moysen</strong></span> <span class='ocrx_word' id='word_1_462' title='bbox 1684 3144 1926 3201; x_wconf 89' lang='lat' dir='ltr'><strong>dicitur:</strong></span> <span class='ocrx_word' id='word_1_463' title='bbox 1987 3145 2080 3204; x_wconf 81' lang='lat' dir='ltr'><strong>Vir</strong></span> 
     </span>
    </p>
   </div>
   <div class='ocr_carea' id='block_1_64' title="bbox 2191 3131 3796 3215">
    <p class='ocr_par' dir='ltr' id='par_1_64' title="bbox 2191 3131 3796 3200">
     <span class='ocr_line' id='line_1_64' title="bbox 2191 3131 3796 3200; baseline -0.005 -8"><span class='ocrx_word' id='word_1_464' title='bbox 2191 3136 2506 3192; x_wconf 87' lang='lat' dir='ltr'><strong>miraculum</strong></span> <span class='ocrx_word' id='word_1_465' title='bbox 2550 3151 2721 3190; x_wconf 89' lang='lat' dir='ltr'><strong>meum</strong></span> <span class='ocrx_word' id='word_1_466' title='bbox 2752 3139 2894 3196; x_wconf 85' lang='lat'><strong>745</strong></span> <span class='ocrx_word' id='word_1_467' title='bbox 2922 3150 3029 3188; x_wconf 87' lang='lat' dir='ltr'><strong>non</strong></span> <span class='ocrx_word' id='word_1_468' title='bbox 3057 3139 3100 3188; x_wconf 86' lang='lat' dir='ltr'><strong>te</strong></span> <span class='ocrx_word' id='word_1_469' title='bbox 3148 3138 3362 3198; x_wconf 88' lang='lat' dir='ltr'><strong>terreat,</strong></span> <span class='ocrx_word' id='word_1_470' title='bbox 3407 3137 3454 3186; x_wconf 89' lang='lat' dir='ltr'><strong>et</strong></span> <span class='ocrx_word' id='word_1_471' title='bbox 3499 3131 3796 3200; x_wconf 84' lang='lat' dir='ltr'><strong>eloquentia</strong></span> 
     </span>
    </p>
   </div>
   <div class='ocr_carea' id='block_1_65' title="bbox 477 3229 2076 3303">
    <p class='ocr_par' dir='ltr' id='par_1_65' title="bbox 477 3229 2076 3303">
     <span class='ocr_line' id='line_1_65' title="bbox 477 3229 2076 3303; baseline 0.001 -16"><span class='ocrx_word' id='word_1_472' title='bbox 477 3231 571 3301; x_wconf 86' lang='lat' dir='ltr'><strong>qui</strong></span> <span class='ocrx_word' id='word_1_473' title='bbox 598 3231 806 3300; x_wconf 64' lang='lat' dir='ltr'><strong>[luwum</strong></span> <span class='ocrx_word' id='word_1_474' title='bbox 831 3229 1044 3286; x_wconf 86' lang='lat' dir='ltr'><strong>seminis</strong></span> <span class='ocrx_word' id='word_1_475' title='bbox 1062 3230 1282 3286; x_wconf 88' lang='lat' dir='ltr'><strong>sustinet</strong></span> <span class='ocrx_word' id='word_1_476' title='bbox 1307 3231 1606 3286; x_wconf 86' lang='lat' dir='ltr'><strong>immundus</strong></span> <span class='ocrx_word' id='word_1_477' title='bbox 1620 3231 1722 3286; x_wconf 87' lang='lat' dir='ltr'><strong>erit</strong></span> <span class='ocrx_word' id='word_1_478' title='bbox 1735 3231 1763 3303; x_wconf 95' lang='lat'><em>(</em></span> <span class='ocrx_word' id='word_1_479' title='bbox 1766 3232 1935 3288; x_wconf 79' lang='lat' dir='ltr'><strong>Leuit.</strong></span> <span class='ocrx_word' id='word_1_480' title='bbox 1979 3249 2076 3301; x_wconf 83' lang='lat' dir='ltr'><strong>xv,</strong></span> 
     </span>
    </p>
   </div>
   <div class='ocr_carea' id='block_1_66' title="bbox 482 3316 2080 3391">
    <p class='ocr_par' dir='ltr' id='par_1_66' title="bbox 482 3316 2080 3391">
     <span class='ocr_line' id='line_1_66' title="bbox 482 3316 2080 3391; baseline 0.001 -17"><span class='ocrx_word' id='word_1_481' title='bbox 482 3318 596 3391; x_wconf 85' lang='grc'><strong>10).</strong></span> <span class='ocrx_word' id='word_1_482' title='bbox 643 3316 788 3386; x_wconf 92' lang='lat' dir='ltr'><strong>Quid</strong></span> <span class='ocrx_word' id='word_1_483' title='bbox 830 3328 912 3376; x_wconf 92' lang='lat' dir='ltr'><strong>est</strong></span> <span class='ocrx_word' id='word_1_484' title='bbox 953 3319 1101 3375; x_wconf 91' lang='lat' dir='ltr'><strong>enim</strong></span> <span class='ocrx_word' id='word_1_485' title='bbox 1145 3317 1459 3387; x_wconf 90' lang='lat' dir='ltr'><strong>sermo,nisi</strong></span> <span class='ocrx_word' id='word_1_486' title='bbox 1520 3320 1753 3377; x_wconf 80' lang='lat' dir='ltr'><strong>semen?</strong></span> <span class='ocrx_word' id='word_1_487' title='bbox 1793 3319 1900 3388; x_wconf 90' lang='lat' dir='ltr'><strong>Qui</strong></span> <span class='ocrx_word' id='word_1_488' title='bbox 1947 3320 2080 3378; x_wconf 90' lang='lat' dir='ltr'><strong>dum</strong></span> 
     </span>
    </p>
   </div>
   <div class='ocr_carea' id='block_1_67' title="bbox 477 3406 2082 3483">
    <p class='ocr_par' dir='ltr' id='par_1_67' title="bbox 477 3406 2082 3483">
     <span class='ocr_line' id='line_1_67' title="bbox 477 3406 2082 3483; baseline 0.001 -18"><span class='ocrx_word' id='word_1_489' title='bbox 477 3407 729 3466; x_wconf 90' lang='lat' dir='ltr'><strong>ordinate</strong></span> <span class='ocrx_word' id='word_1_490' title='bbox 765 3409 1058 3478; x_wconf 89' lang='lat' dir='ltr'><strong>emittitur,</strong></span> <span class='ocrx_word' id='word_1_491' title='bbox 1095 3406 1370 3464; x_wconf 91' lang='lat' dir='ltr'><strong>audientis</strong></span> <span class='ocrx_word' id='word_1_492' title='bbox 1395 3424 1550 3464; x_wconf 89' lang='lat' dir='ltr'><strong>mens</strong></span> <span class='ocrx_word' id='word_1_493' title='bbox 1578 3409 1735 3482; x_wconf 89' lang='lat' dir='ltr'><strong>quasi</strong></span> <span class='ocrx_word' id='word_1_494' title='bbox 1754 3411 2082 3483; x_wconf 87' lang='lat' dir='ltr'><strong>concipien-</strong></span> 
     </span>
    </p>
   </div>
   <div class='ocr_carea' id='block_1_68' title="bbox 479 3495 2084 3571">
    <p class='ocr_par' dir='ltr' id='par_1_68' title="bbox 479 3495 2084 3571">
     <span class='ocr_line' id='line_1_68' title="bbox 479 3495 2084 3571; baseline 0.001 -17"><span class='ocrx_word' id='word_1_495' title='bbox 479 3497 554 3554; x_wconf 90' lang='lat' dir='ltr'><strong>tis</strong></span> <span class='ocrx_word' id='word_1_496' title='bbox 581 3507 772 3554; x_wconf 89' lang='lat' dir='ltr'><strong>uterus</strong></span> <span class='ocrx_word' id='word_1_497' title='bbox 800 3495 870 3553; x_wconf 88' lang='lat' dir='ltr'><strong>ad</strong></span> <span class='ocrx_word' id='word_1_498' title='bbox 898 3496 1032 3554; x_wconf 86' lang='lat' dir='ltr'><strong>boni</strong></span> <span class='ocrx_word' id='word_1_499' title='bbox 1052 3498 1236 3571; x_wconf 91' lang='lat' dir='ltr'><strong>operis</strong></span> <span class='ocrx_word' id='word_1_500' title='bbox 1256 3498 1467 3570; x_wconf 89' lang='lat' dir='ltr'><strong>prolem</strong></span> <span class='ocrx_word' id='word_1_501' title='bbox 1485 3497 1708 3554; x_wconf 88' lang='lat' dir='ltr'><strong>fetatur.</strong></span> <span class='ocrx_word' id='word_1_502' title='bbox 1726 3498 1784 3555; x_wconf 94' lang='lat' dir='ltr'><strong>Si</strong></span> <span class='ocrx_word' id='word_1_503' title='bbox 1807 3514 1939 3556; x_wconf 91' lang='lat' dir='ltr'><strong>vero</strong></span> <span class='ocrx_word' id='word_1_504' title='bbox 1966 3499 2084 3555; x_wconf 91' lang='lat' dir='ltr'><strong>im-</strong></span> 
     </span>
    </p>
   </div>
   <div class='ocr_carea' id='block_1_69' title="bbox 480 3581 2082 3660">
    <p class='ocr_par' dir='ltr' id='par_1_69' title="bbox 480 3581 2082 3660">
     <span class='ocr_line' id='line_1_69' title="bbox 480 3581 2082 3660; baseline 0 -18"><span class='ocrx_word' id='word_1_505' title='bbox 480 3594 714 3658; x_wconf 89' lang='lat' dir='ltr'><strong>portune</strong></span> <span class='ocrx_word' id='word_1_506' title='bbox 751 3581 966 3655; x_wconf 86' lang='lat' dir='ltr'><strong>deﬂuit,</strong></span> <span class='ocrx_word' id='word_1_507' title='bbox 1027 3586 1371 3644; x_wconf 90' lang='lat' dir='ltr'><strong>emittentem</strong></span> <span class='ocrx_word' id='word_1_508' title='bbox 1445 3587 1718 3659; x_wconf 91' lang='lat' dir='ltr'><strong>polluens,</strong></span> <span class='ocrx_word' id='word_1_509' title='bbox 1782 3586 2082 3660; x_wconf 88' lang='lat' dir='ltr'><strong>generandi</strong></span> 
     </span>
    </p>
   </div>
   <div class='ocr_carea' id='block_1_70' title="bbox 481 3673 2086 3748">
    <p class='ocr_par' dir='ltr' id='par_1_70' title="bbox 481 3673 2086 3748">
     <span class='ocr_line' id='line_1_70' title="bbox 481 3673 2086 3748; baseline 0 -16"><span class='ocrx_word' id='word_1_510' title='bbox 481 3675 744 3732; x_wconf 88' lang='lat' dir='ltr'><strong>virtutem</strong></span> <span class='ocrx_word' id='word_1_511' title='bbox 770 3673 970 3748; x_wconf 89' lang='lat' dir='ltr'><strong>perdit.</strong></span> <span class='ocrx_word' id='word_1_512' title='bbox 1006 3678 1027 3711; x_wconf 83' lang='grc'><strong>³</strong></span> <span class='ocrx_word' id='word_1_513' title='bbox 1051 3677 1189 3734; x_wconf 85' lang='lat' dir='ltr'><strong>Nam</strong></span> <span class='ocrx_word' id='word_1_514' title='bbox 1211 3678 1260 3734; x_wconf 91' lang='lat' dir='ltr'><strong>si</strong></span> <span class='ocrx_word' id='word_1_515' title='bbox 1287 3694 1466 3735; x_wconf 92' lang='lat' dir='ltr'><strong>sermo</strong></span> <span class='ocrx_word' id='word_1_516' title='bbox 1485 3693 1670 3734; x_wconf 88' lang='lat' dir='ltr'><strong>semen</strong></span> <span class='ocrx_word' id='word_1_517' title='bbox 1695 3694 1807 3734; x_wconf 89' lang='lat' dir='ltr'><strong>non</strong></span> <span class='ocrx_word' id='word_1_518' title='bbox 1833 3685 1993 3746; x_wconf 90' lang='lat' dir='ltr'><strong>esset,</strong></span> <span class='ocrx_word' id='word_1_519' title='bbox 2016 3676 2086 3733; x_wconf 92' lang='lat' dir='ltr'><strong>de</strong></span> 
     </span>
    </p>
   </div>
   <div class='ocr_carea' id='block_1_71' title="bbox 482 3765 2080 3843">
    <p class='ocr_par' dir='ltr' id='par_1_71' title="bbox 482 3765 2080 3843">
     <span class='ocr_line' id='line_1_71' title="bbox 482 3765 2080 3843; baseline 0 -19"><span class='ocrx_word' id='word_1_520' title='bbox 482 3765 813 3841; x_wconf 72' lang='lat' dir='ltr'><strong>praedicante</strong></span> <span class='ocrx_word' id='word_1_521' title='bbox 831 3766 1001 3824; x_wconf 92' lang='lat' dir='ltr'><strong>Paulo</strong></span> <span class='ocrx_word' id='word_1_522' title='bbox 1026 3784 1370 3843; x_wconf 88' lang='lat' dir='ltr'><strong>nequaquam</strong></span> <span class='ocrx_word' id='word_1_523' title='bbox 1402 3767 1769 3826; x_wconf 85' lang='lat' dir='ltr'><strong>Athenienses</strong></span> <span class='ocrx_word' id='word_1_524' title='bbox 1797 3768 2080 3826; x_wconf 90' lang='lat' dir='ltr'><strong>dicerent:</strong></span> 
     </span>
    </p>
   </div>
   <div class='ocr_carea' id='block_1_72' title="bbox 485 3857 2086 3931">
    <p class='ocr_par' dir='ltr' id='par_1_72' title="bbox 485 3857 2086 3931">
     <span class='ocr_line' id='line_1_72' title="bbox 485 3857 2086 3931; baseline 0.001 -19"><span class='ocrx_word' id='word_1_525' title='bbox 485 3857 628 3924; x_wconf 83' lang='lat' dir='ltr'><strong>Quid</strong></span> <span class='ocrx_word' id='word_1_526' title='bbox 663 3857 886 3913; x_wconf 83' lang='lat' dir='ltr'><strong>vultsibi</strong></span> <span class='ocrx_word' id='word_1_527' title='bbox 903 3858 1302 3914; x_wconf 85' lang='lat' dir='ltr'><strong>seminiverbius</strong></span> <span class='ocrx_word' id='word_1_528' title='bbox 1325 3859 1406 3914; x_wconf 86' lang='lat' dir='ltr'><strong>hic</strong></span> <span class='ocrx_word' id='word_1_529' title='bbox 1423 3858 1593 3914; x_wconf 86' lang='lat' dir='ltr'><strong>dicere</strong></span> <span class='ocrx_word' id='word_1_530' title='bbox 1618 3859 1766 3930; x_wconf 84' lang='lat' dir='ltr'><strong>(Act.</strong></span> <span class='ocrx_word' id='word_1_531' title='bbox 1794 3875 1932 3927; x_wconf 84' lang='lat' dir='ltr'><strong>xvn,</strong></span> <span class='ocrx_word' id='word_1_532' title='bbox 1959 3858 2086 3931; x_wconf 78' lang='lat' dir='ltr'><strong>l8)?</strong></span> 
     </span>
    </p>
   </div>
   <div class='ocr_carea' id='block_1_73' title="bbox 481 3945 2087 4019">
    <p class='ocr_par' dir='ltr' id='par_1_73' title="bbox 481 3945 2087 4019">
     <span class='ocr_line' id='line_1_73' title="bbox 481 3945 2087 4019; baseline 0.001 -17"><span class='ocrx_word' id='word_1_533' title='bbox 481 3945 562 4002; x_wconf 93' lang='lat' dir='ltr'><strong>De</strong></span> <span class='ocrx_word' id='word_1_534' title='bbox 592 3963 701 4019; x_wconf 92' lang='lat' dir='ltr'><strong>quo</strong></span> <span class='ocrx_word' id='word_1_535' title='bbox 733 3955 787 4003; x_wconf 91' lang='lat' dir='ltr'><strong>et</strong></span> <span class='ocrx_word' id='word_1_536' title='bbox 816 3947 990 4005; x_wconf 90' lang='lat' dir='ltr'><strong>Lucas</strong></span> <span class='ocrx_word' id='word_1_537' title='bbox 1041 3947 1209 4004; x_wconf 88' lang='lat' dir='ltr'><strong>dicit:</strong></span> <span class='ocrx_word' id='word_1_538' title='bbox 1272 3949 1390 4018; x_wconf 88' lang='lat' dir='ltr'><strong>Ipse</strong></span> <span class='ocrx_word' id='word_1_539' title='bbox 1435 3949 1572 4003; x_wconf 86' lang='lat' dir='ltr'><strong>enim</strong></span> <span class='ocrx_word' id='word_1_540' title='bbox 1613 3955 1733 4005; x_wconf 87' lang='lat' dir='ltr'><strong>erat</strong></span> <span class='ocrx_word' id='word_1_541' title='bbox 1783 3949 1896 4004; x_wconf 78' lang='lat' dir='ltr'><strong>dua:</strong></span> <span class='ocrx_word' id='word_1_542' title='bbox 1941 3948 2087 4004; x_wconf 82' lang='lat' dir='ltr'><strong>verbi</strong></span> 
     </span>
    </p>
   </div>
   <div class='ocr_carea' id='block_1_74' title="bbox 483 4033 2086 4108">
    <p class='ocr_par' dir='ltr' id='par_1_74' title="bbox 483 4033 2086 4108">
     <span class='ocr_line' id='line_1_74' title="bbox 483 4033 2086 4108; baseline 0.004 -22"><span class='ocrx_word' id='word_1_543' title='bbox 483 4033 632 4101; x_wconf 88' lang='lat' dir='ltr'><strong>(Act.</strong></span> <span class='ocrx_word' id='word_1_544' title='bbox 665 4049 786 4100; x_wconf 80' lang='lat' dir='ltr'><strong>xw,</strong></span> <span class='ocrx_word' id='word_1_545' title='bbox 813 4034 924 4103; x_wconf 86' lang='grc'><strong>11).</strong></span> <span class='ocrx_word' id='word_1_546' title='bbox 957 4036 1154 4089; x_wconf 87' lang='lat' dir='ltr'><strong>Semen</strong></span> <span class='ocrx_word' id='word_1_547' title='bbox 1181 4051 1308 4106; x_wconf 88' lang='lat' dir='ltr'><strong>ergo</strong></span> <span class='ocrx_word' id='word_1_548' title='bbox 1337 4035 1463 4090; x_wconf 88' lang='lat' dir='ltr'><strong>usui</strong></span> <span class='ocrx_word' id='word_1_549' title='bbox 1499 4037 1818 4108; x_wconf 87' lang='lat' dir='ltr'><strong>propaginis</strong></span> <span class='ocrx_word' id='word_1_550' title='bbox 1837 4038 2086 4095; x_wconf 86' lang='lat' dir='ltr'><strong>dicatum</strong></span> 
     </span>
    </p>
   </div>
   <div class='ocr_carea' id='block_1_75' title="bbox 489 4117 2085 4200">
    <p class='ocr_par' dir='ltr' id='par_1_75' title="bbox 489 4117 2085 4200">
     <span class='ocr_line' id='line_1_75' title="bbox 489 4117 2085 4200; baseline 0.006 -28"><span class='ocrx_word' id='word_1_551' title='bbox 489 4117 920 4189; x_wconf 88' lang='lat' dir='ltr'><strong>incompetenter</strong></span> <span class='ocrx_word' id='word_1_552' title='bbox 959 4119 1136 4176; x_wconf 86' lang='lat' dir='ltr'><strong>fluens</strong></span> <span class='ocrx_word' id='word_1_553' title='bbox 1187 4129 1381 4178; x_wconf 67' lang='lat' dir='ltr'><strong>caetera</strong></span> <span class='ocrx_word' id='word_1_554' title='bbox 1429 4123 1677 4180; x_wconf 92' lang='lat' dir='ltr'><strong>membra</strong></span> <span class='ocrx_word' id='word_1_555' title='bbox 1741 4127 2085 4200; x_wconf 88' lang='lat' dir='ltr'><strong>coinquinat,</strong></span> 
     </span>
    </p>
   </div>
   <div class='ocr_carea' id='block_1_76' title="bbox 487 4207 2089 4280">
    <p class='ocr_par' dir='ltr' id='par_1_76' title="bbox 487 4207 2089 4280">
     <span class='ocr_line' id='line_1_76' title="bbox 487 4207 2089 4280; baseline 0.003 -17"><span class='ocrx_word' id='word_1_556' title='bbox 487 4221 613 4263; x_wconf 91' lang='lat' dir='ltr'><strong>cum</strong></span> <span class='ocrx_word' id='word_1_557' title='bbox 645 4220 824 4261; x_wconf 93' lang='lat' dir='ltr'><strong>sermo</strong></span> <span class='ocrx_word' id='word_1_558' title='bbox 851 4223 946 4278; x_wconf 92' lang='lat' dir='ltr'><strong>per</strong></span> <span class='ocrx_word' id='word_1_559' title='bbox 975 4225 1136 4280; x_wconf 91' lang='lat' dir='ltr'><strong>quem</strong></span> <span class='ocrx_word' id='word_1_560' title='bbox 1169 4209 1226 4264; x_wconf 90' lang='lat' dir='ltr'><strong>in</strong></span> <span class='ocrx_word' id='word_1_561' title='bbox 1257 4207 1601 4264; x_wconf 89' lang='lat' dir='ltr'><strong>audientium</strong></span> <span class='ocrx_word' id='word_1_562' title='bbox 1640 4212 1897 4268; x_wconf 89' lang='lat' dir='ltr'><strong>sensibus</strong></span> <span class='ocrx_word' id='word_1_563' title='bbox 1938 4213 2089 4270; x_wconf 91' lang='lat' dir='ltr'><strong>nasci</strong></span> 
     </span>
    </p>
   </div>
   <div class='ocr_carea' id='block_1_77' title="bbox 487 4293 2090 4374">
    <p class='ocr_par' dir='ltr' id='par_1_77' title="bbox 487 4293 2090 4374">
     <span class='ocr_line' id='line_1_77' title="bbox 487 4293 2090 4374; baseline 0.006 -25"><span class='ocrx_word' id='word_1_564' title='bbox 487 4293 720 4352; x_wconf 89' lang='lat' dir='ltr'><strong>scientia</strong></span> <span class='ocrx_word' id='word_1_565' title='bbox 759 4293 972 4366; x_wconf 89' lang='lat' dir='ltr'><strong>debuit,</strong></span> <span class='ocrx_word' id='word_1_566' title='bbox 1012 4296 1058 4352; x_wconf 90' lang='lat' dir='ltr'><strong>si</strong></span> <span class='ocrx_word' id='word_1_567' title='bbox 1108 4294 1418 4352; x_wconf 87' lang='lat' dir='ltr'><strong>inordinate</strong></span> <span class='ocrx_word' id='word_1_568' title='bbox 1460 4296 1706 4370; x_wconf 90' lang='lat' dir='ltr'><strong>prodeat,</strong></span> <span class='ocrx_word' id='word_1_569' title='bbox 1753 4299 1918 4355; x_wconf 90' lang='lat' dir='ltr'><strong>etiam</strong></span> <span class='ocrx_word' id='word_1_570' title='bbox 1969 4317 2090 4374; x_wconf 85' lang='lat' dir='ltr'><strong>quae</strong></span> 
     </span>
    </p>
   </div>
   <div class='ocr_carea' id='block_1_78' title="bbox 490 4383 2088 4463">
    <p class='ocr_par' dir='ltr' id='par_1_78' title="bbox 490 4383 2088 4463">
     <span class='ocr_line' id='line_1_78' title="bbox 490 4383 2088 4463; baseline 0.004 -24"><span class='ocrx_word' id='word_1_571' title='bbox 490 4391 635 4442; x_wconf 92' lang='lat' dir='ltr'><strong>recte</strong></span> <span class='ocrx_word' id='word_1_572' title='bbox 661 4385 892 4442; x_wconf 88' lang='lat' dir='ltr'><strong>senserit</strong></span> <span class='ocrx_word' id='word_1_573' title='bbox 937 4383 1124 4442; x_wconf 85' lang='lat' dir='ltr'><strong>foedat.</strong></span> <span class='ocrx_word' id='word_1_574' title='bbox 1167 4385 1320 4442; x_wconf 91' lang='lat' dir='ltr'><strong>Unde</strong></span> <span class='ocrx_word' id='word_1_575' title='bbox 1351 4385 1482 4442; x_wconf 90' lang='lat' dir='ltr'><strong>Elin</strong></span> <span class='ocrx_word' id='word_1_576' title='bbox 1523 4391 1740 4462; x_wconf 84' lang='lat' dir='ltr'><strong>quoque</strong></span> <span class='ocrx_word' id='word_1_577' title='bbox 1771 4389 1937 4446; x_wconf 90' lang='lat' dir='ltr'><strong>etiam</strong></span> <span class='ocrx_word' id='word_1_578' title='bbox 1967 4406 2088 4463; x_wconf 83' lang='lat' dir='ltr'><strong>quae</strong></span> 
     </span>
    </p>
   </div>
   <div class='ocr_carea' id='block_1_79' title="bbox 2117 4438 2166 4498">
    <p class='ocr_par' dir='ltr' id='par_1_79' title="bbox 2117 4438 2166 4498">
     <span class='ocr_line' id='line_1_79' title="bbox 2117 4438 2166 4498; baseline 0 0"><span class='ocrx_word' id='word_1_579' title='bbox 2117 4438 2166 4498; x_wconf 94' lang='lat' dir='ltr'><strong>D</strong></span> 
     </span>
    </p>
   </div>
   <div class='ocr_carea' id='block_1_80' title="bbox 2190 3224 3792 3302">
    <p class='ocr_par' dir='ltr' id='par_1_80' title="bbox 2190 3224 3792 3302">
     <span class='ocr_line' id='line_1_80' title="bbox 2190 3224 3792 3302; baseline -0.004 -16"><span class='ocrx_word' id='word_1_580' title='bbox 2190 3248 2302 3286; x_wconf 80' lang='lat' dir='ltr'><strong>mea</strong></span> <span class='ocrx_word' id='word_1_581' title='bbox 2329 3247 2435 3285; x_wconf 89' lang='lat' dir='ltr'><strong>non</strong></span> <span class='ocrx_word' id='word_1_582' title='bbox 2453 3230 2523 3284; x_wconf 85' lang='lat' dir='ltr'><strong>sit</strong></span> <span class='ocrx_word' id='word_1_583' title='bbox 2561 3229 2653 3283; x_wconf 89' lang='lat' dir='ltr'><strong>tibi</strong></span> <span class='ocrx_word' id='word_1_584' title='bbox 2669 3228 2869 3300; x_wconf 83' lang='lat' dir='ltr'><strong>gravis.</strong></span> <span class='ocrx_word' id='word_1_585' title='bbox 2896 3226 3034 3301; x_wconf 84' lang='lat' dir='ltr'><strong>[Vet.</strong></span> <span class='ocrx_word' id='word_1_586' title='bbox 3059 3227 3235 3302; x_wconf 83' lang='lat' dir='ltr'><strong>XVI.]</strong></span> <span class='ocrx_word' id='word_1_587' title='bbox 3260 3227 3474 3284; x_wconf 88' lang='lat' dir='ltr'><strong>Habent</strong></span> <span class='ocrx_word' id='word_1_588' title='bbox 3491 3225 3600 3282; x_wconf 90' lang='lat' dir='ltr'><strong>hoc</strong></span> <span class='ocrx_word' id='word_1_589' title='bbox 3626 3224 3792 3281; x_wconf 87' lang='lat' dir='ltr'><strong>etiam</strong></span> 
     </span>
    </p>
   </div>
   <div class='ocr_carea' id='block_1_81' title="bbox 2190 3314 3795 3391">
    <p class='ocr_par' dir='ltr' id='par_1_81' title="bbox 2190 3314 3795 3391">
     <span class='ocr_line' id='line_1_81' title="bbox 2190 3314 3795 3391; baseline -0.004 -16"><span class='ocrx_word' id='word_1_590' title='bbox 2190 3327 2502 3391; x_wconf 88' lang='lat' dir='ltr'><strong>arrogantes</strong></span> <span class='ocrx_word' id='word_1_591' title='bbox 2530 3318 2835 3391; x_wconf 91' lang='lat' dir='ltr'><strong>proprium,</strong></span> <span class='ocrx_word' id='word_1_592' title='bbox 2869 3316 3016 3390; x_wconf 90' lang='lat' dir='ltr'><strong>quod</strong></span> <span class='ocrx_word' id='word_1_593' title='bbox 3036 3317 3192 3390; x_wconf 90' lang='lat' dir='ltr'><strong>prius</strong></span> <span class='ocrx_word' id='word_1_594' title='bbox 3217 3333 3382 3390; x_wconf 91' lang='lat' dir='ltr'><strong>quam</strong></span> <span class='ocrx_word' id='word_1_595' title='bbox 3413 3314 3621 3384; x_wconf 87' lang='lat' dir='ltr'><strong>dicant,</strong></span> <span class='ocrx_word' id='word_1_596' title='bbox 3654 3314 3795 3370; x_wconf 85' lang='lat' dir='ltr'><strong>mira</strong></span> 
     </span>
    </p>
   </div>
   <div class='ocr_carea' id='block_1_82' title="bbox 2189 3405 3793 3480">
    <p class='ocr_par' dir='ltr' id='par_1_82' title="bbox 2189 3405 3793 3480">
     <span class='ocr_line' id='line_1_82' title="bbox 2189 3405 3793 3480; baseline -0.004 -15"><span class='ocrx_word' id='word_1_597' title='bbox 2189 3426 2247 3466; x_wconf 93' lang='lat' dir='ltr'><strong>se</strong></span> <span class='ocrx_word' id='word_1_598' title='bbox 2285 3407 2470 3465; x_wconf 90' lang='lat' dir='ltr'><strong>dicere</strong></span> <span class='ocrx_word' id='word_1_599' title='bbox 2511 3423 2726 3480; x_wconf 88' lang='lat' dir='ltr'><strong>semper</strong></span> <span class='ocrx_word' id='word_1_600' title='bbox 2779 3407 3126 3474; x_wconf 81' lang='lat' dir='ltr'><strong>existimant,</strong></span> <span class='ocrx_word' id='word_1_601' title='bbox 3155 3415 3212 3464; x_wconf 90' lang='lat' dir='ltr'><strong>et</strong></span> <span class='ocrx_word' id='word_1_602' title='bbox 3258 3405 3594 3463; x_wconf 88' lang='lat' dir='ltr'><strong>locutionem</strong></span> <span class='ocrx_word' id='word_1_603' title='bbox 3638 3420 3793 3460; x_wconf 89' lang='lat' dir='ltr'><strong>suam</strong></span> 
     </span>
    </p>
   </div>
   <div class='ocr_carea' id='block_1_83' title="bbox 2191 3493 3794 3569">
    <p class='ocr_par' dir='ltr' id='par_1_83' title="bbox 2191 3493 3794 3569">
     <span class='ocr_line' id='line_1_83' title="bbox 2191 3493 3794 3569; baseline -0.005 -13"><span class='ocrx_word' id='word_1_604' title='bbox 2191 3497 2524 3556; x_wconf 89' lang='lat' dir='ltr'><strong>admirando</strong></span> <span class='ocrx_word' id='word_1_605' title='bbox 2555 3497 2923 3569; x_wconf 56' lang='lat' dir='ltr'><strong>praeveniunt,</strong></span> <span class='ocrx_word' id='word_1_606' title='bbox 2953 3495 3086 3569; x_wconf 90' lang='lat' dir='ltr'><strong>quia</strong></span> <span class='ocrx_word' id='word_1_607' title='bbox 3107 3497 3198 3552; x_wconf 87' lang='lat' dir='ltr'><strong>vel</strong></span> <span class='ocrx_word' id='word_1_608' title='bbox 3243 3495 3301 3551; x_wconf 93' lang='lat' dir='ltr'><strong>in</strong></span> <span class='ocrx_word' id='word_1_609' title='bbox 3329 3495 3506 3553; x_wconf 89' lang='lat' dir='ltr'><strong>acutis</strong></span> <span class='ocrx_word' id='word_1_610' title='bbox 3542 3493 3794 3552; x_wconf 87' lang='lat' dir='ltr'><strong>sensibus</strong></span> 
     </span>
    </p>
   </div>
   <div class='ocr_carea' id='block_1_84' title="bbox 2193 3583 3792 3662">
    <p class='ocr_par' dir='ltr' id='par_1_84' title="bbox 2193 3583 3792 3662">
     <span class='ocr_line' id='line_1_84' title="bbox 2193 3583 3792 3662; baseline -0.003 -19"><span class='ocrx_word' id='word_1_611' title='bbox 2193 3587 2311 3662; x_wconf 88' lang='lat' dir='ltr'><strong>ipsa</strong></span> <span class='ocrx_word' id='word_1_612' title='bbox 2337 3587 2502 3643; x_wconf 90' lang='lat' dir='ltr'><strong>elatio</strong></span> <span class='ocrx_word' id='word_1_613' title='bbox 2544 3593 2749 3659; x_wconf 86' lang='lat' dir='ltr'><strong>quanta</strong></span> <span class='ocrx_word' id='word_1_614' title='bbox 2775 3585 2850 3642; x_wconf 91' lang='lat' dir='ltr'><strong>sit</strong></span> <span class='ocrx_word' id='word_1_615' title='bbox 2887 3584 3113 3642; x_wconf 89' lang='lat' dir='ltr'><strong>fatuitas</strong></span> <span class='ocrx_word' id='word_1_616' title='bbox 3161 3584 3435 3657; x_wconf 90' lang='lat' dir='ltr'><strong>ignorant.</strong></span> <span class='ocrx_word' id='word_1_617' title='bbox 3481 3583 3792 3642; x_wconf 87' lang='lat' dir='ltr'><strong>Notandum</strong></span> 
     </span>
    </p>
   </div>
   <div class='ocr_carea' id='block_1_85' title="bbox 2194 3672 3796 3750">
    <p class='ocr_par' dir='ltr' id='par_1_85' title="bbox 2194 3672 3796 3750">
     <span class='ocr_line' id='line_1_85' title="bbox 2194 3672 3796 3750; baseline -0.004 -18"><span class='ocrx_word' id='word_1_618' title='bbox 2194 3692 2413 3750; x_wconf 92' lang='lat' dir='ltr'><strong>quoque</strong></span> <span class='ocrx_word' id='word_1_619' title='bbox 2442 3684 2530 3732; x_wconf 91' lang='lat' dir='ltr'><strong>est</strong></span> <span class='ocrx_word' id='word_1_620' title='bbox 2555 3673 2704 3748; x_wconf 90' lang='lat' dir='ltr'><strong>quod</strong></span> <span class='ocrx_word' id='word_1_621' title='bbox 2741 3675 2972 3743; x_wconf 90' lang='lat' dir='ltr'><strong>Paulus,</strong></span> <span class='ocrx_word' id='word_1_622' title='bbox 3003 3673 3137 3730; x_wconf 90' lang='lat' dir='ltr'><strong>dum</strong></span> <span class='ocrx_word' id='word_1_623' title='bbox 3153 3674 3292 3731; x_wconf 90' lang='lat' dir='ltr'><strong>mire</strong></span> <span class='ocrx_word' id='word_1_624' title='bbox 3316 3675 3574 3732; x_wconf 68' lang='lat' dir='ltr'><strong>Hebraeos</strong></span> <span class='ocrx_word' id='word_1_625' title='bbox 3595 3672 3796 3730; x_wconf 83' lang='lat' dir='ltr'><strong>admo-</strong></span> 
     </span>
    </p>
   </div>
   <div class='ocr_carea' id='block_1_86' title="bbox 2194 3763 3800 3837">
    <p class='ocr_par' dir='ltr' id='par_1_86' title="bbox 2194 3763 3800 3837">
     <span class='ocr_line' id='line_1_86' title="bbox 2194 3763 3800 3837; baseline -0.004 -14"><span class='ocrx_word' id='word_1_626' title='bbox 2194 3775 2370 3835; x_wconf 90' lang='lat' dir='ltr'><strong>neret,</strong></span> <span class='ocrx_word' id='word_1_627' title='bbox 2401 3764 2690 3837; x_wconf 86' lang='lat' dir='ltr'><strong>adjunxit:</strong></span> <span class='ocrx_word' id='word_1_628' title='bbox 2723 3765 2868 3836; x_wconf 82' lang='lat' dir='ltr'><strong>Rogo</strong></span> <span class='ocrx_word' id='word_1_629' title='bbox 2895 3771 3071 3820; x_wconf 86' lang='lat' dir='ltr'><strong>autem</strong></span> <span class='ocrx_word' id='word_1_630' title='bbox 3098 3781 3209 3832; x_wconf 80' lang='lat' dir='ltr'><strong>vos,</strong></span> <span class='ocrx_word' id='word_1_631' title='bbox 3238 3763 3458 3833; x_wconf 79' lang='lat' dir='ltr'><strong>fratres,</strong></span> <span class='ocrx_word' id='word_1_632' title='bbox 3491 3769 3550 3817; x_wconf 89' lang='lat' dir='ltr'><strong>ut</strong></span> <span class='ocrx_word' id='word_1_633' title='bbox 3575 3765 3800 3834; x_wconf 71' lang='lat' dir='ltr'><strong>suffera-</strong></span> 
     </span>
    </p>
   </div>
   <div class='ocr_carea' id='block_1_87' title="bbox 2198 3849 3799 3922">
    <p class='ocr_par' dir='ltr' id='par_1_87' title="bbox 2198 3849 3799 3922">
     <span class='ocr_line' id='line_1_87' title="bbox 2198 3849 3799 3922; baseline -0.005 -10"><span class='ocrx_word' id='word_1_634' title='bbox 2198 3856 2262 3912; x_wconf 85' lang='lat' dir='ltr'><strong>tis</strong></span> <span class='ocrx_word' id='word_1_635' title='bbox 2308 3855 2524 3910; x_wconf 83' lang='lat' dir='ltr'><strong>verbum</strong></span> <span class='ocrx_word' id='word_1_636' title='bbox 2582 3852 2789 3917; x_wconf 86' lang='lat' dir='ltr'><strong>solatii;</strong></span> <span class='ocrx_word' id='word_1_637' title='bbox 2844 3853 3031 3907; x_wconf 84' lang='lat' dir='ltr'><strong>etenim</strong></span> <span class='ocrx_word' id='word_1_638' title='bbox 3077 3851 3365 3922; x_wconf 84' lang='lat' dir='ltr'><strong>perpaucis</strong></span> <span class='ocrx_word' id='word_1_639' title='bbox 3413 3849 3606 3920; x_wconf 84' lang='lat' dir='ltr'><strong>scripsi</strong></span> <span class='ocrx_word' id='word_1_640' title='bbox 3652 3850 3799 3904; x_wconf 83' lang='lat' dir='ltr'><strong>vobis</strong></span> 
     </span>
    </p>
   </div>
   <div class='ocr_carea' id='block_1_88' title="bbox 2195 3935 3800 4014">
    <p class='ocr_par' dir='ltr' id='par_1_88' title="bbox 2195 3935 3800 4014">
     <span class='ocr_line' id='line_1_88' title="bbox 2195 3935 3800 4014; baseline -0.004 -15"><span class='ocrx_word' id='word_1_641' title='bbox 2195 3943 2388 4014; x_wconf 82' lang='lat' dir='ltr'><strong>(Hebr.</strong></span> <span class='ocrx_word' id='word_1_642' title='bbox 2449 3957 2576 4008; x_wconf 78' lang='lat' dir='ltr'><strong>xui,</strong></span> <span class='ocrx_word' id='word_1_643' title='bbox 2637 3939 2754 4012; x_wconf 83' lang='grc'>22).</span> <span class='ocrx_word' id='word_1_644' title='bbox 2796 3939 2929 3994; x_wconf 88' lang='lat' dir='ltr'><strong>Eliu</strong></span> <span class='ocrx_word' id='word_1_645' title='bbox 2975 3947 3156 3994; x_wconf 89' lang='lat' dir='ltr'><strong>autem</strong></span> <span class='ocrx_word' id='word_1_646' title='bbox 3207 3937 3395 3992; x_wconf 88' lang='lat' dir='ltr'><strong>inania</strong></span> <span class='ocrx_word' id='word_1_647' title='bbox 3431 3935 3685 4008; x_wconf 89' lang='lat' dir='ltr'><strong>protulit,</strong></span> <span class='ocrx_word' id='word_1_648' title='bbox 3745 3946 3800 3994; x_wconf 91' lang='lat' dir='ltr'><strong>et</strong></span> 
     </span>
    </p>
   </div>
   <div class='ocr_carea' id='block_1_89' title="bbox 2195 4026 3798 4106">
    <p class='ocr_par' dir='ltr' id='par_1_89' title="bbox 2195 4026 3798 4106">
     <span class='ocr_line' id='line_1_89' title="bbox 2195 4026 3798 4106; baseline -0.006 -17"><span class='ocrx_word' id='word_1_649' title='bbox 2195 4032 2351 4106; x_wconf 89' lang='lat' dir='ltr'><strong>quasi</strong></span> <span class='ocrx_word' id='word_1_650' title='bbox 2379 4028 2716 4087; x_wconf 91' lang='lat' dir='ltr'><strong>consolando</strong></span> <span class='ocrx_word' id='word_1_651' title='bbox 2745 4026 3076 4098; x_wconf 83' lang='lat' dir='ltr'><strong>subjunxit:</strong></span> <span class='ocrx_word' id='word_1_652' title='bbox 3107 4027 3433 4084; x_wconf 80' lang='lat' dir='ltr'><strong>Miraculum</strong></span> <span class='ocrx_word' id='word_1_653' title='bbox 3487 4043 3662 4082; x_wconf 88' lang='lat' dir='ltr'><strong>meum</strong></span> <span class='ocrx_word' id='word_1_654' title='bbox 3687 4043 3798 4081; x_wconf 85' lang='lat' dir='ltr'><strong>non</strong></span> 
     </span>
    </p>
   </div>
   <div class='ocr_carea' id='block_1_90' title="bbox 2199 4115 3799 4189">
    <p class='ocr_par' dir='ltr' id='par_1_90' title="bbox 2199 4115 3799 4189">
     <span class='ocr_line' id='line_1_90' title="bbox 2199 4115 3799 4189; baseline -0.004 -11"><span class='ocrx_word' id='word_1_655' title='bbox 2199 4128 2243 4178; x_wconf 84' lang='lat' dir='ltr'><strong>te</strong></span> <span class='ocrx_word' id='word_1_656' title='bbox 2272 4127 2481 4187; x_wconf 87' lang='lat' dir='ltr'><strong>terreat,</strong></span> <span class='ocrx_word' id='word_1_657' title='bbox 2512 4124 2560 4174; x_wconf 90' lang='lat' dir='ltr'><strong>et</strong></span> <span class='ocrx_word' id='word_1_658' title='bbox 2605 4117 2900 4189; x_wconf 83' lang='lat' dir='ltr'><strong>eloquentia</strong></span> <span class='ocrx_word' id='word_1_659' title='bbox 2927 4133 3042 4173; x_wconf 87' lang='lat' dir='ltr'><strong>mea</strong></span> <span class='ocrx_word' id='word_1_660' title='bbox 3077 4133 3185 4171; x_wconf 89' lang='lat' dir='ltr'><strong>non</strong></span> <span class='ocrx_word' id='word_1_661' title='bbox 3227 4117 3296 4172; x_wconf 89' lang='lat' dir='ltr'><strong>sit</strong></span> <span class='ocrx_word' id='word_1_662' title='bbox 3329 4115 3424 4171; x_wconf 87' lang='lat' dir='ltr'><strong>tibi</strong></span> <span class='ocrx_word' id='word_1_663' title='bbox 3451 4115 3655 4188; x_wconf 82' lang='lat' dir='ltr'><strong>gravis.</strong></span> <span class='ocrx_word' id='word_1_664' title='bbox 3699 4116 3799 4172; x_wconf 92' lang='lat' dir='ltr'><strong>llle</strong></span> 
     </span>
    </p>
   </div>
   <div class='ocr_carea' id='block_1_91' title="bbox 2199 4204 3800 4278">
    <p class='ocr_par' dir='ltr' id='par_1_91' title="bbox 2199 4204 3800 4278">
     <span class='ocr_line' id='line_1_91' title="bbox 2199 4204 3800 4278; baseline -0.004 -11"><span class='ocrx_word' id='word_1_665' title='bbox 2199 4211 2346 4268; x_wconf 88' lang='lat' dir='ltr'><strong>dicta</strong></span> <span class='ocrx_word' id='word_1_666' title='bbox 2373 4225 2473 4266; x_wconf 89' lang='lat' dir='ltr'><strong>sua</strong></span> <span class='ocrx_word' id='word_1_667' title='bbox 2501 4207 2732 4264; x_wconf 89' lang='lat' dir='ltr'><strong>verbum</strong></span> <span class='ocrx_word' id='word_1_668' title='bbox 2773 4205 2980 4274; x_wconf 88' lang='lat' dir='ltr'><strong>solatii,</strong></span> <span class='ocrx_word' id='word_1_669' title='bbox 3012 4204 3106 4262; x_wconf 90' lang='lat' dir='ltr'><strong>hic</strong></span> <span class='ocrx_word' id='word_1_670' title='bbox 3147 4221 3278 4262; x_wconf 91' lang='lat' dir='ltr'><strong>vero</strong></span> <span class='ocrx_word' id='word_1_671' title='bbox 3315 4204 3708 4278; x_wconf 89' lang='lat' dir='ltr'><strong>eloquentiam,</strong></span> <span class='ocrx_word' id='word_1_672' title='bbox 3743 4213 3800 4260; x_wconf 88' lang='lat' dir='ltr'><strong>ct</strong></span> 
     </span>
    </p>
   </div>
   <div class='ocr_carea' id='block_1_92' title="bbox 2200 4294 3803 4369">
    <p class='ocr_par' dir='ltr' id='par_1_92' title="bbox 2200 4294 3803 4369">
     <span class='ocr_line' id='line_1_92' title="bbox 2200 4294 3803 4369; baseline -0.005 -13"><span class='ocrx_word' id='word_1_673' title='bbox 2200 4299 2526 4357; x_wconf 90' lang='lat' dir='ltr'><strong>miraculum</strong></span> <span class='ocrx_word' id='word_1_674' title='bbox 2555 4305 2736 4354; x_wconf 90' lang='lat' dir='ltr'><strong>vocat.</strong></span> <span class='ocrx_word' id='word_1_675' title='bbox 2763 4298 2907 4354; x_wconf 91' lang='lat' dir='ltr'><strong>Ecce</strong></span> <span class='ocrx_word' id='word_1_676' title='bbox 2935 4311 3098 4369; x_wconf 90' lang='lat' dir='ltr'><strong>quam</strong></span> <span class='ocrx_word' id='word_1_677' title='bbox 3131 4294 3383 4352; x_wconf 85' lang='lat' dir='ltr'><strong>distincti</strong></span> <span class='ocrx_word' id='word_1_678' title='bbox 3409 4309 3630 4366; x_wconf 88' lang='lat' dir='ltr'><strong>sapores</strong></span> <span class='ocrx_word' id='word_1_679' title='bbox 3659 4309 3803 4366; x_wconf 92' lang='lat' dir='ltr'><strong>pro—</strong></span> 
     </span>
    </p>
   </div>
   <div class='ocr_carea' id='block_1_93' title="bbox 2200 4383 3803 4456">
    <p class='ocr_par' dir='ltr' id='par_1_93' title="bbox 2200 4383 3803 4456">
     <span class='ocr_line' id='line_1_93' title="bbox 2200 4383 3803 4456; baseline -0.006 -10"><span class='ocrx_word' id='word_1_680' title='bbox 2200 4389 2371 4447; x_wconf 88' lang='lat' dir='ltr'><strong>deunt</strong></span> <span class='ocrx_word' id='word_1_681' title='bbox 2398 4389 2678 4446; x_wconf 87' lang='lat' dir='ltr'><strong>fructuum</strong></span> <span class='ocrx_word' id='word_1_682' title='bbox 2707 4404 2778 4443; x_wconf 82' lang='lat' dir='ltr'><strong>ex</strong></span> <span class='ocrx_word' id='word_1_683' title='bbox 2803 4385 3025 4442; x_wconf 89' lang='lat' dir='ltr'><strong>diversa</strong></span> <span class='ocrx_word' id='word_1_684' title='bbox 3043 4384 3225 4442; x_wconf 91' lang='lat' dir='ltr'><strong>radice</strong></span> <span class='ocrx_word' id='word_1_685' title='bbox 3257 4385 3678 4456; x_wconf 88' lang='lat' dir='ltr'><strong>cogitationum.</strong></span> <span class='ocrx_word' id='word_1_686' title='bbox 3703 4383 3803 4438; x_wconf 89' lang='lat' dir='ltr'><strong>llle</strong></span> 
     </span>
    </p>
   </div>
   <div class='ocr_carea' id='block_1_94' title="bbox 491 4473 3804 4552">
    <p class='ocr_par' dir='ltr' id='par_1_94' title="bbox 491 4473 3804 4552">
     <span class='ocr_line' id='line_1_94' title="bbox 491 4473 3804 4552; baseline 0 -25"><span class='ocrx_word' id='word_1_687' title='bbox 491 4481 637 4529; x_wconf 90' lang='lat' dir='ltr'><strong>recte</strong></span> <span class='ocrx_word' id='word_1_688' title='bbox 671 4481 850 4544; x_wconf 89' lang='lat' dir='ltr'><strong>potest</strong></span> <span class='ocrx_word' id='word_1_689' title='bbox 879 4475 1082 4531; x_wconf 83' lang='lat' dir='ltr'><strong>sentire</strong></span> <span class='ocrx_word' id='word_1_690' title='bbox 1105 4475 1491 4545; x_wconf 89' lang='lat' dir='ltr'><strong>commaculat,</strong></span> <span class='ocrx_word' id='word_1_691' title='bbox 1521 4474 1654 4531; x_wconf 90' lang='lat' dir='ltr'><strong>dum</strong></span> <span class='ocrx_word' id='word_1_692' title='bbox 1694 4476 1785 4534; x_wconf 89' lang='lat' dir='ltr'><strong>cui</strong></span> <span class='ocrx_word' id='word_1_693' title='bbox 1833 4479 1921 4534; x_wconf 91' lang='lat' dir='ltr'><strong>vel</strong></span> <span class='ocrx_word' id='word_1_694' title='bbox 1950 4477 2086 4552; x_wconf 90' lang='lat' dir='ltr'><strong>quid</strong></span> <span class='ocrx_word' id='word_1_695' title='bbox 2119 4473 2166 4498; x_wconf 75' lang='grc' dir='ltr'><strong>ν</strong></span> <span class='ocrx_word' id='word_1_696' title='bbox 2194 4479 2262 4535; x_wconf 91' lang='lat' dir='ltr'><strong>de</strong></span> <span class='ocrx_word' id='word_1_697' title='bbox 2292 4479 2505 4552; x_wconf 88' lang='lat' dir='ltr'><strong>magnis</strong></span> <span class='ocrx_word' id='word_1_698' title='bbox 2525 4477 2813 4533; x_wconf 88' lang='lat' dir='ltr'><strong>humiliter</strong></span> <span class='ocrx_word' id='word_1_699' title='bbox 2841 4475 3029 4543; x_wconf 88' lang='lat' dir='ltr'><strong>sentit,</strong></span> <span class='ocrx_word' id='word_1_700' title='bbox 3047 4474 3149 4531; x_wconf 90' lang='lat' dir='ltr'><strong>iste</strong></span> <span class='ocrx_word' id='word_1_701' title='bbox 3165 4473 3232 4530; x_wconf 91' lang='lat' dir='ltr'><strong>de</strong></span> <span class='ocrx_word' id='word_1_702' title='bbox 3251 4474 3503 4530; x_wconf 91' lang='lat' dir='ltr'><strong>minimis</strong></span> <span class='ocrx_word' id='word_1_703' title='bbox 3527 4489 3586 4530; x_wconf 90' lang='lat' dir='ltr'><strong>se</strong></span> <span class='ocrx_word' id='word_1_704' title='bbox 3613 4473 3804 4529; x_wconf 89' lang='lat' dir='ltr'><strong>inani-</strong></span> 
     </span>
    </p>
   </div>
   <div class='ocr_carea' id='block_1_95' title="bbox 492 4560 2088 4635">
    <p class='ocr_par' dir='ltr' id='par_1_95' title="bbox 492 4560 2088 4635">
     <span class='ocr_line' id='line_1_95' title="bbox 492 4560 2088 4635; baseline 0.005 -20"><span class='ocrx_word' id='word_1_705' title='bbox 492 4560 752 4633; x_wconf 91' lang='lat' dir='ltr'><strong>loquatur</strong></span> <span class='ocrx_word' id='word_1_706' title='bbox 779 4561 1024 4632; x_wconf 88' lang='lat' dir='ltr'><strong>ignorat;</strong></span> <span class='ocrx_word' id='word_1_707' title='bbox 1056 4571 1111 4618; x_wconf 89' lang='lat' dir='ltr'><strong>et</strong></span> <span class='ocrx_word' id='word_1_708' title='bbox 1138 4562 1293 4635; x_wconf 91' lang='lat' dir='ltr'><strong>quasi</strong></span> <span class='ocrx_word' id='word_1_709' title='bbox 1323 4562 1536 4618; x_wconf 86' lang='lat' dir='ltr'><strong>ﬂuxum</strong></span> <span class='ocrx_word' id='word_1_710' title='bbox 1576 4564 1804 4622; x_wconf 91' lang='lat' dir='ltr'><strong>seminis</strong></span> <span class='ocrx_word' id='word_1_711' title='bbox 1834 4566 2088 4635; x_wconf 90' lang='lat' dir='ltr'><strong>sustinet,</strong></span> 
     </span>
    </p>
   </div>
   <div class='ocr_carea' id='block_1_96' title="bbox 494 4649 2092 4724">
    <p class='ocr_par' dir='ltr' id='par_1_96' title="bbox 494 4649 2092 4724">
     <span class='ocr_line' id='line_1_96' title="bbox 494 4649 2092 4724; baseline 0.002 -17"><span class='ocrx_word' id='word_1_712' title='bbox 494 4652 515 4686; x_wconf 80' lang='lat'><strong>‘</strong></span> <span class='ocrx_word' id='word_1_713' title='bbox 536 4665 662 4707; x_wconf 89' lang='lat' dir='ltr'><strong>cum</strong></span> <span class='ocrx_word' id='word_1_714' title='bbox 694 4649 938 4722; x_wconf 91' lang='lat' dir='ltr'><strong>linguam</strong></span> <span class='ocrx_word' id='word_1_715' title='bbox 969 4651 1199 4708; x_wconf 90' lang='lat' dir='ltr'><strong>utilitati</strong></span> <span class='ocrx_word' id='word_1_716' title='bbox 1215 4669 1516 4724; x_wconf 88' lang='lat' dir='ltr'><strong>congruam</strong></span> <span class='ocrx_word' id='word_1_717' title='bbox 1539 4669 1638 4724; x_wconf 89' lang='lat' dir='ltr'><strong>per</strong></span> <span class='ocrx_word' id='word_1_718' title='bbox 1653 4653 1821 4710; x_wconf 89' lang='lat' dir='ltr'><strong>verba</strong></span> <span class='ocrx_word' id='word_1_719' title='bbox 1839 4671 1991 4710; x_wconf 71' lang='lat' dir='ltr'><strong>vanae</strong></span> <span class='ocrx_word' id='word_1_720' title='bbox 2013 4655 2092 4710; x_wconf 84' lang='lat' dir='ltr'><strong>lo-</strong></span> 
     </span>
    </p>
   </div>
   <div class='ocr_carea' id='block_1_97' title="bbox 491 4739 2094 4801">
    <p class='ocr_par' dir='ltr' id='par_1_97' title="bbox 491 4739 2094 4801">
     <span class='ocr_line' id='line_1_97' title="bbox 491 4739 2094 4801; baseline 0 -1"><span class='ocrx_word' id='word_1_721' title='bbox 491 4739 734 4800; x_wconf 87' lang='lat' dir='ltr'><strong>cutionis</strong></span> <span class='ocrx_word' id='word_1_722' title='bbox 763 4750 966 4798; x_wconf 88' lang='lat' dir='ltr'><strong>movet.</strong></span> <span class='ocrx_word' id='word_1_723' title='bbox 1026 4741 1178 4796; x_wconf 89' lang='lat' dir='ltr'><strong>Bono</strong></span> <span class='ocrx_word' id='word_1_724' title='bbox 1211 4751 1394 4798; x_wconf 91' lang='lat' dir='ltr'><strong>autem</strong></span> <span class='ocrx_word' id='word_1_725' title='bbox 1428 4740 1624 4799; x_wconf 90' lang='lat' dir='ltr'><strong>ordine</strong></span> <span class='ocrx_word' id='word_1_726' title='bbox 1676 4753 1730 4800; x_wconf 91' lang='lat' dir='ltr'><strong>et</strong></span> <span class='ocrx_word' id='word_1_727' title='bbox 1780 4743 1987 4801; x_wconf 83' lang='lat' dir='ltr'><strong>factum</strong></span> <span class='ocrx_word' id='word_1_728' title='bbox 2037 4759 2094 4800; x_wconf 91' lang='lat' dir='ltr'><strong>se</strong></span> 
     </span>
    </p>
   </div>
   <div class='ocr_carea' id='block_1_98' title="bbox 493 4830 2096 4906">
    <p class='ocr_par' dir='ltr' id='par_1_98' title="bbox 493 4830 2096 4906">
     <span class='ocr_line' id='line_1_98' title="bbox 493 4830 2096 4906; baseline 0.002 -19"><span class='ocrx_word' id='word_1_729' title='bbox 493 4830 711 4901; x_wconf 87' lang='lat' dir='ltr'><strong>astruit,</strong></span> <span class='ocrx_word' id='word_1_730' title='bbox 745 4840 798 4888; x_wconf 91' lang='lat' dir='ltr'><strong>et</strong></span> <span class='ocrx_word' id='word_1_731' title='bbox 839 4831 1162 4888; x_wconf 91' lang='lat' dir='ltr'><strong>animatum.</strong></span> <span class='ocrx_word' id='word_1_732' title='bbox 1199 4831 1301 4887; x_wconf 87' lang='lat' dir='ltr'><strong>Per</strong></span> <span class='ocrx_word' id='word_1_733' title='bbox 1342 4831 1599 4903; x_wconf 90' lang='lat' dir='ltr'><strong>spiritum</strong></span> <span class='ocrx_word' id='word_1_734' title='bbox 1641 4833 1872 4901; x_wconf 84' lang='lat' dir='ltr'><strong>factum,</strong></span> <span class='ocrx_word' id='word_1_735' title='bbox 1916 4842 1971 4890; x_wconf 89' lang='lat' dir='ltr'><strong>et</strong></span> <span class='ocrx_word' id='word_1_736' title='bbox 2000 4850 2096 4906; x_wconf 90' lang='lat' dir='ltr'><strong>per</strong></span> 
     </span>
    </p>
   </div>
   <div class='ocr_carea' id='block_1_99' title="bbox 570 5025 1886 5102">
    <p class='ocr_par' dir='ltr' id='par_1_99' title="bbox 570 5025 1886 5102">
     <span class='ocr_line' id='line_1_99' title="bbox 570 5025 1886 5102; baseline 0.011 -20"><span class='ocrx_word' id='word_1_737' title='bbox 570 5030 589 5102; x_wconf 63' lang='grc' dir='ltr'><strong>ξ</strong></span> <span class='ocrx_word' id='word_1_738' title='bbox 620 5026 882 5102; x_wconf 70' lang='lat' dir='ltr'><strong>Yindoc.,</strong></span> <span class='ocrx_word' id='word_1_739' title='bbox 905 5027 964 5086; x_wconf 89' lang='lat' dir='ltr'><strong>in</strong></span> <span class='ocrx_word' id='word_1_740' title='bbox 993 5030 1194 5085; x_wconf 87' lang='lat' dir='ltr'><strong>tantam</strong></span> <span class='ocrx_word' id='word_1_741' title='bbox 1213 5025 1592 5102; x_wconf 74' lang='lat' dir='ltr'><strong>impudentiam</strong></span> <span class='ocrx_word' id='word_1_742' title='bbox 1619 5027 1886 5088; x_wconf 68' lang='grc' dir='ltr'><strong>ειαεὶοηίει</strong></span> 
     </span>
    </p>
   </div>
   <div class='ocr_carea' id='block_1_100' title="bbox 570 5099 1214 5158">
    <p class='ocr_par' dir='ltr' id='par_1_100' title="bbox 570 5099 1214 5158">
     <span class='ocr_line' id='line_1_100' title="bbox 570 5099 1214 5158; baseline 0 -2"><span class='ocrx_word' id='word_1_743' title='bbox 570 5099 593 5134; x_wconf 84' lang='grc'>²</span> <span class='ocrx_word' id='word_1_744' title='bbox 625 5101 786 5157; x_wconf 89' lang='lat' dir='ltr'><strong>Deest</strong></span> <span class='ocrx_word' id='word_1_745' title='bbox 802 5120 914 5158; x_wconf 88' lang='lat' dir='ltr'><strong>meo</strong></span> <span class='ocrx_word' id='word_1_746' title='bbox 943 5103 1001 5157; x_wconf 93' lang='lat' dir='ltr'><strong>in</strong></span> <span class='ocrx_word' id='word_1_747' title='bbox 1026 5101 1214 5158; x_wconf 91' lang='lat' dir='ltr'><strong>Norm.</strong></span> 
     </span>
    </p>
   </div>
   <div class='ocr_carea' id='block_1_101' title="bbox 571 5170 2088 5242">
    <p class='ocr_par' dir='ltr' id='par_1_101' title="bbox 571 5170 2088 5242">
     <span class='ocr_line' id='line_1_101' title="bbox 571 5170 2088 5242; baseline 0.003 -16"><span class='ocrx_word' id='word_1_748' title='bbox 571 5171 592 5205; x_wconf 80' lang='grc'>³</span> <span class='ocrx_word' id='word_1_749' title='bbox 615 5170 719 5228; x_wconf 82' lang='lat' dir='ltr'><strong>llic</strong></span> <span class='ocrx_word' id='word_1_750' title='bbox 743 5172 999 5230; x_wconf 89' lang='lat' dir='ltr'><strong>admonet</strong></span> <span class='ocrx_word' id='word_1_751' title='bbox 1037 5172 1466 5230; x_wconf 78' lang='lat' dir='ltr'><strong>Gussanvillzens</strong></span> <span class='ocrx_word' id='word_1_752' title='bbox 1504 5171 1561 5230; x_wconf 91' lang='lat' dir='ltr'><strong>in</strong></span> <span class='ocrx_word' id='word_1_753' title='bbox 1603 5173 1730 5232; x_wconf 81' lang='lat' dir='ltr'><strong>Mss.</strong></span> <span class='ocrx_word' id='word_1_754' title='bbox 1783 5173 2088 5242; x_wconf 82' lang='lat' dir='ltr'><strong>Vaticanis,</strong></span> 
     </span>
    </p>
   </div>
   <div class='ocr_carea' id='block_1_102' title="bbox 501 5241 2090 5317">
    <p class='ocr_par' dir='ltr' id='par_1_102' title="bbox 501 5241 2090 5317">
     <span class='ocr_line' id='line_1_102' title="bbox 501 5241 2090 5317; baseline 0.003 -22"><span class='ocrx_word' id='word_1_755' title='bbox 501 5241 644 5296; x_wconf 89' lang='lat' dir='ltr'><strong>inter</strong></span> <span class='ocrx_word' id='word_1_756' title='bbox 659 5242 776 5317; x_wconf 75' lang='lat' dir='ltr'><strong>ista</strong></span> <span class='ocrx_word' id='word_1_757' title='bbox 805 5244 989 5312; x_wconf 87' lang='lat' dir='ltr'><strong>verba,</strong></span> <span class='ocrx_word' id='word_1_758' title='bbox 1047 5245 1296 5300; x_wconf 85' lang='lat' dir='ltr'><strong>virtutem</strong></span> <span class='ocrx_word' id='word_1_759' title='bbox 1326 5244 1528 5317; x_wconf 86' lang='lat' dir='ltr'><strong>perdit;</strong></span> <span class='ocrx_word' id='word_1_760' title='bbox 1553 5253 1627 5314; x_wconf 93' lang='lat' dir='ltr'><strong>et,</strong></span> <span class='ocrx_word' id='word_1_761' title='bbox 1656 5263 1782 5301; x_wconf 89' lang='lat' dir='ltr'><strong>nam</strong></span> <span class='ocrx_word' id='word_1_762' title='bbox 1821 5246 1868 5300; x_wconf 91' lang='lat' dir='ltr'><strong>si</strong></span> <span class='ocrx_word' id='word_1_763' title='bbox 1898 5241 2090 5312; x_wconf 74' lang='lat' dir='ltr'><strong>sermo,</strong></span> 
     </span>
    </p>
   </div>
   <div class='ocr_carea' id='block_1_103' title="bbox 501 5313 2091 5443">
    <p class='ocr_par' dir='ltr' id='par_1_103' title="bbox 501 5313 2091 5443">
     <span class='ocr_line' id='line_1_103' title="bbox 501 5313 2091 5443; baseline 0.004 -78"><span class='ocrx_word' id='word_1_764' title='bbox 501 5313 673 5366; x_wconf 85' lang='lat' dir='ltr'><strong>attexi</strong></span> <span class='ocrx_word' id='word_1_765' title='bbox 699 5329 820 5385; x_wconf 65' lang='lat' dir='ltr'><strong>quae</strong></span> <span class='ocrx_word' id='word_1_766' title='bbox 843 5324 1184 5398; x_wconf 76' lang='lat' dir='ltr'><strong>sequuntan</strong></span> <span class='ocrx_word' id='word_1_767' title='bbox 1230 5317 1287 5398; x_wconf 82' lang='lat' dir='ltr'><strong>in</strong></span> <span class='ocrx_word' id='word_1_768' title='bbox 1318 5313 1485 5372; x_wconf 75' lang='lat' dir='ltr'><strong>mente</strong></span> <span class='ocrx_word' id='word_1_769' title='bbox 1507 5317 1704 5443; x_wconf 57' lang='lat' dir='ltr'><strong>quippe</strong></span> <span class='ocrx_word' id='word_1_770' title='bbox 1739 5317 2091 5399; x_wconf 70' lang='lat' dir='ltr'><strong>audientium,</strong></span> 
     </span>
     <span class='ocr_line' id='line_1_104' title="bbox 501 5389 2091 5443; baseline 0.005 -8"><span class='ocrx_word' id='word_1_771' title='bbox 501 5396 670 5436; x_wconf 86' lang='lat' dir='ltr'><strong>semen</strong></span> <span class='ocrx_word' id='word_1_772' title='bbox 696 5390 949 5438; x_wconf 68' lang='lat' dir='ltr'><strong>secutura?</strong></span> <span class='ocrx_word' id='word_1_773' title='bbox 973 5393 1303 5443; x_wconf 81' lang='lat' dir='ltr'><strong>comtatwms</strong></span> <span class='ocrx_word' id='word_1_774' title='bbox 1331 5394 1404 5442; x_wconf 82' lang='lat' dir='ltr'><strong>est</strong></span> <span class='ocrx_word' id='word_1_775' title='bbox 1435 5389 1506 5443; x_wconf 90' lang='lat' dir='ltr'><strong>ad</strong></span> <span class='ocrx_word' id='word_1_776' title='bbox 1549 5396 1621 5443; x_wconf 81' lang='lat' dir='ltr'><strong>tta</strong></span> <span class='ocrx_word' id='word_1_777' title='bbox 1649 5390 1928 5443; x_wconf 80' lang='lat' dir='ltr'><strong>ceaualttas</strong></span> <span class='ocrx_word' id='word_1_778' title='bbox 1956 5391 2091 5443; x_wconf 85' lang='lat' dir='ltr'><strong>locu-</strong></span> 
     </span>
    </p>
   </div>
   <div class='ocr_carea' id='block_1_104' title="bbox 501 5387 2093 5463">
    <p class='ocr_par' dir='ltr' id='par_1_104' title="bbox 501 5387 2093 5463">
     <span class='ocr_line' id='line_1_105' title="bbox 501 5387 2093 5463; baseline 0.006 -28"><span class='ocrx_word' id='word_1_779' title='bbox 501 5396 670 5463; x_wconf 75' lang='lat' dir='ltr'><strong>semen</strong></span> <span class='ocrx_word' id='word_1_780' title='bbox 696 5390 949 5463; x_wconf 72' lang='lat' dir='ltr'><strong>secutura;-</strong></span> <span class='ocrx_word' id='word_1_781' title='bbox 973 5387 1303 5456; x_wconf 87' lang='lat' dir='ltr'><strong>cogitationis</strong></span> <span class='ocrx_word' id='word_1_782' title='bbox 1331 5394 1404 5442; x_wconf 84' lang='lat' dir='ltr'><strong>est</strong></span> <span class='ocrx_word' id='word_1_783' title='bbox 1435 5387 1621 5444; x_wconf 79' lang='lat' dir='ltr'><strong>addita</strong></span> <span class='ocrx_word' id='word_1_784' title='bbox 1642 5387 1928 5463; x_wconf 56' lang='lat' dir='ltr'><strong>aequalitas</strong></span> <span class='ocrx_word' id='word_1_785' title='bbox 1956 5391 2093 5463; x_wconf 86' lang='lat' dir='ltr'><strong>locu-</strong></span> 
     </span>
    </p>
   </div>
   <div class='ocr_carea' id='block_1_105' title="bbox 505 5454 2096 5532">
    <p class='ocr_par' dir='ltr' id='par_1_105' title="bbox 505 5454 2096 5532">
     <span class='ocr_line' id='line_1_106' title="bbox 505 5454 2096 5532; baseline 0.006 -27"><span class='ocrx_word' id='word_1_786' title='bbox 505 5454 684 5532; x_wconf 76' lang='lat' dir='ltr'><strong>tionis,</strong></span> <span class='ocrx_word' id='word_1_787' title='bbox 709 5454 835 5532; x_wconf 86' lang='lat' dir='ltr'><strong>quia</strong></span> <span class='ocrx_word' id='word_1_788' title='bbox 865 5456 991 5510; x_wconf 81' lang='lat' dir='ltr'><strong>dum</strong></span> <span class='ocrx_word' id='word_1_789' title='bbox 1015 5454 1116 5527; x_wconf 79' lang='lat' dir='ltr'><strong>per</strong></span> <span class='ocrx_word' id='word_1_790' title='bbox 1137 5475 1518 5532; x_wconf 59' lang='lat' dir='ltr'><strong>auremsermo</strong></span> <span class='ocrx_word' id='word_1_791' title='bbox 1561 5454 1876 5532; x_wconf 74' lang='lat' dir='ltr'><strong>concipitur,</strong></span> <span class='ocrx_word' id='word_1_792' title='bbox 1905 5461 2096 5531; x_wconf 85' lang='lat' dir='ltr'><strong>cogita-</strong></span> 
     </span>
    </p>
   </div>
   <div class='ocr_carea' id='block_1_106' title="bbox 507 5523 2098 5606">
    <p class='ocr_par' dir='ltr' id='par_1_106' title="bbox 507 5523 2098 5606">
     <span class='ocr_line' id='line_1_107' title="bbox 507 5523 2098 5606; baseline 0.006 -29"><span class='ocrx_word' id='word_1_793' title='bbox 507 5523 580 5606; x_wconf 75' lang='lat' dir='ltr'><strong>tio</strong></span> <span class='ocrx_word' id='word_1_794' title='bbox 613 5524 857 5606; x_wconf 77' lang='lat' dir='ltr'><strong>in_men_te</strong></span> <span class='ocrx_word' id='word_1_795' title='bbox 884 5523 1186 5606; x_wconf 77' lang='lat' dir='ltr'><strong>generatur.</strong></span> <span class='ocrx_word' id='word_1_796' title='bbox 1207 5529 1353 5596; x_wconf 89' lang='lat' dir='ltr'><strong>Quid</strong></span> <span class='ocrx_word' id='word_1_797' title='bbox 1376 5531 1667 5606; x_wconf 79' lang='lat' dir='ltr'><strong>signiticet,</strong></span> <span class='ocrx_word' id='word_1_798' title='bbox 1696 5523 1882 5586; x_wconf 76' lang='lat' dir='ltr'><strong>addita</strong></span> <span class='ocrx_word' id='word_1_799' title='bbox 1907 5523 2098 5606; x_wconf 65' lang='lat' dir='ltr'><strong>(equa-</strong></span> 
     </span>
    </p>
   </div>
   <div class='ocr_carea' id='block_1_107' title="bbox 508 5595 2099 5668">
    <p class='ocr_par' dir='ltr' id='par_1_107' title="bbox 508 5595 2099 5668">
     <span class='ocr_line' id='line_1_108' title="bbox 508 5595 2099 5668; baseline 0.004 -17"><span class='ocrx_word' id='word_1_800' title='bbox 508 5595 971 5668; x_wconf 12' lang='lat' dir='ltr'><strong>litasglocutionis,</strong></span> <span class='ocrx_word' id='word_1_801' title='bbox 1009 5595 1243 5668; x_wconf 80' lang='lat' dir='ltr'><strong>prorsus</strong></span> <span class='ocrx_word' id='word_1_802' title='bbox 1259 5616 1345 5654; x_wconf 90' lang='lat' dir='ltr'><strong>me</strong></span> <span class='ocrx_word' id='word_1_803' title='bbox 1385 5595 1532 5658; x_wconf 67' lang='lat' dir='ltr'><strong>latet.</strong></span> <span class='ocrx_word' id='word_1_804' title='bbox 1567 5595 1976 5657; x_wconf 46' lang='lat' dir='ltr'><strong>Assumentum‘</strong></span> <span class='ocrx_word' id='word_1_805' title='bbox 1993 5601 2099 5658; x_wconf 89' lang='lat' dir='ltr'><strong>hoc</strong></span> 
     </span>
    </p>
   </div>
   <div class='ocr_carea' id='block_1_108' title="bbox 507 5666 2101 5749">
    <p class='ocr_par' dir='ltr' id='par_1_108' title="bbox 507 5666 2101 5749">
     <span class='ocr_line' id='line_1_109' title="bbox 507 5666 2101 5749; baseline 0.006 -27"><span class='ocrx_word' id='word_1_806' title='bbox 507 5682 618 5723; x_wconf 89' lang='lat' dir='ltr'><strong>non</strong></span> <span class='ocrx_word' id='word_1_807' title='bbox 648 5666 849 5749; x_wconf 78' lang='lat' dir='ltr'><strong>legitur</strong></span> <span class='ocrx_word' id='word_1_808' title='bbox 879 5666 936 5722; x_wconf 91' lang='lat' dir='ltr'><strong>in</strong></span> <span class='ocrx_word' id='word_1_809' title='bbox 956 5666 1084 5725; x_wconf 70' lang='lat' dir='ltr'><strong>uss.</strong></span> <span class='ocrx_word' id='word_1_810' title='bbox 1117 5669 1338 5738; x_wconf 87' lang='lat' dir='ltr'><strong>nostris,</strong></span> <span class='ocrx_word' id='word_1_811' title='bbox 1370 5670 1482 5728; x_wconf 89' lang='lat' dir='ltr'><strong>imo</strong></span> <span class='ocrx_word' id='word_1_812' title='bbox 1509 5687 1612 5731; x_wconf 90' lang='lat' dir='ltr'><strong>nec</strong></span> <span class='ocrx_word' id='word_1_813' title='bbox 1638 5673 1697 5729; x_wconf 91' lang='lat' dir='ltr'><strong>in</strong></span> <span class='ocrx_word' id='word_1_814' title='bbox 1721 5673 1977 5742; x_wconf 83' lang='lat' dir='ltr'><strong>Excusis,</strong></span> <span class='ocrx_word' id='word_1_815' title='bbox 1999 5687 2101 5731; x_wconf 90' lang='lat' dir='ltr'><strong>nec</strong></span> 
     </span>
    </p>
   </div>
   <div class='ocr_carea' id='block_1_109' title="bbox 2199 4561 3804 4641">
    <p class='ocr_par' dir='ltr' id='par_1_109' title="bbox 2199 4561 3804 4641">
     <span class='ocr_line' id='line_1_110' title="bbox 2199 4561 3804 4641; baseline -0.006 -17"><span class='ocrx_word' id='word_1_816' title='bbox 2199 4577 2283 4624; x_wconf 90' lang='lat' dir='ltr'><strong>ter</strong></span> <span class='ocrx_word' id='word_1_817' title='bbox 2309 4568 2490 4641; x_wconf 89' lang='lat' dir='ltr'><strong>erigit.</strong></span> <span class='ocrx_word' id='word_1_818' title='bbox 2523 4566 2667 4635; x_wconf 92' lang='lat' dir='ltr'><strong>Quid</strong></span> <span class='ocrx_word' id='word_1_819' title='bbox 2714 4582 2841 4638; x_wconf 92' lang='lat' dir='ltr'><strong>ergo</strong></span> <span class='ocrx_word' id='word_1_820' title='bbox 2895 4565 3042 4621; x_wconf 91' lang='lat' dir='ltr'><strong>inter</strong></span> <span class='ocrx_word' id='word_1_821' title='bbox 3071 4563 3209 4632; x_wconf 57' lang='lat' dir='ltr'><strong>haec,</strong></span> <span class='ocrx_word' id='word_1_822' title='bbox 3279 4563 3389 4620; x_wconf 88' lang='lat' dir='ltr'><strong>nisi</strong></span> <span class='ocrx_word' id='word_1_823' title='bbox 3427 4561 3534 4619; x_wconf 90' lang='lat' dir='ltr'><strong>hoc</strong></span> <span class='ocrx_word' id='word_1_824' title='bbox 3573 4561 3804 4616; x_wconf 84' lang='lat' dir='ltr'><strong>solerter</strong></span> 
     </span>
    </p>
   </div>
   <div class='ocr_carea' id='block_1_110' title="bbox 2201 4650 3804 4727">
    <p class='ocr_par' dir='ltr' id='par_1_110' title="bbox 2201 4650 3804 4727">
     <span class='ocr_line' id='line_1_111' title="bbox 2201 4650 3804 4727; baseline -0.007 -15"><span class='ocrx_word' id='word_1_825' title='bbox 2201 4665 2282 4712; x_wconf 87' lang='lat' dir='ltr'><strong>est</strong></span> <span class='ocrx_word' id='word_1_826' title='bbox 2314 4655 2662 4726; x_wconf 90' lang='lat' dir='ltr'><strong>intuendum,</strong></span> <span class='ocrx_word' id='word_1_827' title='bbox 2695 4657 2716 4692; x_wconf 80' lang='grc'><strong>⁶</strong></span> <span class='ocrx_word' id='word_1_828' title='bbox 2757 4653 2907 4727; x_wconf 92' lang='lat' dir='ltr'><strong>quod</strong></span> <span class='ocrx_word' id='word_1_829' title='bbox 2933 4662 2986 4710; x_wconf 92' lang='lat' dir='ltr'><strong>et</strong></span> <span class='ocrx_word' id='word_1_830' title='bbox 3015 4650 3294 4709; x_wconf 90' lang='lat' dir='ltr'><strong>ascensuri</strong></span> <span class='ocrx_word' id='word_1_831' title='bbox 3347 4651 3406 4706; x_wconf 92' lang='lat' dir='ltr'><strong>in</strong></span> <span class='ocrx_word' id='word_1_832' title='bbox 3439 4650 3552 4704; x_wconf 90' lang='lat' dir='ltr'><strong>imo</strong></span> <span class='ocrx_word' id='word_1_833' title='bbox 3601 4664 3657 4704; x_wconf 90' lang='lat' dir='ltr'><strong>se</strong></span> <span class='ocrx_word' id='word_1_834' title='bbox 3685 4663 3804 4702; x_wconf 88' lang='lat' dir='ltr'><strong>esse</strong></span> 
     </span>
    </p>
   </div>
   <div class='ocr_carea' id='block_1_111' title="bbox 2201 4736 3806 4813">
    <p class='ocr_par' dir='ltr' id='par_1_111' title="bbox 2201 4736 3806 4813">
     <span class='ocr_line' id='line_1_112' title="bbox 2201 4736 3806 4813; baseline -0.006 -11"><span class='ocrx_word' id='word_1_835' title='bbox 2201 4743 2569 4810; x_wconf 90' lang='lat' dir='ltr'><strong>considerant,</strong></span> <span class='ocrx_word' id='word_1_836' title='bbox 2605 4752 2660 4800; x_wconf 88' lang='lat' dir='ltr'><strong>et</strong></span> <span class='ocrx_word' id='word_1_837' title='bbox 2705 4743 2888 4799; x_wconf 91' lang='lat' dir='ltr'><strong>casuri</strong></span> <span class='ocrx_word' id='word_1_838' title='bbox 2931 4757 3146 4813; x_wconf 89' lang='lat' dir='ltr'><strong>semper</strong></span> <span class='ocrx_word' id='word_1_839' title='bbox 3191 4739 3251 4795; x_wconf 92' lang='lat' dir='ltr'><strong>in</strong></span> <span class='ocrx_word' id='word_1_840' title='bbox 3299 4737 3570 4810; x_wconf 87' lang='lat' dir='ltr'><strong>praecipiti</strong></span> <span class='ocrx_word' id='word_1_841' title='bbox 3610 4736 3806 4794; x_wconf 77' lang='lat' dir='ltr'><strong>stant?</strong></span> 
     </span>
    </p>
   </div>
   <div class='ocr_carea' id='block_1_112' title="bbox 2203 4826 3803 4904">
    <p class='ocr_par' dir='ltr' id='par_1_112' title="bbox 2203 4826 3803 4904">
     <span class='ocr_line' id='line_1_113' title="bbox 2203 4826 3803 4904; baseline -0.007 -14"><span class='ocrx_word' id='word_1_842' title='bbox 2203 4833 2499 4890; x_wconf 89' lang='lat' dir='ltr'><strong>Salomone</strong></span> <span class='ocrx_word' id='word_1_843' title='bbox 2513 4829 2928 4904; x_wconf 86' lang='lat' dir='ltr'><strong>attestante,qui</strong></span> <span class='ocrx_word' id='word_1_844' title='bbox 2943 4828 3402 4886; x_wconf 78' lang='lat' dir='ltr'><strong>aitzAnterumam</strong></span> <span class='ocrx_word' id='word_1_845' title='bbox 3415 4826 3803 4890; x_wconf 73' lang='lat' dir='ltr'><strong>exaltaturcor,</strong></span> 
     </span>
    </p>
   </div>
   <div class='ocr_carea' id='block_1_113' title="bbox 2205 5022 3808 5112">
    <p class='ocr_par' dir='ltr' id='par_1_113' title="bbox 2205 5022 3808 5112">
     <span class='ocr_line' id='line_1_114' title="bbox 2205 5022 3808 5112; baseline -0.006 -23"><span class='ocrx_word' id='word_1_846' title='bbox 2205 5031 2264 5090; x_wconf 91' lang='lat' dir='ltr'><strong>in</strong></span> <span class='ocrx_word' id='word_1_847' title='bbox 2293 5031 2410 5105; x_wconf 88' lang='lat' dir='ltr'><strong>ipsa</strong></span> <span class='ocrx_word' id='word_1_848' title='bbox 2436 5027 2586 5112; x_wconf 75' lang='lat' dir='ltr'><strong>Edit.</strong></span> <span class='ocrx_word' id='word_1_849' title='bbox 2627 5027 3044 5112; x_wconf 76' lang='lat' dir='ltr'><strong>RomanaSixti</strong></span> <span class='ocrx_word' id='word_1_850' title='bbox 3075 5027 3124 5088; x_wconf 71' lang='grc' dir='ltr'><strong>ν</strong></span> <span class='ocrx_word' id='word_1_851' title='bbox 3154 5023 3224 5086; x_wconf 90' lang='lat' dir='ltr'><strong>ad</strong></span> <span class='ocrx_word' id='word_1_852' title='bbox 3251 5042 3380 5082; x_wconf 88' lang='lat' dir='ltr'><strong>mss.</strong></span> <span class='ocrx_word' id='word_1_853' title='bbox 3411 5022 3548 5082; x_wconf 88' lang='lat' dir='ltr'><strong>Cod.</strong></span> <span class='ocrx_word' id='word_1_854' title='bbox 3579 5023 3808 5082; x_wconf 85' lang='lat' dir='ltr'><strong>Vatica-</strong></span> 
     </span>
    </p>
   </div>
   <div class='ocr_carea' id='block_1_114' title="bbox 2205 5101 2952 5161">
    <p class='ocr_par' dir='ltr' id='par_1_114' title="bbox 2205 5101 2952 5161">
     <span class='ocr_line' id='line_1_115' title="bbox 2205 5101 2952 5161; baseline -0.007 0"><span class='ocrx_word' id='word_1_855' title='bbox 2205 5101 2636 5161; x_wconf 57' lang='lat' dir='ltr'><strong>nos&#39;nraesertim</strong></span> <span class='ocrx_word' id='word_1_856' title='bbox 2667 5101 2952 5158; x_wconf 90' lang='lat' dir='ltr'><strong>adornata.</strong></span> 
     </span>
    </p>
   </div>
   <div class='ocr_carea' id='block_1_115' title="bbox 2280 5166 3806 5244">
    <p class='ocr_par' dir='ltr' id='par_1_115' title="bbox 2280 5166 3806 5244">
     <span class='ocr_line' id='line_1_116' title="bbox 2280 5166 3806 5244; baseline -0.009 -11"><span class='ocrx_word' id='word_1_857' title='bbox 2280 5177 2302 5210; x_wconf 76' lang='lat'><strong>‘</strong></span> <span class='ocrx_word' id='word_1_858' title='bbox 2331 5166 2592 5242; x_wconf 78' lang='lat' dir='ltr'><strong>Vindoc.,</strong></span> <span class='ocrx_word' id='word_1_859' title='bbox 2631 5174 2725 5244; x_wconf 89' lang='lat' dir='ltr'><strong>qui</strong></span> <span class='ocrx_word' id='word_1_860' title='bbox 2755 5173 3008 5244; x_wconf 85' lang='lat' dir='ltr'><strong>linguam.</strong></span> <span class='ocrx_word' id='word_1_861' title='bbox 3042 5169 3302 5244; x_wconf 55' lang='lat' dir='ltr'><strong>[haetiam</strong></span> <span class='ocrx_word' id='word_1_862' title='bbox 3332 5167 3583 5238; x_wconf 90' lang='lat' dir='ltr'><strong>Ebroic.,</strong></span> <span class='ocrx_word' id='word_1_863' title='bbox 3617 5166 3806 5224; x_wconf 87' lang='lat' dir='ltr'><strong>Balnz.</strong></span> 
     </span>
    </p>
   </div>
   <div class='ocr_carea' id='block_1_116' title="bbox 2207 5243 3354 5317">
    <p class='ocr_par' dir='ltr' id='par_1_116' title="bbox 2207 5243 3354 5317">
     <span class='ocr_line' id='line_1_117' title="bbox 2207 5243 3354 5317; baseline -0.005 -13"><span class='ocrx_word' id='word_1_864' title='bbox 2207 5256 2261 5304; x_wconf 92' lang='lat' dir='ltr'><strong>et</strong></span> <span class='ocrx_word' id='word_1_865' title='bbox 2275 5245 2432 5304; x_wconf 90' lang='lat' dir='ltr'><strong>Colb.</strong></span> <span class='ocrx_word' id='word_1_866' title='bbox 2463 5243 2714 5317; x_wconf 84' lang='lat' dir='ltr'><strong>Plerique</strong></span> <span class='ocrx_word' id='word_1_867' title='bbox 2743 5243 2953 5317; x_wconf 78' lang='lat' dir='ltr'><strong>Norm.,</strong></span> <span class='ocrx_word' id='word_1_868' title='bbox 2984 5243 3076 5317; x_wconf 77' lang='lat' dir='ltr'><strong>cui</strong></span> <span class='ocrx_word' id='word_1_869' title='bbox 3100 5243 3354 5317; x_wconf 83' lang='lat' dir='ltr'><strong>linguam.</strong></span> 
     </span>
    </p>
   </div>
   <div class='ocr_carea' id='block_1_117' title="bbox 2278 5310 3736 5386">
    <p class='ocr_par' dir='ltr' id='par_1_117' title="bbox 2278 5310 3736 5386">
     <span class='ocr_line' id='line_1_118' title="bbox 2278 5310 3736 5386; baseline -0.007 -12"><span class='ocrx_word' id='word_1_870' title='bbox 2278 5320 2299 5353; x_wconf 78' lang='grc'>⁵</span> <span class='ocrx_word' id='word_1_871' title='bbox 2331 5317 2576 5385; x_wconf 90' lang='lat' dir='ltr'><strong>Ebroic.,</strong></span> <span class='ocrx_word' id='word_1_872' title='bbox 2609 5310 2764 5386; x_wconf 77' lang='lat' dir='ltr'><strong>atque</strong></span> <span class='ocrx_word' id='word_1_873' title='bbox 2793 5315 2904 5368; x_wconf 76' lang='lat' dir='ltr'><strong>ideo</strong></span> <span class='ocrx_word' id='word_1_874' title='bbox 2935 5314 3077 5384; x_wconf 87' lang='lat' dir='ltr'><strong>quod</strong></span> <span class='ocrx_word' id='word_1_875' title='bbox 3106 5310 3398 5386; x_wconf 59' lang='lat' dir='ltr'><strong>aequales...</strong></span> <span class='ocrx_word' id='word_1_876' title='bbox 3431 5310 3551 5380; x_wconf 88' lang='lat' dir='ltr'><strong>jam</strong></span> <span class='ocrx_word' id='word_1_877' title='bbox 3592 5315 3736 5364; x_wconf 83' lang='lat' dir='ltr'><strong>sunt.</strong></span> 
     </span>
    </p>
   </div>
   <div class='ocr_carea' id='block_1_118' title="bbox 2283 5385 3812 5462">
    <p class='ocr_par' dir='ltr' id='par_1_118' title="bbox 2283 5385 3812 5462">
     <span class='ocr_line' id='line_1_119' title="bbox 2283 5385 3812 5462; baseline -0.009 -17"><span class='ocrx_word' id='word_1_878' title='bbox 2283 5390 2306 5425; x_wconf 75' lang='grc'>⁸</span> <span class='ocrx_word' id='word_1_879' title='bbox 2333 5389 2558 5462; x_wconf 84' lang='lat' dir='ltr'><strong>Ebroic.</strong></span> <span class='ocrx_word' id='word_1_880' title='bbox 2591 5395 2646 5442; x_wconf 91' lang='lat' dir='ltr'><strong>et</strong></span> <span class='ocrx_word' id='word_1_881' title='bbox 2673 5385 2768 5441; x_wconf 84' lang='lat' dir='ltr'><strong>alii</strong></span> <span class='ocrx_word' id='word_1_882' title='bbox 2797 5386 3010 5454; x_wconf 91' lang='lat' dir='ltr'><strong>Norm.,</strong></span> <span class='ocrx_word' id='word_1_883' title='bbox 3041 5385 3184 5462; x_wconf 80' lang='lat' dir='ltr'><strong>quod</strong></span> <span class='ocrx_word' id='word_1_884' title='bbox 3209 5390 3624 5462; x_wconf 74' lang='lat' dir='ltr'><strong>etascensura.._.</strong></span> <span class='ocrx_word' id='word_1_885' title='bbox 3653 5386 3700 5435; x_wconf 91' lang='lat' dir='ltr'><strong>et</strong></span> <span class='ocrx_word' id='word_1_886' title='bbox 3727 5396 3812 5433; x_wconf 88' lang='lat' dir='ltr'><strong>ca-</strong></span> 
     </span>
    </p>
   </div>
   <div class='ocr_carea' id='block_1_119' title="bbox 2210 5456 3814 5525">
    <p class='ocr_par' dir='ltr' id='par_1_119' title="bbox 2210 5456 3814 5525">
     <span class='ocr_line' id='line_1_120' title="bbox 2210 5456 3814 5525; baseline -0.007 -10"><span class='ocrx_word' id='word_1_887' title='bbox 2210 5477 2360 5515; x_wconf 85' lang='lat' dir='ltr'><strong>sura.</strong></span> <span class='ocrx_word' id='word_1_888' title='bbox 2394 5461 2602 5525; x_wconf 87' lang='lat' dir='ltr'><strong>Balnz.,</strong></span> <span class='ocrx_word' id='word_1_889' title='bbox 2624 5473 2998 5513; x_wconf 85' lang='lat' dir='ltr'><strong>ascensura....</strong></span> <span class='ocrx_word' id='word_1_890' title='bbox 3019 5463 3066 5512; x_wconf 89' lang='lat' dir='ltr'><strong>et</strong></span> <span class='ocrx_word' id='word_1_891' title='bbox 3090 5456 3341 5511; x_wconf 79' lang='lat' dir='ltr'><strong>chariora</strong></span> <span class='ocrx_word' id='word_1_892' title='bbox 3361 5469 3562 5525; x_wconf 75' lang='lat' dir='ltr'><strong>semper</strong></span> <span class='ocrx_word' id='word_1_893' title='bbox 3588 5456 3646 5525; x_wconf 84' lang='lat' dir='ltr'><strong>in</strong></span> <span class='ocrx_word' id='word_1_894' title='bbox 3672 5467 3814 5522; x_wconf 72' lang='lat' dir='ltr'><strong>prte-</strong></span> 
     </span>
    </p>
   </div>
   <div class='ocr_carea' id='block_1_120' title="bbox 2211 5523 3814 5602">
    <p class='ocr_par' dir='ltr' id='par_1_120' title="bbox 2211 5523 3814 5602">
     <span class='ocr_line' id='line_1_121' title="bbox 2211 5523 3814 5602; baseline -0.006 -16"><span class='ocrx_word' id='word_1_895' title='bbox 2211 5531 2370 5602; x_wconf 86' lang='lat' dir='ltr'><strong>ceptis</strong></span> <span class='ocrx_word' id='word_1_896' title='bbox 2398 5535 2562 5594; x_wconf 87' lang='lat' dir='ltr'><strong>stant,</strong></span> <span class='ocrx_word' id='word_1_897' title='bbox 2589 5523 2850 5600; x_wconf 66' lang='lat' dir='ltr'><strong>Corrupto</strong></span> <span class='ocrx_word' id='word_1_898' title='bbox 2882 5537 2936 5584; x_wconf 94' lang='lat' dir='ltr'><strong>et</strong></span> <span class='ocrx_word' id='word_1_899' title='bbox 2963 5527 3241 5602; x_wconf 83' lang='lat' dir='ltr'><strong>contrario</strong></span> <span class='ocrx_word' id='word_1_900' title='bbox 3273 5523 3481 5602; x_wconf 50' lang='lat' dir='ltr'><strong>sensu;</strong></span> <span class='ocrx_word' id='word_1_901' title='bbox 3514 5523 3695 5591; x_wconf 89' lang='lat' dir='ltr'><strong>Colb.,</strong></span> <span class='ocrx_word' id='word_1_902' title='bbox 3727 5537 3814 5602; x_wconf 67' lang='lat' dir='ltr'><strong>as-</strong></span> 
     </span>
    </p>
   </div>
   <div class='ocr_carea' id='block_1_121' title="bbox 2212 5595 3814 5746">
    <p class='ocr_par' dir='ltr' id='par_1_121' title="bbox 2212 5595 3814 5746">
     <span class='ocr_line' id='line_1_122' title="bbox 2212 5595 3814 5746; baseline -0.006 -89"><span class='ocrx_word' id='word_1_903' title='bbox 2533 5606 2580 5728; x_wconf 58' lang='lat' dir='ltr'><strong>ett</strong></span> <span class='ocrx_word' id='word_1_904' title='bbox 2605 5595 2801 5658; x_wconf 71' lang='lat' dir='ltr'><strong>casura</strong></span> <span class='ocrx_word' id='word_1_905' title='bbox 2817 5616 3016 5672; x_wconf 86' lang='lat' dir='ltr'><strong>semper</strong></span> <span class='ocrx_word' id='word_1_906' title='bbox 3043 5599 3101 5654; x_wconf 85' lang='lat' dir='ltr'><strong>in</strong></span> <span class='ocrx_word' id='word_1_907' title='bbox 3118 5595 3410 5670; x_wconf 79' lang='lat' dir='ltr'><strong>prcecipitis</strong></span> <span class='ocrx_word' id='word_1_908' title='bbox 3429 5595 3595 5666; x_wconf 87' lang='lat' dir='ltr'><strong>(forte</strong></span> <span class='ocrx_word' id='word_1_909' title='bbox 3626 5595 3814 5667; x_wconf 85' lang='lat' dir='ltr'><strong>praeci-</strong></span> 
     </span>
     <span class='ocr_line' id='line_1_123' title="bbox 2213 5687 2586 5746; baseline -0.003 -17"><span class='ocrx_word' id='word_1_910' title='bbox 2213 5687 2271 5746; x_wconf 80' lang='lat' dir='ltr'><strong>pi</strong></span> <span class='ocrx_word' id='word_1_911' title='bbox 2301 5690 2370 5729; x_wconf 89' lang='lat' dir='ltr'><strong>us</strong></span> <span class='ocrx_word' id='word_1_912' title='bbox 2425 5690 2450 5730; x_wconf 91' lang='lat' dir='ltr'><strong>s</strong></span> <span class='ocrx_word' id='word_1_913' title='bbox 2511 5689 2546 5728; x_wconf 90' lang='lat' dir='ltr'><strong>n</strong></span> <span class='ocrx_word' id='word_1_914' title='bbox 2574 5715 2586 5728; x_wconf 96' lang='lat'><strong>.</strong></span> 
     </span>
    </p>
   </div>
   <div class='ocr_carea' id='block_1_122' title="bbox 2213 5673 2586 5748">
    <p class='ocr_par' dir='ltr' id='par_1_122' title="bbox 2213 5673 2586 5748">
     <span class='ocr_line' id='line_1_124' title="bbox 2213 5673 2586 5748; baseline -0.003 -19"><span class='ocrx_word' id='word_1_915' title='bbox 2213 5673 2401 5748; x_wconf 90' lang='lat' dir='ltr'><strong>pitiis)</strong></span> <span class='ocrx_word' id='word_1_916' title='bbox 2425 5677 2586 5730; x_wconf 89' lang='lat' dir='ltr'><strong>stant.</strong></span> 
     </span>
    </p>
   </div>
  </div>
