4162 6184
368 292 477 348 269

1103 289 1476 347 MORALIUM
1514 289 1647 346 LIB.
1690 289 1897 347 XXIII.
1937 318 2005 332 -—
2045 291 2115 348 IN
2154 290 2384 350 CAPUT
2425 292 2666 349 XXXIII
2704 295 2766 349 B.
2807 294 2949 351 JOB.

3579 300 3686 356 270

367 421 417 468 et
442 420 569 469 ante
585 412 810 485 gloriam
829 412 1149 468 humiliatur
1166 413 1352 485 (Prov.
1375 430 1493 482 xvr,
1529 413 1641 485 18).
1674 415 1934 488 Sequitur
1959 432 1972 471 :
2005 415 2062 477 Α
2084 414 2362 484 reliditur,
2385 432 2524 487 quos
2544 416 2682 472 foris
2702 425 2866 473 amat.
2892 417 3035 475 Vera
3053 427 3231 476 autem
3253 420 3483 478 scientia
3497 421 3687 494 afﬁcit,

443 505 617 562 Vnus.
638 502 869 558 8-11.-
886 500 1092 558 Dixisti
1108 518 1229 574 ergo
1253 504 1305 558 in
1324 504 1548 559 auribus
1568 521 1717 570 meis,
1735 512 1781 560 et
1801 523 1973 561 vocem

370 594 650 649 rerborum
682 594 697 626 ¹
733 597 945 646 tuorum
973 591 1179 647 audivi.

443 688 586 758 [Rea
621 682 717 757 Χ]
750 685 931 755 Atque
959 682 1204 739 eamdem
1238 700 1429 739 vocem
1454 685 1813 757 subjungens,
1849 687 1927 742 ait
1958 704 1969 741 :

369 775 599 833 Mundus
627 790 746 828 sum
771 790 883 843 ego,
904 779 952 826 et
968 758 1160 843 absque
1178 773 1363 829 delicto
1394 775 1781 843 immaculatus,
1803 783 1852 830 et
1869 794 1976 831 non

368 872 442 919 est
468 863 726 934 iniquitas
756 863 814 916 in
840 880 939 916 me.
975 862 1112 928 Quia
1142 865 1380 932 querelas
1410 865 1466 918 in
1495 881 1574 918 me
1614 866 1832 937 reperit,
1865 866 1976 921 ideo

367 954 666 1008 arbitratus
692 958 770 1006 est
797 968 876 1005 me
904 951 1175 1005 inimicum
1201 952 1321 1010 sibi.
1353 954 1542 1009 Posuit
1570 955 1626 1008 in
1654 972 1813 1010 nervo
1824 956 1978 1026 pedes

368 1061 527 1108 meos,
557 1041 842 1097 custodiuit
868 1058 1044 1095 omnes
1073 1041 1283 1097 semitas
1325 1060 1484 1099 meas.
1517 1045 1756 1117 Moxque
1788 1052 1979 1100 contra

369 1132 487 1188 haec
516 1131 685 1187 verba
714 1147 834 1203 quae
861 1129 1083 1186 beatum
1117 1129 1220 1187 Job
1248 1130 1455 1189 dixisse
1486 1133 1732 1189 narravit
1759 1141 1977 1189 senten-

368 1221 504 1276 tiam
533 1236 690 1276 suam
722 1219 1028 1291 proferens,
1058 1220 1138 1275 ait
1171 1238 1183 1275 :

949 1367 1176 1426 CAPUT
1218 1370 1394 1428 XVII.

441 1477 613 1535 Vsus.
642 1477 727 1534 12.
755 1509 827 1519 -
844 1478 955 1534 Hoc
981 1484 1056 1533 e‘st
1083 1495 1204 1549 ergo
1235 1478 1291 1533 in
1311 1496 1415 1550 quo
1441 1496 1549 1535 non
1576 1498 1627 1536 es
1634 1480 1978 1553 justiﬁcatus.

442 1569 531 1626 30.
553 1569 773 1625 Student
790 1569 958 1640 magis
972 1569 1262 1641 increpare,
1278 1587 1442 1641 quam
1455 1573 1747 1628 consolari.
1766 1604 1837 1614 —
1856 1572 1981 1628 Pro-

372 1660 517 1716 fecto
544 1660 736 1715 beatus
763 1658 866 1715 Job
895 1659 1161 1716 veraciter
1180 1659 1376 1716 dixera
1425 1661 1571 1733 quod
1591 1661 1795 1735 absque
1824 1662 1983 1733 culpa

374 1748 893 1841 fueritqﬂagellatus.
911 1749 1043 1841 ΔΗοίι
1068 1748 1221 1841 enim
1253 1748 1370 1841 ipse
1400 1749 1468 1807 de
1496 1766 1572 1818 se,
1607 1750 1756 1824 quod
1785 1750 1852 1807 de
1881 1750 1980 1805 illo
2013 1779 2060 1841 Β

373 1840 441 1894 ad
463 1838 745 1895 diabolum
765 1838 1033 1896 Dominus
1052 1839 1198 1896 dixit
1222 1858 1233 1897 :
1263 1840 1603 1897 Commovisti
1628 1859 1706 1896 me
1726 1842 1981 1897 adversus

372 1946 518 1997 eum,
546 1936 605 1983 ut
631 1930 903 2002 aﬂtigerem
924 1930 1077 1987 illum
1097 1929 1308 2000 frustra
1337 1931 1485 2001 (Job.
1520 1948 1583 2001 ιι,
1615 1930 1697 2002 3).
1730 1930 1833 1987 Sed
1853 1929 1984 1986 Eliu

376 2034 494 2072 non
523 2016 772 2087 credidit,
795 2027 1035 2076 cessante
1058 2019 1239 2091 culpa,
1264 2020 1507 2091 potuisse
1536 2036 1662 2077 eum
1684 2019 1849 2076 etiam
1884 2035 1985 2091 pro

376 2105 551 2173 gratia
567 2104 843 2177 ﬂagellari.
876 2107 1160 2163 Nesciebat
1181 2107 1329 2163 enim
1352 2106 1583 2181 ﬂagellis
1600 2107 1724 2180 ejus
1760 2123 1871 2162 non
1894 2105 1986 2162 de-

378 2192 476 2248 leri
499 2195 719 2263 vitium,
751 2195 847 2251 sed
867 2197 1123 2251 meritum
1147 2196 1355 2268 augeri,
1389 2203 1443 2251 et
1467 2213 1568 2269 pro
1604 2213 1667 2253 eo
1697 2195 1846 2270 quod
1865 2196 1985 2251 sine

377 2280 576 2340 delicto
606 2301 663 2340 se
695 2284 912 2341 dixerat
932 2285 1296 2357 ﬂagellatum,
1321 2285 1425 2343 hac
1445 2303 1570 2342 eum
1599 2286 1873 2342 sententia
1903 2285 1982 2341 in-

374 2380 578 2444 crepat,
606 2373 797 2431 dicens
830 2393 842 2431 ε
878 2376 986 2432 Hoc
1005 2381 1079 2429 est
1097 2393 1217 2447 ergo
1239 2376 1295 2429 in
1315 2392 1417 2445 quo
1448 2392 1552 2430 non
1571 2392 1622 2430 es
1633 2374 1980 2448 justiﬁcatus.

377 2458 593 2516 Habent
605 2461 755 2517 enim
772 2461 880 2517 hoc
890 2468 1204 2533 arrogantes
1220 2461 1526 2532 proprium,
1543 2468 1607 2516 ut
1623 2462 1747 2532 plus
1758 2477 1984 2532 arguere

371 2555 634 2619 appetant
663 2566 828 2619 quam
859 2549 1165 2613 consolari;
1196 2556 1251 2603 et
1269 2564 1500 2620 qumque
1521 2547 1846 2603 hominibus
1862 2564 1983 2604 eve-

368 2637 499 2692 nire
530 2644 891 2707 cognoscunt,
913 2653 981 2692 ex
1011 2637 1142 2692 solis
1162 2637 1408 2693 evenisse
1433 2636 1820 2709 iniquitatibus
1844 2638 1982 2693 arbi-

364 2732 616 2781 trentur.
630 2724 897 2782 Nesciunt
908 2724 998 2797 qui
1005 2742 1108 2797 ppe
1117 2726 1332 2782 occulta
1333 2725 1356 2797 j
1365 2725 1553 2782 udicia
1564 2725 1981 2801 subtiliterque;-

368 2830 514 2881 rere,
534 2820 699 2885 atque
720 2814 777 2869 id
797 2813 941 2885 quod
963 2830 1072 2870 non
1091 2814 1409 2887 intelligunt
1424 2815 1713 2871 humiliter
1737 2833 1980 2889 perscru-

373 2904 503 2972 tari,
526 2903 657 2975 quia
677 2919 769 2958 eos
780 2919 920 2975 saepe
935 2920 965 2958 a
979 2904 1202 2960 secretis
1218 2904 1980 2978 investigationibusjudicio-

375 3009 499 3049 rum
553 2991 653 3048 Dei
710 2991 829 3064 ipsa
889 2991 1132 3049 scientiae
1187 3009 1298 3050 suae
1358 2994 1524 3050 elatio
1584 2994 1795 3068 dejicit,
1845 2996 1979 3053 dum

376 3084 611 3141 extollit.

2082 520 2192 560 non
2242 504 2501 573 extollit;
2550 521 2653 562 nec
2684 504 3061 577 superbientes
3087 524 3228 581 quos
3253 511 3563 581 repleverit,
3594 512 3689 570 sed

2084 594 2451 650 lamentantes
2480 593 2631 651 facit.
2666 593 2788 662 Qua
2817 594 3049 668 quisque
3077 613 3204 652 cum
3234 598 3472 669 repletus
3500 600 3687 671 fuerit,

2085 680 2264 752 primo
2295 682 2414 738 loco
2462 699 2518 738 se
2560 682 2700 739 scire
2746 683 2988 755 appetit;
3040 691 3094 740 et
3136 683 3251 756 jam
3301 687 3386 742 sui
3416 692 3686 759 conscius,

2086 779 2239 834 tanto
2284 788 2379 843 per
2423 771 2574 827 illam
2611 772 2891 828 robustius
2920 773 3061 844 sapit
3090 780 3295 846 quanto
3323 791 3378 831 se
3408 774 3688 835 inﬁrmum

2087 862 2144 919 in
2166 863 2263 919 illa
2282 860 2468 918 verius
2492 862 2834 933 recognoscit
2857 880 2870 929 ;
2895 870 3057 935 atque
3078 863 3399 935 ampliorem
3424 865 3571 921 viam
3590 865 3690 923 hu-

2081 953 2174 1026 jus
2204 952 2445 1008 scientias
2463 952 2579 1024 ipsa
2597 952 2647 1008 ei
2670 951 2956 1008 humilitas
2987 954 3200 1024 aperit;
3239 953 3481 1027 dumque
3523 955 3692 1013 imbe-

2086 1040 2374 1097 cillitatem
2399 1056 2551 1095 suam
2573 1040 2861 1112 conspicit,
2886 1040 3004 1112 ipsa
3023 1042 3073 1098 ei
3094 1042 3338 1114 cognitio
3357 1051 3689 1101 secretorum

2087 1128 2413 1185 sublimium
2443 1128 2796 1187 absconditos
2824 1130 2978 1186 sinus
3008 1132 3220 1203 pandit,
3255 1148 3362 1206 qua
3379 1133 3692 1206 cognitione

2089 1234 2326 1289 pressus,
2351 1216 2611 1272 subtilior
2630 1218 2899 1287 redditur,
2926 1221 2946 1255 ³
2974 1237 3082 1292 quo
3104 1221 3171 1276 ad
3192 1222 3408 1279 occulta
3427 1223 3689 1295 rapiatur.
3778 1286 3791 1307 l

2088 1307 2220 1362 Eliu
2266 1322 2393 1378 ergo
2423 1306 2481 1361 in
2513 1305 2742 1379 ﬂagellis
2770 1306 2914 1363 beati
2945 1308 3047 1364 Job
3079 1309 3287 1366 idcirco
3316 1328 3564 1367 veracem
3594 1330 3695 1369 ra-

2089 1397 2297 1452 tionem
2345 1412 2456 1452 non
2506 1396 2741 1466 invenit,
2791 1399 2922 1471 quia
2966 1415 3085 1454 eam
3135 1416 3375 1472 quaerere
3407 1401 3694 1458 humiliter

2092 1486 2300 1552 nescit;
2333 1493 2388 1541 et
2416 1486 2697 1559 increpare
2728 1488 2912 1559 potius
2939 1504 3102 1561 quam
3135 1490 3405 1546 consolari
3427 1491 3686 1563 paratior,

2090 1573 2258 1631 dicit:
2293 1577 2402 1631 Hoc
2429 1583 2505 1631 est
2531 1594 2673 1648 ergo,
2702 1577 2760 1631 in
2786 1595 2890 1649 quo
2918 1595 3026 1633 non
3052 1595 3103 1634 es
3122 1577 3479 1653 justiﬁcatus.

2164 1664 2251 1720 32.
2299 1664 2523 1736 Superbi
2549 1682 2683 1737 swpe
2709 1666 2847 1722 alios
2874 1666 3219 1739 increpando,
3248 1671 3593 1726 mentiuntur.
3624 1699 3694 1713 --

2091 1752 2405 1809 Notandum
2438 1769 2655 1827 quoque
2683 1762 2765 1811 est
2795 1755 2941 1828 quod
2968 1754 3160 1813 beatus
3187 1757 3289 1814 Job
3319 1759 3376 1814 in
3407 1775 3577 1816 nervo
3606 1778 3692 1833 pe-

2094 1840 2218 1898 dem
2239 1859 2397 1898 suum
2418 1843 2655 1914 positum
2678 1842 2845 1913 dixit,
2869 1845 2963 1902 sed
2981 1862 3323 1920 nequaquam
3346 1849 3615 1905 mundum
3638 1867 3694 1905 se

2094 1931 2202 1988 hoc
2229 1930 2413 1999 modo,
2443 1949 2552 2005 quo
2580 1933 2631 1988 ei
2661 1932 2943 2005 objicitur,
2976 1935 3182 2009 absque
3211 1945 3455 2009 peccato,
3476 1939 3562 1994 vel
3594 1939 3692 1995 im-

2094 2021 2449 2091 maculatum,
2508 2030 2563 2079 et
2616 2022 2733 2079 sine
2790 2023 3083 2096 iniquitate
3127 2025 3298 2083 fuisse
3343 2029 3691 2086 memoravit.

2093 2110 2197 2167 Sed
2244 2111 2394 2180 Eliu,
2444 2110 2575 2168 dum
2618 2130 2743 2169 cum
2788 2114 3104 2172 austeritate
3152 2115 3367 2172 studuit
3412 2117 3694 2190 increpare

2094 2215 2213 2272 quae
2243 2198 2393 2258 dicta
2410 2208 2559 2269 sunt,
2584 2202 2856 2258 mentiens
2880 2201 3233 2277 addiditque:
3248 2204 3396 2261 dicta
3409 2221 3519 2261 non
3541 2214 3689 2262 sunt.

2093 2289 2197 2357 Qui
2216 2292 2361 2347 enim
2384 2308 2596 2365 semper
2612 2293 2893 2366 increpare
2913 2302 3194 2367 appetunt,
3219 2303 3273 2351 et
3301 2311 3583 2368 nunquam
3613 2296 3691 2351 fo-

2094 2396 2240 2449 vere,
2273 2383 2447 2438 multa
2466 2382 2787 2456 plerumque
2808 2383 3139 2456 increpando
3161 2385 3523 2440 mentiuntur.
3554 2385 3691 2441 Nam

2092 2477 2153 2525 ut
2173 2488 2396 2543 arguere
2417 2471 2575 2529 docte
2595 2470 2906 2542 videantur,
2928 2472 3145 2545 ﬁngunt
3159 2490 3554 2547 nonnunquam
3572 2491 3693 2547 quae

2092 2560 2449 2632 redarguant;
2484 2568 2537 2616 et
2566 2579 2689 2617 cum
2723 2561 2828 2634 ipsi
2857 2563 3060 2636 equino
3091 2580 3243 2619 more
3264 2563 3319 2618 in
3335 2580 3558 2621 cursum
3580 2580 3693 2620 suae

2092 2650 2473 2707 ostentationis
2506 2650 2832 2720 inferveant,
2866 2652 2924 2708 in
2955 2651 3327 2725 subjectorum
3349 2653 3691 2710 invectioni-

2090 2738 2193 2795 bus
2207 2756 2277 2795 ex
2306 2740 2449 2796 ﬁctis
2465 2740 2571 2796 sibi
2595 2740 2985 2813 iniquitatibus
3005 2758 3258 2815 campum
3276 2750 3487 2815 parant.
3507 2743 3692 2799 Scien-

2089 2827 2219 2884 dum
2252 2837 2513 2902 przeterea
2540 2837 2641 2898 est,
2676 2830 2819 2887 sicut
2848 2838 2903 2887 et
2930 2832 3182 2904 superius
3208 2831 3328 2887 dixi
3362 2832 3546 2903 (Num.
3571 2832 3688 2904 31),

2090 2917 2238 2990 quod
2277 2927 2588 2991 arrogantes
2627 2917 2737 2975 viri
2778 2919 2981 2976 inﬂatis
3023 2921 3137 2976 suis
3177 2919 3523 2976 sermonibus
3551 2937 3692 2993 saepe

2090 3005 2254 3063 fortia
2293 3007 2441 3063 dicta
2483 3008 2831 3080 permiscent,
2877 3024 2979 3065 nec
3018 3006 3366 3065 considerant
3393 3007 3691 3082 aliquando

2093 3096 2115 3131 ‘
2137 3095 2272 3168 quid
2293 3094 2601 3165 vivant,sed
2624 3105 2853 3169 pensant
2872 3097 3113 3155 studiose
3130 3098 3262 3170 quid
3278 3096 3530 3156 doceant.
3548 3099 3691 3167 Quo-

2140 3144 2272 3168 Ὶ”’“’
2307 3144 2315 3150 ⁷
2331 3144 2347 3150 “
2366 3144 2375 3151 ⁷
2392 3144 2601 3165 “”“’“³“’ν“’“
2624 3144 2853 3169 .l:"'"‘”'"'
2872 3144 3113 3155 ⁹⁷“⁸“’ννν
3132 3144 3262 3170 Ὶ“’⁶“¹
3280 3144 3530 3156 *υνν“’“””
3552 3144 3665 3167 κ“ν

447 3172 533 3228 31.
569 3172 907 3230 Obstaculum
953 3179 1040 3263 88i—
1071 3174 1310 3231 veritatis
1357 3183 1532 3232 tumor
1575 3177 1783 3231 mentis.
1833 3177 1979 3234 Vera:
2013 3144 2057 3205 Β
2091 3202 2213 3241 rum
2259 3201 2407 3242 nunc
2431 3184 2560 3242 Elin
2588 3187 2824 3259 speciem
2856 3195 3027 3257 tenet,
3059 3187 3155 3263 qui
3188 3204 3298 3244 non
3328 3196 3479 3246 recte.
3502 3189 3690 3246 vivere

375 3260 599 3316 scientia:
626 3262 849 3331 effectus.
880 3292 951 3302 —
980 3261 1336 3321 Obstaculum
1369 3281 1604 3339 namque
1624 3264 1873 3321 veritatis
1896 3273 1977 3321 est

376 3358 558 3407 tumor
586 3352 805 3419 mentis,
838 3351 970 3424 quia
998 3351 1131 3408 dum
1174 3353 1331 3410 inﬂat
1363 3354 1675 3411 obnubilat.
1706 3354 1811 3422 Qui
1846 3362 1899 3411 et
1927 3354 1974 3411 si

371 3440 588 3513 quando
616 3441 901 3497 scientiam
963 3440 1223 3499 videntur
1264 3444 1513 3517 adipisci,
1547 3444 1701 3517 quasi
1734 3443 1800 3499 de
1829 3460 1974 3517 qua-

371 3528 494 3586 dam
517 3548 700 3586 rerum
722 3532 943 3599 cortice,
978 3539 1033 3588 et
1062 3549 1172 3588 non
1192 3532 1259 3587 de
1279 3540 1500 3590 secretae
1532 3531 1848 3590 dulcedinis
1864 3550 1976 3589 me.

369 3617 525 3674 dulla
552 3628 884 3690 pascuntur;
920 3620 1359 3695 micantibusque
1381 3621 1617 3693 ingeniis
1646 3639 1787 3694 saepe
1817 3633 1972 3681 exte-

368 3705 524 3761 riora
552 3709 926 3765 tantummodo
944 3710 1246 3782 attingunt,
1277 3710 1372 3787 sed
1402 3710 1609 3765 interni
1641 3718 1864 3781 gustum
1887 3730 1971 3769 sa-

368 3795 522 3867 poris
566 3795 839 3868 ignorant,
872 3798 1131 3855 videlicet
1171 3797 1308 3854 foris
1337 3798 1506 3866 acuti,
1539 3797 1632 3854 sed
1662 3797 1815 3855 intus
1843 3803 1972 3860 caeci

367 3893 513 3942 sunt.
546 3886 734 3959 Neque
765 3887 823 3944 id
851 3890 917 3944 de
954 3890 1067 3944 Deo
1097 3889 1361 3957 sentiunt,
1386 3887 1533 3961 quod
1561 3888 1971 3950 dulceinterius

366 3977 561 4048 sapiat,
594 3975 689 4032 sed
720 3976 867 4049 quod
896 3992 1187 4033 excussum
1236 3976 1479 4033 exterius
1509 3984 1684 4034 sonet.
1719 3978 1825 4046 Qui
1865 3982 1967 4036 etsi

367 4074 572 4121 secreta
602 4065 854 4140 quadam
886 4066 1245 4139 intelligendo
1276 4066 1606 4140 percipiunt,
1638 4084 1828 4123 eorum
1851 4067 1969 4125 dul-

366 4154 617 4211 oedinem
647 4156 885 4228 experiri
917 4172 1025 4212 non
1064 4164 1291 4228 possunt
1327 4175 1339 4224 ;
1372 4164 1426 4214 et
1455 4157 1500 4213 si
1530 4166 1805 4214 noverunt
1836 4175 1968 4231 quo-

369 4253 530 4310 modo
544 4263 694 4323 sunt,
718 4255 993 4327 ignorant,
1018 4263 1080 4311 ut
1099 4255 1240 4325 dixi,
1260 4252 1404 4310 746
1426 4257 1702 4329 quomodo
1748 4259 1969 4330 sapiunt

368 4339 507 4414 [νει.
542 4343 751 4419 XVII.]
801 4346 874 4401 Et
920 4345 982 4401 ﬁt
1027 4346 1349 4417 plerumque
1392 4352 1455 4400 ut
1496 4346 1713 4403 fortiter
1759 4347 1964 4417 dicant,

2087 3277 2315 3349 appetit,
2353 3276 2447 3333 sed
2483 3277 2697 3336 docere.
2748 3278 2889 3347 Quia
2929 3296 3057 3351 ergo
3095 3279 3274 3336 sciens
3309 3276 3404 3335 sed
3432 3296 3690 3353 arrogans

2088 3370 2352 3444 loquitur,
2375 3380 2650 3430 taceamus
2659 3371 2773 3446 jam
2795 3372 2931 3446 quid
2952 3372 3228 3429 tumidum
3244 3371 3407 3440 vivit,
3430 3380 3484 3428 et
3502 3371 3686 3428 audia-

2086 3477 2208 3517 mus
2251 3461 2384 3534 quid
2434 3462 2672 3519 solidum
2712 3462 2867 3520 dicit.
2916 3463 3049 3519 Post
3086 3470 3170 3519 tot
3212 3462 3393 3535 itaque
3432 3460 3686 3517 elationis

2086 3548 2270 3618 verba,
2284 3550 2505 3606 tandem
2519 3551 2803 3609 scientiam
2818 3568 2970 3609 suam
2984 3549 3270 3609 ostendere
3281 3548 3567 3619 inchoans,
3587 3548 3682 3607 ait:

2647 3699 2875 3758 CAPUT
2901 3701 3103 3759 XVIII.

2156 3804 2326 3863 Vxns.
2362 3806 2446 3863 12.
2493 3838 2562 3848 -
2591 3807 2921 3877 Respondebo
2953 3807 3045 3862 tibi
3073 3806 3215 3878 quod
3244 3805 3419 3876 major
3446 3805 3517 3860 sit
3541 3806 3684 3862 Deus

2083 3892 2310 3950 homine.

2155 3982 2240 4039 33.
2278 3983 2426 4051 Quod
2454 4002 2488 4039 α
2516 3983 2625 4040 Deo
2653 3984 2803 4040 nobis
2830 3984 3043 4041 meliore
3065 3983 3327 4057 patimur,
3341 3983 3547 4054 justum
3576 3999 3681 4039 cre-

2082 4072 2289 4131 damus.
2322 4106 2393 4116 —
2422 4075 2650 4132 Dicatur
2668 4075 2898 4132 fortasse
2919 4074 2987 4131 ab
3009 4075 3195 4148 aliquo
3222 4093 3233 4131 :
3263 4074 3397 4143 Quis
3426 4074 3573 4131 istud
3593 4076 3679 4131 vel

2081 4181 2205 4222 cum
2238 4181 2348 4220 non
2370 4164 2524 4220 audit
2553 4164 2814 4238 ignorat?
2843 4165 2947 4222 Sed
2967 4165 3232 4220 nimirum
3265 4163 3381 4221 haec
3411 4164 3677 4221 sententia

2081 4254 2210 4310 vilis
2238 4252 2500 4324 creditur,
2534 4256 2580 4310 si
2611 4272 2722 4311 non
2752 4272 2821 4311 ex
2854 4256 2971 4328 ipsa
3000 4255 3327 4311 intentionis
3357 4271 3467 4310 sua:
3498 4254 3678 4312 radice

2079 4349 2354 4415 pensetur.
2391 4341 2529 4416 [νει.
2568 4343 2805 4417 XVIII.]
2839 4344 3139 4417 Flagellato
3182 4342 3440 4399 videlicet
3488 4344 3678 4417 loque-

366 4434 459 4490 sed
487 4443 674 4491 tamen
689 4435 852 4508 juxta
872 4453 934 4493 ea
953 4453 1075 4510 qua;
1094 4436 1288 4492 dicunt
1309 4435 1496 4492 vivere
1523 4437 1788 4494 nesciant.
1814 4437 1969 4494 Unde
2001 4501 2042 4510 _
2077 4434 2260 4503 batur,
2296 4435 2391 4508 qui
2422 4442 2476 4491 et
2504 4434 2873 4506 percussionis
2904 4431 3131 4488 verbera
3149 4440 3449 4504 acceperat,
3473 4442 3526 4490 et
3554 4451 3676 4491 cau-

368 4523 504 4581 bene
537 4501 760 4598 quidam
780 4501 997 4599 sapiens
1021 4526 1168 4582 dixit
1191 4544 1201 4582 :
1226 4527 1361 4586 Mihi
1388 4531 1564 4581 autem
1592 4527 1677 4581 det
1700 4528 1841 4583 Deus
1861 4528 1968 4583 haec
2001 4501 2050 4561 D
2074 4540 2160 4580 sas
2188 4501 2477 4579 verberum
2505 4501 2800 4579 nesciebat.
2825 4522 3035 4579 Idcirco
3052 4541 3178 4595 ergo
3200 4501 3389 4579 intulit
3412 4542 3423 4579 :
3450 4526 3677 4597 Respon-

369 4613 536 4670 dieere
562 4634 630 4671 ea;
658 4618 907 4673 sententia
935 4618 1096 4689 (Sap.
1129 4634 1233 4684 vn,
1265 4617 1379 4688 15).
1409 4616 1690 4672 Sententia
1718 4618 1918 4690 quippe
1935 4634 1966 4674 a

367 4719 529 4760 sensu
550 4714 745 4762 vocata
770 4714 872 4762 est.
906 4708 980 4762 Et
997 4714 1145 4763 recta
1172 4722 1291 4779 quae
1312 4706 1590 4777 intelligit,
1624 4722 1734 4761 non
1766 4722 1833 4762 ex
1849 4708 1965 4763 sola

364 4793 613 4861 scientia,
646 4795 741 4851 sed
772 4796 937 4851 etiam
968 4812 1037 4851 ex
1077 4795 1350 4851 sententia
1390 4794 1571 4852 dicere
1614 4796 1841 4868 appetit,
1869 4796 1963 4870 qui

368 4898 709 4956 nequaquam
762 4884 1148 4940 tantummodo
1195 4883 1419 4942 sciendo
1457 4884 1660 4954 dicere,
1691 4885 1783 4941 sed
1831 4901 1964 4941 sen—

366 4974 556 5031 tiendo
583 4975 858 5034 desiderat
887 4977 1128 5050 experiri
1153 4977 1301 5051 quod
1329 4976 1485 5034 dicit.
1508 4976 1615 5033 Sed
1634 4993 1790 5034 mens
1817 4994 1962 5034 arro-

366 5066 615 5135 gantium
664 5067 940 5125 dictorum
987 5085 1212 5125 suorum
1252 5085 1471 5125 sensum
1527 5086 1637 5125 non
1695 5078 1959 5143 penetrat,

364 5154 493 5225 quia
521 5156 590 5212 ab
620 5156 839 5215 interno
868 5166 1050 5231 gustu,
1082 5167 1228 5215 recto
1243 5157 1456 5230 judicio
1487 5159 1508 5194 ³
1539 5159 1597 5215 in
1626 5175 1718 5215 eos
1747 5159 1962 5216 favores

436 5350 454 5421 Ἴ
488 5349 660 5406 Abest
690 5357 902 5407 tuorum
921 5366 952 5407 a
980 5350 1187 5421 Baluz.,
1217 5350 1371 5409 Colb.
1405 5361 1459 5409 et
1488 5351 1631 5421 plur.

436 5420 459 5454 ²
489 5420 664 5494 Editi,
681 5423 739 5478 in
753 5440 838 5479 eos
850 5422 1062 5494 favores
1079 5420 1355 5494 redigitur.
1376 5420 1808 5480 Praelucentibus
1829 5421 1955 5480 Mss.

363 5491 607 5564 Anglic,
642 5491 858 5564 Norm.,
887 5495 1095 5561 Baluz.,
1120 5491 1297 5561 Colb.,
1322 5504 1447 5562 etc.,
1473 5496 1809 5552 mutavimus
1822 5495 1959 5550 redi-

360 5562 584 5640 giturin
604 5562 895 5640 reliditur;
922 5583 993 5622 ex
1009 5582 1121 5638 quo
1141 5565 1466 5640 exquisitior
1480 5584 1668 5640 sensus
1688 5568 1954 5640 sequitur.

361 5632 718 5708 Signiﬁcatur
745 5639 892 5694 enim
921 5632 1294 5708 arrogantium
1325 5646 1558 5692 mentem
1591 5638 1659 5694 ad
1688 5632 1958 5695 humanos

363 5703 579 5781 favores
610 5707 1030 5781 quibuswinhiat
1051 5703 1334 5781 tanquam
1366 5707 1433 5781 ad
1462 5711 1744 5781 scopulum
1779 5708 1953 5766 allidi.

434 5778 456 5810 ³
504 5777 767 5848 Vindoc.,
817 5780 1025 5849 Baluz.,
1069 5777 1223 5835 Colb.
1256 5787 1309 5835 et
1336 5779 1479 5850 plur.
1512 5777 1722 5851 Norm.,
1754 5782 1846 5851 qui
1885 5781 1957 5836 ad

2072 4612 2196 4668 debo
2238 4612 2330 4667 tibi
2375 4612 2515 4683 quod
2564 4611 2738 4683 major
2765 4612 2833 4667 sit
2859 4612 2999 4668 Deus
3027 4612 3251 4682 homine,
3284 4621 3346 4669 ut
3374 4612 3674 4687 ﬂagellatus

2071 4700 2240 4758 homo
2270 4701 2623 4758 considerans
2642 4701 2772 4773 quia
2803 4699 2898 4756 illo
2921 4699 3095 4773 major
3123 4709 3205 4758 est
3225 4703 3390 4771 Deus,
3422 4703 3477 4757 in
3512 4718 3673 4757 omne

2073 4792 2219 4866 quod
2249 4794 2455 4866 patitur
2482 4792 2600 4865 ejus
2623 4792 2836 4866 judicio
2866 4812 2922 4851 se
2953 4803 3261 4869 postponat,
3296 4798 3316 4831 δ
3349 4812 3457 4867 quo
3485 4811 3541 4850 se
3571 4793 3671 4847 mi-

2072 4898 2260 4939 norem
2294 4901 2407 4941 esse
2437 4899 2548 4940 non
2576 4883 2829 4952 dubitat;
2864 4892 2917 4940 et
2951 4885 3097 4957 quod
3126 4901 3158 4939 a
3187 4883 3412 4939 meliore
3443 4882 3666 4953 patitur,

2066 4969 2277 5043 justum
2299 4969 2504 5039 credat,
2528 4972 2690 5028 etiam
2712 4972 2758 5028 si
2790 4972 3033 5044 ejusdem
3050 4971 3280 5044 justitiae
3301 4986 3490 5027 causas
3521 4970 3667 5040 igno-

2072 5066 2173 5115 rat.
2207 5059 2466 5132 Quisquis
2484 5060 2648 5116 etiam
2672 5077 2769 5133 pro
2791 5068 3012 5133 peccato
3032 5059 3358 5132 percutitur,
3385 5057 3490 5113 nisi
3521 5074 3666 5113 mur-

2071 5150 2341 5207 murando
2370 5150 2657 5219 renitatur,
2690 5166 2755 5207 eo
2785 5151 2902 5222 ipso
2925 5149 3037 5222 jam
3053 5148 3237 5219 justus
3265 5164 3381 5204 esse
3412 5152 3557 5212 747
3586 5149 3666 5204 in-

2069 5351 2270 5407 occulta
2298 5352 2563 5423 capiatur,
2595 5351 2848 5423 obscuro,
2881 5367 2949 5407 ne
2978 5349 3179 5419 dicam,
3208 5350 3363 5407 nullo
3390 5365 3573 5408 sensu.

2141 5424 2162 5458 ⁴
2192 5421 2412 5479 necent.
2446 5422 2557 5489 ed.,
2589 5422 2719 5493 quid
2737 5421 2943 5491 juvent,
2975 5423 3120 5493 quod
3150 5438 3313 5478 sensu
3341 5432 3504 5480 caret.
3538 5423 3663 5481 Me—

2069 5494 2175 5549 lius
2218 5495 2277 5548 in
2304 5494 2668 5566 Mss._Angl.,
2707 5493 2916 5563 Norm.,
2968 5493 3226 5561 Vindoc.,
3280 5495 3486 5562 Baluz.,
3531 5502 3660 5562 etc.,

2066 5566 2419 5647 quidvivant,
2453 5564 2673 5647 hoc"es_t.
2697 5581 2814 5647 qua
2828 5567 3037 5647 ratione
3067 5567 3247 5647 vitam
3259 5573 3590 5638 componant
3608 5574 3662 5619 et

2069 5636 2396 5705 instituant;
2429 5636 2575 5709 quod
2603 5636 2767 5692 etiam
2800 5636 3003 5693 habent
3030 5644 3140 5694 vet.
3169 5637 3271 5693 Ed.

2137 5710 2165 5781 δέ
2189 5711 2269 5781 Ita
2300 5709 2497 5764 melius
2525 5709 2651 5767 Mss.
2685 5724 2847 5781 quam
2879 5710 2964 5764 cui
2983 5727 3035 5765 se
3062 5710 3337 5775 minorem,
3370 5717 3431 5765 ut
3460 5709 3659 5779 legitur

2067 5779 2119 5834 in
2157 5779 2260 5836 Ed.
