4162 6184
525 294 624 352 271

1731 285 1982 344 SANCTI
2021 284 2358 344 GREGORII
2394 283 2624 344 MAGNI

3715 289 3818 348 272

523 419 707 486 choat,
757 432 866 490 quo
907 415 1154 472 ferientis
1193 412 1466 483 justitiam
1515 426 1627 466 non
1666 418 1904 468 accusat.
1947 410 2125 469 Homo
2152 414 2202 474 Α
2233 409 2434 482 gimur,
2468 409 2671 483 singuli
2703 409 2895 467 audire
2915 425 3032 467 eam
3055 410 3269 483 privata
3287 413 3662 470 consolatione
3688 430 3829 488 quie-

525 522 761 580 namque
790 505 893 562 sub
924 505 1036 560 Deo
1063 509 1145 559 est
1171 500 1447 569 conditus,
1477 506 1534 556 et
1559 499 1629 556 ad
1653 499 1989 556 conditionis
2021 517 2122 556 or-

525 594 708 651 dinem
729 594 886 660 redit,
909 591 1128 664 quando
1147 589 1252 646 sibi
1269 590 1580 662 :equitatem
1596 587 1804 660 judicis
1825 588 1933 656 sui,
1955 589 2118 644 etiam

525 699 686 756 quam
717 698 827 736 non
875 679 1154 751 intelligit,
1198 679 1502 751 anteponit.
1545 679 1690 734 Bene
1719 694 1847 750 ergo
1875 679 2116 734 dicitur:

521 771 850 843 Respondebo
881 770 976 825 tibi
1003 770 1143 840 quod
1169 767 1346 838 major
1376 769 1444 823 sit
1472 769 1615 824 Deus
1645 769 1874 838 homine,
1906 775 1968 824 ut
1995 785 2120 825 con-

521 859 755 914 siderata
799 859 1043 931 potentia
1086 858 1366 926 creatoris,
1398 857 1680 914 deferveat
1707 865 1892 914 tumor
1921 858 2122 915 mentis

521 963 616 1019 per
627 949 946 1004 memoriam
961 947 1317 1005 conditionis.
1337 947 1491 1004 Unde
1502 947 1679 1004 David
1696 946 1981 1020 propheta,
1994 964 2119 1004 cum

519 1036 886 1108 percussionis
926 1036 1168 1109 pondere
1215 1037 1274 1092 in
1312 1053 1596 1094 excessum
1640 1035 1795 1092 vocis
1836 1051 2122 1108 erumpere

518 1131 823 1196 cogeretur,
846 1124 916 1181 ad
931 1125 1430 1182 considerationem
1453 1129 1466 1162 ¹
1485 1124 1826 1184 conditionis
1843 1140 1954 1180 suae
1969 1141 2027 1181 se
2041 1140 2122 1180 re-

519 1213 802 1286 colligens,
833 1214 947 1270 ait:
983 1214 1252 1282 Obmutui,
1274 1221 1322 1270 et
1346 1232 1454 1271 non
1472 1215 1662 1288 aperui
1682 1231 1740 1270 os
1767 1230 1960 1279 meum,
1981 1229 2124 1284 quo-

517 1304 666 1360 niam
695 1311 748 1360 tu
776 1303 949 1376 fecisti
976 1323 1058 1362 me
1085 1305 1264 1376 (Psal.
1299 1324 1544 1378 xxxvm,
1574 1306 1654 1381 3).
1687 1306 1944 1362 Pensavit
1973 1304 2121 1360 enim

517 1393 858 1452 conditionis
871 1412 984 1452 suae
997 1395 1271 1466 ordinem,
1289 1405 1344 1453 et
1353 1396 1628 1469 justitiam
1644 1395 2019 1470 percussionis
2041 1396 2122 1451 in-

519 1483 692 1552 venit,
704 1485 834 1557 quia
845 1485 939 1560 qui
951 1485 1188 1558 benigne
1199 1503 1323 1543 eum
1338 1487 1432 1560 qui
1445 1503 1555 1543 non
1567 1492 1683 1542 erat
1703 1483 1971 1553 condidit,
1995 1499 2121 1540 eum

517 1572 762 1642 profecto
791 1575 886 1648 qui
916 1583 1033 1632 erat
1059 1592 1172 1632 non
1201 1577 1311 1632 nisi
1333 1575 1483 1649 juste
1506 1575 1792 1649 percussit.
1826 1574 2118 1647 Sequitur:

955 1686 1184 1744 CAPUT
1214 1687 1347 1742 XIX
1378 1685 1522 1762 [Rea
1556 1685 1684 1760 XI].

2230 522 2494 564 reremus.
2529 507 2650 564 Non
2693 524 2820 580 ergo
2860 507 3130 566 Dominus
3170 507 3238 565 ad
3275 509 3466 566 omnia
3496 507 3642 566 748
3670 510 3837 568 verba

2231 595 2390 652 nobis
2420 595 2731 668 respondet,
2763 597 2894 670 quia
2920 599 3075 652 semel
3107 598 3368 668 loquetur,
3386 605 3434 654 et
3448 603 3672 656 secundo
3701 601 3837 672 idip-

2229 701 2349 740 sum
2377 702 2484 740 non
2511 693 2702 758 repetet
2729 704 2750 752 ;
2779 687 2836 742 id
2878 695 2978 756 est,
3011 688 3079 760 in.
3100 685 3190 742 his
3220 704 3340 761 quae
3373 704 3470 760 per
3497 691 3838 762 Scripturam

2231 791 2439 832 sacram
2471 775 2539 831 ad
2572 785 2754 848 patres
2781 785 2999 833 nostros
3028 777 3278 848 protulit,
3312 793 3414 834 nos
3432 779 3650 835 erudire
3680 795 3836 836 cura-

2231 864 2333 921 vit.
2369 867 2390 900 ³
2420 865 2621 922 Dicant
2651 865 2837 939 itaque
2867 875 3068 922 sanctae
3084 867 3345 924 Ecclesiae
3359 867 3632 937 doctores,
3651 869 3842 925 dicant

2232 953 2397 1010 etiam
2436 963 2770 1026 arrogantes,
2804 972 2929 1012 cum
2960 955 3018 1010 in
3057 971 3120 1010 ea
3144 955 3396 1011 laborare
3426 957 3692 1028 quosdam
3725 973 3841 1028 pu—

2231 1041 2616 1100 sillanimitate
2644 1043 3014 1116 conspiciunt,
3045 1044 3176 1116 quia
3203 1044 3366 1100 nobis
3393 1047 3540 1101 Deus
3568 1045 3636 1101 ad
3669 1047 3837 1103 verba

2232 1132 2421 1188 omnia
2447 1149 2559 1189 non
2590 1133 2904 1206 respondet,
2954 1133 3084 1206 quia
3128 1137 3282 1190 semel
3331 1137 3576 1206 loquetur
3602 1136 3764 1202 Deus,
3793 1141 3840 1190 et

2230 1221 2464 1293 idipsum
2492 1221 2714 1276 secundo
2743 1238 2850 1276 non
2877 1228 3070 1294 repetet
3097 1241 3118 1288 ;
3164 1222 3221 1278 id
3263 1232 3364 1292 est,
3409 1224 3840 1296 cogitationibus

2233 1311 2321 1366 vel
2338 1309 2740 1367 tentationibus
2757 1310 3104 1383 singulorum
3125 1327 3238 1366 non
3247 1309 3363 1383 jam
3380 1312 3584 1384 passim
3601 1328 3696 1385 per
3718 1329 3839 1386 pro-

2233 1397 2525 1470 phetarum
2555 1415 2740 1468 voces,
2782 1415 2897 1456 non
2941 1415 3037 1472 per
3067 1399 3315 1472 angelica
3343 1399 3525 1458 oﬂicia
3551 1401 3837 1471 satisfacit,

2233 1485 2362 1558 quia
2393 1486 2450 1542 in
2479 1485 2765 1559 Scriptura
2795 1502 2947 1545 sacra
2966 1487 3240 1561 quidquid
3259 1497 3438 1562 potest
3465 1489 3698 1563 singulis
3720 1507 3840 1547 eve-

2233 1575 2355 1632 nire
2385 1574 2830 1648 comprehendit,
2853 1584 3017 1650 atque
3042 1577 3101 1632 in
3132 1577 3229 1633 illa
3247 1593 3344 1650 per
3363 1580 3616 1652 exempla
3643 1596 3840 1652 praece-

2232 1661 2484 1720 dentium
2515 1665 2682 1722 etiam
2712 1665 2886 1722 vitam
2903 1666 3251 1740 sequentium
3269 1667 3566 1726 informare
3594 1670 3834 1726 curavit.

589 1771 760 1832 Vens.
796 1773 880 1843 13,
904 1774 988 1832 ib.
1010 1805 1082 1817 —
1101 1751 1508 1832 Adversus‘eum
1534 1751 1822 1839 contendis,
1855 1774 1998 1847 quod
2018 1791 2121 1832 non

2269 1841 2280 1847 ἢ
2303 1751 2391 1809 35.
2411 1752 2584 1823 Loqui
2597 1753 2697 1809 Dei
2711 1759 2788 1810 est
2810 1755 3031 1813 Verbum
3053 1756 3305 1828 genuisse.
3323 1786 3394 1798 —
3407 1756 3674 1824 Quamvis
3688 1756 3838 1830 quod

515 1866 588 1921 ad
631 1865 810 1920 omnia
855 1867 1015 1922 verba
1057 1867 1387 1938 responderit
1433 1866 1546 1923 tibi.
1597 1865 1620 1901 ³
1665 1865 1837 1924 Semel
1881 1865 2125 1937 loquetur

517 1955 679 2022 Deus,
708 1961 756 2010 et
783 1956 1004 2012 secundo
1033 1957 1270 2029 idipsum
1296 1973 1405 2012 non
1432 1962 1644 2028 repetet.

586 2044 672 2101 34.
701 2046 770 2102 In
799 2045 1076 2118 Scriptura
1107 2063 1262 2102 sacra
1281 2046 1542 2118 quidquid
1559 2045 1692 2102 scire
1727 2061 1822 2102 nos
1851 2044 2010 2114 decet,
2031 2045 2122 2102 do-

517 2142 594 2192 cet
619 2135 782 2192 Deus.
817 2167 873 2178 —
912 2135 1123 2193 Aﬂlicti
1151 2136 1334 2194 cordis
1352 2143 1436 2192 est
1463 2135 1748 2210 proprium
1778 2141 1841 2192 ut
1874 2135 1931 2191 in
1961 2150 2123 2191 omne

515 2225 664 2300 quod
691 2228 916 2300 appetit,
963 2235 1019 2284 et
1059 2234 1244 2284 tamen
1287 2244 1471 2284 rerum
1498 2226 1750 2284 ordinem
1779 2225 2121 2284 contrarium

518 2317 705 2384 sentit,
737 2315 785 2372 si
817 2317 989 2388 possit
1019 2315 1160 2384 ﬁeri,
1193 2333 1292 2372 cur
1321 2317 1416 2386 ita,
1442 2317 1527 2372 vel
1559 2332 1669 2372 non
1693 2317 1770 2372 ita
1800 2315 1890 2383 sit,
1913 2313 2123 2371 divinis

513 2403 620 2462 sibi
652 2403 974 2478 responderi
1005 2403 1235 2462 vocibus
1255 2406 1412 2474 velit,
1435 2413 1497 2461 ut
1528 2407 1701 2462 Deum
1723 2405 1789 2462 de
1819 2411 2016 2462 cuncta
2045 2419 2123 2459 re-

514 2511 641 2550 rum
673 2495 1052 2552 controversia
1083 2495 1354 2564 consulat,
1386 2501 1440 2552 et
1469 2494 1842 2569 responsionis
1881 2492 1999 2565 ejus
2037 2509 2124 2550 eo-

514 2587 666 2658 gnita
720 2586 932 2642 ratione
975 2584 1346 2658 conquiescat.
1397 2586 1530 2642 Eliu
1575 2593 1759 2642 autem
1813 2584 2126 2658 praevidens

512 2673 661 2746 quod
687 2675 1018 2745 scripturam
1051 2687 1262 2728 sacram
1279 2673 1550 2730 Dominus
1565 2673 1850 2742 conderet,
1885 2680 1947 2729 ut
1977 2673 2033 2728 in
2063 2689 2126 2730 ea

514 2762 600 2818 vel
626 2761 865 2834 publicis
891 2761 981 2817 vel
1012 2763 1245 2818 occultis
1264 2769 1592 2820 cunctorum
1617 2761 2020 2836 quaestionibus
2037 2777 2124 2818 re-

511 2850 824 2926 sponderet,
859 2851 938 2907 ait
963 2867 974 2906 :
1007 2851 1276 2908 Adversus
1305 2869 1422 2908 eum
1449 2852 1739 2920 contendis,
1761 2852 1903 2924 quod
1917 2869 2025 2906 non
2052 2851 2126 2907 ad

511 2944 691 3002 omnia
717 2943 876 3000 verba
904 2943 1235 3016 responderit
1267 2943 1378 3000 tibi.
1413 2945 1582 3001 Semel
1612 2945 1856 3015 loquetur
1883 2942 2048 3008 Deus,
2077 2948 2126 2998 et

509 3035 733 3092 secundo
763 3034 996 3107 idipsum
1023 3051 1132 3106 non
1150 3039 1356 3108 repetet.
1377 3034 1458 3092 Ac
1485 3034 1532 3090 si
1563 3034 1776 3092 diceret
1800 3051 1812 3091 :
1849 3036 1996 3092 Deus
2015 3034 2126 3091 sin-

511 3125 764 3197 gulorum
795 3121 1056 3180 cordibus
1100 3123 1330 3196 privatis
1375 3122 1605 3182 vocibus
1651 3141 1764 3180 non
1808 3123 2122 3196 respondet,
2153 3137 2198 3200 ο

511 3212 605 3270 sed
637 3213 744 3270 tale
783 3213 1066 3286 eloquium
1111 3214 1404 3281 construit,
1451 3230 1548 3286 per
1594 3200 1745 3286 quod
1793 3219 2122 3270 cunctorum

511 3302 913 3380 quaestionibus
961 3303 1278 3362 satisfaciat.
1325 3302 1464 3379 [νει.
1517 3303 1694 3378 ΧΙΧ.]
1734 3305 1798 3360 In
1837 3304 2122 3376 scripturae

511 3395 715 3472 quippe
743 3394 863 3468 ejus
891 3395 1112 3470 eloquio
1139 3411 1331 3453 causas
1360 3402 1576 3452 nostras
1617 3391 1824 3466 singuli
1866 3391 1914 3448 si
1943 3392 2122 3464 requi-

509 3486 704 3556 rimus,
738 3485 1075 3555 invenimus,
1099 3502 1200 3544 nec
1218 3501 1354 3559 opus
1382 3492 1464 3542 est
1482 3491 1544 3541 ut
1574 3485 1632 3540 in
1656 3498 1722 3540 eo
1743 3480 1890 3556 quod
1913 3480 2116 3554 specia-

510 3574 638 3630 liter
654 3574 894 3648 quisque
913 3576 1109 3632 tolerat
1136 3573 1452 3646 responderi
1480 3571 1588 3628 sibi
1617 3569 1818 3627 divina
1837 3585 1974 3626 voce
2001 3585 2120 3641 spe-

509 3663 726 3722 cialiter
751 3671 978 3736 quaerat.
1009 3663 1091 3720 Ibi
1113 3665 1263 3721 enim
1292 3663 1454 3720 nobis
1483 3659 1750 3718 omnibus
1789 3660 1852 3716 in
1879 3675 1944 3716 eo
1972 3657 2119 3731 quod

507 3753 818 3827 specialiter
837 3754 1078 3827 patimur
1096 3753 1468 3811 communiter
1494 3749 1878 3825 respondetur,
1899 3746 1977 3804 ibi
2007 3747 2124 3804 vita

508 3843 933 3917 praecedentium
965 3843 1029 3901 ﬁt
1057 3845 1234 3901 forma
1263 3841 1632 3917 sequentium.
1667 3841 1740 3898 Ut
1769 3839 1918 3896 enim
1946 3853 2119 3892 unum

509 3948 540 3989 e
568 3934 823 4006 pluribus
852 3935 1216 4008 proferamus,
1247 3949 1372 3992 ecce
1401 3931 1534 3989 dum
1555 3931 1810 4005 passione
1831 3929 2018 4002 aliqua
2031 3926 2118 3982 vel

509 4022 762 4078 molestia
816 4025 998 4080 carnis
1046 4023 1336 4092 atlicimur,
1388 4021 1530 4080 scire
1583 4020 1816 4078 fortasse
1873 4016 2119 4075 occultas

509 4123 698 4166 causas
755 4111 1026 4183 passionis
1072 4110 1316 4183 ejusdem
1373 4111 1462 4168 vel
1512 4111 1782 4166 molestiae
1842 4114 2116 4180 optamus,

510 4205 782 4273 quatenus
814 4200 873 4256 in
901 4215 966 4258 eo
993 4200 1141 4275 quod
1171 4201 1410 4274 patimur
1439 4217 1508 4257 ex
1539 4200 1658 4273 ipsa
1677 4215 1866 4255 rerum
1889 4195 2120 4254 scientia

508 4288 874 4346 consolemur.
923 4289 1028 4348 Sed
1057 4290 1187 4364 quia
1231 4289 1298 4346 de
1338 4288 1668 4362 specialibus
1715 4284 2122 4344 tentationibus

509 4379 713 4436 nostris
734 4393 1080 4454 nequaquam
1109 4378 1270 4436 nobis
1296 4379 1530 4453 singulis
1558 4375 1875 4452 specialiter
1894 4389 2118 4447 respon-

507 4469 688 4537 detur,
719 4468 789 4525 ad
818 4471 1154 4556 scripturam
1177 4487 1383 4528 sacram
1414 4469 1776 4564 recurrimus.
1809 4465 1895 4524 Ibi
1925 4463 2119 4520 videli-
2145 4504 2196 4564 Β

505 4566 592 4616 cet
614 4553 931 4618 invenimus
945 4560 1092 4635 quod
1111 4561 1313 4617 Paulus
1331 4559 1511 4618 carnis
1531 4557 1856 4615 infirmitate
1873 4559 2118 4612 tentatus

505 4648 752 4708 audivit:
798 4651 996 4724 Sufficit
1025 4650 1118 4706 tibi
1144 4650 1320 4721 gratia
1349 4666 1484 4718 mea,
1513 4665 1640 4704 nam
1666 4647 1842 4703 virtus
1872 4645 1929 4700 in
1962 4643 2112 4714 inﬁr-

504 4740 684 4797 mitate
705 4733 983 4813 perficitur
1011 4739 1107 4811 (II
1127 4738 1254 4795 Cor.
1285 4754 1386 4806 xu,
1407 4738 1477 4808 9).
1511 4735 1668 4805 Quod
1693 4733 1905 4789 idcirco
1941 4730 2026 4786 illi
2055 4730 2114 4786 in

504 4830 827 4888 infirmitate
855 4828 1076 4904 propria
1101 4825 1312 4884 dictum
1342 4833 1443 4892 est,
1476 4840 1546 4881 ne
1587 4819 1921 4895 singillatim
1954 4819 2116 4875 nobis

505 4917 763 4976 omnibus
790 4917 1085 4976 diceretur.
1118 4915 1180 4972 In
1211 4913 1493 4986 Scriptura
1536 4909 1706 4983 igitur
1735 4923 1896 4967 sacra
1924 4921 2116 4964 vocem

503 5009 624 5078 Dei,
655 5009 860 5069 afflicto
886 5008 1077 5077 Paulo,
1099 5002 1437 5072 audivimus,
1460 5018 1529 5059 ne
1557 5015 1684 5058 cum
1714 4997 1953 5056 fortasse
1981 4995 2120 5055 aﬂli-

579 5201 598 5279 f
629 5197 866 5279 Vindoc.
898 5213 952 5279 et
978 5198 1201 5279 Pratelz,
1231 5192 1718 5279 σορξτιίιὶρηὶδρηιας.Δ
1763 5262 1776 5275 θ
1848 5261 1870 5279 ν
1934 5262 1978 5279 ﬁ
2003 5259 2037 5279 ν

577 5274 600 5308 ³
629 5259 711 5346 Ita
739 5259 1025 5346 legendum
1049 5289 1119 5330 ex
1138 5259 1268 5330 Mss.
1290 5259 1509 5346 Knglic.
1528 5275 1582 5324 et
1601 5259 2108 5346 nostris.'1p‘Edit.,

505 5335 1171 5424 semel-loquitur....._non
1197 5343 1360 5424 repeti
1365 5335 1410 5398 εἷ
1431 5341 1629 5423 Npstra
1658 5335 1820 5424 lectio
1839 5335 2110 5424 Hebr-sieo

508 5415 684 5471 textui
716 5407 888 5490 magis
906 5416 1196 5490 concinere
1216 5407 1454 5490 videtur,
1479 5412 1536 5468 in
1557 5425 1666 5484 quo
1681 5407 1929 5490 futurum
1951 5421 2112 5490 usur-

507 5493 686 5558 patur,
707 5477 966 5558 ie_d5bber.
989 5487 1242 5542 Attamen
1266 5477 1643 5558 Hieronymus
1654 5478 2009 5558 ve_rtit,_semel
2032 5477 2110 5532 lo-

505 5551 709 5640 quitur.
733 5554 1001 5640 Qreterum
1011 5565 1263 5640 sanctum
1282 5551 1606 5640 Grfgorium
1629 5551 1825 5640 legisse
1837 5552 2102 5640 loquetur,

507 5621 654 5701 patet
669 5643 741 5701 ex
759 5625 848 5680 bis
867 5642 987 5696 quae
1008 5626 1264 5701 leguntur
1283 5621 1446 5692 infra,
1469 5641 1624 5680 num.
1647 5621 1735 5701 39‘}
1758 5621 2104 5701 quatientem

503 5693 613 5754 non
629 5699 710 5754 ait
729 5693 1180 5768 locutus_est,'sed
1200 5696 1471 5768 loquetur,
1501 5712 1608 5751 non
1633 5693 1869 5749 videlicet
1899 5697 2100 5761 tempus

500 5770 852 5841 prseteritum,
878 5766 968 5821 sed
995 5765 1240 5836 futurum
1263 5765 1483 5836 ponens.

2231 1841 2310 1898 ait
2341 1859 2354 1898 :
2389 1843 2556 1900 Semel
2585 1845 2830 1916 loquetur
2856 1846 3020 1915 Deus,
3051 1852 3098 1901 et
3125 1847 3346 1902 secundo
3373 1847 3605 1919 idipsum
3625 1865 3734 1904 non
3758 1865 3840 1904 re-

2227 1937 2382 2005 petet,
2414 1931 2521 1990 hoc
2537 1933 2775 2008 intelligi
2797 1935 3060 1993 subtilius
3089 1945 3286 2011 potest,
3303 1935 3453 2010 quod
3465 1937 3625 1994 Pater
3651 1937 3840 2011 unige-

2232 2023 2413 2080 nitum
2443 2023 2971 2082 consubstantialem
3016 2021 3128 2082 sibi
3171 2025 3376 2082 Filium
3420 2027 3629 2098 genuit.
3662 2027 3840 2101 Loqui

2232 2113 2380 2170 enim
2409 2115 2509 2170 Dei
2540 2123 2621 2172 est
2649 2115 2892 2173 Verbum
2943 2115 3211 2188 genuisse.
3256 2116 3436 2172 Semel
3463 2124 3647 2173 autem
3686 2117 3840 2190 loqui

2232 2204 2255 2239 ⁴
2286 2204 2386 2260 Dei
2418 2212 2500 2260 est
2527 2203 2770 2262 Verbum
2800 2204 2954 2261 aliud
2982 2214 3178 2278 praeter
3204 2205 3552 2277 unigenitum
3587 2222 3703 2262 non
3741 2205 3836 2263 ha-

2231 2291 2378 2349 bere.
2426 2293 2583 2350 Unde
2626 2293 2685 2352 et'
2719 2303 2842 2368 apte
2887 2287 3145 2351 subditur
3187 2311 3198 2350 :
3233 2295 3308 2350 Et
3347 2295 3572 2350 secundo
3608 2295 3840 2366 idipsum

2230 2399 2338 2438 non
2365 2389 2577 2455 repetet,
2608 2383 2738 2458 quia
2761 2383 3023 2442 videlicet
3049 2383 3157 2441 hoc
3172 2384 3353 2456 ipsum
3371 2383 3639 2454 Verbum,
3673 2383 3728 2440 id
3757 2393 3838 2441 est

2232 2473 2461 2541 Filium,
2494 2473 2719 2529 nonnisi
2735 2473 2961 2530 unicum
2979 2473 3188 2546 genuit.
3219 2473 3376 2542 Quod
3409 2482 3592 2530 autem
3611 2489 3720 2530 non
3737 2473 3834 2543 ait,

2234 2562 2465 2618 Locutus
2493 2569 2586 2632 est,
2609 2562 2703 2620 sed
2737 2564 2998 2634 loquetur,
3029 2580 3142 2620 non
3172 2563 3431 2620 videlicet
3458 2573 3672 2636 tempus
3699 2579 3835 2636 pra:-

2234 2653 2482 2719 teritum,
2513 2654 2534 2688 ⁵
2565 2652 2662 2710 sed
2691 2653 2948 2710 futurum
2961 2670 3190 2726 ponens,
3222 2653 3394 2728 liquet
3422 2653 3681 2710 omnibus
3709 2653 3838 2726 quia

2233 2744 2346 2800 Deo
2376 2758 2478 2800 nec
2507 2743 2848 2814 praeteritum
2883 2751 3098 2815 tempus
3127 2743 3402 2814 congruit,
3433 2758 3534 2799 nec
3561 2743 3832 2800 futurum.

2233 2832 2407 2888 Tanto
2436 2847 2564 2905 ergo
2605 2832 2665 2888 in
2715 2847 2781 2888 eo
2814 2831 3104 2904 quodlibet
3144 2840 3360 2904 tempus
3389 2830 3616 2902 ponitur
3645 2831 3834 2902 libere,

2233 2929 2438 2994 quanto
2477 2921 2695 2976 nullum
2734 2936 2882 2976 vere.
2915 2920 3103 2992 Neque
3142 2919 3290 2975 enim
3339 2917 3623 2990 quodlibet
3665 2919 3837 2976 libere

2233 3010 2342 3068 dici
2367 3018 2596 3084 poterat,
2629 3010 2676 3066 si
2705 3010 2898 3067 saltem
2927 3025 3101 3066 unum
3131 3008 3350 3082 proprie
3379 3006 3670 3064 diceretur.
3701 3009 3838 3066 Inde

2232 3101 2420 3175 itaque
2449 3100 2562 3157 dici
2583 3101 2641 3156 in
2661 3101 2775 3156 Deo
2805 3107 3020 3172 tempus
3051 3101 3074 3135 ⁶
3102 3098 3360 3156 audacter
3379 3095 3654 3170 quoslibet
3681 3097 3834 3168 licet,

2230 3190 2378 3247 unde
2390 3191 2447 3246 in
2462 3207 2526 3247 eo
2546 3189 2656 3246 dici
2672 3188 2890 3262 proprie
2906 3188 3124 3245 nullum
3140 3187 3268 3246 licet
3289 3231 3301 3244 .
3322 3185 3568 3245 Verbum
3597 3203 3834 3262 namque

2231 3280 2391 3337 Pater
2415 3279 2534 3336 sine
2563 3288 2808 3352 tempore
2838 3277 3047 3351 genuit.

2303 3371 2390 3428 36.
2421 3373 2570 3428 Hanc
2596 3370 2987 3443 generationem
3014 3367 3211 3425 mirari
3247 3367 3507 3437 debemus,
3537 3382 3644 3423 non
3671 3383 3834 3425 seru-

2234 3459 2362 3518 tari.
2393 3491 2464 3502 —
2492 3462 2564 3518 Et
2592 3459 2718 3534 quis
2757 3459 2924 3532 digne
2962 3458 3066 3516 fari
3104 3466 3268 3532 queat
3306 3457 3458 3513 illam
3497 3456 3832 3514 ineffabilem

2232 3552 2600 3620 nativitatem,
2641 3549 2789 3626 quod
2833 3551 2900 3608 de
2947 3559 3152 3608 aeterno
3185 3558 3348 3608 natus
3377 3557 3458 3606 est
3504 3557 3826 3618 coaeternus,

2231 3639 2380 3716 quod
2407 3643 2651 3700 existens
2678 3651 2805 3700 ante
2833 3641 3032 3698 saecula
3049 3641 3239 3714 genuit
3267 3640 3552 3715 aequalem,
3585 3637 3731 3713 quod
3753 3637 3830 3712 gi-

2230 3743 2428 3806 gnente
2457 3741 2617 3790 natus
2645 3731 2919 3807 posterior
2958 3748 3071 3789 non
3119 3740 3202 3788 est
3229 3731 3258 3788 ?
3285 3731 3417 3800 Quae
3445 3729 3704 3786 videlicet
3733 3745 3831 3784 nos

2230 3823 2419 3880 mirari
2442 3839 2753 3897 possumus,
2777 3821 2874 3879 sed
2903 3821 3108 3878 intueri
3129 3820 3359 3875 minime
3387 3819 3652 3876 valemus.
3676 3819 3830 3875 Illius

2228 3921 2410 3968 autem
2443 3909 2755 3972 nativitatis
2786 3909 2898 3964 vim
2925 3907 3042 3979 jam
3063 3907 3252 3962 mirari
3275 3921 3450 3978 posse,
3481 3907 3832 3980 aliquatenus

2228 3999 2416 4056 videre
2446 4006 2548 4055 est.
2580 3997 2690 4054 Sed
2721 3996 2998 4071 quomodo
3027 3994 3279 4052 videmus
3308 3993 3454 4068 quod
3485 4011 3829 4070 nequaquam

2227 4085 2750 4162 comprehendimus
2767 4086 2796 4143 ?
2813 4087 2914 4142 Est
2929 4094 3112 4142 autem
3133 4083 3280 4158 quod
3299 4081 3366 4139 de
3393 4100 3500 4141 usu
3519 4085 3704 4143 carnis
3723 4094 3832 4144 tra-

2227 4178 2356 4235 here
2384 4177 2452 4234 ad
2481 4192 2701 4233 sensum
2730 4173 2959 4248 spiritus
2987 4172 3266 4230 debemus.
3289 4172 3424 4230 Nam
3447 4172 3496 4229 si
3525 4173 3650 4247 quis
3681 4174 3738 4230 in
3753 4183 3830 4231 te-

2227 4269 2412 4327 nebris
2439 4265 2639 4326 clausis
2668 4265 2844 4323 oculis
2866 4263 3062 4336 jaceat,
3093 4272 3255 4337 atque
3273 4271 3399 4320 ante
3429 4278 3557 4320 eum
3578 4261 3830 4320 subitum

2226 4360 2466 4418 lucernae
2494 4357 2687 4414 lumen
2715 4362 2987 4427 erumpat,
3025 4351 3197 4410 clausi
3245 4350 3363 4424 ejus
3391 4352 3542 4409 oculi
3574 4353 3692 4426 ipso
3721 4351 3832 4408 ad-

2227 4458 2397 4506 ventu
2427 4445 2656 4503 luminis
2683 4444 2978 4512 feriuntur,
3009 4450 3072 4499 ut
3099 4449 3398 4514 patescant.
3425 4439 3538 4498 Cur
3555 4457 3688 4515 ergo
3719 4450 3829 4498 tur-

2225 4539 2339 4596 bati
2371 4543 2521 4606 sunt,
2553 4537 2600 4592 si
2629 4533 2802 4592 clausi
2834 4531 2978 4589 nihil
3011 4531 3274 4588 viderunt
3304 4530 3334 4586 7
3361 4531 3474 4590 Nec
3507 4540 3689 4589 tamen
3717 4531 3832 4588 ali—

2221 4628 2357 4705 quid
2389 4627 2694 4700 perfectum
2727 4623 2856 4692 fuit,
2907 4621 3055 4696 quod
3086 4621 3274 4678 videre
3304 4621 3478 4678 clausi
3509 4629 3830 4692 potuerunt.

2221 4721 2358 4777 Nam
2387 4719 2432 4775 si
2463 4715 2704 4790 perfecte
2743 4721 2925 4772 totum
2957 4712 3246 4781 vidissent,
3277 4726 3379 4769 cur
3405 4709 3580 4783 aperti
3611 4725 3836 4783 quaere-

2223 4817 2345 4866 rent
2373 4805 2519 4880 quod
2552 4804 2808 4861 viderent
2835 4803 2865 4859 ?
2896 4802 2987 4859 Sic
3016 4801 3219 4874 itaque,
3251 4799 3333 4856 sic
3362 4815 3574 4868 sumus,
3605 4814 3732 4856 cum
3763 4798 3836 4854 de

2225 4892 2771 4969 incomprehensibili
2788 4891 3080 4949 nativitate
3095 4887 3301 4946 intueri
3313 4886 3529 4962 aliquid
3543 4903 3830 4945 conamur.

2225 4989 2307 5044 Eo
2335 4985 2454 5060 ipso
2493 4983 2643 5042 enim
2673 4984 2694 5019 ⁷
2725 4998 2837 5056 quo
2865 4979 3100 5053 fulgoris
3129 4977 3496 5036 admiratione
3523 4978 3834 5052 percutitur

2296 5181 2318 5218 ³
2351 5179 2432 5238 Ita
2458 5193 2584 5238 cum
2615 5172 2795 5245 Colb.,
2840 5171 3072 5244 Turon.,
3121 5171 3336 5242 Norm.,
3386 5178 3516 5242 etc.,
3562 5178 3672 5230 vet.
3722 5165 3827 5230 Ed.

2221 5252 2396 5310 Paris.
2428 5253 2490 5309 In
2519 5249 2624 5306 Ed.
2654 5248 2800 5314 aliis,
2823 5247 3048 5303 Discant
3074 5245 3241 5318 igitur
3262 5245 3438 5318 sancti
3464 5245 3700 5318 doctores
3729 5245 3832 5300 Ec-

2219 5325 2408 5394 clesia,
2438 5323 2644 5394 discant
2669 5326 2716 5394 et
2743 5323 3078 5394 arrogantes,
3097 5315 3224 5394 eum
3249 5316 3398 5372 intra
3417 5332 3530 5372 eam
3561 5315 3828 5372 laborare.

2294 5398 2316 5432 δ
2347 5388 2512 5452 Deest
2541 5392 2640 5449 Dei
2671 5391 2732 5462 in
2750 5388 2896 5447 Uticl
2925 5397 2979 5446 et
3007 5389 3144 5462 pler.
3174 5389 3366 5462 Norm.

2289 5469 2310 5503 ⁵
2343 5467 2406 5522 In
2434 5463 2564 5532 Ed.,
2594 5479 2686 5516 nec
2704 5461 2972 5532 futurum.
2992 5457 3485 5532 ﬂontrariopsensu
3515 5457 3718 5531 legitur
3743 5457 3830 5513 sed

2216 5539 2274 5596 in
2293 5529 2713 5614 Mss._A_n'glic.,
2734 5533 2948 5614 Noram,
2978 5530 3135 5590 Colb.
3169 5539 3224 5588 et
3237 5529 3384 5586 aliis.

2285 5613 2307 5647 ⁶
2339 5611 2402 5665 In
2429 5605 2632 5674 Editis,
2671 5605 2969 5660 audaciter.

2283 5683 2304 5720 ⁷
2334 5680 2465 5738 Mss.
2495 5669 2685 5735 Norm.
2716 5685 2771 5733 et
2798 5673 3078 5742 nonnulli,
3109 5672 3251 5745 quod
3271 5671 3486 5744 fulgore
3513 5669 3830 5730 admiratio-

2208 5753 2360 5813 nis...
2393 5750 2538 5824 quod
2572 5749 2749 5804 videre
2777 5763 2881 5804 non
2913 5747 3070 5802 ualet.
