4162 6184
376 313 483 371 273

1104 313 1473 373 MORALIUM
1514 315 1649 374 LIB.
1691 315 1897 374 XXIII.
1935 345 2006 359 -
2044 316 2117 374 IN
2151 314 2383 375 CAPUT
2421 315 2663 377 XXXIII
2700 317 2763 377 B.
2804 320 2946 377 JOB.

3587 324 3699 383 271i

382 459 628 526 animus,
659 465 712 513 et
738 456 895 530 quasi
926 455 1080 513 videt
1108 457 1252 529 quod
1283 458 1460 516 videri
1490 475 1601 515 non
1630 460 1798 529 valet,
1831 461 1986 518 velut
2015 442 2063 502 Α
2094 459 2169 516 cii
2201 460 2527 517 necessitate
2557 469 2852 534 coguntur,
2885 462 3131 520 studiose
3160 481 3373 538 semper
3404 466 3474 523 ad
3515 469 3699 527 cordis

382 551 446 606 in
476 545 719 604 tenebris
747 545 977 619 positus,
1009 546 1125 601 vim
1158 546 1297 606 lucis
1325 549 1503 606 oculis
1531 549 1734 607 clausis
1767 552 1784 585 ¹
1810 550 1983 609 videt.

381 637 524 706 Quia
554 650 685 691 vero
714 639 860 698 749
888 633 1009 692 haec
1036 634 1243 691 divinae
1273 644 1482 693 natura;
1512 646 1722 696 secreta
1749 638 1983 696 admira-

383 735 460 791 tio
488 751 602 790 non
632 733 795 791 facile
823 732 1107 804 occupatis
1136 749 1232 805 per
1250 742 1468 792 terrena
1484 735 1759 792 desideria
1787 734 1983 791 menti-

381 823 484 879 bus
526 822 849 891 innotescit,
896 820 919 855 ³
949 827 1073 891 apte
1100 822 1199 878 Dei
1245 823 1452 884 locutio
1495 824 1734 899 qualiter
1773 823 1842 883 ad
1884 840 1983 880 nos

385 913 477 974 ﬁat
504 913 775 986 insinuat,
806 910 998 971 dicens
1018 925 1030 966 :

664 1064 895 1124 CAPUT
925 1065 1034 1122 XX
1066 1063 1207 1140 [Vet.
1236 1065 1362 1135 XX,
1392 1066 1508 1123 Rec.
1541 1065 1701 1141 XII].

449 1172 625 1231 Vnus.
636 1173 909 1230 i5.-Per
919 1172 1181 1229 somnium
1200 1172 1258 1229 in
1272 1173 1474 1229 visione
1486 1175 1986 1246 noctuma,quando

380 1264 548 1319 irruit
572 1279 733 1336 sopor
759 1280 922 1336 super
946 1262 1200 1332 homines,
1229 1268 1278 1319 et
1300 1263 1573 1319 dormiunt
1599 1263 1657 1319 in
1689 1264 1894 1320 lectulo.

453 1370 541 1426 37.
581 1372 694 1430 Vox
723 1369 822 1426 Dei
845 1370 1072 1426 auditur
1111 1370 1324 1441 quando
1372 1370 1671 1441 tranquilla
1714 1376 1880 1425 mente
1919 1369 1986 1425 ab

381 1459 627 1531 operibus
664 1459 1007 1517 sweularibus
1048 1459 1355 1530 quiescitur.
1406 1489 1478 1500 —
1522 1457 1669 1527 Quid
1710 1466 1792 1515 est
1839 1458 1986 1531 quod

384 1563 488 1621 per
500 1548 781 1605 somnium
793 1547 957 1604 nobis
978 1547 1185 1605 locutio
1205 1547 1518 1605 divinitatis
1538 1548 1855 1616 innotescit,
1878 1548 1985 1604 nisi

383 1637 534 1711 quod
576 1637 677 1694 Dei
715 1644 928 1695 secreta
958 1653 1067 1693 non
1110 1638 1515 1711 cognoscimus,
1562 1637 1609 1693 si
1652 1638 1710 1694 in
1753 1637 1985 1693 terrenis

382 1726 678 1784 desideriis
692 1726 984 1799 vigilemus
1004 1727 1032 1784 ?
1051 1728 1111 1783 In
1134 1728 1351 1783 somnio
1372 1728 1520 1783 enim
1540 1727 1841 1783 exteriores
1856 1740 1984 1781 sen-

2097 557 2308 607 secreta
2338 550 2659 623 refugiunt;
2704 550 2893 624 ibique
2922 552 3275 626 cogitationis
3304 556 3516 615 intimae
3542 575 3699 618 cacu-

2096 655 2223 696 men
2254 639 2582 709 ascendunt,
2616 648 2671 697 et
2700 642 2871 714 legem
2905 642 3059 715 quasi
3104 642 3161 697 in
3204 645 3485 702 montibus
3526 649 3697 719 perci-

2096 729 2277 801 piunt,
2312 728 2466 799 dum,
2501 731 2820 803 postpositis
2839 728 3173 786 tumultibus
3193 732 3473 788 actionum
3493 739 3697 808 tempo-

2094 822 2317 889 ralium,
2382 821 2439 876 in
2497 819 2983 892 contemplationis
3038 836 3150 875 suae
3199 822 3406 880 vertice
3449 840 3699 896 superna;

2096 909 2404 966 voluntatis
2433 909 2762 966 sententiam
2794 915 3227 981 perscrutantur.
3263 910 3407 969 Hinc
3435 920 3517 969 est
3550 916 3697 987 quod

2095 999 2244 1056 idem
2277 1000 2498 1071 Moyses
2528 998 2723 1057 crebro
2753 998 2821 1055 de
2852 998 3017 1055 rebus
3046 998 3234 1056 dubiis
3263 999 3331 1057 ad
3376 1002 3697 1062 tabernacu-

2096 1089 2210 1145 lum
2273 1089 2438 1156 redit,
2496 1089 2687 1161 ibique
2732 1096 2943 1146 secreto
2988 1090 3288 1146 Dominum
3335 1093 3594 1162 consulit,
3642 1102 3699 1151 et

2098 1179 2120 1214 ³
2151 1176 2286 1251 quid
2316 1177 2453 1233 certi
2485 1176 2743 1235 decernat
2770 1178 3035 1249 agnoscit.
3056 1178 3283 1235 Relictis
3298 1180 3499 1252 quippe
3520 1181 3696 1239 turbis

2095 1266 2162 1323 ad
2194 1266 2612 1323 tabernaculum
2644 1266 2843 1336 redire,
2877 1275 2977 1336 est,
3010 1268 3331 1340 postpositis
3359 1271 3694 1327 exteriorum

2096 1356 2452 1424 tumultibus,
2488 1362 2759 1414 secretum
2794 1357 2995 1413 mentis
3025 1357 3249 1413 intrare.
3283 1358 3366 1414 lbi
3397 1360 3544 1416 enim
3575 1363 3696 1417 Do—

2096 1446 2285 1502 minus
2314 1446 2647 1514 consulitur,
2680 1453 2735 1502 et
2749 1446 2898 1519 quod
2912 1445 3049 1503 foris
3064 1447 3333 1520 agendum
3353 1457 3436 1505 est
3454 1449 3692 1521 publice,

2097 1534 2251 1591 intus
2280 1535 2514 1591 silenter
2542 1535 2785 1591 auditur.
2833 1537 2951 1593 Hoc
2995 1536 3245 1609 quotidie
3284 1538 3417 1594 boni
3461 1545 3696 1597 rectores

2096 1624 2333 1693 faciunt,
2365 1641 2492 1682 cum
2543 1642 2600 1681 se
2646 1640 2737 1680 res
2783 1624 2980 1681 dubias
3026 1625 3336 1683 discernere
3382 1644 3493 1683 non
3540 1646 3696 1700 posse

2095 1720 2457 1785 cognoscunt,
2490 1714 2556 1770 ad
2590 1722 2863 1770 secretum
2895 1716 3117 1783 mentis,
3151 1716 3305 1771 velut
3331 1716 3398 1772 ad
3419 1717 3691 1790 quoddam

381 1832 478 1872 sus
508 1815 812 1883 dormiunt,
835 1824 888 1873 et
908 1815 1170 1872 interiora
1184 1824 1504 1873 cernuntur.
1537 1816 1591 1872 Si
1614 1832 1741 1888 ergo
1764 1815 1986 1871 interna
2018 1806 2065 1867 B
2098 1803 2522 1860 tabernaculum
2568 1810 2959 1871 revertuntur;
3008 1803 3202 1860 (“Vina
3247 1806 3362 1877 1388
3392 1813 3690 1878 ρει-ερθθῑδ,

381 1906 751 1977 contemplari
780 1906 1057 1974 volumus,
1088 1905 1157 1961 ab
1185 1912 1415 1962 externa
1444 1905 1823 1977 implicatione
1843 1904 1986 1961 dor-

383 1993 647 2049 miamus.
680 1994 805 2051 Vox
832 1994 1094 2052 videlicet
1121 1994 1221 2051 Dei
1253 1995 1407 2067 quasi
1438 2011 1534 2067 per
1562 1996 1842 2051 somnium
1874 2010 1985 2050 au-

382 2082 557 2150 ditur,
590 2083 807 2156 quando
834 2085 1136 2158 tranquilla
1163 2091 1348 2141 mente
1378 2085 1446 2141 ab
1475 2084 1644 2157 hujus
1676 2085 1865 2141 saeculi
1896 2101 1983 2143 ac-

381 2169 535 2226 tione
564 2170 884 2243 quiescitur,
916 2181 971 2229 et
1001 2172 1060 2230 in
1103 2173 1224 2245 ipso
1270 2174 1475 2230 mentis
1522 2174 1748 2230 silentio
1787 2173 1986 2230 divina

384 2268 651 2332 praecepta
678 2269 998 2334 pensantur.
1032 2261 1171 2319 Cum
1201 2263 1346 2318 enim
1381 2262 1450 2319 ab
1479 2264 1727 2319 externis
1748 2264 1985 2321 actioni-

381 2349 487 2407 bus
527 2366 682 2406 mens
728 2350 964 2422 sopitur,
1012 2358 1150 2408 tunc
1190 2352 1409 2425 plenius
1451 2351 1838 2409 mandatorum
1871 2351 1974 2409 Dei

381 2438 601 2512 pondus
646 2440 983 2513 agnoscitur.
1033 2441 1189 2499 Tunc
1223 2441 1394 2497 verba
1420 2442 1522 2497 Dei
1550 2458 1706 2499 mens
1732 2442 1984 2499 vivacius

381 2535 658 2600 penetrat,
688 2544 818 2586 cum
847 2528 916 2583 ad
945 2544 1002 2584 se
1030 2528 1322 2584 admittere
1351 2545 1608 2586 curarum
1636 2531 1982 2587 saecularium

380 2618 670 2672 tumultus
699 2623 932 2673 recusat.
963 2617 1105 2672 Male
1132 2624 1314 2672 autem
1346 2616 1513 2672 homo
1533 2617 1745 2688 vigilat,
1765 2619 1982 2691 quando

374 2721 513 2762 eum
530 2704 877 2761 saecularium
899 2705 1243 2776 negotiorum
1263 2712 1430 2761 aestus
1451 2706 1749 2762 insolenter
1768 2708 1982 2781 inquie-

376 2801 477 2850 tat.
510 2792 721 2848 Aurem
754 2794 956 2866 quippe
984 2792 1168 2849 cordis
1196 2801 1537 2849 terrenarum
1583 2795 1980 2867 cogitationum

378 2881 547 2939 turba
586 2880 721 2937 dum
764 2881 1058 2953 perstrepit
1096 2882 1325 2951 claudit,
1372 2890 1536 2957 atque
1582 2884 1640 2940 in
1683 2886 1981 2943 secretario

382 2970 606 3038 mentis,
625 2977 834 3043 quanto
849 2969 1034 3026 minus
1048 2986 1302 3028 curarum
1324 2972 1785 3030 tumultuantium
1809 2991 1983 3031 sonus

383 3060 772 3132 compescitur,
810 3066 971 3116 tanto
1000 3061 1237 3133 amplius
1265 3078 1376 3117 vox
1406 3062 1751 3135 praesidentis
1775 3063 1983 3136 judicis

386 3166 496 3205 non
525 3147 766 3205 auditur.
798 3149 987 3233 Neque
1014 3150 1160 3205 enim
1190 3151 1429 3222 perfecte
1472 3150 1639 3208 homo
1669 3151 1875 3209 suﬂicit
1913 3152 1982 3208 ad
2009 3169 2053 3231 ο

382 3243 614 3310 utraque
635 3236 870 3306 divisus,
894 3236 990 3294 sed
1005 3238 1137 3294 dum
1166 3239 1246 3295 sic
1260 3240 1494 3296 interius
1513 3240 1724 3297 erudiri
1746 3242 1976 3313 appetit,

383 3334 445 3382 ut
474 3333 654 3383 tamen
669 3327 916 3383 exterius
935 3327 1271 3399 implicetur,
1293 3329 1441 3384 unde
1461 3330 1708 3386 exterius
1723 3329 1977 3386 auditum

386 3415 585 3488 aperit,
620 3416 750 3472 inde
780 3416 1013 3474 interius
1041 3416 1406 3473 obsurdescit.
1450 3418 1667 3490 Moyses
1707 3417 1978 3475 admistus

379 3504 664 3577 Egyptiis
695 3506 847 3577 quasi
879 3505 1164 3578 vigilabat,
1197 3514 1252 3562 et
1279 3506 1488 3563 idcirco
1517 3523 1707 3564 vocem
1752 3507 1976 3563 Domini

379 3594 440 3649 in
473 3593 715 3664 Egypto
745 3594 956 3664 positus
985 3610 1096 3650 non
1127 3594 1388 3652 audiebat
1429 3594 1633 3666 (Exod.
1668 3612 1729 3662 Il,
1765 3596 1849 3662 11,
1888 3596 1975 3663 12,

377 3681 543 3753 seq.).
569 3681 675 3737 Sed
693 3683 961 3739 exstincto
989 3684 1275 3757 Egyptio,
1308 3691 1594 3756 postquam
1618 3684 1676 3739 in
1702 3682 1979 3739 desertum

378 3769 548 3842 fugit,
582 3770 701 3828 illic
730 3771 859 3827 dum
889 3772 1253 3846 quadraginta
1281 3772 1442 3827 annis
1471 3772 1680 3843 deguit,
1713 3771 1869 3844 quasi
1912 3771 1980 3827 ad

376 3860 647 3934 inquietis
675 3870 1016 3920 terrenorum
1047 3863 1449 3920 desideriorum
1491 3862 1825 3919 tumultibus
1869 3863 1980 3919 ob-

379 3948 691 4019 dormivit;
724 3960 888 4025 atque
921 3952 1126 4009 idcirco
1167 3951 1417 4007 divinam
1460 3968 1653 4009 vocem
1698 3952 1980 4025 percipere

382 4041 607 4109 meruit,
643 4042 773 4114 quia
800 4058 898 4115 per
925 4058 1217 4114 supernam
1241 4040 1470 4114 gratiam
1491 4047 1699 4114 quanto
1718 4043 1892 4114 magis
1912 4042 1980 4098 ad

382 4130 707 4202 appetendis
765 4132 1137 4189 exterioribus
1194 4133 1424 4205 torpuit,
1476 4139 1630 4189 tanto
1677 4132 1863 4189 verius
1911 4133 1979 4189 ab

384 4219 767 4291 cognoscenda
808 4221 1075 4277 interiora
1118 4221 1392 4294 vigilavit.
1439 4223 1646 4279 Rursus
1690 4221 1979 4279 Israelitici

384 4308 574 4380 populi
603 4309 787 4366 turbis
815 4311 1095 4383 praelatus,
1127 4318 1190 4366 ut
1218 4311 1354 4383 legis
1383 4317 1651 4383 praecepta
1693 4311 1977 4383 percipiat,

382 4398 438 4453 in
461 4405 705 4453 montem
728 4397 971 4467 ducitur,
994 4405 1157 4471 atque
1176 4406 1239 4455 ut
1260 4399 1477 4455 interna
1495 4405 1760 4470 penetret,
1784 4398 1852 4455 ab
1873 4414 1981 4455 ex-

382 4486 558 4542 ternis
584 4487 917 4544 tumultibus
946 4487 1258 4545 occultatur
1288 4487 1490 4559 (Exod.
1524 4502 1644 4554 xix,
1677 4486 1760 4558 3).

454 4572 595 4647 [νει.
629 4574 803 4649 XX1.]
835 4575 923 4632 38.
959 4576 1061 4643 Qui
1090 4576 1445 4631 exterioribus
1473 4574 1782 4630 ministeriis
1810 4575 1979 4631 deser-

380 4662 552 4731 viunt,
580 4664 811 4719 studiose
837 4664 910 4721 ad
937 4664 1114 4720 cordis
1141 4669 1338 4718 secreta
1352 4662 1644 4734 refugiant.
1666 4694 1737 4704 —
1757 4663 1914 4720 Unde
1930 4672 1984 4720 et

381 4752 559 4808 sancti
576 4752 683 4809 viri
706 4754 799 4826 qui
820 4752 1189 4810 exterioribus
1208 4751 1537 4808 ministeriis
1554 4751 1834 4807 deservire
1854 4752 1983 4809 oili-

457 4912 472 4944 ³
508 4910 642 4983 Post
667 4911 811 4967 videt
829 4911 1031 4983 legitur
1060 4911 1117 4966 in
1159 4908 1377 4983 Editis:
1430 4909 1566 4983 Elia
1596 4926 1836 4983 namque
1866 4910 1979 4983 ait:

379 4982 559 5055 semel
592 4983 840 5055 loquitur
866 4981 1013 5055 Deus
1033 5000 1045 5038 :
1066 4982 1378 5055 Davidivero
1420 4981 1986 5055 Verbiunigenitiuati-

382 5053 596 5107 nitatem
629 5052 860 5120 intuens,
890 5054 994 5110 ait:
1029 5054 1207 5111 Semel
1238 5054 1457 5109 locutus
1500 5061 1582 5109 est
1622 5052 1795 5109 Deus:
1846 5054 1986 5121 Quia

381 5124 520 5197 enim
548 5125 847 5197 unigenitus
875 5126 1049 5182 Filius
1077 5126 1214 5181 idem
1252 5125 1475 5182 Verbum
1502 5124 1686 5180 Patris
1713 5131 1763 5179 et
1786 5124 1985 5197 perfec-

384 5195 521 5268 tione
549 5195 710 5252 natus
738 5197 961 5263 dicitur,
990 5203 1038 5252 et
1058 5213 1162 5268 pro
1182 5196 1471 5268 xternitate
1488 5212 1693 5268 semper
1703 5195 1854 5252 nasci
1868 5213 1989 5268 per-

379 5267 611 5341 hibetur,
641 5286 799 5325 sacra
821 5267 1103 5341 Scriptura
1120 5267 1468 5341 libereidicere
1488 5267 1551 5341 de
1569 5267 1678 5323 Deo
1699 5267 1987 5341 consueuit,

380 5339 511 5409 quia
543 5340 750 5395 locutus
780 5346 876 5405 est,
909 5338 957 5395 et
987 5340 1239 5410 loquitur.
1274 5340 1340 5394 In
1368 5356 1426 5393 eo
1453 5338 1593 5393 enim
1622 5338 1765 5410 quod
1786 5338 1990 5409 perfec-

384 5416 495 5464 tum
512 5410 761 5483 iVerbum
787 5411 984 5483 genuit,
1016 5409 1292 5483 etlocutus
1321 5415 1397 5483 est
1423 5410 1587 5465 Pater
1606 5426 1628 5474 ;
1654 5409 1714 5483 in
1742 5426 1797 5483 eo
1816 5416 1992 5483 autem

381 5482 528 5554 quod
557 5499 762 5554 semper
788 5481 973 5554 gignit,
1004 5482 1183 5554 utique
1206 5481 1461 5554 loquitur,
1484 5481 1725 5554 quamvis
1740 5482 1833 5536 hoc
1852 5481 1991 5554 quod

382 5551 680 5625 perfectum
706 5551 942 5608 diximus
965 5551 1322 5625 propriegnon
1338 5551 1602 5625 dicamus.
1649 5553 1828 5625 Neque
1855 5552 1991 5607 enim

382 5622 526 5704 quod
555 5623 773 5705 factum
783 5641 895 5705 non
922 5622 996 5680 est
1006 5622 1229 5697 proprie
1241 5623 1438 5705 dicitur
1456 5640 1562 5705 esse
1573 5622 1886 5705 perfectum,
1904 5625 1990 5705 sed

384 5694 501 5763 ejus
524 5697 911 5767 plenitudinem
933 5694 1032 5768 per
1059 5694 1346 5768 quamdam
1373 5694 1680 5768 angustiam
1701 5703 1895 5751 nostra:
1915 5697 1988 5751 lo-

386 5765 617 5823 cutionis
645 5765 1014 5842 exprimimus,
1036 5772 1174 5824 sicut
1195 5765 1350 5823 etiam
1368 5765 1430 5822 de
1447 5766 1609 5825 Patre
1628 5767 1889 5827 Dominus
1909 5768 1990 5824 di-

2012 4523 2061 4583 D

2098 1891 2258 1965 quasi
2293 1908 2478 1949 coram
2510 1891 2689 1962 posita
2729 1908 2875 1959 arca,
2924 1894 3222 1948 Dominum
3270 1895 3585 1962 consulunt,
3638 1903 3696 1951 et

2096 1979 2245 2054 quod
2277 1981 2433 2052 prius
2465 1981 2615 2036 intus
2644 1987 2888 2037 tacentes
2930 1980 3183 2050 audiunt,
3232 1981 3338 2038 hoc
3370 1982 3507 2038 foris
3544 1990 3691 2054 post-

2095 2068 2323 2126 modum
2366 2076 2587 2142 agentes
2635 2069 3006 2127 innotescunt.
3039 2070 3112 2127 Ut
3140 2071 3288 2127 enim
3319 2072 3692 2130 exterioribus

2096 2158 2297 2216 ofﬁciis
2327 2158 2594 2215 inoffense
2631 2157 2964 2227 deserviant,
3015 2159 3085 2216 ad
3130 2169 3340 2217 secreta
3380 2162 3563 2219 cordis
3612 2179 3691 2219 re-

2094 2266 2317 2306 currere
2347 2249 2749 2307 incessabiliter
2768 2258 2995 2318 curant;
3030 2258 3085 2307 et
3102 2249 3181 2307 sic
3202 2266 3394 2307 vocem
3415 2252 3513 2308 Dei
3537 2251 3692 2325 quasi

2094 2356 2190 2412 per
2219 2339 2500 2397 somnium
2532 2339 2790 2409 audiunt,
2824 2339 2956 2396 dum
2990 2340 3048 2396 in
3090 2340 3448 2397 meditatione
3493 2343 3694 2398 mentis

2094 2434 2239 2492 750
2270 2429 2292 2463 ‘
2324 2444 2357 2484 a
2383 2428 2699 2485 carnalibus
2728 2429 2975 2485 motibus
3003 2428 3418 2486 abstrahuntur.
3451 2430 3593 2488 Hinc
3612 2441 3694 2490 est

2094 2525 2245 2599 quod
2273 2541 2473 2598 sponsa
2506 2526 2564 2581 in
2596 2525 2839 2584 Canticis
2879 2527 3221 2584 canticorum
3268 2529 3455 2600 sponsi
3502 2546 3692 2588 vocem

2093 2615 2249 2688 quasi
2282 2630 2380 2687 per
2408 2615 2687 2670 somnium
2720 2615 2990 2683 audierat,
3023 2632 3143 2689 quae
3172 2614 3389 2673 dicebat
3412 2619 3556 2689 :Ego
3570 2619 3692 2675 dor-

2090 2704 2220 2771 mio,
2251 2710 2300 2759 et
2327 2722 2419 2760 cor
2447 2721 2622 2760 meum
2649 2705 2839 2777 vigilat
2868 2705 3051 2777 (Cant.
3082 2723 3139 2775 v,
3172 2705 3253 2779 2).
3284 2708 3367 2763 Ac
3384 2707 3430 2763 si
3446 2706 3688 2766 diceret:

2094 2793 2239 2849 Dum
2262 2793 2568 2850 exteriores
2588 2811 2781 2850 sensus
2800 2794 2868 2851 ab
2885 2794 3053 2868 hujus
3069 2795 3198 2851 vita;
3219 2796 3693 2855 sollicitudinibus

2092 2882 2271 2954 sopio,
2305 2890 2536 2939 vacante
2566 2891 2748 2939 mente
2778 2883 3028 2940 vivacius
3050 2885 3267 2940 interna
3285 2902 3572 2957 cognosco.
3591 2888 3691 2942 Fo-

2092 2970 2169 3026 ris
2198 2970 2437 3038 dormio,
2471 2970 2568 3027 sed
2596 2971 2746 3027 intus
2766 2987 2860 3026 cor
2880 2971 3095 3042 vigilat,
3119 2970 3250 3043 quia
3264 2970 3397 3027 dum
3418 2972 3693 3029 exteriora

2092 3057 2249 3131 quasi
2280 3072 2392 3112 non
2425 3057 2624 3125 sentio,
2659 3057 2926 3113 interiora
2954 3058 3183 3113 solerter
3213 3058 3580 3130 apprehendo.

2164 3145 2252 3202 39.
2283 3144 2516 3203 Nonnisi
2544 3144 2760 3201 Obscura
2788 3151 2839 3201 et
2862 3145 3019 3217 quasi
3063 3145 3117 3200 in
3160 3145 3360 3201 visione
3403 3153 3688 3218 nocturna,

2091 3236 2273 3291 divina
2289 3241 2339 3291 et
2364 3235 2577 3291 interna
2606 3236 3041 3307 contemplemur.
3060 3266 3130 3277 —
3144 3235 3290 3292 Bene
3311 3252 3438 3308 ergo
3456 3237 3587 3293 Eliu
3615 3236 3693 3295 ait

2090 3325 2222 3398 quia
2253 3340 2349 3397 per
2378 3324 2658 3379 somnium
2689 3323 2937 3397 loquitur
2964 3325 3129 3394 Deus,
3164 3332 3328 3397 atque
3348 3333 3470 3398 apte
3491 3325 3692 3383 subdi-

2089 3413 2191 3482 dit,
2224 3414 2290 3470 In
2318 3413 2518 3468 visione
2544 3419 2826 3470 nocturna.
2858 3414 3139 3472 Nocturna
3166 3413 3313 3469 enim
3343 3413 3488 3469 visio
3517 3430 3692 3487 appa-

2092 3518 2212 3559 rere
2242 3504 2713 3575 contemplatione
2742 3504 2943 3560 mentis
2963 3503 3066 3560 sub
3088 3502 3418 3577 quibusdam
3440 3503 3691 3575 imagini-

2090 3591 2194 3649 bus
2224 3592 2382 3649 solet.
2420 3595 2484 3650 In
2514 3594 2716 3650 diurna
2744 3603 2928 3650 autem
2951 3594 3071 3652 luce
3092 3594 3298 3652 certius
3317 3595 3614 3664 cernimus,
3632 3595 3690 3651 in

2091 3691 2363 3738 nocturna
2394 3698 2527 3738 vero
2556 3683 2772 3739 visione
2805 3692 3127 3740 cunctanter
3155 3682 3428 3740 videmus.
3462 3684 3534 3740 Et
3562 3684 3692 3756 quia

2091 3774 2268 3829 sancti
2290 3789 2483 3829 omnes
2502 3772 2750 3845 quandiu
2772 3773 2829 3827 in
2850 3771 2954 3829 hac
2975 3774 3093 3829 vita
3106 3781 3236 3828 sunt
3254 3773 3461 3827 divinae
3482 3780 3691 3828 naturae

2089 3869 2299 3917 secreta
2328 3861 2487 3932 quasi
2518 3860 2620 3915 sub
2651 3859 2884 3931 quadam
2908 3859 3298 3931 imaginatione
3318 3855 3687 3929 conspiciunt,

2092 3948 2223 4023 quia
2268 3947 2533 4004 videlicet
2580 3946 2816 4004 necdum
2866 3947 3013 4005 sicut
3061 3953 3190 4003 sunt
3235 3961 3299 4001 ea
3343 3945 3690 4003 manifestius
3754 3977 3767 3983 -

2089 4039 2560 4110 contemplantur,
2610 4036 2749 4093 bene
2795 4037 2945 4106 Elin,
2995 4044 3283 4110 postquam
3327 4034 3474 4092 dixit
3513 4037 3688 4093 Deum

2090 4127 2255 4184 nobis
2271 4143 2365 4200 per
2386 4127 2663 4184 somnium
2680 4127 2852 4200 loqui,
2877 4125 3083 4183 subdit:
3104 4126 3171 4182 In
3187 4124 3387 4180 visione
3404 4132 3687 4186 nocturna.

2091 4215 2213 4274 Nox
2243 4216 2448 4290 quippe
2479 4215 2704 4291 estvita
2725 4231 2983 4287 praesens,
3005 4215 3063 4271 in
3085 4230 3193 4288 qua
3211 4214 3456 4289 quandiu
3475 4232 3686 4287 sumus,

2092 4324 2190 4381 per
2219 4306 2327 4365 hoc
2355 4306 2505 4381 quod
2534 4306 2753 4363 interna
2782 4306 3177 4378 conspicimus,
3209 4304 3313 4361 sub
3330 4305 3540 4362 incerta
3558 4306 3689 4364 ima-

2093 4395 2374 4469 ginatione
2401 4394 2722 4466 caligamus.
2746 4393 3021 4466 Propheta
3036 4410 3272 4467 namque
3289 4394 3359 4451 ad
3388 4396 3687 4452 videndum

2092 4484 2391 4543 Dominum
2426 4482 2662 4556 quadam
2693 4498 2750 4537 se
2781 4483 2956 4555 premi
2987 4483 3222 4555 caligine
3270 4483 3560 4553 sentiebat,
3608 4483 3688 4539 di-

2091 4590 2246 4632 cens:
2273 4572 2471 4628 Anima
2482 4588 2597 4627 mea
2616 4571 2937 4627 desideravit
2956 4577 3001 4627 te
3020 4572 3077 4626 in
3090 4578 3235 4627 nocte
3256 4572 3409 4644 (Isai.
3428 4590 3588 4642 xxvr,
3604 4574 3686 4647 9).

2093 4665 2174 4721 Ac
2202 4662 2247 4719 si
2279 4662 2487 4719 diceret
2512 4678 2523 4716 :
2559 4662 2620 4717 In
2651 4659 2755 4717 hac
2784 4660 3119 4718 obscuritate
3148 4662 3276 4718 vita:
3306 4664 3587 4734 praesentis
3608 4663 3687 4718 vi-

2093 4753 2225 4810 dere
2258 4760 2310 4807 te
2342 4758 2559 4823 appeto,
2592 4749 2687 4805 sed
2734 4748 2916 4807 adhuc
2957 4750 3295 4807 inﬁrmitatis
3342 4750 3535 4805 nubilo
3582 4751 3685 4806 cir-

2095 4913 2203 4967 cit:
2232 4912 2429 4992 {Estote
2457 4910 2706 4992 perfecti,
2729 4912 2874 4992 sicut
2892 4920 2947 4968 et
2965 4911 3122 4992 Pater
3150 4908 3386 4992 ggelestis
3417 4907 3689 4992 perfectus

2096 4991 2198 5040 est.
2231 4983 2338 5039 Sed
2368 4978 2751 5039 desiderantur
2782 4984 2837 5038 in
2868 4980 3127 5038 omnibus
3155 4980 3283 5035 Mss.
3317 4978 3529 5046 Norm.,
3568 4978 3688 5034 Tu-

2097 5070 2244 5122 ron.,
2276 5053 2536 5121 Vindoc.,
2570 5053 2749 5121 Colb.,
2784 5054 2968 5109 Baluz.
3004 5050 3190 5107 Codex
3220 5047 3312 5103 hic
3340 5048 3600 5105 etmultis
3629 5050 3687 5122 in

2099 5120 2236 5181 locis
2266 5133 2348 5181 est
2377 5120 2574 5180 exesus
2602 5134 2695 5180 aut
2725 5120 2975 5180 mutilus.
2998 5123 3136 5176 Esse
3156 5127 3530 5175 assumentum
3548 5120 3686 5177 mihi

2100 5195 2456 5272 persuadetur
2484 5212 2595 5272 non
2626 5197 2802 5272 solum
2832 5196 2962 5272 Mss.
2987 5191 3121 5248 Cod.
3144 5189 3384 5272 silentio,
3408 5190 3682 5272 sedetiam

2099 5260 2370 5324 sermonis
2399 5267 2558 5334 serie,
2593 5283 2713 5335 qua:
2755 5265 2859 5320 hac
2903 5260 3423 5335 longa_parenthesi
3449 5262 3689 5335 videtur

2100 5338 2348 5409 abrupta.
2368 5333 2701 5409 Etenimhis
2716 5335 2919 5409 verbis,
2940 5333 3042 5409 quo
3062 5333 3294 5409 fulqoris
3311 5333 3685 5409 admiratione,
3766 5368 3771 5373 ~

2100 5404 2553 5475 etc.,-succedere
2582 5406 2743 5463 debet
2770 5404 3116 5462 immediate:
3154 5404 3293 5473 Quia
3320 5421 3443 5461 vero
3474 5406 3579 5463 haec
3608 5407 3685 5463 di-

2098 5481 2233 5535 uina:
2259 5485 2468 5534 natura:
2492 5484 2688 5533 secreta
2713 5478 3021 5534 admiratio.

2171 5552 2193 5586 ³
2223 5550 2475 5623 Plerique
2504 5551 2691 5623 Norm.
2726 5559 2780 5606 et
2808 5549 3211 5623 Vind.,gaperte
3229 5547 3326 5604 Dei
3361 5549 3567 5607 locutio.

2171 5624 2193 5658 ³
2223 5621 2411 5680 Nornf.
2442 5630 2496 5677 et
2524 5621 2704 5689 Colb.,
2736 5622 2866 5693 quid
2893 5621 3104 5676 certius.

2172 5696 2192 5729 ³
2223 5695 2334 5762 ΑΙ.,
2367 5712 2400 5749 a
2429 5691 3014 5766 caimialibus'sensibus,
3034 5701 3095 5766 ut
3116 5694 3317 5766 legitur
3332 5693 3387 5750 in
3424 5691 3681 5760 Vindoc.,

2098 5767 2286 5827 Norm.
2322 5775 2374 5823 et
2404 5764 2548 5833 aliis,
2581 5782 2612 5820 a
2640 5765 2909 5823 Gussanv.
2942 5765 3097 5822 visis.
