4162 6184
332 327 437 385 277

1069 284 1439 388 MQRALIUM
1479 332 1611 391 LIB.
1656 334 1862 394 XXIII.
1905 366 1974 381 —
2013 340 2085 397 IN
2122 339 2355 400 CAPUT
2392 344 2634 405 XXXIII
2674 351 2735 406 B.
2774 350 2915 408 JOB.

3528 363 3633 424 278

332 455 480 511 vidit
509 450 651 527 quod
693 450 761 507 de
802 465 861 507 se
890 450 984 509 hic
1010 452 1197 511 videre
1224 470 1336 512 non
1366 472 1526 529 posse
1553 458 1622 516 ad
1651 476 1708 517 se
1738 461 1927 534 relap-
1952 464 2005 525 Α
2035 464 2280 523 vitiatos.
2331 468 2570 527 Proinde
2600 475 2922 545 compuncti
2952 478 3259 548 appetimus
3284 483 3458 541 vitare
3487 488 3635 561 quod

335 561 429 602 sus
458 541 739 614 ingemuit.

399 633 486 689 42.
536 630 962 702 Compunctionis
1003 634 1206 703 effectus
1250 635 1309 690 in
1330 636 1597 707 perfectis.
1648 668 1720 680 —
1751 639 1929 697 Perfe-

330 731 467 779 ctam
497 720 712 776 scilicet
741 720 985 776 animam
1016 721 1120 778 ista
1147 725 1499 796 compunctio
1529 727 1743 784 allicere
1772 729 1928 786 fami-

330 809 515 865 liarius
543 810 708 877 solet,
740 827 848 883 qua
878 827 1068 867 omnes
1096 813 1517 885 imaginationes
1536 834 1829 889 corporeas
1850 819 1931 875 in-

329 899 560 954 solenter
610 899 721 954 sibi
764 898 1052 957 obviantes
1086 904 1101 935 ¹
1133 901 1380 972 discutit,
1412 913 1467 961 et
1494 905 1677 963 cordis
1705 908 1927 964 oculum

328 989 484 1060 ﬁgere
531 988 590 1044 in
638 988 759 1059 ipso
789 989 943 1046 radio
975 992 1465 1067 incircumscriptze
1496 997 1636 1053 lucis
1666 998 1924 1056 intendit.

326 1079 429 1134 Has
447 1079 660 1151 quippe
680 1078 980 1151 figurarum
1003 1084 1372 1153 corporalium
1396 1086 1603 1157 species
1619 1087 1687 1143 ad
1702 1105 1757 1145 se
1778 1088 1928 1145 intus

323 1193 388 1232 ex
432 1175 763 1233 inﬁrmitate
810 1179 1058 1251 corporis
1104 1182 1292 1238 traxit.
1343 1182 1447 1239 Sed
1488 1184 1726 1255 perfecte
1768 1203 1931 1243 com-

322 1275 518 1337 puncta
547 1266 647 1323 hic
674 1283 1023 1340 summopere
1067 1269 1339 1343 invigilat,
1386 1290 1454 1329 ne
1483 1290 1608 1330 cum
1640 1276 1925 1332 veritatem

324 1355 535 1428 quarit,
569 1372 695 1412 eam
727 1357 1050 1429 imaginatio
1079 1358 1508 1436 circumscriptae
1538 1365 1772 1421 visionis
1801 1367 1926 1422 illn-

320 1443 426 1511 dat,
458 1454 805 1517 cunctasque
821 1446 927 1502 sibi
949 1446 1236 1506 obviantes
1252 1452 1520 1524 imagines
1540 1455 1765 1525 respuit.
1788 1454 1929 1522 Quia

318 1534 463 1590 enim
517 1552 615 1606 per
660 1536 787 1591 illas
817 1537 962 1593 infra
990 1555 1047 1594 se
1077 1539 1226 1611 lapsa
1256 1551 1356 1610 est,
1390 1542 1509 1599 sine
1540 1544 1653 1599 illis
1682 1561 1844 1616 super
1872 1562 1927 1601 se

319 1622 395 1677 ire
451 1631 722 1690 conatur;
785 1632 838 1680 et
885 1635 1172 1700 postquam
1232 1646 1328 1701 per
1384 1632 1558 1688 multa
1614 1632 1951 1715 indecenter.

317 1728 503 1784 sparsa
530 1722 634 1781 est,
670 1713 727 1767 in
758 1729 930 1769 unum
960 1731 1018 1771 se
1038 1717 1300 1788 colligere
1330 1719 1549 1787 nititur,
1574 1730 1636 1776 ut
1664 1721 1710 1775 si
1732 1736 1929 1792 magna

2038 552 2289 626 fecimus,
2322 567 2384 614 ut
2414 558 2483 615 ad
2523 559 2581 615 id
2628 562 2773 635 quod
2821 563 2950 621 facti
2995 564 3205 624 fuimus
3251 552 3631 633 reformemur.

2038 643 2192 701 Unde
2221 654 2275 702 et
2306 656 2429 720 apte
2458 652 2737 723 sequitur:

2433 738 2660 796 CAPUT
2692 742 2851 799 XXII
2882 743 2998 817 [Αι.
3029 746 3236 821 XXII].

2110 824 2278 881 Vnus.
2315 827 2399 882 17.
2427 858 2497 869 -
2520 830 2583 885 Ut
2597 837 2808 886 avertat
2824 832 3089 889 hominem
3109 836 3174 891 ab
3196 836 3277 892 his
3296 854 3413 910 quis
3430 839 3574 911 fecit,
3590 852 3637 900 et

2039 913 2219 969 liberet
2244 933 2362 970 eum
2390 918 2452 972 de
2478 921 2747 991 superbia.

2108 1002 2195 1058 44.
2234 1005 2641 1078 Compunctione
2668 1012 2964 1067 avertimur
2994 1032 3029 1069 a
3052 1017 3277 1086 peccatis
3286 1019 3442 1089 prius
3452 1038 3634 1093 perpe-

2039 1092 2215 1158 tratis,
2246 1100 2297 1147 et
2323 1113 2359 1149 a
2387 1098 2635 1167 superbia
2668 1100 2975 1157 liberamur.
2997 1133 3070 1144 —
3095 1105 3241 1171 Quid
3261 1108 3406 1163 enim
3424 1111 3443 1143 τ
3468 1092 3635 1167 hoino

2037 1179 2106 1236 de
2138 1182 2214 1236 sei
2222 1198 2320 1253 pso
2342 1183 2446 1239 nisi
2472 1196 2752 1257 peccatum
2773 1190 2949 1246 fecit?
2967 1195 3110 1254 753
3139 1194 3212 1250 Et
3231 1197 3495 1268 scriptum
3518 1208 3629 1255 est:

2035 1278 2258 1333 Initium
2286 1282 2460 1336 omnis
2502 1286 2701 1354 peccati
2742 1288 2989 1358 superbia
3039 1290 3208 1360 (Eccl.
3242 1310 3298 1360 x,
3335 1294 3445 1366 15).
3491 1296 3636 1352 Bene

2035 1384 2163 1440 ergo
2193 1368 2408 1425 dicitur
2448 1373 2573 1443 quia
2606 1373 2775 1431 homo
2804 1394 2928 1433 cum
2954 1379 3022 1435 ab
3044 1379 3132 1435 bis
3152 1398 3272 1454 quae
3294 1383 3635 1441 fecitaverti-

2035 1467 2126 1514 tur
2152 1458 2219 1514 de
2248 1460 2505 1531 superbia
2532 1462 2820 1521 liberatur.
2846 1466 3051 1525 Contra
3070 1471 3409 1529 conditorem
3435 1475 3636 1547 quippe

2035 1547 2323 1618 superbire
2353 1558 2434 1605 est
2464 1563 2737 1625 praecepta
2766 1554 2883 1627 ejus
2915 1560 3192 1629 peccando
3230 1562 3632 1632 transcendere,

2035 1635 2175 1710 quia
2223 1640 2381 1711 quasi
2429 1656 2461 1695 a
2508 1658 2564 1697 se
2600 1641 2793 1714 jugum
2828 1646 3228 1705 dominationis
3257 1651 3373 1723 ejus
3402 1654 3631 1723 excutit,

2041 1730 2061 1764 ⁸
2091 1732 2181 1787 cui
2214 1748 2312 1802 per
2340 1733 2709 1791 obedientiam
2741 1738 2965 1795 subesse
2986 1744 3309 1799 contemnit.
3342 1744 3415 1800 At
3445 1754 3637 1801 contra

318 1805 371 1860 vi
418 1805 629 1861 amoris
678 1807 955 1877 praevalet,
1003 1824 1121 1864 esse
1148 1824 1319 1864 unum
1351 1818 1513 1882 atque
1544 1809 1924 1882 incorporeum
1961 1820 2009 1881 B
2047 1819 2141 1891 qui
2174 1820 2231 1875 id
2261 1821 2408 1893 quod
2440 1822 2573 1879 fecit
2602 1825 2776 1881 vitare
2792 1829 3017 1899 appetit,
3044 1830 3099 1885 id
3115 1832 3261 1903 quod
3281 1834 3439 1889 aDeo
3460 1834 3636 1891 factus

314 1895 751 1966 contempletur.

390 1980 483 2036 43.
520 1982 989 2053 Contemplationis
1016 2000 1179 2056 sapor
1207 2001 1313 2040 non
1340 1984 1447 2040 nisi
1482 1986 1683 2057 raptim
1708 1992 1931 2041 mentem

315 2070 496 2141 aﬂicit.
540 2071 680 2127 Hinc
700 2072 782 2143 pii
806 2074 1047 2144 gemitus,
1078 2074 1436 2130 delectationis
1468 2081 1639 2130 tamen
1664 2080 1924 2146 expertes.

314 2188 383 2200 —
416 2158 577 2216 Unde
605 2160 908 2234 aliquando
937 2161 1006 2218 ad
1027 2162 1319 2235 quamdam
1342 2163 1662 2221 inusitatam
1683 2161 1928 2220 dulcedi-

317 2264 441 2304 nem
492 2249 703 2306 interni
748 2252 962 2323 saporis
1000 2251 1332 2321 admittitur,
1384 2269 1447 2309 ac
1494 2253 1696 2324 raptim
1744 2251 1929 2324 aliquo

316 2337 482 2394 modo
513 2338 733 2396 ardenti
748 2341 949 2411 spiritu
968 2341 1149 2398 aﬂlata
1168 2352 1466 2399 renovatur
1489 2361 1501 2410 ;
1535 2350 1799 2414 tantoque
1817 2356 1928 2396 ma-

314 2428 394 2499 gis
424 2427 635 2496 inhiat,
668 2440 875 2502 quanto
906 2432 1080 2504 magis
1108 2432 1255 2506 quod
1284 2443 1430 2490 amet
1457 2432 1727 2505 degustat.
1767 2432 1788 2467 ²
1817 2433 1930 2489 At-

312 2531 417 2587 que
450 2516 565 2573 hoc
595 2517 745 2573 intra
784 2536 842 2575 se
872 2520 1082 2590 appetit
1110 2520 1258 2592 quod
1286 2520 1394 2576 sibi
1424 2520 1588 2576 dulce
1617 2536 1804 2591 sapere
1833 2520 1930 2575 in-

310 2605 600 2661 trinsecus
629 2606 817 2674 sentit,
850 2607 979 2678 quia
1000 2607 1262 2664 videlicet
1281 2607 1402 2678 ejus
1417 2624 1603 2664 amore
1623 2608 1931 2668 dulcedinis

306 2690 425 2747 sibi
480 2708 670 2748 coram
705 2708 760 2748 se
787 2694 980 2762 viluit;
1028 2704 1083 2751 et
1124 2704 1409 2768 postquam
1442 2696 1603 2765 hanc,
1635 2705 1929 2769 utcumque

308 2782 330 2815 ³
363 2779 662 2851 percipere
690 2782 887 2852 potuit,
921 2782 1056 2855 quid
1076 2784 1194 2840 sine
1215 2784 1312 2841 illa
1325 2785 1533 2840 dudum
1556 2785 1748 2842 fuisset
1778 2786 1927 2841 inve-

310 2869 414 2926 nit.
436 2868 548 2925 Cui
580 2868 850 2927 inhasrere
869 2881 1117 2941 conatur,
1136 2873 1230 2929 sed
1258 2873 1328 2930 ab
1348 2873 1814 2946 ejusjfortitudine
1832 2893 1930 2933 sua

314 2958 498 3015 adhuc
527 2958 857 3017 infirmitate
884 2963 1205 3034 repellitur;
1239 2973 1294 3021 et
1324 2966 1345 3000 ⁴
1377 2964 1508 3037 quia
1545 2964 1667 3037 ejus
1696 2966 1929 3022 mundi-

316 3047 443 3103 tiam
504 3049 890 3121 contemplare
944 3067 1055 3107 non
1114 3052 1280 3121 valet,
1339 3051 1468 3110 ﬂere
1523 3053 1685 3110 dulce
1743 3054 1925 3124 habet,

2042 1919 2125 1967 est
2162 1912 2523 1984 recognoscit,
2575 1923 2628 1971 et
2658 1916 2726 1971 ad
2752 1916 3088 1974 conditionis
3116 1935 3227 1975 suae
3257 1920 3505 1977 ordinem
3533 1921 3635 1976 hu-

2038 2000 2248 2056 militer
2278 2000 2443 2069 redit,
2466 2002 2600 2059 dum
2622 2020 2720 2059 sua
2740 2021 2904 2077 opera
2924 2006 3159 2078 fugiens,
3183 2009 3347 2065 talem
3368 2026 3425 2066 se
3454 2012 3475 2045 ⁰
3506 2026 3633 2083 qua-

2038 2088 2107 2145 lis
2139 2103 2169 2143 a
2198 2090 2311 2145 Deo
2342 2089 2518 2147 factus
2546 2101 2627 2149 est
2656 2092 2863 2166 diligit.
2895 2094 3036 2163 Quia
3064 2113 3195 2153 vero
3236 2114 3332 2170 per
3378 2097 3521 2156 hanc
3553 2099 3634 2154 in-

2038 2178 2403 2252 telligentiam
2452 2182 2628 2254 gloria
2670 2186 3004 2256 sempiterna
3052 2187 3337 2259 recipitur,
3366 2189 3635 2263 supplicia

2040 2274 2244 2324 aeterna
2272 2269 2542 2337 vitantur,
2575 2280 2697 2342 apte
2728 2272 3117 2346 subjungitur:

2421 2357 2647 2416 CAPUT
2676 2360 2859 2417 XXIII
2891 2360 3034 2435 [Rea
3067 2364 3248 2439 XIV].

2109 2445 2279 2503 νεεδ.
2315 2446 2399 2502 18.
2422 2449 2720 2504 _Eruens
2749 2451 2985 2507 animam
3030 2452 3144 2522 ejus
3170 2453 3232 2509 de
3277 2455 3632 2529 corruptione,

2037 2539 2085 2588 et
2112 2534 2278 2589 vitam
2307 2535 2480 2603 illius,
2511 2542 2571 2591 ut
2596 2554 2705 2593 non
2735 2545 2971 2596 transeat
2996 2541 3053 2596 in
3079 2542 3336 2614 gladium.

2106 2623 2196 2682 45.
2227 2625 2314 2682 Sic
2341 2626 2552 2681 eruitur
2578 2629 2763 2685 anima
2794 2648 2828 2686 a
2856 2633 3194 2705 corruptione
3220 2640 3268 2688 et
3294 2652 3328 2689 a
3356 2634 3526 2691 divini
3543 2635 3634 2704 ju-

2038 2711 2686 2784 diciigladio.—0mnis
2720 2718 2923 2793 quippe
2960 2730 3213 2794 peccator
3253 2722 3322 2780 ab
3368 2722 3472 2781 hac
3516 2739 3632 2781 cor-

2038 2803 2297 2873 ruptione
2363 2802 2629 2861 vitiorum
2684 2807 2820 2865 illuc
2874 2809 2944 2865 ad
3001 2810 3242 2883 gladium
3283 2812 3635 2884 compellitur

2039 2891 2277 2946 transire
2306 2907 2613 2963 poanarum,
2662 2905 2725 2951 ut
2769 2897 2916 2954 unde
2960 2897 3053 2957 hic
3096 2901 3285 2972 inique
3332 2900 3606 2957 delectam

2039 2988 2138 3046 est,
2192 2978 2321 3036 inde
2370 2980 2488 3037 illic
2527 2981 2676 3053 juste
2724 2984 3019 3041 crucietur.
3051 2987 3363 3043 Notandum
3394 2996 3478 3045 est
3506 3005 3634 3060 ergo

2039 3066 2186 3138 quod
2215 3070 2360 3124 Deus
2390 3071 2551 3127 nobis
2581 3087 2676 3143 per
2705 3075 2983 3130 somnium
3017 3076 3263 3149 loquens,
3296 3077 3449 3150 prius
3475 3094 3575 3133 nos
3603 3095 3636 3133 a

316 3135 544 3241 sibique
565 3136 635 3193 ad
665 3154 724 3194 se
752 3138 971 3237 cadenti
991 3140 1335 3241 inﬁrmitatis
1364 3158 1477 3199 suae
1498 3143 1769 3241 lacrymas
1797 3152 1929 3241 Sicf:
1958 3172 2004 3234 ο
2039 3135 2411 3230 corruptione,
2447 3168 2501 3216 et
2530 3135 2883 3232 postmodum
2932 3180 2965 3220 a
3009 3135 3192 3239 gladio
3240 3135 3454 3235 liberat,
3505 3168 3636 3241 quia

316 3240 459 3281 nere.
492 3226 688 3298 Neque
716 3227 864 3283 enim
894 3232 1097 3287 mentis
1126 3231 1348 3288 oculum
1379 3240 1560 3304 potest
1604 3231 1660 3287 in
1690 3231 1746 3288 id
1776 3231 1927 3305 quod

318 3311 459 3369 intra
500 3330 564 3370 se
608 3316 811 3388 raptim
855 3320 1204 3390 conspexerit
1230 3319 1414 3392 ﬁgere,
1448 3321 1578 3394 quia
1606 3320 1725 3393 ipso
1756 3329 1926 3376 vetu-

317 3404 471 3460 statis
516 3420 638 3460 suae
684 3421 788 3461 usu
829 3405 1085 3463 deorsum
1118 3409 1198 3465 ire
1226 3410 1596 3482 compellitur.
1631 3412 1783 3466 Inter
1809 3407 1929 3466 haec

295 3488 564 3571 ‘anhelat,
596 3500 808 3561 aestuat,
841 3511 1005 3566 super
1044 3512 1100 3551 se
1141 3495 1222 3552 ire
1250 3505 1501 3564 conatur,
1536 3495 1629 3552 sed
1657 3496 1725 3552 ad
1755 3495 1927 3551 fami-

319 3575 481 3633 liares
512 3579 770 3637 tenebras
800 3598 926 3639 suas
953 3583 1102 3641 victa
1130 3584 1449 3657 fatigatione
1470 3585 1761 3641 relabitur.
1786 3585 1927 3653 Quia

320 3679 450 3735 ergo
481 3664 566 3721 sic
595 3667 783 3725 affecta
807 3671 994 3729 anima
1021 3683 1214 3731 contra
1240 3675 1589 3746 semetipsam
1620 3690 1783 3745 grave
1812 3690 1925 3731 cer-

321 3760 507 3808 tamen
555 3754 577 3787 δ
626 3756 815 3815 tolerat
853 3762 1225 3834 semetipsam,
1258 3772 1312 3819 et
1344 3762 1474 3835 quia
1502 3762 1683 3818 omnis
1713 3761 1832 3819 1]ch
1858 3762 1926 3819 de

321 3838 482 3897 nobis
512 3849 909 3918 controversia,
943 3852 965 3886 θ
996 3868 1122 3908 cum
1153 3868 1253 3907 nos
1284 3851 1477 3920 aﬂicit,
1511 3851 1764 3924 quamvis
1783 3850 1924 3908 dele-

320 3930 563 3988 ctatione
583 3937 866 4007 permista,
889 3956 1000 3995 non
1023 3941 1301 4000 modicum
1324 3942 1567 4015 dplorem
1587 3944 1748 4015 parit,
1772 3944 1921 4011 Eliu,

320 4028 609 4093 postquam
654 4024 802 4083 dixit
841 4029 1013 4086 Deum
1047 4031 1207 4088 nobis
1236 4048 1332 4103 per
1358 4034 1637 4088 somnium
1669 4033 1839 4106 loqui,
1871 4042 1926 4089 et

321 4106 600 4169 locutione
643 4113 764 4185 ejus
807 4128 1022 4176 nostras
1063 4138 1224 4178 aures
1252 4122 1473 4194 aperiri,
1507 4139 1617 4177 non
1648 4123 1924 4178 immerito

321 4199 565 4256 eamdem
602 4207 944 4276 apertionem
976 4210 1193 4265 aurium
1211 4210 1563 4283 disciplinam
1587 4219 1763 4278 vocat,
1796 4210 1927 4283 quia

323 4297 381 4343 eo
410 4293 587 4365 magis
630 4310 734 4352 nos
780 4296 1069 4354 alliciendo
1097 4299 1356 4368 conterit,
1389 4315 1498 4372 quo
1527 4299 1700 4371 magis
1729 4300 1797 4356 ad
1824 4317 1926 4356 nos

329 4393 417 4448 per
446 4383 723 4440 occultam
768 4383 887 4457 ejus
918 4386 1297 4459 inspirationis
1327 4387 1554 4459 gratiam
1586 4389 1813 4445 internae
1844 4388 1924 4443 in-

326 4468 643 4542 telligentia:
672 4490 841 4529 sonus
870 4476 1128 4547 erumpit.
1152 4476 1338 4549 Neque
1366 4476 1515 4531 enim
1535 4475 1690 4532 ﬂeret
1718 4476 1924 4532 extrin-

329 4571 480 4614 secus
510 4559 745 4633 quisque
775 4563 922 4635 quod
951 4572 1052 4631 est,
1085 4564 1132 4619 si
1162 4580 1274 4618 non
1303 4564 1634 4621 intrinsecus
1662 4566 1930 4636 potuisset

332 4647 530 4703 sentire
562 4650 709 4721 quod
737 4650 984 4708 nondum
1015 4660 1114 4708 est.
1145 4652 1392 4724 Namque
1421 4668 1545 4708 cum
1568 4653 1929 4723 nosmetipsos

331 4729 652 4802 inspicimus
683 4737 823 4793 bene
852 4737 1124 4804 conditos,
1158 4736 1252 4793 sed
1281 4737 1349 4792 ad
1380 4736 1784 4808 persuasionem
1816 4736 1928 4793 dia-

336 4817 566 4878 bolicam
610 4825 868 4896 pestifera
914 4826 1272 4883 consensione
1319 4824 1592 4897 deceptos,
1643 4824 1701 4880 in
1746 4825 1929 4882 nobis-

332 4911 576 4982 metipsis
607 4913 949 4971 attendimus
976 4915 1129 4975 aliud
1159 4931 1274 4972 esse
1316 4914 1463 4989 quod
1495 4914 1746 4983 fecimus,
1779 4914 1929 4971 aliud

331 5000 471 5069 quod
500 5003 632 5060 facti
655 5022 879 5072 sumus;
910 5007 1231 5064 conditione
1251 5023 1349 5062 nos
1370 5007 1631 5079 integros,
1656 5005 1750 5063 sed
1769 5006 1930 5077 culpa

401 5236 686 5320 :Eindoc.
719 5248 773 5296 et
789 5239 1012 5320 Norm.,
1044 5239 1254 5320 decutit.
1317 5311 1330 5320 _
1364 5311 1378 5320 _
1491 5310 1501 5320 _
1550 5316 1560 5320 Α
1849 5311 1880 5320 __

402 5308 424 5392 ξ
451 5309 671 5392 ἓὶργοὶο.
707 5311 1048 5392 etyindohc”
1070 5311 1332 5392 ratque'ad
1359 5311 1453 5365 hoc
1482 5310 1687 5392 intrare
1705 5311 1922 5392 appetit.

400 5381 422 5463 ξ
452 5380 758 5463 Iideincum
772 5382 938 5451 Utic.,
958 5380 1223 5463 I’rateliet
1238 5382 1417 5463 liceo,
1427 5380 1922 5463 percipere‘me‘ruit.

401 5452 420 5485 ‘
451 5453 531 5509 Ita
556 5455 772 5522 Norm.,
806 5471 931 5511 cum
962 5453 1221 5520 Vindoc.,
1245 5452 1504 5521 Colb.,'et
1533 5452 1628 5522 aL,
1654 5452 1749 5508 ubi
1771 5452 1926 5509 Editi

332 5520 560 5597 habent:
593 5527 721 5597 quia
758 5520 873 5597 ejus
900 5525 1183 5597 munditire
1212 5520 1593 5596 contemperari
1614 5520 1739 5580 non
1767 5526 1923 5597 calci.

399 5595 570 5679 “.I‘luc
599 5594 980 5655 revocavimus
1009 5595 1353 5676 semetipsam,
1386 5594 1506 5669 quas
1527 5614 1652 5679 vgx.
1667 5597 1726 5679 in
1746 5594 1926 5652 Editis

333 5666 625 5749 excidepat,
660 5670 790 5727 licet
817 5685 1037 5727 sensum
1067 5666 1484 5749 exquisitiorem
1515 5667 1735 5749 efﬁciat.

403 5740 425 5773 θ
453 5739 604 5798 Editi
636 5749 863 5811 recent,
908 5757 1025 5798 cum
1058 5738 1337 5812 nos—afﬁcit
1361 5739 1565 5812 afﬂigit.
1596 5740 1716 5799 Non
1748 5740 1925 5798 solum

1955 4528 2005 4587 D

2036 3244 2305 3302 nimirum
2339 3247 2491 3304 illius
2512 3249 2686 3306 vitam
2709 3250 2828 3309 illic
2846 3253 3012 3327 eripit
3032 3253 3100 3310 ab
3120 3254 3332 3313 ultione
3351 3257 3631 3329 supplicii,

2035 3336 2193 3409 cujus
2222 3337 2316 3396 hic
2350 3350 2590 3397 mentem
2625 3342 2905 3402 subtrahit
2933 3362 2963 3402 a
2991 3346 3355 3405 delectatione
3400 3349 3629 3420 peccati.

2034 3426 2222 3500 Neque
2266 3429 2414 3485 enim
2464 3431 2582 3489 illic
2628 3430 2794 3491 habet
2841 3434 2987 3507 quod
3020 3435 3318 3493 formidare
3345 3436 3540 3493 debeat
3566 3436 3635 3493 de

2036 3515 2221 3587 gladio
2277 3520 2584 3589 sententiae,
2646 3538 2807 3595 quem
2867 3523 2961 3582 hic
3018 3535 3140 3597 post
3194 3525 3632 3582 emendationem

2036 3620 2191 3659 suam
2224 3606 2461 3677 pollutio
2491 3625 2601 3664 non
2632 3612 2941 3683 corruperit
2972 3615 3166 3686 culpae.
3189 3614 3335 3671 Bene
3352 3630 3478 3686 ergo
3498 3613 3635 3671 dici-

2035 3702 2125 3749 tur
2148 3712 2159 3751 :
2195 3696 2411 3753 Eruens
2431 3700 2669 3754 animam
2693 3700 2808 3770 ejus
2831 3702 2894 3757 de
2921 3704 3282 3775 corruptione,
3312 3710 3360 3759 et
3387 3704 3551 3759 vitam
3568 3703 3633 3759 il-

2036 3782 2161 3850 lius,
2204 3792 2277 3859 ut,
2308 3803 2417 3841 non
2465 3794 2703 3843 transeat
2746 3790 2802 3842 in
2850 3791 3109 3860 gladium.
3156 3794 3236 3847 De
3283 3793 3634 3863 corruptione

2034 3886 2271 3943 namque
2300 3872 2369 3927 ad
2414 3873 2661 3943 gladium
2695 3875 2931 3931 transire
2961 3884 3043 3932 est
3069 3887 3192 3949 post
3233 3886 3451 3949 peracta
3498 3877 3636 3934 vitia

2034 3957 2101 4013 ad
2132 3958 2417 4015 toleranda
2447 3961 2723 4033 supplicia
2750 3964 3059 4035 pervenire.
3092 3964 3387 4038 Sequitur:

2239 4047 2468 4105 CAPUT
2498 4050 2683 4107 XXIV
2717 4049 2855 4124 [Vet.
2887 4052 3099 4120 XXIII,
3130 4054 3248 4111 Rec.
3281 4052 3431 4128 XV].

2105 4135 2276 4192 Vnus.
2314 4137 2398 4193 19,
2423 4140 2762 4211 —Increpat
2789 4156 2997 4211 quoque
3035 4157 3137 4213 per
3181 4141 3417 4197 dolorem
3452 4143 3510 4197 in
3553 4144 3636 4199 le-

2034 4224 2195 4289 ctulo,
2226 4231 2276 4279 et
2301 4226 2479 4282 omnia
2503 4243 2623 4283 ossa
2651 4229 2764 4298 ejus
2791 4244 3105 4285 marcescere
3131 4228 3280 4300 facit.

2104 4310 2194 4367 46.
2228 4313 2293 4368 In
2318 4316 2570 4385 praesenti
2598 4316 2731 4383 vita,
2765 4317 2937 4373 omnis
2982 4334 3145 4388 quam
3188 4318 3336 4373 nobis
3377 4336 3636 4392 paramus

2034 4401 2239 4471 requies
2271 4404 2642 4459 tentationibus
2673 4407 2941 4463 turbatur.
2989 4409 3055 4463 In
3084 4407 3312 4478 quolibet
3340 4426 3535 4464 secessu
3559 4412 3635 4466 vi-

2035 4506 2155 4543 vere
2181 4491 2293 4545 sine
2323 4492 2694 4547 tentationibus
2724 4511 2830 4549 non
2856 4512 3156 4567 possumus.
3176 4527 3247 4539 —-
3266 4500 3326 4554 In
3357 4501 3638 4573 Scriptura

2037 4592 2190 4633 sacra
2227 4578 2424 4647 lectus,
2475 4580 2593 4635 sive
2637 4581 2912 4652 grabatus,
2979 4584 3025 4619 ¹⁰
3080 4602 3177 4641 seu
3235 4595 3488 4658 stratum,
3537 4590 3637 4646 ali-

2039 4665 2261 4738 quando
2291 4668 2548 4741 voluptas
2578 4671 2782 4740 carnis,
2806 4671 3104 4745 aliquando
3127 4678 3436 4747 repausatio
3456 4678 3513 4732 in
3542 4677 3635 4733 bo-

2038 4755 2125 4811 nis
2155 4757 2437 4828 operibus,
2470 4758 2770 4831 aliquando
2815 4763 3031 4835 requies
3077 4766 3393 4837 temporalis
3439 4765 3633 4834 accipi-

2038 4854 2147 4902 tur.
2181 4847 2330 4914 Quid
2358 4857 2440 4906 est
2470 4850 2617 4905 enim
2646 4852 2790 4925 quod
2812 4853 2869 4908 in
2888 4854 3192 4926 Evangelio
3211 4862 3400 4909 sanato
3415 4852 3633 4908 cuidam

2036 4935 2307 4993 Dominus
2337 4937 2511 4995 dicit:
2548 4941 2733 5012 Surge,
2769 4944 2893 4998 tolle
2919 4944 3202 5014 grabatum
3241 4949 3407 5007 tuum,
3437 4948 3485 4996 et
3505 4943 3638 4998 vade

2036 5024 2093 5077 in
2112 5024 2326 5080 domum
2358 5033 2502 5083 tuam
2538 5028 2718 5101 (Joan.
2753 5047 2808 5098 v,
2842 5030 2924 5103 8),
2963 5030 3072 5086 nisi
3113 5029 3258 5103 quod
3307 5045 3405 5102 per
3448 5028 3634 5103 graba-

2037 5257 2307 5333 redundat
2333 5262 2538 5333 afﬂigit,
2561 5261 2669 5333 sed
2689 5261 2854 5333 etiam
2886 5278 3107 5318 sensum
3132 5262 3298 5320 tollit.
3329 5266 3474 5322 Hinc
3489 5264 3636 5324 dele-

2036 5329 2237 5405 vir_m_1_3_,
2266 5329 2598 5405 segcuti'Mss.
2630 5331 2910 5405 7Colbert.,
2942 5334 3160 5402 Norm.,
3211 5335 3472 5405 Vindoc.,
3525 5346 3631 5396 etc.

2107 5400 2130 5478 ἶ
2162 5400 2383 5478 Ebroic.
2415 5411 2475 5478 et
2484 5403 2589 5478 alii
2620 5404 2832 5478 Norm.,
2864 5400 2926 5463 de
2949 5400 3197 5478 proprio.

2111 5472 2131 5505 ε
2162 5447 2395 5547 ﬁliiﬁlii
2417 5447 2986 5547 verissimis-13;
2994 5447 3268 5547 ’θῖἕῖξῖἶεμ
3290 5477 3444 5535 Edit.
3469 5478 3531 5535 In
3552 5495 3632 5535 re-

2035 5552 2201 5610 cent.,
2234 5544 2327 5615 qui
2345 5561 2444 5615 per
2471 5544 2892 5605 inobedientiam.

2107 5615 2255 5697 ‘fliic
2283 5614 2351 5697 in
2368 5615 2552 5697 Editis
2591 5616 2834 5688 additur,
2885 5638 3010 5691 esse,
3062 5622 3213 5696 quod
3259 5620 3635 5697 expunximus

2035 5685 2375 5744 adhmrentes
2402 5688 2529 5745 Mss.

2117 5761 2161 5795 ¹⁰
2190 5760 2401 5828 Norm.,
2435 5776 2526 5816 seu
2553 5765 2772 5832 stratus,
2803 5773 2857 5822 et
2886 5765 2963 5824 ita
2990 5765 3152 5824 infra.
