4162 6184
492 316 599 378 279

1697 315 1949 374 SANCTI
1986 314 2324 374 GREGORII
2360 315 2587 376 MAGNI

3675 323 3780 382 280

459 457 577 506 tum
623 445 880 519 voluptas
897 445 1141 517 corporis
1158 443 1478 517 designatur
1499 443 1620 535 ?‘Et
1635 443 1866 516 jubetur
1885 445 2078 535 utique
2105 447 2158 508 Α
2347 444 2657 535 oblectatur
2675 445 2734 502 in
2755 447 2865 516 via,
2889 447 3252 507 obliviscatur
3270 450 3418 535 quod
3438 449 3782 511 desiderabat

457 543 522 593 ut
547 535 657 594 hoc
683 551 852 592 sanus
879 541 1076 608 portet,
1107 532 1205 590 ubi
1233 533 1488 590 inﬁrmus
1522 531 1790 606 jacuerat,
1825 533 1958 606 quia
1982 534 2066 590 ni-

461 624 666 681 mirum
695 622 878 679 omnis
907 623 1003 696 qui
1048 621 1230 679 adhuc
1257 621 1414 679 vitiis
1441 622 1770 698 delectatur,
1808 621 2067 683 inﬁrmus

451 711 598 787 jacet
626 711 684 766 in
714 709 1094 784 voluptatibus
1121 711 1324 768 carnis.
1356 711 1463 769 Sed
1492 721 1716 768 sanatus
1746 711 1855 769 hoc
1885 721 2068 785 portat

462 803 481 840 ¹
510 799 608 858 ubi
637 799 892 857 inﬁrmus
928 798 1196 872 jacuerat,
1241 801 1371 874 quia
1417 800 1612 857 divino
1639 799 1921 874 adjutorio
1951 817 2064 860 ere-

458 900 584 966 ptus
613 907 646 947 a
676 890 850 959 vitiis,
899 890 1144 964 ejusdem
1191 891 1374 950 carnis
1415 892 1780 948 contumelias
1812 901 2065 963 postmo-

457 983 590 1040 dum
619 982 835 1050 tolerat,
868 981 927 1037 in
955 981 1116 1056 cujus
1165 983 1318 1055 prius
1346 981 1637 1038 desideriis
1667 981 2062 1054 requiescebat.

457 1071 694 1130 Rursum
723 1086 820 1144 per
849 1070 1050 1128 lectum
1090 1071 1178 1127 vel
1209 1079 1442 1127 stratum
1479 1070 1788 1142 repausatio
1818 1070 1878 1126 in
1904 1069 2066 1129 bonis

458 1159 718 1234 operibus
763 1159 1102 1233 designatur.
1136 1160 1293 1218 Unde
1338 1161 1394 1218 in
1424 1161 1796 1234 apostolorum
1829 1161 2066 1220 Actibus

457 1249 656 1308 Petrus
683 1249 962 1321 apostolus
989 1249 1127 1309 dicit
1159 1267 1170 1308 :
1203 1251 1400 1320 IEnea,
1431 1256 1578 1307 sanet
1621 1257 1666 1306 te
1693 1251 1955 1307 Dominus
1983 1252 2064 1309 Je-

458 1355 548 1394 sus
579 1337 821 1396 Christus
841 1356 864 1406 ;
891 1355 1067 1412 surge,
1097 1345 1146 1396 et
1163 1346 1335 1397 sterne
1365 1340 1460 1397 tibi
1491 1340 1630 1413 (Act.
1664 1357 1743 1409 rx,
1765 1339 1887 1411 34).
1911 1340 2071 1409 Quid

459 1437 543 1486 est
569 1428 771 1498 dicere,
807 1429 994 1502 Surge,
1029 1429 1158 1500 nisi,
1207 1431 1353 1487 mala
1381 1447 1500 1504 quae
1536 1431 1882 1503 perpetrasti,
1915 1430 2066 1486 dere-

459 1515 648 1594 linque
679 1519 708 1578 7
744 1522 817 1578 Et
845 1521 980 1596 quid
1007 1530 1092 1579 est
1121 1522 1324 1590 dicere,
1361 1523 1546 1579 Sterne
1578 1521 1692 1586 tibi,
1722 1520 1832 1576 nisi
1861 1537 2064 1580 merce~

457 1606 546 1664 dis
574 1625 764 1666 causas
792 1611 851 1666 in
880 1609 1082 1683 quibus
1101 1611 1446 1682 requiescere
1474 1609 1675 1666 debeas
1701 1625 1924 1680 operare
1953 1611 1983 1666 ?
2005 1621 2068 1669 ut

459 1704 514 1754 et
546 1697 760 1754 deserat
788 1699 1062 1771 surgendo
1091 1715 1213 1773 quae
1234 1699 1385 1766 fecit,
1418 1707 1473 1756 et
1501 1697 1749 1755 inveniat
1769 1699 2064 1756 sternendo

2176 532 2235 589 in
2265 533 2460 606 patria.
2495 533 2637 602 Quia
2665 550 2793 608 ergo
2822 535 2880 591 in
2909 535 3014 596 hac
3043 537 3159 595 vita
3177 539 3358 596 omnis
3378 532 3584 612 nostra,
3617 559 3782 616 quam

2175 621 2406 681 fortasse
2435 625 2773 696 paravimus,
2806 627 3022 700 requies
3049 627 3325 697 turbatur,
3358 639 3506 688 recte
3533 630 3742 690 dicitur
3768 648 3780 688 :

2176 713 2423 786 Increpat
2464 729 2668 785 quoque
2702 731 2802 787 per
2839 716 3074 772 dolorem
3103 718 3172 776 .in
3219 719 3424 789 lectulo,
3471 719 3528 778 id
3576 730 3678 790 est,
3724 721 3786 776 in

2176 802 2461 874 praesentis
2492 805 2623 860 vitae
2653 804 2844 879 requie
2862 807 2950 863 vel
2969 808 3294 865 tentationis
3310 825 3410 866 nos
3430 809 3674 867 stimulis
3693 811 3784 867 vel

2175 890 2375 965 ﬂagelli
2423 892 2724 952 afﬂictione
2768 895 3082 954 conturbat.
3137 899 3274 955 Nam
3324 915 3466 972 saepe
3507 899 3783 957 humanus

2175 982 2393 1039 animus
2435 983 2741 1056 quamlibet
2780 984 2938 1042 brevi
2965 995 3212 1059 tempore
3242 988 3362 1044 sine
3391 988 3694 1046 tentatione
3723 990 3782 1046 in

2174 1068 2336 1127 bonis
2375 1070 2577 1128 studiis
2618 1072 2805 1142 fuerit,
2837 1091 2968 1130 mox
2996 1074 3065 1132 de
3093 1075 3300 1134 eisdem
3331 1076 3530 1134 studiis
3560 1078 3618 1133 in
3646 1077 3784 1152 qui-

2175 1156 2278 1215 bus
2307 1160 2638 1233 quiescendo
2666 1178 2725 1218 se
2753 1163 2952 1232 exerit,
2985 1162 3054 1220 de
3081 1164 3216 1238 ipsis
3247 1165 3556 1223 virtutibus
3575 1165 3783 1240 quibus

2175 1249 2538 1322 multiplicari
2568 1251 2789 1320 nititur,
2821 1251 2956 1308 dum
2985 1253 3249 1326 proﬁcere
3277 1270 3335 1311 se
3363 1255 3551 1323 sentit,
3585 1255 3780 1312 eleva-

2175 1345 2284 1394 tur.
2318 1338 2472 1396 Unde
2507 1341 2600 1413 pio
2642 1343 2874 1400 rectoris
2902 1334 3078 1400 nostri
3108 1341 3504 1412 moderamine,
3537 1343 3781 1417 impulsu

2174 1427 2496 1485 tentationis
2523 1430 2780 1500 aﬂicitur,
2813 1441 2876 1489 ut
2905 1431 2963 1488 in
2992 1447 3057 1488 eo
3089 1431 3206 1504 ipsa
3234 1431 3511 1505 profectus
3540 1433 3628 1489 sui
3657 1435 3784 1490 ela-

2175 1512 2254 1568 tio
2281 1515 2698 1587 comprimatur.
2730 1517 3070 1592 Quapropter
3116 1529 3404 1594 postquam
3450 1520 3634 1580 dixit:
3674 1523 3784 1578 In-

2174 1609 2356 1674 crepat
2393 1620 2600 1676 quoque
2620 1623 2721 1678 per
2747 1608 2983 1664 dolorem
3011 1608 3069 1665 in
3099 1610 3303 1678 lectulo,
3335 1617 3460 1682 apte
3488 1609 3781 1682 subjunxit

2159 1683 2320 1765 IRec.
2352 1693 2507 1768 XVI]
2533 1711 2545 1750 :
2579 1697 2656 1752 Et
2681 1696 2861 1752 omnia
2889 1713 3009 1754 ossa
3036 1696 3151 1768 ejus
3178 1714 3490 1754 marcescere
3516 1697 3668 1770 facit.

463 1787 611 1861 quod
632 1787 844 1846 fecerit.
869 1789 1028 1856 Quod
1050 1797 1351 1863 utrumque
1364 1789 1639 1863 Propheta
1655 1789 1899 1846 breviter
1917 1807 2066 1848 com-
2099 1804 2148 1865 Β
2247 1780 2334 1838 48-
2383 1781 2491 1838 Per
2538 1783 2871 1840 ΐεηεαιὶοηθηῑ
2911 1786 3283 1858 cognoscimus,
3326 1787 3456 1860 quid
3483 1805 3548 1842 ea:
3575 1787 3780 1843 viribus

459 1875 771 1949 prehendit,
823 1876 1015 1935 dicens
1065 1895 1079 1934 :
1129 1879 1351 1958 Declina
1392 1897 1427 1934 a
1463 1880 1630 1946 male,
1673 1885 1722 1935 et
1748 1877 1839 1950 [ac
1876 1878 2070 1936 bonum
2169 1872 2431 1944 Ρνορνίίε,
2463 1873 2593 1944 quid
2621 1875 2803 1932 divino
2832 1894 2899 1933 ea:
2925 1895 3141 1936 munere
3154 1880 3437 1954 possimus.
3467 1879 3692 1936 -Ossa
3722 1879 3782 1935 in

461 1963 639 2036 (Psal.
673 1980 872 2034 xxxvr,
903 1966 1018 2040 27).
1042 1967 1330 2025 Declinare
1357 1968 1560 2042 quippe
1577 1983 1611 2024 a
1629 1968 1773 2024 malo
1801 1976 1882 2025 est
1910 1967 1980 2024 ab
2005 1985 2070 2026 eo

461 2071 572 2128 quo
599 2053 775 2126 jacuit
802 2071 1025 2128 surgere
1057 2075 1070 2125 ;
1105 2056 1313 2113 bonum
1344 2073 1476 2114 vero
1506 2057 1704 2127 facere,
1738 2065 1821 2114 est
1849 2074 2072 2117 merce-

459 2143 550 2201 dis
581 2160 763 2217 opera,
797 2145 855 2201 in
885 2145 1088 2219 quibus
1118 2146 1460 2220 requiescere
1498 2145 1714 2215 debeat,
1743 2163 2065 2220 praeparare.

460 2232 571 2300 Qui
603 2234 753 2290 enim
786 2233 1082 2291 declinata
1099 2236 1266 2304 malo,
1289 2227 1384 2294 sed
1412 2236 1558 2292 bona
1585 2235 1768 2294 adhuc
1786 2253 1900 2293 non
1915 2237 2067 2306 facit,

466 2321 712 2379 surrexit
740 2321 964 2396 quidem
1014 2323 1084 2380 ab
1126 2339 1190 2380 eo
1228 2341 1337 2398 quo
1377 2322 1572 2398 jacuit,
1607 2325 1702 2382 sed
1732 2327 1829 2384 ubi
1860 2327 2068 2400 requie-

465 2427 618 2470 scere
645 2411 860 2482 debeat,
891 2412 1140 2471 nondum
1170 2415 1386 2472 stravit.
1419 2416 1490 2472 Et
1519 2431 1740 2472 rursum
1775 2417 1948 2473 lectus
1977 2417 2069 2473 vel

459 2509 692 2558 stratum
723 2502 940 2575 requies
972 2503 1289 2576 temporalis
1309 2504 1598 2576 accipitur,
1632 2505 1777 2564 sicut
1804 2505 2070 2578 scriptum

461 2597 544 2646 est
577 2604 590 2643 :
630 2588 944 2646 Universum
987 2595 1217 2647 stratum
1263 2591 1380 2662 ejus
1407 2593 1632 2649 versasti
1676 2595 1735 2649 in
1761 2595 2072 2666 inﬁrmitate

459 2682 574 2753 ejus
608 2680 754 2738 754
785 2684 901 2756 (Ps.
934 2700 1026 2752 xu,
1056 2684 1138 2757 4).
1173 2685 1310 2743 Cum
1352 2687 1501 2744 enim
1539 2689 1771 2761 quisque
1798 2690 1947 2748 curis
1974 2707 2070 2746 saa-

463 2769 755 2830 cularibus
797 2771 1057 2844 fatigatus
1102 2773 1352 2831 deserere
1398 2792 1494 2848 per
1540 2775 1790 2834 divinam
1838 2779 2069 2851 gratiam

465 2858 635 2933 hujus
655 2861 853 2918 mundi
881 2861 1084 2918 itinera
1100 2862 1377 2921 laboriosa
1395 2866 1688 2939 compungi
1697 2876 1804 2937 tur,
1829 2867 2070 2940 cogitare

462 2948 611 3006 solet
640 2949 918 3023 quomodo
945 2953 1230 3024 praesentis
1250 2954 1382 3011 vitai
1401 2953 1675 3012 desideria
1694 2956 1889 3030 fugiat,
1919 2965 1973 3014 et
2001 2957 2070 3014 ab

470 3035 590 3110 ejus
631 3037 916 3097 laboribus
957 3041 1282 3114 requiescat,
1324 3043 1544 3118 sibique
1585 3061 1719 3102 mox
1747 3045 2070 3104 desideratas

467 3126 674 3222 quietis
703 3128 1202 3222 ordinemquaarit,
1235 3141 1289 3190 et
1325 3134 1478 3192 velut
1504 3135 1781 3208 quoddam
1810 3144 2064 3205 stratum,
2099 3159 2144 3222 ο

465 3216 548 3275 sic
577 3232 610 3272 a
637 3219 853 3275 cunctis
898 3217 1181 3278 laboribus
1219 3222 1538 3280 cessationis
1585 3224 1766 3282 locum
1815 3224 2067 3282 invenire

463 3302 826 3376 concupiscit.
859 3305 963 3362 Sed
993 3306 1124 3380 quia
1153 3307 1208 3363 in
1240 3309 1354 3368 hac'
1372 3311 1489 3369 vita
1516 3311 1698 3370 adhuc
1727 3311 1895 3369 homo
1922 3312 2066 3386 posi-

464 3399 572 3461 tus,
605 3391 664 3448 in
693 3391 990 3464 cujuslibet
1017 3395 1232 3453 ordinis
1281 3399 1422 3468 loco,
1453 3399 1512 3455 in
1540 3399 1838 3472 cujuslibet
1869 3401 2065 3458 secreti

465 3481 486 3516 ³
517 3497 730 3539 secessu
749 3482 939 3540 vivere
958 3483 1079 3542 sine
1104 3487 1504 3546 tentationibus
1523 3491 1839 3546 nullatenus
1859 3499 2066 3564 potest,

463 3571 788 3646 plerumque
817 3573 956 3630 inid
984 3574 1134 3646 quod
1152 3575 1219 3632 ad
1242 3579 1486 3651 requiem
1509 3580 1868 3648 construitur,
1892 3579 2068 3652 major

461 3656 626 3714 dolor
656 3661 978 3719 tentationis
1007 3663 1310 3724 invenitur.
1347 3667 1502 3725 Unde
1532 3677 1677 3726 recte
1706 3685 1801 3741 per
1830 3669 2065 3741 Prophe-

461 3754 572 3804 tam
601 3746 809 3806 dicitur
841 3767 854 3806 :
893 3751 1206 3809 Universum
1223 3761 1451 3812 stratum
1469 3756 1582 3828 ejus
1601 3757 1825 3814 versasti
1841 3758 1900 3813 in
1915 3757 2067 3829 inﬁr-

461 3834 640 3893 mitate
667 3835 800 3908 eius.
831 3840 914 3898 Ac
939 3840 986 3897 si
1007 3839 1217 3901 diceret
1252 3861 1266 3900 :
1297 3845 1473 3903 Omne
1492 3846 1638 3920 quod
1659 3845 1752 3903 hic
1779 3845 1886 3903 sibi
1914 3862 2065 3919 para-

462 3923 544 3982 vit
571 3925 640 3982 ad
669 3928 936 4002 requiem,
979 3929 1089 3989 hoc
1132 3933 1184 3989 ei
1235 3935 1464 3992 mutasti
1509 3936 1728 3994 occulto
1753 3934 1968 4007 judicio
1997 3934 2066 3991 ad

445 4014 950 4084 perturbationem.
984 4019 1144 4086 Quod
1165 4021 1258 4092 pio
1279 4021 1500 4094 quidem
1533 4025 1554 4058 ³
1584 4023 1682 4080 Dei
1703 4024 1936 4083 consilio
1955 4023 2064 4096 agi-

462 4113 571 4173 tur,
606 4116 668 4164 ut
686 4107 854 4181 hujus
875 4111 1334 4183 peregrinationis
1353 4123 1599 4188 tempore
1618 4117 1919 4176 electorum
1949 4117 2066 4174 vita

463 4193 735 4252 turbetur.

535 4282 674 4357 [Vet.
704 4285 840 4344 XXI
849 4286 932 4363 V.]
961 4285 1052 4344 47.
1081 4289 1182 4346 Hic
1227 4291 1424 4363 optimo
1470 4293 1571 4350 Dei
1614 4296 1836 4353 consilio
1863 4297 2066 4371 aﬂligi—

461 4389 604 4443 mur,
623 4389 688 4430 ne
713 4373 859 4430 viam
872 4393 978 4448 pro
991 4379 1179 4450 patria
1199 4380 1508 4453 diligamus.
1529 4413 1602 4426 —
1629 4384 1735 4442 Via
1763 4385 1966 4459 quippe
1984 4393 2067 4442 est

463 4463 579 4521 vita
605 4481 863 4538 praesens,
908 4484 1018 4542 qua
1041 4468 1112 4526 ad
1141 4471 1376 4544 patriam
1414 4473 1695 4532 tendimus
1727 4493 1742 4541 ;
1774 4483 1829 4532 et
1858 4475 2065 4533 idcirco

462 4552 556 4610 hic
581 4554 804 4612 occulto
827 4553 1043 4628 judicio
1072 4558 1348 4634 frequenti
1390 4562 1803 4634 perturbatione
1831 4565 2065 4622 conteri-

463 4659 606 4713 mur,
638 4661 707 4702 ne
737 4647 885 4704 viam
929 4665 1031 4721 pro
1071 4650 1245 4721 patria
1288 4651 1604 4726 diligamus.
1639 4654 1830 4711 Solent
1857 4655 2062 4711 etenim

461 4734 718 4792 nonnulli
765 4735 1024 4804 viatores,
1073 4754 1198 4794 cum
1248 4755 1463 4798 ammna
1506 4742 1736 4799 fortasse
1781 4741 1838 4796 in
1869 4742 2065 4798 itinere

461 4831 616 4895 prata
641 4823 1012 4896 conspiciunt,
1059 4827 1320 4898 pergendi
1369 4845 1551 4885 moras
1599 4829 1895 4898 innectere,
1951 4838 2005 4886 et
2033 4847 2065 4886 a

459 4912 624 4985 coepti
657 4911 878 4969 itineris
906 4913 1241 4972 rectitudine
1269 4914 1567 4986 declinare,
1591 4934 1892 4992 eorumque
1921 4933 2064 4991 gres-

459 5017 554 5057 sus
580 5001 762 5060 tardat
793 5001 1150 5074 pulchritudo
1171 5005 1407 5074 itineris,
1430 5005 1562 5063 dum
1582 5007 1836 5065 delectat.
1859 5007 2066 5066 Electis

459 5105 588 5160 ergo
615 5090 730 5146 suis
758 5091 826 5148 ad
873 5110 930 5150 se
977 5094 1335 5168 pergentibus
1366 5097 1637 5154 Dominus
1675 5097 1844 5171 hujus
1873 5097 2066 5153 mundi

461 5175 567 5232 iter
594 5192 847 5250 asperum
877 5181 1032 5253 facit,
1083 5199 1152 5240 ne
1196 5183 1328 5241 dum
1360 5185 1595 5260 quisque
1625 5185 1756 5242 vita:
1785 5185 2071 5259 praesentis

461 5265 668 5338 requie,
700 5267 863 5341 quasi
916 5273 1238 5332 amoenitate
1284 5273 1389 5332 via:
1445 5275 1710 5349 pascitur,
1741 5276 1915 5350 magis
1942 5293 2068 5334 eum

460 5353 560 5410 diu
605 5371 845 5428 pergere,
895 5375 1058 5432 quam
1103 5361 1273 5420 citius
1316 5364 1606 5438 pervenire
1651 5363 1932 5435 delectet;
1977 5383 2068 5437 ne,

536 5608 552 5684 ξ
583 5609 747 5684 Deest
774 5608 1021 5684 infirmus
1051 5611 1117 5684 in_
1130 5612 1352 5684 Pratel.,
1373 5615 1656 5682 Beocensi,
1682 5614 1825 5672 Utic.
1849 5625 1903 5672 et
1921 5614 2064 5672 aliis.

461 5679 561 5806 mf
598 5681 662 5736 In
709 5679 908 5737 iisdem
956 5682 1310 5752 membranis,
1337 5679 1563 5742 'recessu
1592 5679 1764 5742 vivere
1806 5686 1919 5742 sine
1966 5691 2069 5742 ten-

541 5766 675 5806 tono.

541 5766 675 5806 ωηο.

2176 1962 2460 2034 Scriptura
2501 1980 2653 2022 sacra
2699 1965 2932 2023 virtutes
2973 1969 3295 2042 accipimus,
3340 1969 3486 2027 sicut
3513 1969 3779 2042 scriptum

2175 2058 2290 2106 est:
2324 2051 2584 2108 Dominus
2611 2053 2838 2110 custodit
2864 2057 3044 2112 omnia
3071 2073 3190 2112 ossa
3217 2073 3420 2123 eorum,
3441 2073 3607 2112 unum
3623 2073 3692 2113 ea:
3709 2057 3784 2112 eis

2175 2154 2284 2194 non
2323 2146 2619 2197 conteretur
2657 2135 2840 2212 (Psal.
2873 2161 3078 2214 xxxiii,
3108 2145 3225 2218 21).
3259 2144 3417 2214 Quod
3446 2145 3638 2218 utique
3668 2161 3782 2202 non

2177 2225 2245 2284 de
2273 2227 2494 2286 ossibus
2523 2231 2790 2302 corporis,
2823 2233 2845 2269 ⁴
2874 2233 2969 2290 sed
2997 2233 3067 2290 de
3095 2233 3310 2290 viribus
3330 2233 3539 2292 dicitur
3556 2233 3778 2290 mentis.

2174 2318 2312 2376 Nam
2355 2327 2504 2376 certe
2548 2320 2809 2378 novimus
2851 2323 3000 2396 quod
3044 2333 3099 2382 et
3139 2325 3444 2381 multorum
3475 2325 3781 2396 martyrum

2176 2409 2540 2480 corporaliter
2566 2426 2688 2467 ossa
2719 2411 3002 2472 confracta
3031 2422 3178 2483 sunt,
3210 2423 3264 2472 et
3283 2422 3656 2486 persecutores
3673 2415 3776 2470 Do-

2177 2497 2337 2566 mini,
2386 2499 2616 2557 latronis
2657 2501 2830 2571 illius,
2878 2504 2970 2560 cui
3018 2503 3227 2562 dictum
3257 2511 3359 2573 est,
3391 2505 3560 2563 Hodie
3583 2520 3782 2560 mecum

2176 2586 2282 2642 eris
2301 2587 2360 2642 in
2371 2589 2632 2660 paradiso
2647 2589 2805 2660 (Luc.
2824 2607 2990 2661 χχιιι,
3011 2592 3128 2666 43),
3148 2593 3292 2651 sicut
3310 2593 3542 2651 latronis
3555 2593 3782 2650 alterius

2177 2675 2237 2732 in
2265 2693 2429 2735 cruce
2456 2694 2620 2735 crura
2645 2677 2945 2750 fregerunt.
2979 2681 3116 2740 Cum
3148 2699 3276 2756 ergo
3307 2683 3552 2756 increpat
3569 2699 3666 2756 per
3683 2683 3780 2739 do-

2177 2764 2350 2822 lorem
2380 2765 2439 2822 in
2469 2767 2692 2846 lectulo,
2723 2768 2914 2826 omnia
2941 2785 3066 2827 ossa
3104 2770 3240 2828 facit
3267 2786 3619 2840 marcescere,
3651 2772 3782 2846 quia

2176 2869 2302 2912 cum
2333 2855 2391 2912 in
2419 2871 2483 2912 ea
2510 2845 2698 2928 requie
2727 2873 2891 2930 quam
2922 2857 3085 2914 nobis
3113 2857 3183 2914 ab
3212 2857 3319 2916 hoc
3345 2861 3547 2918 saeculo
3577 2845 3781 2935 praepa-

2175 2959 2361 3000 ramus
2401 2943 2615 3016 ﬂagello
2644 2944 2962 3002 tentationis
3004 2946 3294 3016 aﬁicimur,
3327 2947 3424 3020 qui
3451 2947 3684 3006 fortasse
3711 2949 3783 3007 de

2176 3031 2478 3090 virtutibus
2497 3031 2700 3090 nostris
2719 3031 2899 3090 inﬂari
2919 3034 3224 3106 potuimus,
3237 3036 3474 3109 cognitas
3489 3034 3781 3094 inﬁrmita-

2175 3121 2249 3178 tis
2275 3130 2477 3179 nostrze
2503 3121 2668 3179 taedio
2697 3132 3079 3181 extenuamur.
3103 3123 3243 3182 Cum
3272 3123 3423 3181 enim
3455 3123 3598 3182 sicut
3627 3124 3778 3198 cupi-

2174 3226 2298 3267 mus
2324 3209 2394 3268 ad
2420 3213 2594 3268 Deum
2625 3211 2963 3284 proﬁcimus,
2994 3213 3042 3270 si
3063 3213 3370 3287 profectum
3393 3223 3645 3272 nostrum
3665 3221 3780 3272 ten-
3817 3202 3824 3211 ’

2173 3299 2308 3357 tatio
2356 3300 2511 3358 nulla
2551 3301 2809 3374 pulsaret,
2861 3301 3100 3376 alicujus
3144 3319 3246 3360 nos
3289 3303 3636 3360 fortitudinis
3664 3321 3780 3362 esse

2173 3386 2537 3446 crederemus.
2581 3389 2688 3446 Sed
2733 3391 2866 3464 quia
2905 3389 3195 3450 nobiscum
3236 3408 3477 3466 superna
3504 3391 3779 3466 dispensa-

2174 3477 2327 3534 tione
2353 3477 2552 3550 agitur,
2585 3486 2648 3536 ut
2678 3478 3021 3538 inﬁrmitatis
3047 3490 3251 3539 nostrae
3281 3481 3413 3556 quia
3432 3479 3780 3554 proﬁcientes

2175 3564 2582 3635 obliviscimur,
2617 3573 2762 3632 755
2791 3569 2988 3626 tentati
3016 3571 3342 3640 recolamus,
3367 3578 3422 3628 et
3449 3569 3507 3626 in
3526 3569 3776 3642 profectu

2174 3672 2361 3720 nostro
2402 3665 2536 3737 quid
2576 3664 2645 3722 de
2672 3665 2868 3726 divino
2897 3685 3141 3738 munere,
3175 3678 3229 3726 et
3255 3669 3311 3725 in
3341 3668 3643 3728 tentatione
3673 3683 3780 3726 co-

2174 3752 2490 3825 gnoscimus
2517 3755 2612 3829 qui
2686 3756 2756 3815 de
2783 3759 3023 3832 propriis
3042 3759 3258 3816 viribus
3285 3774 3494 3814 sumus.
3527 3758 3660 3825 Qum
3677 3773 3778 3813 nos

2175 3841 2421 3913 profecto
2451 3845 2680 3901 tentatio
2721 3846 2792 3902 ad
2821 3848 3044 3918 plenum
3087 3854 3322 3919 raperet,
3365 3845 3474 3900 nisi
3510 3846 3780 3916 protectio

2173 3947 2410 4002 superna
2437 3942 2696 3990 servaret.
2729 3933 2835 3990 Sed
2863 3935 3064 4006 pulsat,
3109 3951 3212 3992 nec
3239 3934 3480 4007 frangit;
3515 3934 3775 4008 impellit,

2173 4035 2274 4076 nec
2301 4028 2523 4086 movet;
2554 4021 2751 4094 quatit,
2785 4038 2889 4080 nec
2915 4021 3125 4094 dejicit,
3147 4031 3211 4080 ut
3237 4021 3304 4079 de
3327 4031 3516 4080 nostra
3545 4022 3779 4081 inﬁrmi-

2171 4118 2281 4167 tate
2325 4109 2624 4167 sentiamus
2670 4127 2790 4169 esse
2830 4114 2853 4148 ⁸
2885 4112 3036 4186 quod
3065 4111 3370 4186 quatimur,
3401 4122 3457 4170 et
3485 4112 3554 4170 de
3582 4113 3780 4170 divino

2171 4215 2398 4257 munere
2425 4216 2540 4257 esse
2568 4200 2716 4274 quod
2743 4211 2971 4260 stamus.
3003 4205 3076 4260 Et
3103 4203 3235 4278 quia
3279 4218 3423 4276 saepe
3451 4203 3638 4260 anima
3665 4203 3782 4260 ali-

2171 4289 2332 4363 cujus
2376 4289 2510 4346 boni
2557 4290 2664 4347 sibi
2711 4291 2952 4361 conscia,
2995 4309 3122 4351 cum
3151 4292 3387 4350 virtutes
3416 4308 3542 4349 suas
3569 4290 3678 4348 sibi
3708 4289 3780 4348 ad

2173 4379 2490 4437 memoriam
2523 4390 2762 4451 revocat,
2795 4380 3029 4456 quadam
3050 4381 3419 4440 delectatione
3439 4382 3702 4456 pascitur,
3725 4391 3782 4440 et

2171 4470 2333 4543 quasi
2353 4471 2717 4542 gratulatione
2736 4472 2971 4545 propria
2992 4471 3358 4544 plenitudinis
3378 4472 3775 4546 impinguatur,

2176 4557 2316 4616 bene
2370 4559 2578 4618 dicitur
2621 4560 2769 4634 quod
2817 4563 3121 4620 tentatione
3152 4562 3404 4635 pulsante
3435 4569 3779 4619 marcescunt

2172 4665 2316 4718 ossa,
2362 4651 2495 4724 quia
2534 4649 2668 4707 dum
2697 4652 2920 4726 propria
2949 4653 3246 4710 inﬁrmitas
3276 4652 3580 4710 tentatione
3610 4651 3776 4707 inter-

2173 4748 2396 4812 rogante
2438 4742 2806 4814 cognoscitur,
2857 4743 3039 4800 omnis
3079 4743 3178 4799 illa
3203 4750 3514 4800 nostrarum
3547 4740 3780 4808 virium,

2174 4827 2329 4885 velut
2359 4829 2582 4900 pinguis
2610 4829 2917 4905 viridisque
2936 4831 3252 4905 gratulatio,
3277 4829 3462 4888 subito
3481 4827 3780 4886 anxietatis

2174 4906 2407 4974 moerere
2455 4916 2712 4986 siccatur,
2764 4928 2818 4976 et
2847 4921 2943 4992 qui
2972 4937 3074 4978 nos
3101 4919 3336 4993 alicujus
3365 4935 3482 4976 esse
3513 4917 3777 4974 momenti

2173 5006 2318 5062 bona
2346 5014 2533 5062 nostra
2561 5007 2840 5078 pensando
2871 5009 3228 5079 credidimus,
3262 5007 3464 5082 pulsati
3484 5007 3646 5080 paulo
3665 5023 3780 5062 am-

2175 5096 2320 5170 plius
2351 5095 2626 5168 perituros
2674 5111 2776 5152 nos
2799 5095 2915 5170 jam
2957 5096 3182 5171 jamque
3209 5095 3591 5154 formidamus.
3624 5094 3782 5154 Tunc

2180 5200 2342 5242 omne
2386 5185 2660 5242 bonorum
2703 5194 3017 5244 nostrorum
3046 5186 3306 5260 gaudium
3340 5187 3576 5242 vertitur
3603 5184 3660 5240 in
3690 5201 3780 5257 pa-

2181 5291 2368 5332 vorem
2401 5291 2706 5348 paanarum.
2739 5274 2895 5333 Tunc
2921 5274 3146 5348 iniquos
3165 5292 3265 5332 nos
3285 5291 3402 5332 esse
3419 5271 3778 5346 deprehendi-

2181 5378 2323 5433 mus,
2373 5365 2469 5438 qui
2515 5372 2732 5423 sanctos
2774 5363 2938 5436 paulo
2965 5372 3093 5422 ante
3119 5363 3496 5424 credebamus.
3530 5359 3780 5418 Tabescit

2253 5616 2274 5650 ³
2305 5612 2600 5670 Omittitur
2627 5614 2727 5672 Dei
2755 5614 2813 5672 in
2842 5615 3043 5674 Pratel.

2253 5688 2274 5722 δ
2304 5683 2526 5758 Ebroic.
2560 5695 2614 5744 et
2642 5685 2900 5758 Yindoc.,
2933 5689 3020 5744 sed
3047 5687 3110 5743 de
3139 5684 3438 5758 virtutibus.

2255 5759 2275 5793 δ
2305 5757 2497 5816 Norm.
2530 5767 2583 5816 et
2613 5756 3047 5832 Vindoc.,'quod
3067 5756 3329 5831 patimur.
