4162 6184
288 286 385 369 ssi

996 314 1368 377 MORALIUM
1407 318 1542 377 LIB.
1604 322 1809 381 XXIII.
1851 354 1922 369 --
1958 329 2033 386 IN
2062 328 2291 389 CAPUT
2328 333 2567 393 XXXIII
2607 340 2671 395 Β.
2712 341 2864 398 JOB.

3479 352 3584 410 282

285 437 1130 549 Ϋξῗξιξξιξξηξξίξῗξῗίξιιξζηξεξ
1142 442 1315 549 ’(111οῇ
1339 444 1523 549 ’ρι’ίιιες
1548 462 1872 549 Ρνρεῐκξιᾞῐη
1898 453 1953 514 Α
1984 461 2075 510 cto
2102 456 2314 549 Spir_itu
2340 458 2488 549 intra
2513 460 2817 520 Ecclesiam
2848 465 3043 537 plenus
3070 480 3151 527 est
3179 486 3304 531 eum
3325 475 3420 549 qui
3442 478 3586 537 mala

280 524 550 583 arridebat
579 526 889 593 evanescit;
924 528 1021 585 lux
1051 528 1169 601 ipsa
1192 526 1417 589 fastidio
1447 543 1551 604 est,
1574 546 1631 594 et
1659 538 1789 594 solae
1817 554 1875 596 se

279 615 338 672 in
381 616 561 673 animo
591 615 827 672 tenebrat
873 619 1128 675 maeroris
1167 621 1499 692 eﬁ‘undunt;
1550 625 1692 683 nihil
1725 627 1874 700 quod

277 703 500 762 delectet
528 704 817 777 aspicitur,
842 706 996 764 triste
1020 717 1102 766 est
1118 709 1391 785 quidquid
1420 717 1685 779 occurrit.
1717 716 1874 775 Unde

277 802 328 852 et
350 802 468 868 apte
503 794 758 869 sequitur
780 812 793 851 :

652 918 883 978 CAPUT
912 921 1074 980 xxv
1103 921 1247 998 [Rea
1268 925 1477 1002 XVII].

334 1028 500 1085 Vens.
536 1027 626 1085 20.
651 1058 725 1070 —
747 1028 763 1063 ³
789 1029 1183 1089 Abominabilis
1210 1032 1257 1088 ei
1282 1034 1415 1105 ﬁtin
1436 1035 1551 1093 vita
1565 1053 1665 1094 sua
1688 1037 1869 1111 panis,

271 1124 316 1174 et
335 1117 523 1174 anima:
550 1118 708 1175 illius
736 1117 880 1174 cibus
917 1127 1038 1178 ante
1066 1122 1459 1182 desiderabilis.

333 1206 418 1263 49.
448 1207 558 1264 Per
579 1224 779 1280 panem
811 1208 869 1265 in
885 1211 1157 1283 Scriptum
1180 1229 1335 1270 sacra
1364 1216 1537 1272 multa
1551 1215 1872 1288 signiﬁcan—

272 1303 383 1353 tur:
404 1299 457 1355 1ο
492 1298 782 1365 Christus;
803 1300 862 1357 2°
877 1301 1058 1372 gratia
1079 1319 1101 1368 ;
1120 1300 1179 1357 3°
1199 1319 1355 1359 sacra
1374 1303 1622 1360 doctrina
1640 1320 1663 1371 ;
1692 1303 1750 1360 4ο
1769 1305 1869 1361 hle-

270 1387 538 1443 reticorum
608 1389 927 1460 praedicatio
948 1407 969 1455 ;
996 1389 1054 1446 5°
1086 1391 1380 1448 subsidium
1407 1392 1529 1449 vita
1549 1393 1830 1464 praesentis
1851 1410 1872 1459 ;

269 1475 320 1531 6ο
347 1475 666 1547 jucunditas
693 1478 938 1535 humana:
967 1478 1347 1538 delectationis.
1380 1512 1451 1523 —
1479 1484 1562 1539 Ac
1592 1483 1641 1538 si
1687 1490 1872 1556 aperte

269 1565 433 1623 dicat:
467 1567 698 1624 Aﬁlicta
716 1583 871 1624 mens
897 1567 1005 1624 sibi
1037 1568 1094 1624 in
1111 1570 1539 1628 amaritudinem
1557 1569 1700 1628 verti
1728 1585 1873 1627 con-

271 1656 463 1713 siderat
491 1656 770 1731 quidquid
792 1673 849 1714 se
876 1665 1037 1713 antea
1064 1656 1267 1714 blande
1311 1659 1656 1732 libenterque
1694 1660 1871 1716 satia-

270 1744 371 1802 bat.
395 1743 539 1818 [Vet.
563 1746 670 1802 XX
676 1744 762 1820 V.]
792 1746 858 1802 In
887 1744 1174 1819 Scriptura
1192 1747 1341 1803 enim
1363 1764 1516 1805 sacra
1540 1749 1700 1821 panis
1720 1748 1741 1783 ³
1770 1747 1868 1805 ali-

1981 561 2081 603 sua
2109 547 2340 605 evadere
2369 548 2570 607 nititur
2617 552 2948 611 eruditionis
2977 547 3581 632 alloquioconsoletur.

1981 635 2189 707 Fugien
2199 636 2237 693 ti
2267 638 2480 696 scilicet
2495 657 2619 697 cum
2650 644 2885 716 panibus
2906 662 3191 706 occurrere
3212 661 3294 709 est
3314 663 3584 719 metuenti

1981 734 2182 783 aterna
2228 729 2499 801 supplicia
2544 730 2810 791 doctrinae
2857 752 3022 794 sacrae
3069 753 3218 797 escas
3263 743 3477 815 oﬂ‘erre,
3525 759 3581 807 et

1981 814 2146 871 modo
2175 825 2448 874 tumorem
2478 829 2684 878 terrore
2711 825 3091 897 comprimere,
3123 829 3288 886 modo
3318 814 3579 904 pavorem

1980 904 2364 966 exhortatione
2392 910 2655 970 refovere.
2688 913 2828 983 Quia
2854 918 3011 989 panis
3030 919 3256 978 refectio
3285 921 3583 996 Scripturas

1979 1011 2145 1052 sacrae
2190 996 2302 1053 non
2349 999 2801 1061 inconvenienter
2845 1008 3131 1080 accipitur,
3180 1026 3277 1083 per
3322 1014 3579 1071 eumdem

1979 1088 2301 1160 prophetam
2339 1090 2543 1149 Iudaeis
2572 1094 2743 1151 solam
2773 1096 3014 1154 litteram
3045 1101 3391 1158 servantibus
3442 1102 3585 1162 dici-

1978 1185 2105 1233 tur:
2163 1180 2337 1246 Quare
2382 1182 2681 1252 appenditis
2723 1194 3019 1258 argentum,
3064 1194 3112 1244 et
3136 1206 3242 1245 non
3269 1190 3327 1246 in
3359 1193 3587 1265 panibus

1982 1266 2137 1338 (Isai.
2170 1283 2260 1335 LV,
2293 1267 2352 1341 2)
2378 1269 2406 1325 ‘i
2433 1271 2511 1325 Ac
2526 1271 2571 1327 si
2601 1271 2810 1330 diceret
2835 1292 2849 1330 :
2880 1276 3125 1334 Pensatis
3153 1294 3306 1336 sacra
3336 1281 3577 1354 eloquia,

1979 1354 2074 1412 sed
2116 1372 2226 1412 non
2270 1357 2329 1413 in
2359 1358 2676 1430 refectione,
2712 1362 2842 1435 quia
2870 1363 3002 1420 dum
3033 1367 3203 1423 solam
3235 1369 3435 1427 litterae
3465 1389 3586 1445 spe-

1978 1444 2118 1500 ciem
2164 1445 2473 1515 custoditis,
2523 1447 2590 1504 de
2631 1450 2864 1522 spiritali
2896 1453 3262 1527 intelligentia
3290 1444 3586 1531 pinguedi-

1979 1551 2104 1591 nem
2149 1536 2376 1594 internae
2423 1538 2737 1599 refectionis
2783 1543 3057 1601 amittitis.
3093 1545 3247 1605 Unde
3294 1548 3414 1605 illic
3459 1559 3586 1621 apte

1978 1624 2366 1787 iubjungitur:
2417 1628 2493 1686 Et
2520 1629 2750 1687 laborem
2790 1638 3021 1691 vestrum.
3059 1651 3167 1692 non
3202 1634 3259 1693 in
3299 1638 3581 1697 saturitate

2008 1714 2199 1787 Ibid).

2008 1714 2199 1787 nia).

269 1833 483 1907 quando
512 1834 632 1908 ipse
659 1818 950 1903 Doininus,
1002 1818 1301 1908 aliquando
1331 1818 1638 1909 spiritualis
1666 1836 1863 1909 gratia,
1898 1818 1945 1878 Β
2053 1836 2190 1912 [νει.
2241 1841 2341 1897 XX
2351 1841 2467 1917 VL]
2516 1844 2753 1901 Rursum
2802 1863 2898 1920 per
2944 1864 3140 1920 panem
3187 1849 3577 1907 haereticorum

266 1922 567 1996 aliquando
587 1923 789 1979 divinae
811 1922 1077 1981 doctrinae
1098 1924 1359 1995 eruditio,
1381 1925 1679 1999 aliquando
1698 1926 1871 1983 haere-

265 2012 507 2070 ticorum
538 2013 874 2086 praedicatio,
916 2014 1216 2088 aliquando
1245 2015 1556 2073 subsidium
1578 2018 1708 2073 vitae
1736 2033 1871 2089 prae-

266 2100 452 2169 sentis,
489 2101 790 2176 aliquando
820 2101 1145 2176 jucunditas
1168 2104 1445 2180 humanae
1491 2105 1873 2166 delectationis

267 2193 553 2266 accipitur.

334 2282 395 2338 In
424 2299 567 2355 pane
581 2282 854 2340 Dominus
874 2283 1145 2356 signatur,
1177 2284 1321 2343 sicut
1352 2286 1548 2359 ipsein
1570 2286 1876 2359 Evangelio

266 2369 433 2428 dicit:
466 2374 586 2444 Ego
641 2388 759 2428 sum
777 2372 937 2445 panis
967 2373 1139 2440 vivus,
1194 2375 1287 2446 qui
1344 2375 1405 2432 de
1451 2376 1576 2432 caelo
1631 2374 1877 2431 descendi

264 2459 447 2531 (Joan.
466 2479 550 2531 v1,
568 2463 686 2535 51).

329 2552 585 2610 Rursum
614 2568 713 2624 per
736 2567 930 2624 panem
954 2553 1129 2625 gratia
1146 2552 1280 2609 doni
1297 2553 1566 2624 spiritalis
1587 2553 1878 2625 accipitur,

262 2640 408 2699 sicut
451 2657 556 2712 per
609 2640 930 2714 prophetam
978 2641 1228 2715 dicitur:
1294 2643 1398 2712 Qui
1453 2644 1667 2700 obturat
1719 2661 1879 2702 aures

261 2746 409 2798 suas,
443 2746 514 2784 ne
541 2729 734 2785 audiat
762 2730 1090 2802 sanguinem,
1119 2737 1169 2786 et
1192 2732 1397 2788 claudit
1440 2734 1615 2790 oculos
1644 2750 1783 2803 suos,
1815 2751 1879 2791 ne

264 2818 438 2874 videat
464 2818 693 2885 malum,
728 2818 821 2874 iste
848 2818 904 2874 in
950 2820 1164 2874 excelsis
1208 2819 1507 2877 habitabit:
1557 2823 1880 2880 munimenta

266 2922 527 2964 saxorum
581 2905 879 2963 sublimitas
932 2906 1066 2977 ejus,
1090 2909 1252 2979 panis
1280 2910 1328 2965 ei
1373 2910 1530 2967 datus
1584 2917 1658 2967 est
1710 2912 1875 2983 (Isai.

271 3012 469 3065 χχχιιι,
502 2995 621 3069 15).
655 2993 801 3063 Quid
830 3004 911 3052 est
937 2996 1086 3052 enim
1133 2996 1390 3056 obturare
1429 3016 1590 3058 aures
1618 3018 1763 3070 suas,
1805 3018 1877 3060 ne

271 3085 455 3143 audiat
476 3083 831 3157 sanguinem,
863 3084 971 3140 nisi
993 3086 1231 3157 peccatis
1250 3088 1629 3159 suadentibus,
1658 3107 1779 3164 quae
1808 3089 1879 3147 de

1981 1929 2300 2002 praedicatio
2328 1930 2666 2005 designatur,
2698 1934 2843 1992 sicut
2872 1952 2968 2008 per
2996 1937 3343 1994 Salomonem
3375 1940 3579 1995 mulier

1982 2018 2252 2076 haeretica:
2295 2021 2537 2078 ecclesiae
2580 2031 2773 2096 typum
2804 2034 3037 2097 gestans,
3068 2036 3122 2085 et
3150 2029 3348 2085 stultos
3378 2045 3581 2087 convo-

1981 2125 2130 2177 cans,
2163 2108 2334 2167 dicit:
2386 2112 2559 2167 Panes
2599 2115 2824 2170 occultos
2869 2115 3085 2173 libenter
3111 2117 3244 2174 edite
3269 2118 3462 2190 (Prov.
3496 2137 3576 2189 ιχ,

1986 2199 2098 2270 17).
2150 2198 2272 2268 Vel,
2305 2200 2447 2258 sicut
2476 2202 2533 2257 in
2564 2211 2751 2260 nostra
2778 2206 3132 2263 translatione
3160 2207 3426 2280 scriptum
3457 2219 3539 2267 est
3564 2229 3576 2268 :

1983 2290 2152 2361 Aqua
2177 2290 2394 2361 furtti
2420 2291 2679 2349 dulciores
2707 2300 2849 2360 sunt,
2870 2302 2919 2350 et
2930 2296 3090 2367 panis
3109 2298 3442 2355 absconditus
3461 2317 3584 2357 sua-

1983 2377 2121 2435 vior.
2173 2379 2313 2436 Sunt
2334 2381 2505 2437 enim
2535 2383 2817 2440 nonnullae
2847 2382 3080 2442 haereses
3109 2401 3230 2458 qua:
3257 2397 3441 2460 aperte
3469 2404 3578 2446 me-

1985 2477 2149 2526 tuunt
2177 2470 2472 2542 praedicare
2502 2472 2650 2546 quod
2677 2473 2943 2543 sentiunt,
2976 2484 3030 2532 et
3057 2476 3203 2548 apud
3235 2476 3583 2536 inﬁrmorum

1984 2568 2196 2617 mentes
2245 2560 2413 2618 verba
2456 2577 2554 2619 sua
2578 2552 2750 2619 tanto
2797 2564 2970 2635 magis
3000 2565 3020 2599 ‘
3051 2565 3340 2634 condiunt,
3385 2576 3592 2640 quanto

1985 2650 2142 2723 quasi
2170 2650 2407 2723 amplius
2437 2660 2747 2709 reverenter
2773 2650 3136 2710 abscondunt.
3162 2655 3315 2712 Unde
3334 2673 3448 2713 non
3486 2656 3592 2714 im-

1985 2740 2183 2797 merito
2216 2739 2454 2799 dicitur:
2490 2742 2661 2797 Panes
2689 2743 2913 2798 occultos
2943 2745 3160 2800 libenter
3185 2746 3335 2802 edite.
3378 2747 3593 2806 Miseris

1986 2830 2133 2886 enim
2164 2828 2422 2886 cordibus
2450 2831 2665 2888 occulta
2705 2831 3090 2890 haereticorum
3120 2836 3288 2893 verba
3315 2852 3380 2893 eo
3409 2836 3592 2909 magis

1986 2919 2226 2991 sapiunt,
2270 2936 2378 2992 quo
2432 2935 2556 2977 cum
2613 2921 2841 2995 reliquis
2896 2923 3266 2982 communiter
3320 2941 3432 2981 non
3490 2924 3584 2984 ha-

1990 3007 2213 3065 bentur.

2056 3098 2293 3156 Rursum
2323 3114 2420 3171 per
2447 3114 2643 3172 panem
2672 3100 2980 3159 subsidium
3011 3103 3292 3175 praesentis
3349 3104 3479 3161 vita:
3507 3121 3596 3164 ac-

272 3175 530 3248 sanguine
566 3183 620 3231 et
649 3188 813 3231 carne
841 3184 1163 3244 nascuntur,
1196 3194 1308 3234 non
1347 3179 1589 3252 praebere
1632 3196 1875 3238 consen-

1986 3190 2212 3265 cipitur,
2244 3192 2386 3249 sicut
2413 3191 2579 3250 Iacob
2607 3192 2677 3250 ad
2694 3192 2879 3250 Laban
2899 3193 3191 3264 transiens,
3223 3195 3335 3251 ait:
3362 3196 3592 3253 Domine

272 3280 386 3321 sum
404 3265 432 3320 ‘l
456 3265 529 3321 Et
561 3261 696 3336 quid
710 3270 812 3331 est,
838 3278 906 3317 ne
924 3264 1131 3320 malum
1162 3266 1366 3336 videat,
1389 3268 1579 3326 oculos
1601 3267 1876 3338 claudere,

273 3354 379 3409 nisi
412 3370 578 3411 omne
598 3354 747 3429 quod
775 3353 1104 3412 rectitudini
1134 3357 1427 3415 adversum
1450 3368 1533 3416 est
1548 3375 1661 3415 non
1686 3376 1879 3433 appro-

273 3445 395 3502 bare
413 3444 441 3501 ?
464 3446 576 3501 Iste
603 3443 661 3500 in
689 3444 924 3502 excelsis
954 3442 1256 3517 habitabit,
1290 3448 1423 3521 quia
1468 3448 1724 3521 quamvis
1752 3464 1877 3504 eum

275 3532 448 3592 adhuc
474 3551 605 3592 caro
634 3535 692 3591 in
740 3534 1102 3592 inferioribus
1126 3535 1349 3605 retinet,
1392 3545 1633 3593 mentem
1679 3535 1794 3608 jam
1820 3538 1879 3592 in

274 3623 606 3680 sublimibus
660 3623 804 3680 ﬁxit.
861 3624 1209 3683 Munimenta
1258 3642 1521 3682 saxorum
1565 3624 1881 3683 sublimitas

276 3711 419 3784 ejus,
453 3713 589 3786 quia
620 3714 642 3748 ³
672 3714 765 3787 qui
792 3713 1005 3786 abjecta
1033 3715 1309 3773 desideria
1336 3725 1565 3773 terrenae
1594 3731 1878 3773 conversa-

278 3801 445 3859 tionis
473 3803 673 3872 calcat,
720 3802 788 3859 ad
817 3819 1109 3876 supernam
1155 3805 1388 3878 patriam
1435 3821 1531 3878 per
1558 3804 1881 3879 praeceden—

279 3891 410 3947 tium
437 3902 660 3966 patrum
690 3893 945 3965 exempla
972 3908 1031 3949 se
1061 3892 1337 3952 sublevat.
1366 3895 1442 3952 Et
1471 3895 1602 3969 quia
1628 3910 1726 3969 per
1751 3911 1879 3953 con-

280 3982 646 4054 templationis
682 3983 891 4041 donum
920 3982 1096 4057 gratia
1151 3984 1391 4058 spiritali
1447 3985 1699 4055 satiatur,
1757 3996 1880 4060 apte

281 4070 658 4146 subiungitur:
690 4074 860 4131 Panis
888 4076 935 4133 ei
973 4074 1129 4131 datus
1173 4081 1266 4143 est,
1304 4074 1361 4132 id
1409 4085 1492 4132 est
1519 4075 1877 4133 refectionem

282 4160 533 4230 spiritalis
563 4163 752 4234 gratiae
782 4165 1036 4238 percipit,
1054 4164 1184 4239 quia
1211 4181 1269 4221 se
1291 4180 1323 4221 a
1347 4163 1514 4222 bonis
1543 4163 1752 4220 inﬁmis
1771 4181 1878 4222 cce-

285 4247 427 4308 lestia
454 4251 728 4325 sperando
756 4253 1063 4325 suspendit.
1096 4254 1238 4312 Hinc
1269 4254 1436 4311 etiam
1454 4253 1523 4310 de
1555 4262 1747 4311 sancta
1774 4254 1876 4311 Ec-

283 4338 433 4396 clesia
460 4356 559 4413 per
594 4341 775 4399 David
802 4342 1073 4400 Dominus
1100 4342 1269 4401 dicit:
1305 4344 1573 4416 Pauperes
1600 4342 1713 4413 eius
1734 4347 1877 4397 satu.

286 4428 401 4486 rabo
424 4431 656 4502 panibus
694 4432 869 4505 (Psal.
904 4450 1096 4502 cxxxr,
1135 4432 1249 4506 15),
1283 4434 1413 4507 quia
1441 4433 1499 4489 in
1542 4434 1639 4489 illa
1667 4441 1878 4489 mentes

1986 3282 2149 3347 Deus,
2177 3280 2227 3337 si
2252 3281 2458 3338 dederis
2484 3282 2615 3338 mihi
2634 3300 2827 3355 panem
2853 3285 2927 3340 ad
2952 3284 3401 3353 manducandum,
3429 3293 3477 3342 et
3509 3304 3594 3343 ve-

1987 3377 2116 3426 stem
2142 3372 2212 3428 ad
2240 3371 2566 3429 induendum
2604 3374 2820 3445 (Genes.
2852 3391 3053 3443 xxvm,
3085 3373 3201 3446 20).
3232 3375 3305 3430 Et
3349 3374 3494 3433 sicut
3523 3375 3581 3432 in

1987 3461 2290 3533 Evangelio
2338 3462 2607 3520 Dominus
2660 3464 2837 3521 turbis
2893 3480 2951 3521 se
3002 3463 3357 3537 sequentibus
3407 3463 3586 3521 dicit:

1992 3550 2241 3615 Qureritis
2271 3567 2369 3617 me,
2397 3568 2505 3607 non
2532 3553 2661 3624 quia
2688 3553 2895 3609 vidistis
2913 3554 3085 3625 signa,
3116 3553 3203 3608 sed
3221 3552 3350 3624 quia
3366 3553 3593 3609 mandu-

1987 3639 2146 3695 castis
2174 3657 2239 3695 ea:
2262 3641 2511 3713 panibus,
2542 3648 2591 3697 et
2616 3642 2849 3698 saturati
2875 3643 2997 3698 estis
3022 3643 3209 3712 (Joan.
3240 3659 3319 3711 γι,
3363 3642 3479 3716 26).
3512 3644 3593 3700 De

1988 3736 2193 3800 septem
2240 3728 2388 3784 enim
2431 3729 2666 3802 panibus
2694 3730 2912 3787 fuerant
2939 3731 3140 3787 satiati.
3171 3731 3245 3786 Et
3271 3747 3368 3803 per
3395 3747 3585 3788 eorum

1989 3830 2273 3887 personam
2302 3818 2573 3873 Dominus
2590 3817 2714 3873 illos
2744 3817 2890 3873 intra
2908 3826 3148 3874 sanctam
3171 3818 3474 3873 Ecclesiam
3497 3818 3589 3875 de-

1989 3911 2245 3972 testatur;
2262 3905 2361 3976 qui
2382 3920 2478 3976 per
2504 3920 2689 3961 sacros
2707 3904 2930 3961 ordines
2957 3904 3025 3961 ad
3044 3904 3342 3961 Dominum
3364 3905 3587 3976 propin-

1988 4001 2235 4067 quantes,
2267 4009 2380 4056 non
2422 3993 2480 4049 in
2508 3992 2714 4050 eisdem
2746 3993 3036 4050 ordinibus
3063 3992 3335 4050 virtutum
3365 3994 3586 4062 merita,

1986 4082 2081 4139 sed
2109 4082 2357 4140 subsidia
2383 4083 2511 4141 vitae
2532 4083 2814 4155 prmsentis
2833 4083 3133 4156 exquirunt
3158 4098 3171 4149 ;
3195 4098 3297 4140 nec
3337 4082 3582 4155 cogitant

1987 4174 2123 4248 quid
2169 4175 2408 4231 vivendo
2456 4174 2662 4233 imitari
2699 4175 2953 4245 debeant,
2986 4175 3081 4232 sed
3109 4190 3230 4248 quas
3258 4176 3585 4248 compendia

1987 4265 2338 4340 percipiendo
2390 4267 2678 4326 satientur.
2728 4268 2962 4325 Satiatos
3008 4266 3210 4341 quippe
3249 4266 3317 4323 de
3347 4267 3591 4340 panibus

1985 4359 2284 4415 Dominum
2326 4359 2480 4432 sequi
2528 4367 2608 4415 est
2654 4358 2721 4415 de
2766 4367 2954 4417 sancta
2982 4358 3227 4418 Ecclesia
3256 4360 3595 4431 temporalia

1987 4451 2248 4508 alimenta
2294 4452 2611 4523 sumpsisse.
2661 4453 2733 4507 Et
2760 4468 2871 4509 non
2904 4468 3003 4525 pro
3033 4451 3206 4524 signis
3235 4453 3256 4487 ⁸
3287 4459 3369 4509 est
3395 4452 3587 4507 Domi-

288 4515 575 4614 humilium
603 4521 792 4594 posita:
821 4522 1157 4597 spiritalium
1216 4522 1518 4595 implentur
1578 4521 1876 4580 refectione
1904 4535 1954 4594 Π
1983 4555 2138 4607 num,
2181 4538 2276 4595 sed
2320 4515 2440 4612 pro-
2469 4539 2704 4611 panibus
2751 4515 3012 4614 (Ῑιιωι-ὲιιθ,
3057 4515 3127 4597 δῇ
3156 4540 3442 4614 religionis
3473 4540 3590 4597 om.

288 4609 543 4673 donorum
554 4660 567 4674 .

350 4705 581 4765 Rursum
611 4725 709 4783 per
738 4726 932 4783 panem
948 4710 1162 4768 divinae
1180 4709 1447 4767 doctrinae
1461 4709 1702 4766 eruditio
1733 4715 1875 4773 756

287 4798 648 4875 designantur,
670 4807 819 4865 sicut
843 4824 940 4880 per
954 4806 1276 4881 prophetam
1296 4806 1520 4865 dicitur:
1549 4807 1652 4876 Qui
1671 4807 1874 4864 habita-

290 4891 349 4947 tis
366 4894 419 4948 in
433 4902 577 4954 terra
593 4898 807 4965 Austri,
823 4917 943 4955 cum
955 4899 1187 4972 panibus
1205 4899 1463 4955 occurrite
1475 4898 1698 4970 fugienti
1706 4898 1735 4969 (
1738 4900 1772 4956 Ι
1770 4898 1870 4955 sai.

290 4994 397 5049 XXI,
429 4985 539 5057 14).
572 4987 633 5042 In
662 4996 811 5044 terra
837 4988 1040 5061 quippe
1058 4987 1247 5044 Austri
1278 4986 1530 5044 habitant
1549 4988 1644 5061 qui
1667 4988 1725 5043 in
1753 5004 1872 5043 san-

289 5077 369 5125 cta
391 5072 636 5132 Ecclesia
662 5076 829 5149 positi
858 5077 1081 5150 superni
1101 5077 1340 5149 Spiritus
1359 5076 1627 5135 charitate
1642 5076 1872 5150 perﬂan-

293 5164 387 5215 tur.
433 5164 596 5237 Fugit
638 5174 822 5222 autem
869 5166 965 5239 qui
1004 5165 1170 5238 hujus
1210 5165 1404 5225 mundi
1455 5165 1599 5221 mala
1640 5165 1874 5222 evadere

289 5252 633 5325 concupiscit.
666 5254 776 5323 Qui
804 5270 931 5327 ergo
979 5255 1037 5312 in
1066 5263 1209 5313 terra
1263 5254 1450 5311 Austri
1502 5253 1737 5321 habitat,
1773 5254 1873 5310 fu-

290 5334 447 5405 gienti
473 5358 597 5400 cum
627 5342 865 5417 panibus
893 5352 1161 5412 occurrat,
1194 5342 1369 5409 idest,
1406 5342 1452 5397 is
1483 5342 1578 5415 qui
1604 5338 1719 5413 jam
1754 5357 1874 5398 san-

357 5569 648 5641 lVindoc.,
678 5571 1052 5630 abominabilis
1084 5571 1172 5628 illi
1199 5572 1326 5642 fuit.

356 5641 375 5675 ³
408 5641 511 5701 Hic
537 5644 594 5700 in
620 5645 772 5703 Edit.
805 5645 1077 5702 Gussanv.
1123 5652 1207 5699 est
1240 5659 1433 5703 magna
1464 5645 1676 5703 lacuna.
1708 5660 1845 5703 auat

356 5654 375 5675 ³
409 5654 511 5701 mc
537 5654 594 5700 in
620 5654 772 5703 Edit.
805 5654 1077 5702 Gussanv.
1123 5654 1207 5699 est
1240 5659 1433 5714 magna
1464 5654 1676 5715 lacuna,
1708 5660 1880 5719 quam

292 5725 381 5795 ορς
563 5726 617 5773 et
625 5727 745 5795 _vet.
760 5717 926 5795 _Edit.
945 5715 1290 5795 agnovimus.

356 5784 375 5818 ³
401 5784 599 5846 Omnes
623 5788 796 5858 Editi,
826 5784 1104 5856 mendose,
1123 5784 1355 5857 objecta.

1983 4627 2154 4696 cium,
2204 4644 2317 4684 non
2363 4645 2461 4701 pro
2509 4628 2773 4701 augendis
2802 4629 3122 4698 virtutibus,
3154 4628 3249 4687 sed
3280 4645 3378 4702 pro
3410 4628 3588 4702 requi'

1984 4715 2172 4772 rendis
2203 4715 2466 4773 subsidiis
2495 4715 2735 4773 inhiare.
3155 4716 3169 4725 '

2052 4805 2290 4862 Rursum
2316 4822 2411 4878 per
2440 4822 2634 4877 panem
2651 4803 2971 4878 jucunditas
2996 4806 3252 4863 humana:
3273 4802 3587 4861 delectatio-

1982 4895 2069 4950 nis
2098 4895 2385 4967 accipitur.
2419 4895 2574 4953 Unde
2603 4896 2865 4953 Jeremias
2896 4896 3164 4969 propheta
3191 4895 3326 4950 dum
3356 4908 3587 4964 synago-

1982 5001 2059 5056 gae
2088 4984 2331 5056 perditos
2378 5002 2557 5042 mores
2605 4985 2847 5053 deﬁeret,
2897 4985 3074 5040 dixit:
3134 4982 3316 5038 Omnis
3356 4980 3590 5052 populus

1981 5072 2097 5143 ejus
2141 5090 2344 5145 gemens
2389 5081 2437 5130 et
2481 5092 2717 5146 quarens
2770 5090 2999 5145 panem:
3048 5070 3302 5126 dederunt
3352 5068 3590 5141 pretiosa

1981 5178 2196 5233 qumque
2218 5180 2321 5234 pro
2347 5163 2456 5220 cibo
2485 5166 2557 5220 ad
2586 5162 2989 5234 refocillandam
3020 5158 3257 5215 animam
3286 5156 3514 5231 (Thren.
3551 5177 3590 5226 ι,

1985 5251 2097 5318 11).
2130 5251 2364 5309 Gemens
2378 5254 2525 5308 enim
2556 5250 2791 5323 populus
2811 5248 3009 5321 quaerit
3028 5262 3245 5320 panem,
3268 5246 3401 5305 dum
3423 5262 3591 5319 prava

1988 5339 2278 5396 hominum
2302 5339 2601 5396 multitudo
2623 5336 2905 5409 aﬂligitur,
2930 5337 3065 5410 quia
3093 5352 3203 5392 non
3225 5336 3293 5393 ad
3314 5345 3505 5394 votum
3527 5335 3594 5392 de

2064 5572 2084 5605 ‘
2114 5569 2342 5636 Turon.,
2376 5568 2622 5623 condunt.

2062 5643 2083 5677 ε
2115 5641 2367 5713 Plerique
2410 5641 2623 5713 Noun”
2657 5645 2731 5694 est
2757 5640 3043 5713 Dominum
3079 5656 3334 5712 queerere,
3379 5638 3464 5694 sed
3491 5653 3594 5708 pro

1987 5713 2216 5790 panibus
2244 5711 2317 5768 ad
2343 5711 2614 5785 religionis
2642 5711 2883 5788 olﬁciunt.
