4162 6184
508 295 612 353 283

1717 291 1965 350 SANCTI
2001 291 2340 352 GREGORII
2378 293 2603 353 MAGNI

3719 303 3822 361 284

511 422 798 496 praesentis
841 421 969 478 vita:
1003 420 1348 492 jucunditate
1375 421 1621 477 satiatur.
1654 419 1758 476 Sed
1788 430 1842 478 et
1870 423 2110 494 pretiosa
2134 425 2186 486 A
2215 423 2451 479 virtutes
2485 422 2821 492 humiliant;
2853 424 3067 497 ﬂagella
3094 425 3226 482 dum
3255 436 3495 498 tentant,
3542 441 3825 503 surgentes

513 528 744 585 quaeque
785 528 883 583 pro
929 509 1053 566 cibo
1094 509 1204 577 dat,
1238 509 1368 582 quia
1395 509 1627 566 virtutes
1657 511 1831 566 menti
1862 511 1919 566 in
1949 528 2118 584 appe-

512 603 674 660 titum
717 601 1096 656 delectationis
1139 600 1468 656 transitoriae
1499 601 1749 657 inclinat.
1791 603 1864 657 Et
1895 603 2114 659 refocil-

512 691 622 746 lare
667 688 904 744 animam
938 693 1081 750 757
1111 687 1329 757 nititur,
1363 688 1495 762 quia
1525 689 1796 762 perversis
1825 691 1940 747 suis
1971 691 2112 748 desi-

509 787 676 842 deriis
717 785 1030 841 satisfacere
1072 793 1320 841 conatur.
1367 786 1522 842 Unde
1549 786 1687 842 bene
1720 804 1852 844 mox
1882 804 1952 843 ex
1978 805 2113 846 voce

509 875 660 931 illius
707 875 891 929 electae
939 874 1317 931 multitudinis
1347 875 1572 932 subdit:
1615 877 1760 942 Vide,
1791 877 2036 943 Domine,
2065 885 2116 933 et

507 963 782 1018 considera
824 964 951 1033 quia
992 963 1136 1034 faeta
1177 983 1292 1018 sum
1336 966 1456 1021 vilis
1483 967 1717 1038 (Thren.
1751 984 1788 1034 ι,
1827 967 1936 1039 11).
1971 969 2112 1025 Vilis

507 1052 710 1124 quippe
738 1052 891 1124 plebs
921 1054 1018 1109 Dei
1043 1053 1296 1121 eﬂicitur,
1317 1055 1536 1126 quando
1559 1071 1856 1127 pravorum
1879 1072 2112 1113 numero

508 1149 804 1208 crescente,
853 1141 911 1196 in
959 1143 1036 1197 eis
1081 1160 1192 1198 non
1239 1159 1454 1199 summa
1492 1145 1558 1200 'et
1603 1143 1864 1212 coelestia,
1897 1144 1991 1200 sed
2020 1144 2110 1201 ab-

504 1231 650 1302 jecta
680 1240 735 1288 et
763 1240 978 1288 terrena
1005 1240 1263 1290 sectatur.

583 1320 723 1393 [Vet.
765 1322 1020 1397 XXVII.]
1069 1324 1156 1379 50.
1207 1324 1478 1394 Quidquid
1505 1325 1666 1396 sap-it,
1713 1325 1767 1378 vi
1814 1324 2112 1380 tentationis

515 1412 1020 1468 aniarescit.—Eliu
1041 1413 1224 1486 itaque
1244 1413 1376 1486 quid
1396 1414 1548 1470 aliud
1569 1431 1762 1486 panem
1790 1431 1952 1486 quam
1976 1430 2111 1486 prae-

514 1503 685 1558 sentis
713 1502 840 1558 vitae
870 1502 1285 1562 delectationem
1310 1508 1514 1562 vocat?
1544 1505 1650 1574 Qui
1678 1515 1964 1578 postquam
1994 1507 2109 1562 vim

509 1590 834 1647 tentationis
855 1593 1143 1666 expressit,
1176 1593 1324 1650 illico
1345 1595 1593 1651 subdidit
1618 1611 1630 1651 :
1652 1596 2041 1651 Abominabilis
2065 1597 2114 1650 ei

511 1681 572 1750 ﬁt
597 1680 655 1734 in
682 1681 794 1736 vita
820 1698 919 1736 sua
942 1683 1122 1754 panis,
1155 1690 1202 1738 et
1227 1685 1420 1739 anima:
1448 1685 1595 1740 illius
1615 1685 1760 1739 cibus
1779 1691 1900 1739 ante
1918 1685 2112 1740 deside-

2224 512 2282 568 in
2311 511 2475 568 corde
2497 511 2662 583 hujus
2683 512 2878 569 mundi
2927 515 3236 586 voluptates
3260 517 3562 576 eradicent.
3586 521 3690 576 Per
3713 529 3825 577 ten-

2226 601 2400 656 tantia
2440 601 2581 658 vitia
2618 601 2886 658 discimus
2915 605 2936 639 ³
2968 603 3101 678 quid
3127 603 3194 660 de
3215 605 3376 661 nobis
3403 608 3595 676 simus,
3629 625 3726 680 per
3753 609 3827 666 fe-

2226 689 2432 746 rientia
2457 689 2670 762 ﬂagella
2698 693 3080 764 cognoscimus
3110 693 3244 766 quid
3274 694 3341 750 de
3370 695 3476 753 hoc
3503 697 3713 754 mundo
3730 698 3831 753 fu-

2222 779 2456 849 giamus.
2486 780 2590 834 Per
2618 781 2714 836 illa
2745 781 3146 853 restringimur,
3179 799 3248 838 ne
3279 783 3612 842 intrinsecus
3639 788 3831 843 extol-

2223 868 2420 936 lamur,
2454 885 2550 940 per
2581 870 2686 925 ista
2714 872 3153 943 comprirnimur,
3187 889 3256 928 ne
3303 874 3437 946 quid
3485 876 3830 935 extrinsecus

2221 968 2560 1028 appetamus.
2597 961 2655 1014 In
2679 959 2782 1016 hac
2812 977 2940 1031 ergo
2968 961 3084 1016 vita
3104 961 3234 1016 dum
3267 979 3478 1031 sumus,
3508 973 3562 1020 et
3599 965 3829 1038 ﬂagellis

2220 1047 2402 1115 atteri,
2446 1057 2501 1104 et
2533 1047 2831 1121 aliquando
2863 1051 3060 1106 tentari
3116 1051 3275 1107 vitiis
3323 1069 3539 1110 necesse
3569 1063 3668 1110 est.
3701 1055 3828 1112 Sive

2220 1136 2366 1190 enim
2402 1137 2456 1192 in
2491 1137 2771 1194 laboribus
2816 1138 3177 1210 ﬂagellorum,
3202 1157 3298 1196 seu
3329 1141 3386 1196 in
3412 1143 3710 1200 certamine
3733 1145 3828 1200 vi-

2219 1225 2447 1294 tiorum,
2474 1243 2583 1282 non
2601 1229 2778 1282 solum
2805 1230 2965 1284 nobis
2988 1238 3176 1286 nostra
3195 1231 3492 1290 inﬁrmitas
3513 1234 3826 1303 innotescit,

2219 1313 2315 1368 sed
2336 1315 2504 1370 etiam
2521 1317 2576 1371 in
2597 1326 2800 1390 quanta
2819 1318 3024 1375 virtute
3040 1319 3433 1391 profecerimus
3450 1323 3816 1393 agnoscimus.

2223 1398 2366 1473 [Rea
2411 1405 2649 1480 XVIII.]
2681 1408 2852 1462 Nemo
2882 1408 3081 1479 quippe
3101 1408 3249 1464 vires
3282 1426 3408 1466 suas
3457 1410 3512 1464 in
3569 1427 3699 1482 pace
3727 1429 3830 1468 co-

2221 1491 2454 1561 gnoscit.
2487 1491 2544 1547 Si
2570 1493 2716 1548 enim
2747 1493 2890 1550 bella
2917 1495 3133 1564 desunt,
3167 1501 3312 1560 758
3355 1498 3626 1555 virtutum
3666 1516 3829 1572 expe-

2221 1586 2460 1643 rimenta
2491 1605 2598 1644 non
2652 1591 2942 1662 prodeunt.
2999 1594 3348 1665 Improvidus
3403 1595 3562 1650 miles
3592 1603 3693 1660 est,
3730 1594 3826 1666 qui

2220 1674 2422 1731 fortem
2453 1695 2510 1734 se
2554 1679 2610 1734 in
2649 1696 2780 1752 pace
2821 1683 3102 1754 gloriatur.
3152 1682 3288 1757 [νεῖ.
3340 1683 3628 1757 Χχνηη
3681 1683 3828 1751 Quia

511 1770 722 1840 rabilis,
752 1772 881 1844 quia
909 1772 1168 1830 videlicet
1195 1791 1357 1830 omne
1385 1774 1532 1847 (μιοά
1559 1775 1712 1847 prius
1747 1775 1814 1830 de
1847 1776 1965 1846 ipsa
1992 1791 2115 1846 pro.
2148 1777 2196 1838 Β
2225 1780 2353 1836 ergo
2387 1782 2528 1838 saepe
2558 1768 2764 1824 virium
2781 1772 2978 1827 merita
2997 1789 3095 1845 per
3121 1772 3460 1846 ﬂagellorum
3483 1773 3716 1830 adversa
3736 1789 3825 1845 pa-

510 1859 768 1930 speritate
787 1861 1013 1917 vivendi
1029 1862 1188 1919 dulce
1202 1864 1462 1936 sapiebat,
1496 1863 1846 1935 postmodum
1877 1879 1972 1935 per
1994 1863 2109 1918 vim

509 1950 835 2007 tentationis
876 1955 1184 2010 amarescit.
1216 1955 1622 2026 Nonnunquam
1665 1969 1797 2008 vero
1838 1952 2109 2026 quidquid

508 2037 715 2109 gaudii,
748 2039 1020 2112 quidquid
1049 2041 1274 2098 virtutis
1302 2043 1485 2099 favere
1505 2041 1814 2108 videbatur,
1833 2040 2016 2096 subito
2051 2043 2109 2097 in

509 2142 711 2197 pavore
733 2130 1050 2185 tentationis
1085 2131 1378 2198 amittitur,
1397 2140 1450 2186 et
1483 2131 1636 2203 quasi
1680 2138 1976 2186 evacuatus
2006 2132 2107 2187 eis-

509 2215 634 2271 dem
665 2218 967 2274 virtutibus
994 2220 1170 2276 tristis
1211 2221 1428 2276 animus
1457 2220 1574 2276 solo
1602 2235 1838 2276 mmrore
1868 2221 2109 2292 posside-

509 2311 618 2360 tur.
653 2303 790 2362 Cum
823 2307 970 2362 enim
1001 2309 1164 2379 paulo
1193 2307 1574 2364 vehementius
1591 2308 1834 2378 impulsu
1854 2308 2106 2365 tentatio-

507 2390 595 2447 nis
637 2391 895 2462 afﬁcitur,
943 2395 1073 2467 quia
1118 2410 1341 2450 exerere
1387 2394 1500 2448 vim
1551 2394 1725 2450 solitae
1766 2395 2109 2452 fortitudinis

507 2495 618 2534 non
663 2481 828 2550 valet,
873 2498 992 2538 eam
1016 2481 1132 2554 jam
1161 2483 1314 2538 velut
1344 2481 1613 2554 perditam
1645 2482 1815 2550 dolet,
1847 2499 2010 2556 seque
2039 2501 2109 2540 ex

506 2587 562 2626 se
592 2585 828 2628 vacuum
850 2573 1110 2640 sentiens,
1149 2572 1530 2629 inﬁrmitatem
1552 2591 1706 2630 suam
1733 2577 1748 2608 ¹
1777 2589 1847 2630 ex
1876 2573 1994 2646 ipsa
2012 2589 2110 2629 sua

506 2661 772 2718 inanitate
799 2664 1098 2734 cognoscit.
1132 2662 1287 2720 Unde
1315 2664 1386 2719 ab
1414 2663 1565 2718 omni
1599 2679 1735 2744 mox
1754 2661 2110 2734 jucunditate

507 2749 663 2821 quasi
695 2749 1000 2822 frangitur;
1035 2761 1087 2808 et
1116 2769 1264 2808 escas
1284 2751 1486 2823 prioris
1507 2751 1712 2808 laetitiae
1736 2770 2019 2826 respuens,
2045 2771 2109 2811 eo

501 2855 663 2914 quem
706 2840 884 2896 solum
929 2840 1164 2897 libenter
1205 2841 1413 2912 appetit
1459 2841 1614 2897 luctu
1642 2842 1897 2900 satiatur.
1933 2844 2108 2900 Unus-

502 2927 735 3001 quisque
763 2928 910 2984 enim
943 2945 1067 2985 cum
1099 2929 1205 2985 sibi
1236 2929 1376 2986 bene
1406 2929 1634 2986 vivendi
1663 2933 2000 3004 prosperitas
2027 2951 2108 2990 ar-

502 3018 646 3075 ridet
691 3018 992 3086 hilarescit,
1037 3027 1200 3093 atque
1242 3019 1359 3092 ipsa
1401 3019 1652 3078 hilaritas
1679 3023 1926 3079 animum
1958 3025 2110 3082 velut

2221 1853 2444 1922 teﬁunt,
2467 1865 2591 1928 apte
2613 1857 2743 1914 Eliu
2781 1859 3084 1933 subjungit,
3117 1861 3336 1918 dicens:

2790 1947 3019 2006 CAPUT
3041 1950 3248 2008 XXVI.

2293 2033 2464 2090 Vnus.
2498 2033 2586 2090 21.
2613 2065 2686 2078 —
2716 2037 2951 2093 Tabeseet
2980 2055 3106 2094 caro
3125 2038 3296 2104 illius,
3325 2046 3374 2095 et
3409 2055 3529 2095 ossa
3563 2055 3680 2110 qua:
3699 2045 3823 2094 tecta

2219 2121 2439 2193 fuerant
2475 2123 2838 2182 nudabuntur.

2286 2210 2376 2267 52.
2411 2211 2575 2268 Nemo
2611 2217 2868 2283 quantum
2898 2213 3208 2285 profecerit,
3263 2214 3372 2270 nisi
3408 2213 3550 2269 inter
3593 2215 3819 2270 adversa

2216 2303 2494 2373 cognoscit.
2527 2333 2598 2344 —
2623 2302 2761 2360 Cum
2793 2305 2940 2360 enim
2973 2303 3203 2378 ﬂagellis
3234 2305 3612 2379 prementibus
3641 2307 3820 2362 omnis

2215 2393 2462 2448 exterior
2502 2393 2758 2465 voluptas
2777 2395 3052 2462 atteritur,
3079 2395 3308 2452 internae
3325 2395 3674 2452 fortitudinis
3701 2413 3822 2452 ossa

2215 2479 2518 2536 nudantur.
2551 2480 2698 2548 Quid
2740 2489 2920 2536 autem
2950 2481 3057 2540 hoc
3101 2483 3220 2540 loco
3249 2484 3435 2540 carnis
3464 2485 3686 2541 nomine
3715 2486 3820 2544 nisi

2219 2567 2338 2640 ipsa
2364 2567 2657 2625 delectatio
2683 2571 2919 2627 carnalis
2945 2571 3214 2645 accipitur
3233 2574 3262 2630 ‘l
3281 2574 3386 2632 Vel
3416 2575 3554 2647 quid
3581 2592 3676 2648 per
3705 2591 3824 2630 ossa

2217 2657 2326 2712 nisi
2349 2655 2588 2714 virtutes
2610 2659 2808 2715 animm
2828 2659 3188 2731 designantur
3207 2662 3235 2718 ?
3254 2663 3504 2720 Tabescit
3529 2679 3656 2735 ergo
3676 2679 3820 2730 caro,

2219 2755 2272 2802 et
2302 2763 2424 2802 ossa
2477 2747 2778 2815 nudantur,
2837 2749 2967 2820 quia
2995 2749 3128 2804 dum
3190 2750 3420 2822 ﬂagellis
3466 2751 3822 2822 arguentibus

2222 2833 2462 2890 carnalis
2495 2834 2788 2890 delectatio
2819 2843 3166 2903 extenuatur,
3198 2851 3260 2892 ea
3288 2853 3408 2908 quae
3438 2837 3648 2894 dudum
3671 2841 3825 2913 quasi

2222 2922 2328 2978 sub
2360 2939 2523 2979 carne
2550 2923 2822 2979 latuerant
2846 2924 3117 2980 virtutum
3140 2924 3306 2980 fortia
3335 2925 3620 2998 pateﬁunt.
3654 2929 3828 2984 Nemo

2222 3010 2426 3083 quippe
2452 3020 2722 3084 quantum
2742 3010 3036 3084 profecerit
3060 3012 3173 3068 nisi
3204 3012 3352 3068 inter
3369 3013 3600 3070 adversa
3626 3031 3826 3087 cogno-

502 3107 884 3165 desiderabilis
913 3107 1071 3165 cibus
1095 3108 1290 3165 reﬁcit.
1321 3110 1426 3167 Sed
1457 3126 1581 3166 cum
1615 3112 1917 3169 tentatione
1946 3115 2109 3186 paulo
2145 3127 2188 3188 ο
2218 3100 2342 3157 8οη·
2379 3100 2518 3159 Cum
2545 3102 2692 3158 θηίῐη
2729 3101 2934 3158 adsum
2949 3119 3230 3176 Prospera:
3265 3105 3286 3140 ⁴
3319 3103 3473 3160 cerni
3494 3104 3700 3160 "illum
3731 3105 3826 3162 do’

502 3198 742 3268 amplius
769 3197 1093 3254 imminente
1122 3199 1388 3270 pulsatur,
1433 3215 1465 3254 a
1493 3209 1675 3256 mente
1705 3199 1824 3272 ejus
1852 3217 1948 3273 per
1976 3218 2108 3256 mm-

503 3285 644 3341 roris
671 3284 954 3342 fastidium
987 3285 1247 3358 gaudium
1277 3303 1440 3343 omne
1468 3287 1767 3359 respuitur,
1799 3305 1920 3362 quae
1951 3290 2106 3361 prius

503 3373 692 3432 eodem
743 3375 948 3448 gaudio
996 3376 1150 3449 quasi
1193 3375 1387 3432 satiata
1431 3376 1734 3434 laetabatur.
1767 3377 1908 3445 Quia
1940 3379 2109 3450 igitur

503 3462 672 3520 homo
699 3471 945 3521 tentatus
973 3465 1044 3522 ab
1074 3481 1167 3521 ore
1194 3463 1377 3522 cordis
1405 3479 1625 3522 omnem
1670 3465 1858 3524 cibum
1899 3468 2109 3539 respuit

503 3550 904 3622 delectationis,
939 3555 961 3590 ³
981 3553 1233 3627 nihilque
1252 3571 1377 3611 eum
1395 3554 1546 3611 aliud
1567 3571 1730 3628 quam
1751 3557 2106 3630 semetipsum

507 3647 562 3696 et
589 3657 917 3714 cognoscere
945 3653 999 3701 et
1025 3644 1156 3700 ﬂere
1183 3643 1436 3713 delectat,
1466 3643 1604 3701 bene
1631 3643 1838 3702 dicitur
1861 3663 1872 3701 :
1897 3646 2110 3702 Abomi-

506 3730 703 3788 nabilis
745 3731 794 3788 ei
836 3733 899 3806 ﬁt
927 3733 985 3788 in
1016 3733 1127 3790 vita
1154 3751 1252 3789 sua
1277 3734 1458 3806 panis,
1484 3739 1532 3790 et
1561 3735 1754 3790 animle
1779 3735 1930 3791 illius
1963 3735 2109 3790 cibus

501 3826 624 3876 ante
649 3821 1036 3879 desiderabilis.

567 3910 658 3967 51.
699 3912 1064 3969 Tentationum
1091 3917 1140 3966 et
1161 3913 1493 3984 ﬂagellorum
1522 3912 1748 3969 utilitas.
1779 3919 1850 3954 —'-
1880 3911 2005 3980 Sed,
2037 3911 2108 3968 si-

499 4009 594 4056 cut
607 3985 861 4072 superius
879 4002 1128 4056 diximus
1151 4001 1335 4072 (Num.
1358 4001 1474 4072 48),
1501 4001 1710 4060 idcirco
1728 4001 2108 4058 moderamine

503 4084 734 4138 occultae
756 4085 1182 4156 dispensationis
1205 4086 1278 4142 ita
1298 4088 1499 4142 tentari
1521 4089 1913 4160 permittimur,
1933 4096 1994 4146 ut
2013 4089 2109 4162 qui

503 4186 572 4224 ex
602 4170 796 4227 divino
826 4189 1056 4229 munere
1085 4173 1141 4228 in
1167 4173 1375 4232 virtute
1406 4176 1746 4247 proﬁcimus,
1779 4178 1942 4234 etiam
1975 4179 2109 4250 quid

501 4273 692 4313 sumus
716 4275 785 4314 ex
814 4261 1036 4332 propria
1067 4261 1396 4318 inﬁrmitate
1424 4279 1793 4320 memoremur
1815 4284 1828 4334 ;
1852 4275 1906 4322 et
1925 4267 2018 4338 qui
2041 4283 2110 4323 ex

507 4347 859 4420 perceptione
889 4351 1134 4406 muneris
1162 4367 1325 4424 opera
1353 4352 1576 4408 virtutis
1607 4354 1916 4423 inferimus,
1939 4373 2005 4412 ex
2029 4357 2111 4412 in-

2216 3201 2476 3248 cumenta
2520 3208 2628 3248 non
2660 3199 2908 3264 possunt.
2953 3193 3107 3249 Unde
3154 3193 3291 3250 alias
3319 3193 3584 3266 scriptum
3615 3204 3732 3252 est:
3759 3198 3825 3253 In

2215 3281 2303 3335 die
2334 3280 2618 3358 mandavit
2639 3281 2892 3337 Dominus
2931 3282 3360 3338 misericordiam
3406 3299 3588 3349 suam,
3612 3291 3662 3338 et
3679 3291 3826 3341 nocte

2216 3369 2704 3438 declaravit(Psal.
2737 3387 2850 3438 xm,
2880 3371 2938 3443 9)
2970 3371 3138 3445 ;quia
3167 3371 3429 3428 videlicet
3448 3373 3825 3446 unusquisque

2215 3458 2442 3531 superni
2471 3457 2603 3515 doni
2637 3459 2867 3531 gratiam
2900 3460 2957 3515 in
2985 3461 3388 3534 tranquillitate
3404 3461 3604 3534 quietis
3634 3463 3826 3532 perci-

2216 3547 2318 3620 pit,
2353 3547 2450 3604 sed
2479 3556 2747 3620 quantum
2778 3549 3100 3622 perceperit,
3133 3550 3192 3605 in
3241 3548 3565 3606 adversitate
3594 3557 3824 3622 pertur-

2215 3637 2458 3694 bationis
2478 3638 2740 3695 ostendit.
2773 3639 3034 3698 Tabescat
3062 3657 3190 3714 ergo
3217 3657 3366 3710 caro,
3400 3642 3421 3677 ⁵
3453 3647 3515 3696 ut
3544 3640 3824 3696 nudentur

2218 3743 2361 3782 ossa.
2385 3727 2702 3783 Feriamur6
2724 3729 2968 3801 paternis
2987 3730 3446 3802 correptionibus,
3470 3739 3533 3786 ut
3551 3739 3818 3802 quantum

2219 3816 2544 3890 proﬁcimus
2572 3835 2950 3890 agnoscamus.
2984 3819 3236 3890 Flagellis
3265 3819 3412 3873 enim
3442 3819 3668 3874 Domini
3700 3819 3820 3890 pin-

2219 3905 2397 3977 guedo
2424 3906 2664 3960 carnalis
2693 3905 3075 3962 delectationis
3094 3905 3366 3972 atteritur,
3410 3905 3505 3961 sed
3550 3906 3822 3964 virtutum

2217 4001 2532 4049 nostrarum
2578 4010 2702 4049 ossa
2740 3993 3026 4066 pateﬁunt.
3077 3995 3252 4048 Decus
3299 3999 3549 4048 nostrum
3577 3993 3825 4050 exterius

2220 4083 2338 4156 ipsa
2369 4082 2536 4154 hujus
2581 4083 2776 4138 mundi
2807 4082 3133 4138 adversitate
3165 4081 3423 4149 foedatur,
3475 4082 3569 4138 sed
3600 4083 3734 4156 quid
3767 4085 3820 4139 in

2219 4171 2382 4228 nobis
2412 4171 2744 4228 intrinsecus
2777 4170 2979 4228 latebat
3020 4169 3347 4226 ostenditur.
3380 4170 3548 4226 Caesis
3586 4187 3826 4245 namque

2219 4261 2482 4335 apostolis
2518 4260 2906 4318 denuntiatum
2951 4269 3033 4317 est
3077 4276 3146 4316 ne
3181 4261 3538 4332 loquerentur
3584 4261 3732 4316 ultra
3764 4262 3824 4317 in

2221 4352 2444 4408 nomine
2474 4351 2622 4418 Jesu,
2654 4349 2749 4406 sed
2796 4365 2993 4422 magna
3040 4348 3410 4406 exsultatione
3471 4348 3642 4421 gavisi
3673 4359 3822 4419 sunt,

500 4436 779 4493 ﬁrmitatis
807 4449 1010 4496 nostra:
1032 4442 1300 4498 memoria
1327 4443 1660 4499 sacriﬁcium
1679 4444 2012 4502 humilitatis
2033 4446 2113 4502 of-
2141 4482 2190 4542 Β
2224 4441 2372 4515 quod
2397 4439 2552 4512 digni
2581 4439 2760 4496 habiti
2788 4448 2918 4496 sunt
2945 4441 2966 4474 ⁷
2998 4455 3095 4511 pro
3124 4438 3349 4494 nomine
3377 4439 3505 4542 Iesu
3546 4447 3826 4496 contume-

505 4526 766 4582 feramus.
817 4529 1134 4602 Aliquando
1179 4539 1362 4586 autem
1405 4541 1526 4604 post
1570 4533 1874 4604 profectum
1905 4535 2111 4590 virium

502 4632 616 4672 non
645 4616 827 4674 solum
858 4626 1077 4675 tentant
1098 4619 1254 4686 vitia,
1287 4621 1381 4678 sed
1400 4621 1566 4676 etiam
1588 4621 1804 4692 ﬂagella
1817 4623 2103 4694 castigant.

500 4705 637 4764 Cum
669 4713 855 4763 autem
889 4716 1168 4764 tentamur
1187 4707 1361 4776 vitiis,
1390 4710 1480 4780 pia
1497 4709 1902 4781 dispensatione
1925 4709 2104 4765 nobis-

505 4812 633 4853 cum
663 4795 864 4868 agitur,
895 4813 964 4852 ne
993 4795 1081 4852 his
1107 4795 1408 4853 virtutibus
1437 4797 1638 4870 quibus
1666 4796 1984 4868 proﬁcimus
2012 4815 2103 4854 ex-

509 4885 790 4940 tollamur.
820 4885 958 4943 Cum
987 4901 1118 4940 vero
1148 4883 1376 4955 ﬂagellis
1401 4884 1707 4952 atterimur,
1741 4885 1902 4941 malis
1930 4885 2103 4943 incre-

503 4975 761 5044 pantibus
811 4975 1172 5033 admonemur
1215 4990 1284 5030 ne
1330 4974 1536 5030 mundo
1587 4974 1902 5032 blandiente
1947 4976 2104 5032 sedu-

501 5077 709 5118 camur.
757 5064 909 5122 Vitia
953 5064 1086 5120 dum
1133 5080 1233 5118 nos
1274 5070 1505 5132 tentant,
1538 5064 1886 5136 proﬁcientes
1914 5064 1971 5121 in
2002 5083 2103 5123 nos

573 5239 589 5272 ⁸
623 5235 962 5318 Edit..I_tom.
995 5239 1241 5318 Sixti_V,_
1269 5258 1335 5296 ea:
1355 5242 1470 5318 ipsa
1498 5257 1598 5296 sua
1618 5240 1864 5297 vanitate.
1890 5241 2103 5299 Habent

504 5303 632 5360 Mss.
663 5307 968 5395 Anglic-et
996 5312 1190 5378 nostri,
1223 5303 1497 5370 inanitate.

576 5375 598 5408 2
631 5377 704 5408 ῐοη
741 5377 938 5408 Limn...
1020 5381 1232 5408 \T:...:I....
1287 5392 1333 5408 ,ι
1360 5386 1448 5408 -12:
1512 5386 1564 5408 Α.
1590 5384 1736 5408 nan:
1780 5385 2013 5408 μιιξιμ.--
2041 5387 2078 5408 λ

629 5377 711 5456 lta
738 5377 982 5456 Eb_roic.,
1020 5377 1252 5456 Vindoc.
1283 5392 1338 5440 et
1355 5386 1471 5441 alii.
1497 5386 1568 5440 At
1587 5384 1759 5451 Editi,
1780 5385 2014 5456 nihilque
2031 5387 2097 5442 ei.

576 5447 601 5524 εξ
627 5445 756 5501 Mss.
789 5445 1000 5516 Norm.,
1033 5453 1172 5520 quod
1192 5455 1254 5508 de
1277 5457 1448 5523 nobis,
1474 5474 1574 5529 per
1599 5445 1852 5526 ferientia
1891 5445 2100 5529 ﬂagella

544 5516 639 5571 uid
668 5516 731 5569 de
757 5515 850 5571 hoc
876 5522 1072 5575 mundo
1103 5526 1407 5582 sentiamus.

507 5532 637 5586 quia.
668 5532 731 5569 ae
757 5532 850 5571 nec
876 5532 1072 5575 mundo
1103 5532 1407 5583 sentiamus.

576 5588 597 5622 ‘
630 5585 866 5666 Yindoc.
911 5597 968 5646 et
1008 5591 1141 5662 pler.
1190 5597 1401 5666 Norm.,
1455 5599 1596 5655 cerni
1645 5599 1899 5655 virtutum
1945 5600 2098 5655 docu-

507 5665 696 5716 menta.

579 5732 600 5766 ⁵
634 5731 800 5801 Pler.,
831 5735 879 5789 et
904 5730 1185 5790 nudentur.

2225 4532 2355 4586 liam
2387 4529 2520 4602 pati,
2556 4529 2783 4601 suisque
2814 4528 3141 4584 adversariis
3186 4544 3311 4585 cum
3363 4527 3568 4585 ﬁducia
3596 4545 3828 4600 respon-

2220 4617 2455 4674 derunt:
2493 4618 2714 4676 Obedire
2740 4623 2945 4690 oportet
2973 4619 3083 4674 Deo
3121 4617 3292 4688 magis
3325 4634 3486 4687 quam
3531 4617 3833 4672 hominibus

2213 4709 2362 4778 (Act.
2397 4725 2450 4774 v,
2484 4706 2601 4779 29).
2635 4708 2777 4764 Ecce
2811 4707 2957 4763 inter
2986 4707 3217 4763 adversa
3239 4705 3478 4761 validius
3501 4705 3629 4762 ﬁdei
3661 4707 3830 4764 robur

2213 4797 2482 4864 emicuit;
2517 4812 2643 4853 ecce
2685 4796 2906 4853 concisa
2932 4805 3012 4852 est
3063 4795 3350 4866 integritas
3397 4795 3668 4863 carnium,
3725 4796 3822 4853 sed

2218 4885 2493 4958 patefacta
2519 4892 2654 4939 sunt
2699 4901 2823 4940 ossa
2868 4885 3160 4940 virtutum.
3196 4883 3338 4939 Hinc
3381 4883 3449 4939 de
3477 4883 3558 4940 eis
3603 4901 3698 4955 per
3723 4885 3830 4940 Sa-

2214 4975 2478 5048 pientiam
2509 4973 2735 5032 dicitur:
2780 4975 2923 5031 Deus
2957 4971 3172 5030 tentavit
3227 4972 3374 5040 illos,
3396 4979 3444 5027 et
3479 4971 3674 5028 invenit
3709 4973 3830 5027 illos

2211 5065 2401 5137 dignos
2442 5081 2495 5119 se
2535 5063 2689 5136 (Sap.
2727 5080 2810 5131 ιιι,
2837 5063 2914 5128 5).
2945 5063 2966 5097 ⁸
2995 5062 3212 5120 Tentati
3246 5071 3376 5118 sunt
3403 5062 3608 5136 quippe
3639 5061 3830 5118 adver-

2289 5244 2311 5277 δ
2332 5240 2510 5308 Editi,
2537 5239 2776 5312 palemis
2805 5238 3334 5310 perturbationibus;
3381 5237 3528 5311 quod
3565 5239 3622 5294 in
3659 5237 3833 5293 nullis

2220 5312 2644 5390 Ms_s._legimus.
2683 5382 2728 5390 η
3217 5382 3227 5390 _
3361 5381 3370 5390 .
3595 5387 3604 5390 _
3735 5379 3768 5390 η

2293 5387 2312 5418 ⁷
2351 5381 2558 5440 Turon.
2589 5391 2642 5438 et
2681 5382 2894 5450 Norm.,
2934 5399 3037 5455 pro
3084 5382 3292 5438 nomine
3323 5381 3436 5452 ejus
3489 5381 3829 5436 contumelias

2211 5462 2609 5606 Ραξῑγίιιᾴοᾳη
2645 5525 2826 5606 tentati
2862 5532 3050 5606 sunt...
3083 5523 3484 5606 in'adversitate
3515 5524 3824 5606 plagarum,

2219 5596 2493 5668 sedﬁdigni
2528 5595 2726 5653 inventi
2759 5603 2884 5654 sunt
2922 5597 2979 5653 in
3033 5597 3270 5653 nuditate
3305 5595 3522 5652 ossium.
3561 5595 3746 5652 Baluz.
3776 5603 3829 5651 et

2221 5667 2414 5736 Colb.,
2437 5684 2668 5724 ossuum.
