  <div class='ocr_page' id='page_1' title='image "/cluster/home/n/w/nwhite01/storage/ocr_20150623/76/hvd.32044052772456/150.png"; bbox 0 0 4162 6184; ppageno 0'>
   <div class='ocr_carea' id='block_1_1' title="bbox 328 282 433 339">
    <p class='ocr_par' dir='ltr' id='par_1_1' title="bbox 328 282 433 339">
     <span class='ocr_line' id='line_1_1' title="bbox 328 282 433 339; baseline 0 0"><span class='ocrx_word' id='word_1_1' title='bbox 328 282 433 339; x_wconf 81' lang='lat'>285</span> 
     </span>
    </p>
   </div>
   <div class='ocr_carea' id='block_1_2' title="bbox 1015 284 2856 354">
    <p class='ocr_par' dir='ltr' id='par_1_2' title="bbox 1015 284 2856 354">
     <span class='ocr_line' id='line_1_2' title="bbox 1015 284 2856 354; baseline 0.007 -13"><span class='ocrx_word' id='word_1_2' title='bbox 1015 284 1389 345; x_wconf 81' lang='lat' dir='ltr'>MORALIUM</span> <span class='ocrx_word' id='word_1_3' title='bbox 1426 287 1560 344; x_wconf 91' lang='lat' dir='ltr'>LIB.</span> <span class='ocrx_word' id='word_1_4' title='bbox 1602 288 1806 346; x_wconf 82' lang='lat' dir='ltr'>XXIII.</span> <span class='ocrx_word' id='word_1_5' title='bbox 1849 320 1915 332; x_wconf 90' lang='lat'><strong><em>—</em></strong></span> <span class='ocrx_word' id='word_1_6' title='bbox 1955 289 2028 347; x_wconf 90' lang='lat' dir='ltr'>IN</span> <span class='ocrx_word' id='word_1_7' title='bbox 2066 290 2293 348; x_wconf 85' lang='lat' dir='ltr'>CAPUT</span> <span class='ocrx_word' id='word_1_8' title='bbox 2332 291 2573 349; x_wconf 84' lang='lat' dir='ltr'><strong>XXXIII</strong></span> <span class='ocrx_word' id='word_1_9' title='bbox 2612 296 2672 351; x_wconf 90' lang='grc' dir='ltr'>Β.</span> <span class='ocrx_word' id='word_1_10' title='bbox 2714 297 2856 354; x_wconf 82' lang='lat' dir='ltr'>JOB.</span> 
     </span>
    </p>
   </div>
   <div class='ocr_carea' id='block_1_3' title="bbox 3546 305 3650 364">
    <p class='ocr_par' dir='ltr' id='par_1_3' title="bbox 3546 305 3650 364">
     <span class='ocr_line' id='line_1_3' title="bbox 3546 305 3650 364; baseline 0 0"><span class='ocrx_word' id='word_1_11' title='bbox 3546 305 3650 364; x_wconf 79' lang='lat'><strong>286</strong></span> 
     </span>
    </p>
   </div>
   <div class='ocr_carea' id='block_1_4' title="bbox 327 413 3647 494">
    <p class='ocr_par' dir='ltr' id='par_1_4' title="bbox 327 413 3647 494">
     <span class='ocr_line' id='line_1_4' title="bbox 327 413 3647 494; baseline 0.005 -22"><span class='ocrx_word' id='word_1_12' title='bbox 327 415 493 472; x_wconf 88' lang='lat' dir='ltr'>sitate</span> <span class='ocrx_word' id='word_1_13' title='bbox 523 413 825 485; x_wconf 83' lang='lat' dir='ltr'>plagarum,</span> <span class='ocrx_word' id='word_1_14' title='bbox 872 413 968 469; x_wconf 90' lang='lat' dir='ltr'>sed</span> <span class='ocrx_word' id='word_1_15' title='bbox 1009 413 1163 487; x_wconf 81' lang='lat' dir='ltr'>digni</span> <span class='ocrx_word' id='word_1_16' title='bbox 1211 415 1424 473; x_wconf 82' lang='lat' dir='ltr'>inventi</span> <span class='ocrx_word' id='word_1_17' title='bbox 1468 427 1596 474; x_wconf 89' lang='lat' dir='ltr'>sunt</span> <span class='ocrx_word' id='word_1_18' title='bbox 1640 419 1939 475; x_wconf 90' lang='lat' dir='ltr'>nudatione</span> <span class='ocrx_word' id='word_1_19' title='bbox 1968 422 2020 482; x_wconf 83' lang='lat' dir='ltr'><strong>A</strong></span> <span class='ocrx_word' id='word_1_20' title='bbox 2048 420 2328 478; x_wconf 88' lang='lat' dir='ltr'>manitatis</span> <span class='ocrx_word' id='word_1_21' title='bbox 2371 438 2503 489; x_wconf 70' lang='lat' dir='ltr'>suae,</span> <span class='ocrx_word' id='word_1_22' title='bbox 2550 431 2892 494; x_wconf 87' lang='lat' dir='ltr'>peccatorem</span> <span class='ocrx_word' id='word_1_23' title='bbox 2939 441 2997 481; x_wconf 89' lang='lat' dir='ltr'>se</span> <span class='ocrx_word' id='word_1_24' title='bbox 3040 441 3111 482; x_wconf 80' lang='lat' dir='ltr'>ex</span> <span class='ocrx_word' id='word_1_25' title='bbox 3139 429 3253 486; x_wconf 85' lang='lat' dir='ltr'>suis</span> <span class='ocrx_word' id='word_1_26' title='bbox 3281 431 3501 488; x_wconf 89' lang='lat' dir='ltr'>meritis</span> <span class='ocrx_word' id='word_1_27' title='bbox 3531 449 3647 490; x_wconf 90' lang='lat' dir='ltr'>cer-</span> 
     </span>
    </p>
   </div>
   <div class='ocr_carea' id='block_1_5' title="bbox 328 502 1933 581">
    <p class='ocr_par' dir='ltr' id='par_1_5' title="bbox 328 502 1933 581">
     <span class='ocr_line' id='line_1_5' title="bbox 328 502 1933 581; baseline 0.003 -21"><span class='ocrx_word' id='word_1_28' title='bbox 328 504 564 560; x_wconf 88' lang='lat' dir='ltr'>ossium.</span> <span class='ocrx_word' id='word_1_29' title='bbox 608 502 737 558; x_wconf 90' lang='lat' dir='ltr'>Nam</span> <span class='ocrx_word' id='word_1_30' title='bbox 770 503 900 574; x_wconf 85' lang='lat' dir='ltr'>quia</span> <span class='ocrx_word' id='word_1_31' title='bbox 930 502 1047 560; x_wconf 68' lang='lat' dir='ltr'>haec</span> <span class='ocrx_word' id='word_1_32' title='bbox 1076 521 1266 561; x_wconf 92' lang='lat' dir='ltr'>eorum</span> <span class='ocrx_word' id='word_1_33' title='bbox 1319 507 1414 563; x_wconf 88' lang='lat' dir='ltr'>illa</span> <span class='ocrx_word' id='word_1_34' title='bbox 1444 510 1673 564; x_wconf 90' lang='lat' dir='ltr'>tentatio</span> <span class='ocrx_word' id='word_1_35' title='bbox 1703 518 1783 564; x_wconf 90' lang='lat' dir='ltr'>est</span> <span class='ocrx_word' id='word_1_36' title='bbox 1814 526 1933 581; x_wconf 71' lang='lat' dir='ltr'>quae</span> 
     </span>
    </p>
   </div>
   <div class='ocr_carea' id='block_1_6' title="bbox 327 592 1933 667">
    <p class='ocr_par' dir='ltr' id='par_1_6' title="bbox 327 592 1933 667">
     <span class='ocr_line' id='line_1_6' title="bbox 327 592 1933 667; baseline 0.002 -18"><span class='ocrx_word' id='word_1_37' title='bbox 327 610 401 649; x_wconf 80' lang='lat' dir='ltr'>ex</span> <span class='ocrx_word' id='word_1_38' title='bbox 434 592 661 664; x_wconf 86' lang='lat' dir='ltr'>ﬂagellis</span> <span class='ocrx_word' id='word_1_39' title='bbox 689 592 1007 661; x_wconf 76' lang='lat' dir='ltr'>adhibetur,</span> <span class='ocrx_word' id='word_1_40' title='bbox 1057 594 1176 651; x_wconf 89' lang='lat' dir='ltr'>illic</span> <span class='ocrx_word' id='word_1_41' title='bbox 1224 604 1406 667; x_wconf 88' lang='lat' dir='ltr'>aperte</span> <span class='ocrx_word' id='word_1_42' title='bbox 1440 597 1768 665; x_wconf 81' lang='lat' dir='ltr'>declaratur,</span> <span class='ocrx_word' id='word_1_43' title='bbox 1801 598 1933 653; x_wconf 89' lang='lat' dir='ltr'>dum</span> 
     </span>
    </p>
   </div>
   <div class='ocr_carea' id='block_1_7' title="bbox 326 682 1935 759">
    <p class='ocr_par' dir='ltr' id='par_1_7' title="bbox 326 682 1935 759">
     <span class='ocr_line' id='line_1_7' title="bbox 326 682 1935 759; baseline 0.004 -23"><span class='ocrx_word' id='word_1_44' title='bbox 326 682 580 754; x_wconf 81' lang='lat' dir='ltr'>sequitur</span> <span class='ocrx_word' id='word_1_45' title='bbox 612 697 624 736; x_wconf 91' lang='lat'>:</span> <span class='ocrx_word' id='word_1_46' title='bbox 667 683 944 752; x_wconf 80' lang='lat' dir='ltr'>Tanquam</span> <span class='ocrx_word' id='word_1_47' title='bbox 970 700 1165 739; x_wconf 84' lang='lat' dir='ltr'>aurum</span> <span class='ocrx_word' id='word_1_48' title='bbox 1194 684 1251 739; x_wconf 86' lang='lat' dir='ltr'>in</span> <span class='ocrx_word' id='word_1_49' title='bbox 1270 686 1489 757; x_wconf 77' lang='lat' dir='ltr'>fornace</span> <span class='ocrx_word' id='word_1_50' title='bbox 1511 688 1761 759; x_wconf 78' lang='lat' dir='ltr'>probavit</span> <span class='ocrx_word' id='word_1_51' title='bbox 1788 689 1935 755; x_wconf 84' lang='lat' dir='ltr'>illos,</span> 
     </span>
    </p>
   </div>
   <div class='ocr_carea' id='block_1_8' title="bbox 329 771 1932 850">
    <p class='ocr_par' dir='ltr' id='par_1_8' title="bbox 329 771 1932 850">
     <span class='ocr_line' id='line_1_8' title="bbox 329 771 1932 850; baseline 0.005 -24"><span class='ocrx_word' id='word_1_52' title='bbox 329 778 378 826; x_wconf 85' lang='lat' dir='ltr'>et</span> <span class='ocrx_word' id='word_1_53' title='bbox 402 771 559 842; x_wconf 79' lang='lat' dir='ltr'>quasi</span> <span class='ocrx_word' id='word_1_54' title='bbox 585 771 883 827; x_wconf 84' lang='lat' dir='ltr'>holocausti</span> <span class='ocrx_word' id='word_1_55' title='bbox 911 772 1132 828; x_wconf 82' lang='lat' dir='ltr'>hostiam</span> <span class='ocrx_word' id='word_1_56' title='bbox 1172 776 1369 846; x_wconf 86' lang='lat' dir='ltr'>accepit</span> <span class='ocrx_word' id='word_1_57' title='bbox 1396 776 1521 833; x_wconf 86' lang='lat' dir='ltr'>illos</span> <span class='ocrx_word' id='word_1_58' title='bbox 1550 777 1703 850; x_wconf 84' lang='lat' dir='ltr'>(Sap.</span> <span class='ocrx_word' id='word_1_59' title='bbox 1737 795 1820 846; x_wconf 88' lang='grc' dir='ltr'><strong><em>ιιι,</em></strong></span> <span class='ocrx_word' id='word_1_60' title='bbox 1851 778 1932 850; x_wconf 89' lang='lat'>6).</span> 
     </span>
    </p>
   </div>
   <div class='ocr_carea' id='block_1_9' title="bbox 331 859 1937 940">
    <p class='ocr_par' dir='ltr' id='par_1_9' title="bbox 331 859 1937 940">
     <span class='ocr_line' id='line_1_9' title="bbox 331 859 1937 940; baseline 0.007 -26"><span class='ocrx_word' id='word_1_61' title='bbox 331 860 468 928; x_wconf 84' lang='lat' dir='ltr'>Quia</span> <span class='ocrx_word' id='word_1_62' title='bbox 495 875 626 932; x_wconf 92' lang='lat' dir='ltr'>ergo</span> <span class='ocrx_word' id='word_1_63' title='bbox 657 859 1094 934; x_wconf 87' lang='lat' dir='ltr'>uniuscujusque</span> <span class='ocrx_word' id='word_1_64' title='bbox 1129 864 1275 921; x_wconf 89' lang='lat' dir='ltr'>vires</span> <span class='ocrx_word' id='word_1_65' title='bbox 1304 882 1416 921; x_wconf 89' lang='lat' dir='ltr'>non</span> <span class='ocrx_word' id='word_1_66' title='bbox 1448 867 1556 923; x_wconf 88' lang='lat' dir='ltr'>nisi</span> <span class='ocrx_word' id='word_1_67' title='bbox 1586 884 1683 940; x_wconf 92' lang='lat' dir='ltr'>per</span> <span class='ocrx_word' id='word_1_68' title='bbox 1709 867 1937 925; x_wconf 89' lang='lat' dir='ltr'>adversa</span> 
     </span>
    </p>
   </div>
   <div class='ocr_carea' id='block_1_10' title="bbox 332 947 1939 1028">
    <p class='ocr_par' dir='ltr' id='par_1_10' title="bbox 332 947 1939 1028">
     <span class='ocr_line' id='line_1_10' title="bbox 332 947 1939 1028; baseline 0.006 -23"><span class='ocrx_word' id='word_1_69' title='bbox 332 947 618 1023; x_wconf 89' lang='lat' dir='ltr'>pateﬁunt,</span> <span class='ocrx_word' id='word_1_70' title='bbox 661 948 803 1005; x_wconf 86' lang='lat' dir='ltr'>bene</span> <span class='ocrx_word' id='word_1_71' title='bbox 850 950 1056 1009; x_wconf 90' lang='lat' dir='ltr'>dicitur</span> <span class='ocrx_word' id='word_1_72' title='bbox 1088 970 1098 1007; x_wconf 92' lang='lat'><strong>:</strong></span> <span class='ocrx_word' id='word_1_73' title='bbox 1141 954 1377 1010; x_wconf 88' lang='lat' dir='ltr'>Tabescet</span> <span class='ocrx_word' id='word_1_74' title='bbox 1405 958 1543 1012; x_wconf 87' lang='lat' dir='ltr'>enim</span> <span class='ocrx_word' id='word_1_75' title='bbox 1570 974 1695 1013; x_wconf 87' lang='lat' dir='ltr'>caro</span> <span class='ocrx_word' id='word_1_76' title='bbox 1724 958 1858 1028; x_wconf 86' lang='lat' dir='ltr'>ejus,</span> <span class='ocrx_word' id='word_1_77' title='bbox 1890 965 1939 1014; x_wconf 89' lang='lat' dir='ltr'>et</span> 
     </span>
    </p>
   </div>
   <div class='ocr_carea' id='block_1_11' title="bbox 329 1040 1934 1111">
    <p class='ocr_par' dir='ltr' id='par_1_11' title="bbox 329 1040 1934 1111">
     <span class='ocr_line' id='line_1_11' title="bbox 329 1040 1934 1111; baseline 0.005 -16"><span class='ocrx_word' id='word_1_78' title='bbox 329 1056 447 1096; x_wconf 82' lang='lat' dir='ltr'>ossa</span> <span class='ocrx_word' id='word_1_79' title='bbox 474 1056 596 1111; x_wconf 68' lang='lat' dir='ltr'>qua:</span> <span class='ocrx_word' id='word_1_80' title='bbox 642 1045 771 1094; x_wconf 85' lang='lat' dir='ltr'>tecta</span> <span class='ocrx_word' id='word_1_81' title='bbox 813 1040 1033 1110; x_wconf 76' lang='lat' dir='ltr'>fuerant</span> <span class='ocrx_word' id='word_1_82' title='bbox 1079 1043 1441 1102; x_wconf 87' lang='lat' dir='ltr'>nudabuntur.</span> <span class='ocrx_word' id='word_1_83' title='bbox 1494 1047 1745 1105; x_wconf 73' lang='lat' dir='ltr'>Tabescit</span> <span class='ocrx_word' id='word_1_84' title='bbox 1787 1049 1934 1104; x_wconf 89' lang='lat' dir='ltr'>enim</span> 
     </span>
    </p>
   </div>
   <div class='ocr_carea' id='block_1_12' title="bbox 328 1130 1937 1211">
    <p class='ocr_par' dir='ltr' id='par_1_12' title="bbox 328 1130 1937 1211">
     <span class='ocr_line' id='line_1_12' title="bbox 328 1130 1937 1211; baseline 0.006 -24"><span class='ocrx_word' id='word_1_85' title='bbox 328 1147 475 1198; x_wconf 86' lang='lat' dir='ltr'>caro,</span> <span class='ocrx_word' id='word_1_86' title='bbox 508 1130 644 1185; x_wconf 89' lang='lat' dir='ltr'>dum</span> <span class='ocrx_word' id='word_1_87' title='bbox 676 1147 839 1186; x_wconf 89' lang='lat' dir='ltr'>omne</span> <span class='ocrx_word' id='word_1_88' title='bbox 868 1131 1013 1205; x_wconf 90' lang='lat' dir='ltr'>quod</span> <span class='ocrx_word' id='word_1_89' title='bbox 1057 1132 1271 1189; x_wconf 86' lang='lat' dir='ltr'>ﬂuxum</span> <span class='ocrx_word' id='word_1_90' title='bbox 1312 1135 1705 1211; x_wconf 89' lang='lat' dir='ltr'>inﬁrmumque</span> <span class='ocrx_word' id='word_1_91' title='bbox 1732 1148 1816 1195; x_wconf 92' lang='lat' dir='ltr'>est</span> <span class='ocrx_word' id='word_1_92' title='bbox 1844 1138 1937 1194; x_wconf 87' lang='lat' dir='ltr'>ﬂa-</span> 
     </span>
    </p>
   </div>
   <div class='ocr_carea' id='block_1_13' title="bbox 329 1221 1937 1299">
    <p class='ocr_par' dir='ltr' id='par_1_13' title="bbox 329 1221 1937 1299">
     <span class='ocr_line' id='line_1_13' title="bbox 329 1221 1937 1299; baseline 0.005 -22"><span class='ocrx_word' id='word_1_93' title='bbox 329 1221 488 1291; x_wconf 86' lang='lat' dir='ltr'>gellis</span> <span class='ocrx_word' id='word_1_94' title='bbox 517 1221 797 1278; x_wconf 82' lang='lat' dir='ltr'>atteritur.</span> <span class='ocrx_word' id='word_1_95' title='bbox 831 1222 1125 1278; x_wconf 82' lang='lat' dir='ltr'>Nudantur</span> <span class='ocrx_word' id='word_1_96' title='bbox 1143 1239 1286 1292; x_wconf 90' lang='lat' dir='ltr'>ossa,</span> <span class='ocrx_word' id='word_1_97' title='bbox 1318 1224 1450 1281; x_wconf 91' lang='lat' dir='ltr'>dum</span> <span class='ocrx_word' id='word_1_98' title='bbox 1481 1243 1577 1299; x_wconf 91' lang='lat' dir='ltr'>per</span> <span class='ocrx_word' id='word_1_99' title='bbox 1605 1227 1723 1286; x_wconf 65' lang='lat' dir='ltr'>haec</span> <span class='ocrx_word' id='word_1_100' title='bbox 1753 1228 1810 1284; x_wconf 89' lang='lat' dir='ltr'>in</span> <span class='ocrx_word' id='word_1_101' title='bbox 1840 1246 1937 1285; x_wconf 88' lang='lat' dir='ltr'>no-</span> 
     </span>
    </p>
   </div>
   <div class='ocr_carea' id='block_1_14' title="bbox 332 1309 1934 1386">
    <p class='ocr_par' dir='ltr' id='par_1_14' title="bbox 332 1309 1934 1386">
     <span class='ocr_line' id='line_1_14' title="bbox 332 1309 1934 1386; baseline 0.004 -20"><span class='ocrx_word' id='word_1_102' title='bbox 332 1309 418 1366; x_wconf 88' lang='lat' dir='ltr'>bis</span> <span class='ocrx_word' id='word_1_103' title='bbox 447 1311 613 1367; x_wconf 88' lang='lat' dir='ltr'>etiam</span> <span class='ocrx_word' id='word_1_104' title='bbox 648 1311 795 1384; x_wconf 88' lang='lat' dir='ltr'>quod</span> <span class='ocrx_word' id='word_1_105' title='bbox 823 1311 1070 1368; x_wconf 91' lang='lat' dir='ltr'>validum</span> <span class='ocrx_word' id='word_1_106' title='bbox 1120 1314 1252 1370; x_wconf 83' lang='lat' dir='ltr'>latet</span> <span class='ocrx_word' id='word_1_107' title='bbox 1281 1316 1542 1386; x_wconf 89' lang='lat' dir='ltr'>aperitur.</span> <span class='ocrx_word' id='word_1_108' title='bbox 1592 1318 1734 1385; x_wconf 84' lang='lat' dir='ltr'>Quia</span> <span class='ocrx_word' id='word_1_109' title='bbox 1781 1334 1934 1386; x_wconf 84' lang='lat' dir='ltr'>vero,</span> 
     </span>
    </p>
   </div>
   <div class='ocr_carea' id='block_1_15' title="bbox 329 1399 1937 1476">
    <p class='ocr_par' dir='ltr' id='par_1_15' title="bbox 329 1399 1937 1476">
     <span class='ocr_line' id='line_1_15' title="bbox 329 1399 1937 1476; baseline 0.004 -21"><span class='ocrx_word' id='word_1_110' title='bbox 329 1399 473 1457; x_wconf 83' lang='lat' dir='ltr'>sicut</span> <span class='ocrx_word' id='word_1_111' title='bbox 502 1409 557 1457; x_wconf 90' lang='lat' dir='ltr'>et</span> <span class='ocrx_word' id='word_1_112' title='bbox 584 1400 837 1473; x_wconf 85' lang='lat' dir='ltr'>superius</span> <span class='ocrx_word' id='word_1_113' title='bbox 865 1400 1075 1458; x_wconf 89' lang='lat' dir='ltr'>dictum</span> <span class='ocrx_word' id='word_1_114' title='bbox 1099 1412 1205 1471; x_wconf 89' lang='lat' dir='ltr'>est,</span> <span class='ocrx_word' id='word_1_115' title='bbox 1230 1404 1287 1459; x_wconf 92' lang='lat' dir='ltr'>in</span> <span class='ocrx_word' id='word_1_116' title='bbox 1319 1404 1435 1476; x_wconf 90' lang='lat' dir='ltr'>ipsa</span> <span class='ocrx_word' id='word_1_117' title='bbox 1462 1405 1793 1464; x_wconf 85' lang='lat' dir='ltr'>adversitate</span> <span class='ocrx_word' id='word_1_118' title='bbox 1823 1415 1937 1463; x_wconf 88' lang='lat' dir='ltr'>ten-</span> 
     </span>
    </p>
   </div>
   <div class='ocr_carea' id='block_1_16' title="bbox 334 1490 1941 1564">
    <p class='ocr_par' dir='ltr' id='par_1_16' title="bbox 334 1490 1941 1564">
     <span class='ocr_line' id='line_1_16' title="bbox 334 1490 1941 1564; baseline 0.005 -19"><span class='ocrx_word' id='word_1_119' title='bbox 334 1490 559 1547; x_wconf 86' lang='lat' dir='ltr'>tationis</span> <span class='ocrx_word' id='word_1_120' title='bbox 590 1508 700 1546; x_wconf 91' lang='lat' dir='ltr'>non</span> <span class='ocrx_word' id='word_1_121' title='bbox 732 1491 909 1547; x_wconf 89' lang='lat' dir='ltr'>solum</span> <span class='ocrx_word' id='word_1_122' title='bbox 940 1490 1214 1564; x_wconf 78' lang='lat' dir='ltr'>detegitur</span> <span class='ocrx_word' id='word_1_123' title='bbox 1243 1492 1416 1550; x_wconf 90' lang='lat' dir='ltr'>robur</span> <span class='ocrx_word' id='word_1_124' title='bbox 1444 1495 1810 1564; x_wconf 88' lang='lat' dir='ltr'>fortitudinis,</span> <span class='ocrx_word' id='word_1_125' title='bbox 1845 1497 1941 1553; x_wconf 92' lang='lat' dir='ltr'>sed</span> 
     </span>
    </p>
   </div>
   <div class='ocr_carea' id='block_1_17' title="bbox 333 1580 1941 1654">
    <p class='ocr_par' dir='ltr' id='par_1_17' title="bbox 333 1580 1941 1654">
     <span class='ocr_line' id='line_1_17' title="bbox 333 1580 1941 1654; baseline 0.003 -16"><span class='ocrx_word' id='word_1_126' title='bbox 333 1581 497 1638; x_wconf 89' lang='lat' dir='ltr'>etiam</span> <span class='ocrx_word' id='word_1_127' title='bbox 527 1580 879 1652; x_wconf 84' lang='lat' dir='ltr'>cognoscitur</span> <span class='ocrx_word' id='word_1_128' title='bbox 899 1580 1193 1638; x_wconf 88' lang='lat' dir='ltr'>inﬁrmitas</span> <span class='ocrx_word' id='word_1_129' title='bbox 1214 1581 1600 1654; x_wconf 86' lang='lat' dir='ltr'>humanitatis,</span> <span class='ocrx_word' id='word_1_130' title='bbox 1623 1595 1678 1642; x_wconf 93' lang='lat' dir='ltr'>et</span> <span class='ocrx_word' id='word_1_131' title='bbox 1698 1595 1941 1643; x_wconf 88' lang='lat' dir='ltr'>tentatus</span> 
     </span>
    </p>
   </div>
   <div class='ocr_carea' id='block_1_18' title="bbox 331 1669 1937 1746">
    <p class='ocr_par' dir='ltr' id='par_1_18' title="bbox 331 1669 1937 1746">
     <span class='ocr_line' id='line_1_18' title="bbox 331 1669 1937 1746; baseline 0.003 -22"><span class='ocrx_word' id='word_1_132' title='bbox 331 1669 567 1742; x_wconf 88' lang='lat' dir='ltr'>quisque</span> <span class='ocrx_word' id='word_1_133' title='bbox 595 1669 834 1726; x_wconf 86' lang='lat' dir='ltr'>ostendit</span> <span class='ocrx_word' id='word_1_134' title='bbox 858 1670 1075 1742; x_wconf 89' lang='lat' dir='ltr'>quidem</span> <span class='ocrx_word' id='word_1_135' title='bbox 1100 1680 1367 1743; x_wconf 89' lang='lat' dir='ltr'>quantum</span> <span class='ocrx_word' id='word_1_136' title='bbox 1393 1671 1460 1728; x_wconf 92' lang='lat' dir='ltr'>de</span> <span class='ocrx_word' id='word_1_137' title='bbox 1479 1674 1594 1729; x_wconf 91' lang='lat' dir='ltr'>Deo</span> <span class='ocrx_word' id='word_1_138' title='bbox 1623 1675 1937 1746; x_wconf 84' lang='lat' dir='ltr'>profecerit,</span> 
     </span>
    </p>
   </div>
   <div class='ocr_carea' id='block_1_19' title="bbox 2043 510 3649 588">
    <p class='ocr_par' dir='ltr' id='par_1_19' title="bbox 2043 510 3649 588">
     <span class='ocr_line' id='line_1_19' title="bbox 2043 510 3649 588; baseline 0.009 -24"><span class='ocrx_word' id='word_1_139' title='bbox 2043 525 2191 577; x_wconf 89' lang='lat' dir='ltr'>nere,</span> <span class='ocrx_word' id='word_1_140' title='bbox 2223 517 2397 582; x_wconf 75' lang='lat' dir='ltr'>atque‘</span> <span class='ocrx_word' id='word_1_141' title='bbox 2416 510 2562 581; x_wconf 90' lang='lat' dir='ltr'>apud</span> <span class='ocrx_word' id='word_1_142' title='bbox 2589 526 2646 566; x_wconf 87' lang='lat' dir='ltr'>se</span> <span class='ocrx_word' id='word_1_143' title='bbox 2675 512 3043 583; x_wconf 80' lang='lat' dir='ltr'>arrogantiam</span> <span class='ocrx_word' id='word_1_144' title='bbox 3074 530 3143 569; x_wconf 88' lang='lat' dir='ltr'>ex</span> <span class='ocrx_word' id='word_1_145' title='bbox 3173 520 3410 588; x_wconf 90' lang='lat' dir='ltr'>propriis</span> <span class='ocrx_word' id='word_1_146' title='bbox 3433 520 3649 579; x_wconf 90' lang='lat' dir='ltr'>viribus</span> 
     </span>
    </p>
   </div>
   <div class='ocr_carea' id='block_1_20' title="bbox 2041 599 3646 671">
    <p class='ocr_par' dir='ltr' id='par_1_20' title="bbox 2041 599 3646 671">
     <span class='ocr_line' id='line_1_20' title="bbox 2041 599 3646 671; baseline 0.007 -15"><span class='ocrx_word' id='word_1_147' title='bbox 2041 615 2156 656; x_wconf 91' lang='lat' dir='ltr'>non</span> <span class='ocrx_word' id='word_1_148' title='bbox 2184 599 2404 655; x_wconf 90' lang='lat' dir='ltr'>habere.</span> <span class='ocrx_word' id='word_1_149' title='bbox 2440 600 2585 669; x_wconf 88' lang='lat' dir='ltr'>Quid</span> <span class='ocrx_word' id='word_1_150' title='bbox 2615 601 2764 658; x_wconf 90' lang='lat' dir='ltr'>enim</span> <span class='ocrx_word' id='word_1_151' title='bbox 2796 619 3005 671; x_wconf 89' lang='lat' dir='ltr'>sumus,</span> <span class='ocrx_word' id='word_1_152' title='bbox 3030 605 3129 659; x_wconf 90' lang='lat' dir='ltr'>sia</span> <span class='ocrx_word' id='word_1_153' title='bbox 3148 605 3451 663; x_wconf 85' lang='lat' dir='ltr'>conditoris</span> <span class='ocrx_word' id='word_1_154' title='bbox 3472 612 3646 667; x_wconf 86' lang='lat' dir='ltr'>nostri</span> 
     </span>
    </p>
   </div>
   <div class='ocr_carea' id='block_1_21' title="bbox 2043 689 3647 764">
    <p class='ocr_par' dir='ltr' id='par_1_21' title="bbox 2043 689 3647 764">
     <span class='ocr_line' id='line_1_21' title="bbox 2043 689 3647 764; baseline 0.006 -21"><span class='ocrx_word' id='word_1_155' title='bbox 2043 689 2381 760; x_wconf 87' lang='lat' dir='ltr'>protectione</span> <span class='ocrx_word' id='word_1_156' title='bbox 2409 689 2724 746; x_wconf 89' lang='lat' dir='ltr'>deseramur</span> <span class='ocrx_word' id='word_1_157' title='bbox 2743 690 2771 747; x_wconf 79' lang='lat'><strong>?</strong></span> <span class='ocrx_word' id='word_1_158' title='bbox 2791 691 2923 758; x_wconf 69' lang='lat' dir='ltr'>Quae</span> <span class='ocrx_word' id='word_1_159' title='bbox 2964 691 3231 747; x_wconf 89' lang='lat' dir='ltr'>nimirum</span> <span class='ocrx_word' id='word_1_160' title='bbox 3250 696 3515 764; x_wconf 90' lang='lat' dir='ltr'>protectio</span> <span class='ocrx_word' id='word_1_161' title='bbox 3546 699 3647 753; x_wconf 83' lang='lat' dir='ltr'>mi-</span> 
     </span>
    </p>
   </div>
   <div class='ocr_carea' id='block_1_22' title="bbox 2043 778 3646 852">
    <p class='ocr_par' dir='ltr' id='par_1_22' title="bbox 2043 778 3646 852">
     <span class='ocr_line' id='line_1_22' title="bbox 2043 778 3646 852; baseline 0.004 -20"><span class='ocrx_word' id='word_1_162' title='bbox 2043 792 2149 832; x_wconf 90' lang='lat' dir='ltr'>nus</span> <span class='ocrx_word' id='word_1_163' title='bbox 2184 778 2490 834; x_wconf 89' lang='lat' dir='ltr'>necessaria</span> <span class='ocrx_word' id='word_1_164' title='bbox 2540 779 2806 848; x_wconf 87' lang='lat' dir='ltr'>creditur,</span> <span class='ocrx_word' id='word_1_165' title='bbox 2851 780 2898 835; x_wconf 90' lang='lat' dir='ltr'>si</span> <span class='ocrx_word' id='word_1_166' title='bbox 2946 796 3161 852; x_wconf 89' lang='lat' dir='ltr'>semper</span> <span class='ocrx_word' id='word_1_167' title='bbox 3205 779 3490 837; x_wconf 88' lang='lat' dir='ltr'>habeatur.</span> <span class='ocrx_word' id='word_1_168' title='bbox 3542 783 3646 839; x_wconf 86' lang='lat' dir='ltr'>Sed</span> 
     </span>
    </p>
   </div>
   <div class='ocr_carea' id='block_1_23' title="bbox 2043 866 3647 941">
    <p class='ocr_par' dir='ltr' id='par_1_23' title="bbox 2043 866 3647 941">
     <span class='ocr_line' id='line_1_23' title="bbox 2043 866 3647 941; baseline 0.004 -21"><span class='ocrx_word' id='word_1_169' title='bbox 2043 866 2256 921; x_wconf 89' lang='lat' dir='ltr'>utiliter</span> <span class='ocrx_word' id='word_1_170' title='bbox 2282 867 2604 941; x_wconf 89' lang='lat' dir='ltr'>plerumque</span> <span class='ocrx_word' id='word_1_171' title='bbox 2634 868 2997 937; x_wconf 85' lang='lat' dir='ltr'>subtrahitur,</span> <span class='ocrx_word' id='word_1_172' title='bbox 3031 878 3091 925; x_wconf 90' lang='lat' dir='ltr'>ut</span> <span class='ocrx_word' id='word_1_173' title='bbox 3111 869 3336 925; x_wconf 88' lang='lat' dir='ltr'>sibimet</span> <span class='ocrx_word' id='word_1_174' title='bbox 3351 870 3456 941; x_wconf 90' lang='lat' dir='ltr'>ipsi</span> <span class='ocrx_word' id='word_1_175' title='bbox 3478 869 3647 927; x_wconf 90' lang='lat' dir='ltr'>homo</span> 
     </span>
    </p>
   </div>
   <div class='ocr_carea' id='block_1_24' title="bbox 2044 956 3646 1032">
    <p class='ocr_par' dir='ltr' id='par_1_24' title="bbox 2044 956 3646 1032">
     <span class='ocr_line' id='line_1_24' title="bbox 2044 956 3646 1032; baseline 0.003 -20"><span class='ocrx_word' id='word_1_176' title='bbox 2044 974 2207 1030; x_wconf 91' lang='lat' dir='ltr'>quam</span> <span class='ocrx_word' id='word_1_177' title='bbox 2238 959 2355 1014; x_wconf 90' lang='lat' dir='ltr'>sine</span> <span class='ocrx_word' id='word_1_178' title='bbox 2385 959 2479 1014; x_wconf 88' lang='lat' dir='ltr'>illa</span> <span class='ocrx_word' id='word_1_179' title='bbox 2509 956 2653 1015; x_wconf 88' lang='lat' dir='ltr'>nihil</span> <span class='ocrx_word' id='word_1_180' title='bbox 2682 961 2753 1015; x_wconf 90' lang='lat' dir='ltr'>sit</span> <span class='ocrx_word' id='word_1_181' title='bbox 2772 960 3111 1017; x_wconf 86' lang='lat' dir='ltr'>ostendatur.</span> <span class='ocrx_word' id='word_1_182' title='bbox 3143 961 3337 1017; x_wconf 90' lang='lat' dir='ltr'>Manus</span> <span class='ocrx_word' id='word_1_183' title='bbox 3358 960 3527 1032; x_wconf 81' lang='lat' dir='ltr'>igitur</span> <span class='ocrx_word' id='word_1_184' title='bbox 3547 963 3646 1017; x_wconf 88' lang='lat' dir='ltr'>Dei</span> 
     </span>
    </p>
   </div>
   <div class='ocr_carea' id='block_1_25' title="bbox 2044 1046 3644 1123">
    <p class='ocr_par' dir='ltr' id='par_1_25' title="bbox 2044 1046 3644 1123">
     <span class='ocr_line' id='line_1_25' title="bbox 2044 1046 3644 1123; baseline 0.003 -22"><span class='ocrx_word' id='word_1_185' title='bbox 2044 1046 2340 1119; x_wconf 89' lang='lat' dir='ltr'>aliquando</span> <span class='ocrx_word' id='word_1_186' title='bbox 2369 1065 2468 1104; x_wconf 89' lang='lat' dir='ltr'>nos</span> <span class='ocrx_word' id='word_1_187' title='bbox 2498 1050 2658 1105; x_wconf 90' lang='lat' dir='ltr'>nobis</span> <span class='ocrx_word' id='word_1_188' title='bbox 2686 1068 2782 1122; x_wconf 90' lang='lat' dir='ltr'>per</span> <span class='ocrx_word' id='word_1_189' title='bbox 2810 1050 3037 1107; x_wconf 82' lang='lat' dir='ltr'>adversa</span> <span class='ocrx_word' id='word_1_190' title='bbox 3058 1050 3321 1115; x_wconf 85' lang='lat' dir='ltr'>insinuat,</span> <span class='ocrx_word' id='word_1_191' title='bbox 3341 1066 3462 1123; x_wconf 66' lang='lat' dir='ltr'>qua:</span> <span class='ocrx_word' id='word_1_192' title='bbox 3479 1050 3644 1107; x_wconf 87' lang='lat' dir='ltr'>etiam</span> 
     </span>
    </p>
   </div>
   <div class='ocr_carea' id='block_1_26' title="bbox 2046 1138 3645 1213">
    <p class='ocr_par' dir='ltr' id='par_1_26' title="bbox 2046 1138 3645 1213">
     <span class='ocr_line' id='line_1_26' title="bbox 2046 1138 3645 1213; baseline 0.002 -22"><span class='ocrx_word' id='word_1_193' title='bbox 2046 1138 2349 1194; x_wconf 87' lang='lat' dir='ltr'>nescientes</span> <span class='ocrx_word' id='word_1_194' title='bbox 2368 1156 2468 1194; x_wconf 90' lang='lat' dir='ltr'>nos</span> <span class='ocrx_word' id='word_1_195' title='bbox 2497 1140 2554 1195; x_wconf 90' lang='lat' dir='ltr'>in</span> <span class='ocrx_word' id='word_1_196' title='bbox 2577 1142 2848 1213; x_wconf 82' lang='lat' dir='ltr'>prosperis</span> <span class='ocrx_word' id='word_1_197' title='bbox 2869 1148 3068 1212; x_wconf 86' lang='lat' dir='ltr'>portat.</span> <span class='ocrx_word' id='word_1_198' title='bbox 3101 1140 3217 1208; x_wconf 90' lang='lat' dir='ltr'>Qua</span> <span class='ocrx_word' id='word_1_199' title='bbox 3239 1140 3495 1197; x_wconf 89' lang='lat' dir='ltr'>destituti</span> <span class='ocrx_word' id='word_1_200' title='bbox 3511 1140 3645 1195; x_wconf 89' lang='lat' dir='ltr'>dum</span> 
     </span>
    </p>
   </div>
   <div class='ocr_carea' id='block_1_27' title="bbox 2045 1224 3647 1300">
    <p class='ocr_par' dir='ltr' id='par_1_27' title="bbox 2045 1224 3647 1300">
     <span class='ocr_line' id='line_1_27' title="bbox 2045 1224 3647 1300; baseline 0.002 -20"><span class='ocrx_word' id='word_1_201' title='bbox 2045 1224 2235 1280; x_wconf 88' lang='lat' dir='ltr'>cadere</span> <span class='ocrx_word' id='word_1_202' title='bbox 2266 1225 2581 1297; x_wconf 88' lang='lat' dir='ltr'>incipimus,</span> <span class='ocrx_word' id='word_1_203' title='bbox 2614 1237 2667 1283; x_wconf 90' lang='lat' dir='ltr'>et</span> <span class='ocrx_word' id='word_1_204' title='bbox 2696 1237 2879 1284; x_wconf 89' lang='lat' dir='ltr'>tamen</span> <span class='ocrx_word' id='word_1_205' title='bbox 2909 1228 3083 1300; x_wconf 89' lang='lat' dir='ltr'>adjuti</span> <span class='ocrx_word' id='word_1_206' title='bbox 3115 1228 3437 1297; x_wconf 90' lang='lat' dir='ltr'>retinemur,</span> <span class='ocrx_word' id='word_1_207' title='bbox 3471 1236 3525 1284; x_wconf 90' lang='lat' dir='ltr'>et</span> <span class='ocrx_word' id='word_1_208' title='bbox 3552 1227 3647 1284; x_wconf 88' lang='lat' dir='ltr'>do-</span> 
     </span>
    </p>
   </div>
   <div class='ocr_carea' id='block_1_28' title="bbox 2047 1315 3648 1392">
    <p class='ocr_par' dir='ltr' id='par_1_28' title="bbox 2047 1315 3648 1392">
     <span class='ocr_line' id='line_1_28' title="bbox 2047 1315 3648 1392; baseline 0.001 -20"><span class='ocrx_word' id='word_1_209' title='bbox 2047 1316 2223 1372; x_wconf 89' lang='lat' dir='ltr'>ctrina</span> <span class='ocrx_word' id='word_1_210' title='bbox 2252 1315 2313 1371; x_wconf 87' lang='lat' dir='ltr'>ﬁt</span> <span class='ocrx_word' id='word_1_211' title='bbox 2334 1316 2479 1389; x_wconf 85' lang='lat' dir='ltr'>quod</span> <span class='ocrx_word' id='word_1_212' title='bbox 2502 1316 2558 1371; x_wconf 89' lang='lat' dir='ltr'>in</span> <span class='ocrx_word' id='word_1_213' title='bbox 2582 1318 2736 1389; x_wconf 90' lang='lat' dir='ltr'>lapsu</span> <span class='ocrx_word' id='word_1_214' title='bbox 2756 1317 3118 1391; x_wconf 89' lang='lat' dir='ltr'>trepidamus,</span> <span class='ocrx_word' id='word_1_215' title='bbox 3149 1327 3205 1375; x_wconf 91' lang='lat' dir='ltr'>et</span> <span class='ocrx_word' id='word_1_216' title='bbox 3229 1317 3481 1375; x_wconf 88' lang='lat' dir='ltr'>custodia</span> <span class='ocrx_word' id='word_1_217' title='bbox 3500 1318 3648 1392; x_wconf 90' lang='lat' dir='ltr'>quod</span> 
     </span>
    </p>
   </div>
   <div class='ocr_carea' id='block_1_29' title="bbox 2049 1396 3517 1481">
    <p class='ocr_par' dir='ltr' id='par_1_29' title="bbox 2049 1396 3517 1481">
     <span class='ocr_line' id='line_1_29' title="bbox 2049 1396 3517 1481; baseline 0.003 -18"><span class='ocrx_word' id='word_1_218' title='bbox 2049 1408 2107 1464; x_wconf 91' lang='lat' dir='ltr'>in</span> <span class='ocrx_word' id='word_1_219' title='bbox 2135 1416 2281 1465; x_wconf 90' lang='lat' dir='ltr'>statu</span> <span class='ocrx_word' id='word_1_220' title='bbox 2308 1425 2714 1481; x_wconf 89' lang='lat' dir='ltr'>permanemus.</span> <span class='ocrx_word' id='word_1_221' title='bbox 3512 1396 3517 1401; x_wconf 47' lang='grc'><strong>’</strong></span> 
     </span>
    </p>
   </div>
   <div class='ocr_carea' id='block_1_30' title="bbox 2131 1498 3651 1570">
    <p class='ocr_par' dir='ltr' id='par_1_30' title="bbox 2131 1498 3651 1570">
     <span class='ocr_line' id='line_1_30' title="bbox 2131 1498 3651 1570; baseline -0.006 -8"><span class='ocrx_word' id='word_1_222' title='bbox 2131 1504 2274 1561; x_wconf 83' lang='lat'>760</span> <span class='ocrx_word' id='word_1_223' title='bbox 2315 1498 2401 1566; x_wconf 76' lang='grc'>54,</span> <span class='ocrx_word' id='word_1_224' title='bbox 2452 1500 2737 1570; x_wconf 83' lang='lat' dir='ltr'>Nunquam</span> <span class='ocrx_word' id='word_1_225' title='bbox 2780 1500 2841 1554; x_wconf 86' lang='lat' dir='ltr'>de</span> <span class='ocrx_word' id='word_1_226' title='bbox 2877 1499 3081 1555; x_wconf 80' lang='lat' dir='ltr'>viribus</span> <span class='ocrx_word' id='word_1_227' title='bbox 3108 1500 3305 1555; x_wconf 77' lang='lat' dir='ltr'>nostris</span> <span class='ocrx_word' id='word_1_228' title='bbox 3330 1516 3651 1570; x_wconf 76' lang='lat' dir='ltr'>prwsumen-</span> 
     </span>
    </p>
   </div>
   <div class='ocr_carea' id='block_1_31' title="bbox 2049 1596 3646 1669">
    <p class='ocr_par' dir='ltr' id='par_1_31' title="bbox 2049 1596 3646 1669">
     <span class='ocr_line' id='line_1_31' title="bbox 2049 1596 3646 1669; baseline 0 -18"><span class='ocrx_word' id='word_1_229' title='bbox 2049 1597 2193 1651; x_wconf 83' lang='lat' dir='ltr'>dum.</span> <span class='ocrx_word' id='word_1_230' title='bbox 2244 1628 2314 1638; x_wconf 90' lang='lat'>—</span> <span class='ocrx_word' id='word_1_231' title='bbox 2359 1598 2531 1653; x_wconf 85' lang='lat' dir='ltr'>Nemo</span> <span class='ocrx_word' id='word_1_232' title='bbox 2568 1613 2695 1669; x_wconf 89' lang='lat' dir='ltr'>ergo</span> <span class='ocrx_word' id='word_1_233' title='bbox 2743 1615 2798 1653; x_wconf 90' lang='lat' dir='ltr'>se</span> <span class='ocrx_word' id='word_1_234' title='bbox 2845 1597 3082 1669; x_wconf 88' lang='lat' dir='ltr'>alicujus</span> <span class='ocrx_word' id='word_1_235' title='bbox 3121 1597 3350 1654; x_wconf 89' lang='lat' dir='ltr'>virtutis</span> <span class='ocrx_word' id='word_1_236' title='bbox 3393 1596 3646 1663; x_wconf 74' lang='lat' dir='ltr'>aestimet,</span> 
     </span>
    </p>
   </div>
   <div class='ocr_carea' id='block_1_32' title="bbox 2048 1685 3649 1760">
    <p class='ocr_par' dir='ltr' id='par_1_32' title="bbox 2048 1685 3649 1760">
     <span class='ocr_line' id='line_1_32' title="bbox 2048 1685 3649 1760; baseline -0.001 -19"><span class='ocrx_word' id='word_1_237' title='bbox 2048 1685 2213 1741; x_wconf 88' lang='lat' dir='ltr'>etiam</span> <span class='ocrx_word' id='word_1_238' title='bbox 2259 1702 2383 1741; x_wconf 91' lang='lat' dir='ltr'>cum</span> <span class='ocrx_word' id='word_1_239' title='bbox 2423 1685 2556 1757; x_wconf 90' lang='lat' dir='ltr'>quid</span> <span class='ocrx_word' id='word_1_240' title='bbox 2596 1685 2813 1743; x_wconf 82' lang='lat' dir='ltr'>fortiter</span> <span class='ocrx_word' id='word_1_241' title='bbox 2844 1693 3041 1759; x_wconf 89' lang='lat' dir='ltr'>potest,</span> <span class='ocrx_word' id='word_1_242' title='bbox 3075 1687 3205 1760; x_wconf 88' lang='lat' dir='ltr'>quia</span> <span class='ocrx_word' id='word_1_243' title='bbox 3233 1687 3277 1742; x_wconf 92' lang='lat' dir='ltr'>si</span> <span class='ocrx_word' id='word_1_244' title='bbox 3307 1685 3500 1741; x_wconf 90' lang='lat' dir='ltr'>divina</span> <span class='ocrx_word' id='word_1_245' title='bbox 3528 1701 3649 1756; x_wconf 88' lang='lat' dir='ltr'>pro-</span> 
     </span>
    </p>
   </div>
   <div class='ocr_carea' id='block_1_33' title="bbox 331 1757 1942 1847">
    <p class='ocr_par' dir='ltr' id='par_1_33' title="bbox 331 1757 1936 1836">
     <span class='ocr_line' id='line_1_33' title="bbox 331 1757 1936 1836; baseline 0.004 -24"><span class='ocrx_word' id='word_1_246' title='bbox 331 1757 428 1813; x_wconf 85' lang='lat' dir='ltr'>sed</span> <span class='ocrx_word' id='word_1_247' title='bbox 459 1759 517 1813; x_wconf 91' lang='lat' dir='ltr'>in</span> <span class='ocrx_word' id='word_1_248' title='bbox 548 1758 684 1831; x_wconf 81' lang='lat' dir='ltr'>ipsis</span> <span class='ocrx_word' id='word_1_249' title='bbox 703 1757 1041 1831; x_wconf 85' lang='lat' dir='ltr'>ﬂagellorum</span> <span class='ocrx_word' id='word_1_250' title='bbox 1063 1759 1459 1817; x_wconf 82' lang='lat' dir='ltr'>afﬂictionibus</span> <span class='ocrx_word' id='word_1_251' title='bbox 1479 1763 1644 1819; x_wconf 90' lang='lat' dir='ltr'>etiam</span> <span class='ocrx_word' id='word_1_252' title='bbox 1668 1772 1936 1836; x_wconf 88' lang='lat' dir='ltr'>quantum</span> 
     </span>
    </p>
   </div>
   <div class='ocr_carea' id='block_1_34' title="bbox 2052 1757 3650 1847">
    <p class='ocr_par' dir='ltr' id='par_1_34' title="bbox 2052 1757 3650 1847">
     <span class='ocr_line' id='line_1_34' title="bbox 2052 1757 3650 1847; baseline -0.003 -15"><span class='ocrx_word' id='word_1_253' title='bbox 2052 1775 2219 1832; x_wconf 89' lang='lat' dir='ltr'>tectio</span> <span class='ocrx_word' id='word_1_254' title='bbox 2246 1775 2479 1843; x_wconf 88' lang='lat' dir='ltr'>deserat,</span> <span class='ocrx_word' id='word_1_255' title='bbox 2504 1775 2581 1831; x_wconf 88' lang='lat' dir='ltr'>ibi</span> <span class='ocrx_word' id='word_1_256' title='bbox 2607 1785 2829 1847; x_wconf 88' lang='lat' dir='ltr'>repente</span> <span class='ocrx_word' id='word_1_257' title='bbox 2845 1757 3132 1832; x_wconf 14' lang='lat' dir='ltr'>Ienervite—r</span> <span class='ocrx_word' id='word_1_258' title='bbox 3159 1774 3433 1841; x_wconf 88' lang='lat' dir='ltr'>obruitur,</span> <span class='ocrx_word' id='word_1_259' title='bbox 3467 1773 3565 1829; x_wconf 89' lang='lat' dir='ltr'>ubi</span> <span class='ocrx_word' id='word_1_260' title='bbox 3593 1789 3650 1827; x_wconf 88' lang='lat' dir='ltr'>se</span> 
     </span>
    </p>
   </div>
   <div class='ocr_carea' id='block_1_35' title="bbox 330 1848 1938 1925">
    <p class='ocr_par' dir='ltr' id='par_1_35' title="bbox 330 1848 1938 1925">
     <span class='ocr_line' id='line_1_35' title="bbox 330 1848 1938 1925; baseline 0.004 -22"><span class='ocrx_word' id='word_1_261' title='bbox 330 1848 403 1903; x_wconf 88' lang='lat' dir='ltr'>de</span> <span class='ocrx_word' id='word_1_262' title='bbox 432 1849 729 1921; x_wconf 90' lang='lat' dir='ltr'>semetipso</span> <span class='ocrx_word' id='word_1_263' title='bbox 760 1849 831 1905; x_wconf 89' lang='lat' dir='ltr'>sit</span> <span class='ocrx_word' id='word_1_264' title='bbox 871 1848 1127 1905; x_wconf 87' lang='lat' dir='ltr'>inﬁrmus</span> <span class='ocrx_word' id='word_1_265' title='bbox 1169 1850 1433 1923; x_wconf 86' lang='lat' dir='ltr'>agnoscit,</span> <span class='ocrx_word' id='word_1_266' title='bbox 1471 1854 1487 1886; x_wconf 81' lang='grc'>¹</span> <span class='ocrx_word' id='word_1_267' title='bbox 1520 1852 1651 1925; x_wconf 89' lang='lat' dir='ltr'>quia</span> <span class='ocrx_word' id='word_1_268' title='bbox 1680 1868 1790 1908; x_wconf 89' lang='lat' dir='ltr'>non</span> <span class='ocrx_word' id='word_1_269' title='bbox 1824 1862 1938 1909; x_wconf 87' lang='lat' dir='ltr'>tan-</span> 
     </span>
    </p>
   </div>
   <div class='ocr_carea' id='block_1_36' title="bbox 332 1936 1936 2009">
    <p class='ocr_par' dir='ltr' id='par_1_36' title="bbox 332 1936 1936 2009">
     <span class='ocr_line' id='line_1_36' title="bbox 332 1936 1936 2009; baseline 0.003 -17"><span class='ocrx_word' id='word_1_270' title='bbox 332 1936 630 1993; x_wconf 88' lang='lat' dir='ltr'>tummodo</span> <span class='ocrx_word' id='word_1_271' title='bbox 660 1936 932 1993; x_wconf 91' lang='lat' dir='ltr'>nudantur</span> <span class='ocrx_word' id='word_1_272' title='bbox 979 1954 1119 2006; x_wconf 85' lang='lat' dir='ltr'>ossa,</span> <span class='ocrx_word' id='word_1_273' title='bbox 1169 1939 1264 1995; x_wconf 91' lang='lat' dir='ltr'>sed</span> <span class='ocrx_word' id='word_1_274' title='bbox 1311 1940 1475 1996; x_wconf 88' lang='lat' dir='ltr'>etiam</span> <span class='ocrx_word' id='word_1_275' title='bbox 1526 1940 1758 1998; x_wconf 87' lang='lat' dir='ltr'>tabescit</span> <span class='ocrx_word' id='word_1_276' title='bbox 1787 1958 1936 2009; x_wconf 90' lang='lat' dir='ltr'>caro,</span> 
     </span>
    </p>
   </div>
   <div class='ocr_carea' id='block_1_37' title="bbox 330 2029 889 2104">
    <p class='ocr_par' dir='ltr' id='par_1_37' title="bbox 330 2029 889 2104">
     <span class='ocr_line' id='line_1_37' title="bbox 330 2029 889 2104; baseline 0.004 -18"><span class='ocrx_word' id='word_1_277' title='bbox 330 2040 466 2103; x_wconf 83' lang='lat' dir='ltr'>apte</span> <span class='ocrx_word' id='word_1_278' title='bbox 494 2029 847 2104; x_wconf 88' lang='lat' dir='ltr'>subjungitur</span> <span class='ocrx_word' id='word_1_279' title='bbox 878 2049 889 2088; x_wconf 89' lang='lat'>:</span> 
     </span>
    </p>
   </div>
   <div class='ocr_carea' id='block_1_38' title="bbox 711 2118 1564 2197">
    <p class='ocr_par' dir='ltr' id='par_1_38' title="bbox 711 2118 1564 2197">
     <span class='ocr_line' id='line_1_38' title="bbox 711 2118 1564 2197; baseline 0.004 -21"><span class='ocrx_word' id='word_1_280' title='bbox 711 2118 936 2177; x_wconf 82' lang='lat' dir='ltr'><strong>CAPUT</strong></span> <span class='ocrx_word' id='word_1_281' title='bbox 964 2121 1177 2179; x_wconf 83' lang='lat' dir='ltr'><strong>XXVII</strong></span> <span class='ocrx_word' id='word_1_282' title='bbox 1210 2120 1352 2196; x_wconf 79' lang='grc' dir='ltr'>[Ηεο.</span> <span class='ocrx_word' id='word_1_283' title='bbox 1385 2121 1564 2197; x_wconf 84' lang='grc' dir='ltr'>ΧΙΧ].</span> 
     </span>
    </p>
   </div>
   <div class='ocr_carea' id='block_1_39' title="bbox 411 2211 1940 2288">
    <p class='ocr_par' dir='ltr' id='par_1_39' title="bbox 411 2211 1940 2288">
     <span class='ocr_line' id='line_1_39' title="bbox 411 2211 1940 2288; baseline 0.001 -20"><span class='ocrx_word' id='word_1_284' title='bbox 411 2211 772 2268; x_wconf 67' lang='lat' dir='ltr'>Vsus.22.—il</span> <span class='ocrx_word' id='word_1_285' title='bbox 787 2215 1252 2287; x_wconf 86' lang='lat' dir='ltr'>Appropinquabit</span> <span class='ocrx_word' id='word_1_286' title='bbox 1265 2216 1601 2288; x_wconf 85' lang='lat' dir='ltr'>corruptioni</span> <span class='ocrx_word' id='word_1_287' title='bbox 1613 2216 1793 2271; x_wconf 85' lang='lat' dir='ltr'>anima</span> <span class='ocrx_word' id='word_1_288' title='bbox 1806 2215 1940 2285; x_wconf 86' lang='lat' dir='ltr'>ejus,</span> 
     </span>
    </p>
   </div>
   <div class='ocr_carea' id='block_1_40' title="bbox 334 2301 1041 2374">
    <p class='ocr_par' dir='ltr' id='par_1_40' title="bbox 334 2301 1041 2374">
     <span class='ocr_line' id='line_1_40' title="bbox 334 2301 1041 2374; baseline 0.007 -20"><span class='ocrx_word' id='word_1_289' title='bbox 334 2307 387 2355; x_wconf 87' lang='lat' dir='ltr'>et</span> <span class='ocrx_word' id='word_1_290' title='bbox 414 2301 523 2356; x_wconf 74' lang='lat' dir='ltr'>vita</span> <span class='ocrx_word' id='word_1_291' title='bbox 551 2302 700 2358; x_wconf 84' lang='lat' dir='ltr'>illius</span> <span class='ocrx_word' id='word_1_292' title='bbox 727 2302 1041 2374; x_wconf 73' lang='lat' dir='ltr'>mortiferis.</span> 
     </span>
    </p>
   </div>
   <div class='ocr_carea' id='block_1_41' title="bbox 407 2387 1945 2465">
    <p class='ocr_par' dir='ltr' id='par_1_41' title="bbox 407 2387 1945 2465">
     <span class='ocr_line' id='line_1_41' title="bbox 407 2387 1945 2465; baseline 0 -20"><span class='ocrx_word' id='word_1_293' title='bbox 407 2387 499 2445; x_wconf 85' lang='lat'>53.</span> <span class='ocrx_word' id='word_1_294' title='bbox 528 2391 576 2446; x_wconf 83' lang='grc' dir='ltr'><em>Α</em></span> <span class='ocrx_word' id='word_1_295' title='bbox 609 2393 935 2463; x_wconf 75' lang='lat' dir='ltr'>corruptela,</span> <span class='ocrx_word' id='word_1_296' title='bbox 968 2409 1085 2447; x_wconf 84' lang='lat' dir='ltr'>cum</span> <span class='ocrx_word' id='word_1_297' title='bbox 1132 2393 1301 2465; x_wconf 83' lang='lat' dir='ltr'>magis</span> <span class='ocrx_word' id='word_1_298' title='bbox 1345 2394 1620 2450; x_wconf 74' lang='lat' dir='ltr'>imminere</span> <span class='ocrx_word' id='word_1_299' title='bbox 1646 2394 1855 2451; x_wconf 83' lang='lat' dir='ltr'>videtur</span> <span class='ocrx_word' id='word_1_300' title='bbox 1885 2391 1945 2447; x_wconf 89' lang='lat' dir='ltr'>in</span> 
     </span>
    </p>
   </div>
   <div class='ocr_carea' id='block_1_42' title="bbox 335 2480 1946 2553">
    <p class='ocr_par' dir='ltr' id='par_1_42' title="bbox 335 2480 1946 2553">
     <span class='ocr_line' id='line_1_42' title="bbox 335 2480 1946 2553; baseline 0.001 -21"><span class='ocrx_word' id='word_1_301' title='bbox 335 2480 642 2546; x_wconf 79' lang='lat' dir='ltr'>tentatione,</span> <span class='ocrx_word' id='word_1_302' title='bbox 675 2481 991 2537; x_wconf 81' lang='lat' dir='ltr'>liberamur.</span> <span class='ocrx_word' id='word_1_303' title='bbox 1012 2511 1084 2521; x_wconf 89' lang='lat'><em>—</em></span> <span class='ocrx_word' id='word_1_304' title='bbox 1104 2482 1321 2538; x_wconf 89' lang='lat' dir='ltr'>Tentati</span> <span class='ocrx_word' id='word_1_305' title='bbox 1342 2484 1493 2538; x_wconf 88' lang='lat' dir='ltr'>enim</span> <span class='ocrx_word' id='word_1_306' title='bbox 1511 2481 1946 2553; x_wconf 85' lang='lat' dir='ltr'>uniuscujusque</span> 
     </span>
    </p>
   </div>
   <div class='ocr_carea' id='block_1_43' title="bbox 324 2568 1946 2643">
    <p class='ocr_par' dir='ltr' id='par_1_43' title="bbox 324 2568 1946 2643">
     <span class='ocr_line' id='line_1_43' title="bbox 324 2568 1946 2643; baseline 0.003 -22"><span class='ocrx_word' id='word_1_307' title='bbox 324 2568 473 2643; x_wconf 87' lang='lat' dir='ltr'>justi</span> <span class='ocrx_word' id='word_1_308' title='bbox 485 2568 675 2624; x_wconf 89' lang='lat' dir='ltr'>anima</span> <span class='ocrx_word' id='word_1_309' title='bbox 686 2569 1029 2640; x_wconf 88' lang='lat' dir='ltr'>corruptioni</span> <span class='ocrx_word' id='word_1_310' title='bbox 1041 2570 1477 2643; x_wconf 88' lang='lat' dir='ltr'>appropinquare</span> <span class='ocrx_word' id='word_1_311' title='bbox 1488 2570 1695 2627; x_wconf 88' lang='lat' dir='ltr'>dicitur</span> <span class='ocrx_word' id='word_1_312' title='bbox 1709 2570 1946 2643; x_wconf 88' lang='lat' dir='ltr'>quando,</span> 
     </span>
    </p>
   </div>
   <div class='ocr_carea' id='block_1_44' title="bbox 328 2656 1947 2732">
    <p class='ocr_par' dir='ltr' id='par_1_44' title="bbox 328 2656 1947 2732">
     <span class='ocr_line' id='line_1_44' title="bbox 328 2656 1947 2732; baseline 0.003 -20"><span class='ocrx_word' id='word_1_313' title='bbox 328 2672 405 2712; x_wconf 87' lang='lat' dir='ltr'>ne</span> <span class='ocrx_word' id='word_1_314' title='bbox 445 2673 570 2711; x_wconf 88' lang='lat' dir='ltr'>eam</span> <span class='ocrx_word' id='word_1_315' title='bbox 601 2656 784 2712; x_wconf 87' lang='lat' dir='ltr'>virtus</span> <span class='ocrx_word' id='word_1_316' title='bbox 804 2658 978 2729; x_wconf 90' lang='lat' dir='ltr'>possit</span> <span class='ocrx_word' id='word_1_317' title='bbox 1006 2658 1293 2726; x_wconf 84' lang='lat' dir='ltr'>extollere,</span> <span class='ocrx_word' id='word_1_318' title='bbox 1316 2675 1412 2731; x_wconf 89' lang='lat' dir='ltr'>per</span> <span class='ocrx_word' id='word_1_319' title='bbox 1440 2658 1654 2731; x_wconf 87' lang='lat' dir='ltr'>ﬂagella</span> <span class='ocrx_word' id='word_1_320' title='bbox 1671 2660 1947 2732; x_wconf 89' lang='lat' dir='ltr'>compelli-</span> 
     </span>
    </p>
   </div>
   <div class='ocr_carea' id='block_1_45' title="bbox 333 2750 1940 2827">
    <p class='ocr_par' dir='ltr' id='par_1_45' title="bbox 333 2750 1940 2827">
     <span class='ocr_line' id='line_1_45' title="bbox 333 2750 1940 2827; baseline 0.002 -17"><span class='ocrx_word' id='word_1_321' title='bbox 333 2764 431 2811; x_wconf 79' lang='lat' dir='ltr'>tur</span> <span class='ocrx_word' id='word_1_322' title='bbox 478 2753 614 2825; x_wconf 87' lang='lat' dir='ltr'>quid</span> <span class='ocrx_word' id='word_1_323' title='bbox 649 2750 792 2807; x_wconf 86' lang='lat'><strong>759</strong></span> <span class='ocrx_word' id='word_1_324' title='bbox 820 2755 894 2811; x_wconf 89' lang='lat' dir='ltr'>sit</span> <span class='ocrx_word' id='word_1_325' title='bbox 936 2770 1005 2810; x_wconf 83' lang='lat' dir='ltr'>ex</span> <span class='ocrx_word' id='word_1_326' title='bbox 1052 2755 1273 2827; x_wconf 88' lang='lat' dir='ltr'>propria</span> <span class='ocrx_word' id='word_1_327' title='bbox 1317 2755 1639 2813; x_wconf 88' lang='lat' dir='ltr'>inﬁrmitate</span> <span class='ocrx_word' id='word_1_328' title='bbox 1669 2758 1689 2793; x_wconf 86' lang='grc'><strong>³</strong></span> <span class='ocrx_word' id='word_1_329' title='bbox 1720 2758 1940 2815; x_wconf 87' lang='lat' dir='ltr'>sentire.</span> 
     </span>
    </p>
   </div>
   <div class='ocr_carea' id='block_1_46' title="bbox 334 2842 1945 2919">
    <p class='ocr_par' dir='ltr' id='par_1_46' title="bbox 334 2842 1945 2919">
     <span class='ocr_line' id='line_1_46' title="bbox 334 2842 1945 2919; baseline 0.003 -20"><span class='ocrx_word' id='word_1_330' title='bbox 334 2842 697 2914; x_wconf 85' lang='lat' dir='ltr'>Corruptioni</span> <span class='ocrx_word' id='word_1_331' title='bbox 731 2842 991 2900; x_wconf 86' lang='lat' dir='ltr'>videlicet</span> <span class='ocrx_word' id='word_1_332' title='bbox 1035 2844 1458 2918; x_wconf 88' lang='lat' dir='ltr'>appropinquat,</span> <span class='ocrx_word' id='word_1_333' title='bbox 1489 2847 1619 2919; x_wconf 89' lang='lat' dir='ltr'>quia</span> <span class='ocrx_word' id='word_1_334' title='bbox 1646 2863 1715 2903; x_wconf 80' lang='lat' dir='ltr'>ex</span> <span class='ocrx_word' id='word_1_335' title='bbox 1743 2849 1858 2904; x_wconf 89' lang='lat' dir='ltr'>suis</span> <span class='ocrx_word' id='word_1_336' title='bbox 1887 2864 1945 2905; x_wconf 93' lang='lat' dir='ltr'>se</span> 
     </span>
    </p>
   </div>
   <div class='ocr_carea' id='block_1_47' title="bbox 337 2931 1945 3006">
    <p class='ocr_par' dir='ltr' id='par_1_47' title="bbox 337 2931 1945 3006">
     <span class='ocr_line' id='line_1_47' title="bbox 337 2931 1945 3006; baseline 0.007 -22"><span class='ocrx_word' id='word_1_337' title='bbox 337 2931 557 2987; x_wconf 77' lang='lat' dir='ltr'>viribus</span> <span class='ocrx_word' id='word_1_338' title='bbox 587 2931 609 2965; x_wconf 84' lang='lat'><strong>‘</strong></span> <span class='ocrx_word' id='word_1_339' title='bbox 636 2932 938 3002; x_wconf 87' lang='lat' dir='ltr'>perditioni</span> <span class='ocrx_word' id='word_1_340' title='bbox 987 2933 1305 3004; x_wconf 85' lang='lat' dir='ltr'>proximum</span> <span class='ocrx_word' id='word_1_341' title='bbox 1335 2950 1448 2989; x_wconf 90' lang='lat' dir='ltr'>non</span> <span class='ocrx_word' id='word_1_342' title='bbox 1479 2933 1714 3006; x_wconf 87' lang='lat' dir='ltr'>ignorat,</span> <span class='ocrx_word' id='word_1_343' title='bbox 1747 2945 1809 2993; x_wconf 90' lang='lat' dir='ltr'>ut</span> <span class='ocrx_word' id='word_1_344' title='bbox 1838 2936 1945 2996; x_wconf 89' lang='lat' dir='ltr'>hoc</span> 
     </span>
    </p>
   </div>
   <div class='ocr_carea' id='block_1_48' title="bbox 340 3020 1943 3094">
    <p class='ocr_par' dir='ltr' id='par_1_48' title="bbox 340 3020 1943 3094">
     <span class='ocr_line' id='line_1_48' title="bbox 340 3020 1943 3094; baseline 0.004 -19"><span class='ocrx_word' id='word_1_345' title='bbox 340 3020 491 3093; x_wconf 87' lang='lat' dir='ltr'>quod</span> <span class='ocrx_word' id='word_1_346' title='bbox 519 3037 551 3076; x_wconf 89' lang='lat' dir='ltr'>a</span> <span class='ocrx_word' id='word_1_347' title='bbox 576 3020 889 3093; x_wconf 89' lang='lat' dir='ltr'>perditione</span> <span class='ocrx_word' id='word_1_348' title='bbox 935 3023 1095 3094; x_wconf 88' lang='lat' dir='ltr'>longe</span> <span class='ocrx_word' id='word_1_349' title='bbox 1136 3032 1236 3090; x_wconf 91' lang='lat' dir='ltr'>est,</span> <span class='ocrx_word' id='word_1_350' title='bbox 1280 3039 1391 3079; x_wconf 91' lang='lat' dir='ltr'>non</span> <span class='ocrx_word' id='word_1_351' title='bbox 1420 3024 1548 3092; x_wconf 89' lang='lat' dir='ltr'>sibi,</span> <span class='ocrx_word' id='word_1_352' title='bbox 1579 3024 1675 3081; x_wconf 89' lang='lat' dir='ltr'>sed</span> <span class='ocrx_word' id='word_1_353' title='bbox 1703 3026 1943 3083; x_wconf 88' lang='lat' dir='ltr'>Domino</span> 
     </span>
    </p>
   </div>
   <div class='ocr_carea' id='block_1_49' title="bbox 2053 1862 3650 1937">
    <p class='ocr_par' dir='ltr' id='par_1_49' title="bbox 2053 1862 3650 1937">
     <span class='ocr_line' id='line_1_49' title="bbox 2053 1862 3650 1937; baseline -0.002 -18"><span class='ocrx_word' id='word_1_354' title='bbox 2053 1865 2299 1922; x_wconf 87' lang='lat' dir='ltr'>valenter</span> <span class='ocrx_word' id='word_1_355' title='bbox 2336 1873 2479 1921; x_wconf 88' lang='lat' dir='ltr'>stare</span> <span class='ocrx_word' id='word_1_356' title='bbox 2518 1864 2871 1937; x_wconf 88' lang='lat' dir='ltr'>gloriabatur.</span> <span class='ocrx_word' id='word_1_357' title='bbox 2919 1866 3063 1937; x_wconf 89' lang='lat' dir='ltr'>Quid</span> <span class='ocrx_word' id='word_1_358' title='bbox 3092 1873 3174 1921; x_wconf 91' lang='lat' dir='ltr'>est</span> <span class='ocrx_word' id='word_1_359' title='bbox 3202 1865 3349 1921; x_wconf 90' lang='lat' dir='ltr'>enim</span> <span class='ocrx_word' id='word_1_360' title='bbox 3384 1862 3532 1935; x_wconf 93' lang='lat' dir='ltr'>quod</span> <span class='ocrx_word' id='word_1_361' title='bbox 3562 1862 3650 1917; x_wconf 88' lang='lat' dir='ltr'>vir</span> 
     </span>
    </p>
   </div>
   <div class='ocr_carea' id='block_1_50' title="bbox 2051 1950 3651 2026">
    <p class='ocr_par' dir='ltr' id='par_1_50' title="bbox 2051 1950 3651 2026">
     <span class='ocr_line' id='line_1_50' title="bbox 2051 1950 3651 2026; baseline -0.004 -15"><span class='ocrx_word' id='word_1_362' title='bbox 2051 1954 2152 2011; x_wconf 90' lang='lat' dir='ltr'>Dei</span> <span class='ocrx_word' id='word_1_363' title='bbox 2180 1962 2369 2010; x_wconf 90' lang='lat' dir='ltr'>contra</span> <span class='ocrx_word' id='word_1_364' title='bbox 2384 1954 2553 2010; x_wconf 89' lang='lat' dir='ltr'>altare</span> <span class='ocrx_word' id='word_1_365' title='bbox 2582 1955 2837 2011; x_wconf 58' lang='lat' dir='ltr'>Samaria</span> <span class='ocrx_word' id='word_1_366' title='bbox 2859 1954 2926 2011; x_wconf 89' lang='lat' dir='ltr'>ad</span> <span class='ocrx_word' id='word_1_367' title='bbox 2947 1952 3385 2026; x_wconf 85' lang='lat' dir='ltr'>prophetandum</span> <span class='ocrx_word' id='word_1_368' title='bbox 3406 1950 3651 2009; x_wconf 89' lang='lat' dir='ltr'>directus</span> 
     </span>
    </p>
   </div>
   <div class='ocr_carea' id='block_1_51' title="bbox 2052 2041 3648 2115">
    <p class='ocr_par' dir='ltr' id='par_1_51' title="bbox 2052 2041 3648 2115">
     <span class='ocr_line' id='line_1_51' title="bbox 2052 2041 3648 2115; baseline -0.001 -17"><span class='ocrx_word' id='word_1_369' title='bbox 2052 2051 2319 2114; x_wconf 73' lang='lat' dir='ltr'>praesente</span> <span class='ocrx_word' id='word_1_370' title='bbox 2364 2059 2488 2115; x_wconf 90' lang='lat' dir='ltr'>rege</span> <span class='ocrx_word' id='word_1_371' title='bbox 2529 2043 2912 2101; x_wconf 87' lang='lat' dir='ltr'>auctoritatem</span> <span class='ocrx_word' id='word_1_372' title='bbox 2960 2043 3149 2100; x_wconf 82' lang='lat' dir='ltr'>liberae</span> <span class='ocrx_word' id='word_1_373' title='bbox 3195 2042 3348 2100; x_wconf 86' lang='lat' dir='ltr'>vocis</span> <span class='ocrx_word' id='word_1_374' title='bbox 3377 2041 3648 2107; x_wconf 84' lang='lat' dir='ltr'>exercuit,</span> 
     </span>
    </p>
   </div>
   <div class='ocr_carea' id='block_1_52' title="bbox 2052 2130 3649 2205">
    <p class='ocr_par' dir='ltr' id='par_1_52' title="bbox 2052 2130 3649 2205">
     <span class='ocr_line' id='line_1_52' title="bbox 2052 2130 3649 2205; baseline -0.002 -18"><span class='ocrx_word' id='word_1_375' title='bbox 2052 2130 2406 2205; x_wconf 89' lang='lat' dir='ltr'>ejusdemque</span> <span class='ocrx_word' id='word_1_376' title='bbox 2435 2132 2577 2205; x_wconf 85' lang='lat' dir='ltr'>regis</span> <span class='ocrx_word' id='word_1_377' title='bbox 2604 2139 2893 2190; x_wconf 81' lang='lat' dir='ltr'>extensum</span> <span class='ocrx_word' id='word_1_378' title='bbox 2925 2131 3215 2190; x_wconf 89' lang='lat' dir='ltr'>brachium</span> <span class='ocrx_word' id='word_1_379' title='bbox 3244 2132 3267 2169; x_wconf 80' lang='grc'><strong><em>⁸</em></strong></span> <span class='ocrx_word' id='word_1_380' title='bbox 3314 2132 3371 2186; x_wconf 91' lang='lat' dir='ltr'>in</span> <span class='ocrx_word' id='word_1_381' title='bbox 3413 2131 3649 2203; x_wconf 85' lang='lat' dir='ltr'>rigorem</span> 
     </span>
    </p>
   </div>
   <div class='ocr_carea' id='block_1_53' title="bbox 2054 2218 3651 2296">
    <p class='ocr_par' dir='ltr' id='par_1_53' title="bbox 2054 2218 3651 2296">
     <span class='ocr_line' id='line_1_53' title="bbox 2054 2218 3651 2296; baseline -0.001 -20"><span class='ocrx_word' id='word_1_382' title='bbox 2054 2221 2383 2279; x_wconf 87' lang='lat' dir='ltr'>mirabiliter</span> <span class='ocrx_word' id='word_1_383' title='bbox 2402 2223 2680 2291; x_wconf 85' lang='lat' dir='ltr'>astrinxit,</span> <span class='ocrx_word' id='word_1_384' title='bbox 2698 2222 2845 2296; x_wconf 88' lang='lat' dir='ltr'>quod</span> <span class='ocrx_word' id='word_1_385' title='bbox 2864 2231 3047 2278; x_wconf 89' lang='lat' dir='ltr'>tamen</span> <span class='ocrx_word' id='word_1_386' title='bbox 3069 2218 3201 2278; x_wconf 87' lang='lat' dir='ltr'>mox</span> <span class='ocrx_word' id='word_1_387' title='bbox 3221 2220 3651 2277; x_wconf 88' lang='lat' dir='ltr'>misericorditer</span> 
     </span>
    </p>
   </div>
   <div class='ocr_carea' id='block_1_54' title="bbox 2054 2310 3651 2385">
    <p class='ocr_par' dir='ltr' id='par_1_54' title="bbox 2054 2310 3651 2385">
     <span class='ocr_line' id='line_1_54' title="bbox 2054 2310 3651 2385; baseline -0.003 -17"><span class='ocrx_word' id='word_1_388' title='bbox 2054 2312 2217 2368; x_wconf 89' lang='lat' dir='ltr'>saluti</span> <span class='ocrx_word' id='word_1_389' title='bbox 2247 2312 2489 2369; x_wconf 87' lang='lat' dir='ltr'>restituit</span> <span class='ocrx_word' id='word_1_390' title='bbox 2519 2312 2641 2385; x_wconf 92' lang='lat' dir='ltr'><strong>(III</strong></span> <span class='ocrx_word' id='word_1_391' title='bbox 2663 2315 2789 2385; x_wconf 87' lang='lat' dir='ltr'>Reg.</span> <span class='ocrx_word' id='word_1_392' title='bbox 2820 2330 2938 2381; x_wconf 85' lang='lat' dir='ltr'>xm,</span> <span class='ocrx_word' id='word_1_393' title='bbox 2969 2312 3026 2384; x_wconf 76' lang='grc'>4)</span> <span class='ocrx_word' id='word_1_394' title='bbox 3052 2311 3079 2369; x_wconf 80' lang='lat'><strong>?</strong></span> <span class='ocrx_word' id='word_1_395' title='bbox 3108 2310 3268 2384; x_wconf 87' lang='lat' dir='ltr'>cujus</span> <span class='ocrx_word' id='word_1_396' title='bbox 3289 2312 3346 2367; x_wconf 89' lang='lat' dir='ltr'>in</span> <span class='ocrx_word' id='word_1_397' title='bbox 3376 2310 3540 2366; x_wconf 90' lang='lat' dir='ltr'>domo</span> <span class='ocrx_word' id='word_1_398' title='bbox 3568 2310 3651 2364; x_wconf 91' lang='lat' dir='ltr'>in-</span> 
     </span>
    </p>
   </div>
   <div class='ocr_carea' id='block_1_55' title="bbox 2054 2397 3649 2473">
    <p class='ocr_par' dir='ltr' id='par_1_55' title="bbox 2054 2397 3649 2473">
     <span class='ocr_line' id='line_1_55' title="bbox 2054 2397 3649 2473; baseline -0.003 -17"><span class='ocrx_word' id='word_1_399' title='bbox 2054 2402 2262 2457; x_wconf 88' lang='lat' dir='ltr'>vitatus</span> <span class='ocrx_word' id='word_1_400' title='bbox 2304 2401 2589 2458; x_wconf 89' lang='lat' dir='ltr'>comedere</span> <span class='ocrx_word' id='word_1_401' title='bbox 2630 2402 2827 2470; x_wconf 90' lang='lat' dir='ltr'>noluit,</span> <span class='ocrx_word' id='word_1_402' title='bbox 2873 2401 3001 2473; x_wconf 90' lang='lat' dir='ltr'>quia</span> <span class='ocrx_word' id='word_1_403' title='bbox 3024 2418 3093 2456; x_wconf 89' lang='lat' dir='ltr'>ne</span> <span class='ocrx_word' id='word_1_404' title='bbox 3121 2401 3179 2456; x_wconf 93' lang='lat' dir='ltr'>in</span> <span class='ocrx_word' id='word_1_405' title='bbox 3209 2400 3300 2455; x_wconf 90' lang='lat' dir='ltr'>via</span> <span class='ocrx_word' id='word_1_406' title='bbox 3319 2397 3649 2467; x_wconf 90' lang='lat' dir='ltr'>comederet,</span> 
     </span>
    </p>
   </div>
   <div class='ocr_carea' id='block_1_56' title="bbox 2055 2486 3650 2563">
    <p class='ocr_par' dir='ltr' id='par_1_56' title="bbox 2055 2486 3650 2563">
     <span class='ocr_line' id='line_1_56' title="bbox 2055 2486 3650 2563; baseline -0.003 -17"><span class='ocrx_word' id='word_1_407' title='bbox 2055 2488 2449 2563; x_wconf 89' lang='lat' dir='ltr'>prohibitionis</span> <span class='ocrx_word' id='word_1_408' title='bbox 2490 2489 2781 2548; x_wconf 64' lang='lat' dir='ltr'>dominica</span> <span class='ocrx_word' id='word_1_409' title='bbox 2824 2499 3093 2563; x_wconf 53' lang='lat' dir='ltr'>praecepta</span> <span class='ocrx_word' id='word_1_410' title='bbox 3121 2488 3410 2545; x_wconf 79' lang='lat' dir='ltr'>servavit?</span> <span class='ocrx_word' id='word_1_411' title='bbox 3438 2486 3546 2555; x_wconf 89' lang='lat' dir='ltr'>Qui</span> <span class='ocrx_word' id='word_1_412' title='bbox 3574 2493 3650 2542; x_wconf 88' lang='lat' dir='ltr'>ta-</span> 
     </span>
    </p>
   </div>
   <div class='ocr_carea' id='block_1_57' title="bbox 2056 2576 3652 2648">
    <p class='ocr_par' dir='ltr' id='par_1_57' title="bbox 2056 2576 3652 2648">
     <span class='ocr_line' id='line_1_57' title="bbox 2056 2576 3652 2648; baseline -0.001 -15"><span class='ocrx_word' id='word_1_413' title='bbox 2056 2594 2182 2634; x_wconf 90' lang='lat' dir='ltr'>men</span> <span class='ocrx_word' id='word_1_414' title='bbox 2213 2577 2271 2633; x_wconf 90' lang='lat' dir='ltr'>in</span> <span class='ocrx_word' id='word_1_415' title='bbox 2317 2576 2506 2634; x_wconf 90' lang='lat' dir='ltr'>eadem</span> <span class='ocrx_word' id='word_1_416' title='bbox 2535 2578 2627 2633; x_wconf 91' lang='lat' dir='ltr'>via</span> <span class='ocrx_word' id='word_1_417' title='bbox 2672 2585 2725 2633; x_wconf 89' lang='lat' dir='ltr'>et</span> <span class='ocrx_word' id='word_1_418' title='bbox 2763 2577 3019 2634; x_wconf 86' lang='lat' dir='ltr'>seductus</span> <span class='ocrx_word' id='word_1_419' title='bbox 3062 2576 3320 2643; x_wconf 88' lang='lat' dir='ltr'>comedit,</span> <span class='ocrx_word' id='word_1_420' title='bbox 3370 2582 3424 2631; x_wconf 89' lang='lat' dir='ltr'>et</span> <span class='ocrx_word' id='word_1_421' title='bbox 3464 2581 3652 2648; x_wconf 89' lang='lat' dir='ltr'>pastus</span> 
     </span>
    </p>
   </div>
   <div class='ocr_carea' id='block_1_58' title="bbox 2057 2664 3645 2740">
    <p class='ocr_par' dir='ltr' id='par_1_58' title="bbox 2057 2664 3645 2740">
     <span class='ocr_line' id='line_1_58' title="bbox 2057 2664 3645 2740; baseline -0.003 -18"><span class='ocrx_word' id='word_1_422' title='bbox 2057 2666 2289 2722; x_wconf 88' lang='lat' dir='ltr'>interiit.</span> <span class='ocrx_word' id='word_1_423' title='bbox 2321 2665 2439 2734; x_wconf 88' lang='lat' dir='ltr'>Qua</span> <span class='ocrx_word' id='word_1_424' title='bbox 2468 2667 2526 2723; x_wconf 89' lang='lat' dir='ltr'>in</span> <span class='ocrx_word' id='word_1_425' title='bbox 2556 2682 2613 2722; x_wconf 90' lang='lat' dir='ltr'>re</span> <span class='ocrx_word' id='word_1_426' title='bbox 2639 2667 2772 2740; x_wconf 89' lang='lat' dir='ltr'>quid</span> <span class='ocrx_word' id='word_1_427' title='bbox 2799 2666 2991 2723; x_wconf 90' lang='lat' dir='ltr'>subtili</span> <span class='ocrx_word' id='word_1_428' title='bbox 3028 2666 3466 2724; x_wconf 82' lang='lat' dir='ltr'>consideratione</span> <span class='ocrx_word' id='word_1_429' title='bbox 3492 2664 3645 2721; x_wconf 92' lang='lat' dir='ltr'>colli-</span> 
     </span>
    </p>
   </div>
   <div class='ocr_carea' id='block_1_59' title="bbox 2056 2754 3648 2829">
    <p class='ocr_par' dir='ltr' id='par_1_59' title="bbox 2056 2754 3648 2829">
     <span class='ocr_line' id='line_1_59' title="bbox 2056 2754 3648 2829; baseline 0.001 -18"><span class='ocrx_word' id='word_1_430' title='bbox 2056 2756 2254 2828; x_wconf 86' lang='lat' dir='ltr'>gimus,</span> <span class='ocrx_word' id='word_1_431' title='bbox 2287 2756 2441 2829; x_wconf 90' lang='lat' dir='ltr'>quid,</span> <span class='ocrx_word' id='word_1_432' title='bbox 2473 2764 2535 2813; x_wconf 91' lang='lat' dir='ltr'>ut</span> <span class='ocrx_word' id='word_1_433' title='bbox 2577 2756 2653 2813; x_wconf 87' lang='lat' dir='ltr'>ita</span> <span class='ocrx_word' id='word_1_434' title='bbox 2680 2755 2937 2824; x_wconf 84' lang='lat' dir='ltr'>dixerim,</span> <span class='ocrx_word' id='word_1_435' title='bbox 2969 2757 2991 2793; x_wconf 78' lang='grc'><strong>⁷</strong></span> <span class='ocrx_word' id='word_1_436' title='bbox 3021 2754 3371 2812; x_wconf 82' lang='lat' dir='ltr'>formidanda</span> <span class='ocrx_word' id='word_1_437' title='bbox 3408 2754 3648 2826; x_wconf 87' lang='lat' dir='ltr'>suspica-</span> 
     </span>
    </p>
   </div>
   <div class='ocr_carea' id='block_1_60' title="bbox 2056 2845 3653 2919">
    <p class='ocr_par' dir='ltr' id='par_1_60' title="bbox 2056 2845 3653 2919">
     <span class='ocr_line' id='line_1_60' title="bbox 2056 2845 3653 2919; baseline 0 -17"><span class='ocrx_word' id='word_1_438' title='bbox 2056 2863 2199 2914; x_wconf 89' lang='lat' dir='ltr'>mur,</span> <span class='ocrx_word' id='word_1_439' title='bbox 2232 2846 2341 2903; x_wconf 90' lang='lat' dir='ltr'>nisi</span> <span class='ocrx_word' id='word_1_440' title='bbox 2370 2846 2516 2919; x_wconf 89' lang='lat' dir='ltr'>quod</span> <span class='ocrx_word' id='word_1_441' title='bbox 2545 2845 2773 2902; x_wconf 84' lang='lat' dir='ltr'>forsitan</span> <span class='ocrx_word' id='word_1_442' title='bbox 2795 2845 2940 2918; x_wconf 89' lang='lat' dir='ltr'>apud</span> <span class='ocrx_word' id='word_1_443' title='bbox 2962 2846 3314 2917; x_wconf 87' lang='lat' dir='ltr'>semetipsum</span> <span class='ocrx_word' id='word_1_444' title='bbox 3340 2847 3542 2902; x_wconf 89' lang='lat' dir='ltr'>tacitus</span> <span class='ocrx_word' id='word_1_445' title='bbox 3554 2862 3653 2917; x_wconf 90' lang='lat' dir='ltr'>pro</span> 
     </span>
    </p>
   </div>
   <div class='ocr_carea' id='block_1_61' title="bbox 2055 2934 3650 3008">
    <p class='ocr_par' dir='ltr' id='par_1_61' title="bbox 2055 2934 3650 3008">
     <span class='ocr_line' id='line_1_61' title="bbox 2055 2934 3650 3008; baseline -0.001 -17"><span class='ocrx_word' id='word_1_446' title='bbox 2055 2935 2343 3008; x_wconf 84' lang='lat' dir='ltr'>praeceptis</span> <span class='ocrx_word' id='word_1_447' title='bbox 2393 2935 2691 2992; x_wconf 91' lang='lat' dir='ltr'>dominicis</span> <span class='ocrx_word' id='word_1_448' title='bbox 2730 2950 2909 3006; x_wconf 85' lang='lat' dir='ltr'>regem</span> <span class='ocrx_word' id='word_1_449' title='bbox 2947 2951 3005 2990; x_wconf 92' lang='lat' dir='ltr'>se</span> <span class='ocrx_word' id='word_1_450' title='bbox 3034 2935 3425 3007; x_wconf 89' lang='lat' dir='ltr'>contempsisse</span> <span class='ocrx_word' id='word_1_451' title='bbox 3457 2934 3650 3005; x_wconf 85' lang='lat' dir='ltr'>gloria-</span> 
     </span>
    </p>
   </div>
   <div class='ocr_carea' id='block_1_62' title="bbox 2054 3022 3653 3097">
    <p class='ocr_par' dir='ltr' id='par_1_62' title="bbox 2054 3022 3653 3097">
     <span class='ocr_line' id='line_1_62' title="bbox 2054 3022 3653 3097; baseline -0.001 -17"><span class='ocrx_word' id='word_1_452' title='bbox 2054 3024 2216 3081; x_wconf 88' lang='lat' dir='ltr'>batur</span> <span class='ocrx_word' id='word_1_453' title='bbox 2245 3024 2273 3080; x_wconf 77' lang='lat'><strong>?</strong></span> <span class='ocrx_word' id='word_1_454' title='bbox 2291 3025 2311 3058; x_wconf 80' lang='grc'>⁸</span> <span class='ocrx_word' id='word_1_455' title='bbox 2341 3024 2494 3080; x_wconf 92' lang='lat' dir='ltr'>Unde</span> <span class='ocrx_word' id='word_1_456' title='bbox 2541 3024 2609 3080; x_wconf 88' lang='lat' dir='ltr'>ab</span> <span class='ocrx_word' id='word_1_457' title='bbox 2641 3023 2858 3080; x_wconf 88' lang='lat' dir='ltr'>interna</span> <span class='ocrx_word' id='word_1_458' title='bbox 2886 3040 3017 3079; x_wconf 89' lang='lat' dir='ltr'>mox</span> <span class='ocrx_word' id='word_1_459' title='bbox 3046 3022 3320 3080; x_wconf 88' lang='lat' dir='ltr'>soliditate</span> <span class='ocrx_word' id='word_1_460' title='bbox 3364 3031 3653 3097; x_wconf 87' lang='lat' dir='ltr'>quassatus</span> 
     </span>
    </p>
   </div>
   <div class='ocr_carea' id='block_1_63' title="bbox 343 3109 3654 3191">
    <p class='ocr_par' dir='ltr' id='par_1_63' title="bbox 343 3109 3654 3191">
     <span class='ocr_line' id='line_1_63' title="bbox 343 3109 3654 3191; baseline 0.001 -25"><span class='ocrx_word' id='word_1_461' title='bbox 343 3109 570 3166; x_wconf 84' lang='lat' dir='ltr'>tribuat.</span> <span class='ocrx_word' id='word_1_462' title='bbox 600 3110 1026 3183; x_wconf 84' lang='lat' dir='ltr'>Appropinquat</span> <span class='ocrx_word' id='word_1_463' title='bbox 1047 3129 1179 3169; x_wconf 90' lang='lat' dir='ltr'>vero</span> <span class='ocrx_word' id='word_1_464' title='bbox 1198 3113 1521 3182; x_wconf 86' lang='lat' dir='ltr'>mortiferis,</span> <span class='ocrx_word' id='word_1_465' title='bbox 1546 3114 1676 3187; x_wconf 89' lang='lat' dir='ltr'>quia</span> <span class='ocrx_word' id='word_1_466' title='bbox 1695 3131 1764 3170; x_wconf 90' lang='lat' dir='ltr'>ex</span> <span class='ocrx_word' id='word_1_467' title='bbox 1794 3114 1944 3172; x_wconf 89' lang='lat' dir='ltr'>inﬁr-</span> <span class='ocrx_word' id='word_1_468' title='bbox 1974 3130 2019 3191; x_wconf 74' lang='grc' dir='ltr'>ο</span> <span class='ocrx_word' id='word_1_469' title='bbox 2054 3122 2171 3181; x_wconf 88' lang='lat' dir='ltr'>est;</span> <span class='ocrx_word' id='word_1_470' title='bbox 2204 3121 2259 3169; x_wconf 92' lang='lat' dir='ltr'>et</span> <span class='ocrx_word' id='word_1_471' title='bbox 2284 3112 2411 3169; x_wconf 89' lang='lat' dir='ltr'>inde</span> <span class='ocrx_word' id='word_1_472' title='bbox 2440 3112 2489 3169; x_wconf 90' lang='lat' dir='ltr'>ei</span> <span class='ocrx_word' id='word_1_473' title='bbox 2520 3113 2578 3169; x_wconf 92' lang='lat' dir='ltr'>in</span> <span class='ocrx_word' id='word_1_474' title='bbox 2608 3129 2771 3185; x_wconf 90' lang='lat' dir='ltr'>opere</span> <span class='ocrx_word' id='word_1_475' title='bbox 2798 3114 2959 3186; x_wconf 90' lang='lat' dir='ltr'>culpa</span> <span class='ocrx_word' id='word_1_476' title='bbox 2985 3113 3278 3186; x_wconf 88' lang='lat' dir='ltr'>subrepsit,</span> <span class='ocrx_word' id='word_1_477' title='bbox 3311 3112 3458 3170; x_wconf 88' lang='lat' dir='ltr'>unde</span> <span class='ocrx_word' id='word_1_478' title='bbox 3478 3113 3654 3185; x_wconf 88' lang='lat' dir='ltr'>gloria</span> 
     </span>
    </p>
   </div>
   <div class='ocr_carea' id='block_1_64' title="bbox 344 3199 1948 3274">
    <p class='ocr_par' dir='ltr' id='par_1_64' title="bbox 344 3199 1948 3274">
     <span class='ocr_line' id='line_1_64' title="bbox 344 3199 1948 3274; baseline 0.005 -21"><span class='ocrx_word' id='word_1_479' title='bbox 344 3199 538 3254; x_wconf 90' lang='lat' dir='ltr'>mitate</span> <span class='ocrx_word' id='word_1_480' title='bbox 563 3199 742 3256; x_wconf 88' lang='lat' dir='ltr'>carnis</span> <span class='ocrx_word' id='word_1_481' title='bbox 772 3201 1093 3273; x_wconf 84' lang='lat' dir='ltr'>proximum</span> <span class='ocrx_word' id='word_1_482' title='bbox 1125 3219 1181 3258; x_wconf 92' lang='lat' dir='ltr'>se</span> <span class='ocrx_word' id='word_1_483' title='bbox 1210 3203 1448 3274; x_wconf 89' lang='lat' dir='ltr'>peccatis</span> <span class='ocrx_word' id='word_1_484' title='bbox 1468 3212 1701 3260; x_wconf 90' lang='lat' dir='ltr'>mortem</span> <span class='ocrx_word' id='word_1_485' title='bbox 1723 3203 1948 3261; x_wconf 87' lang='lat' dir='ltr'>ferenti-</span> 
     </span>
    </p>
   </div>
   <div class='ocr_carea' id='block_1_65' title="bbox 345 3288 1947 3367">
    <p class='ocr_par' dir='ltr' id='par_1_65' title="bbox 345 3288 1947 3367">
     <span class='ocr_line' id='line_1_65' title="bbox 345 3288 1947 3367; baseline 0.006 -25"><span class='ocrx_word' id='word_1_486' title='bbox 345 3288 452 3343; x_wconf 89' lang='lat' dir='ltr'>bus</span> <span class='ocrx_word' id='word_1_487' title='bbox 496 3288 736 3360; x_wconf 89' lang='lat' dir='ltr'>respicit,</span> <span class='ocrx_word' id='word_1_488' title='bbox 764 3305 797 3345; x_wconf 89' lang='lat' dir='ltr'>a</span> <span class='ocrx_word' id='word_1_489' title='bbox 824 3289 1028 3363; x_wconf 91' lang='lat' dir='ltr'>quibus</span> <span class='ocrx_word' id='word_1_490' title='bbox 1068 3289 1262 3347; x_wconf 89' lang='lat' dir='ltr'>divino</span> <span class='ocrx_word' id='word_1_491' title='bbox 1306 3308 1533 3349; x_wconf 91' lang='lat' dir='ltr'>munere</span> <span class='ocrx_word' id='word_1_492' title='bbox 1575 3301 1728 3349; x_wconf 89' lang='lat' dir='ltr'>tanto</span> <span class='ocrx_word' id='word_1_493' title='bbox 1774 3295 1947 3367; x_wconf 88' lang='lat' dir='ltr'>magis</span> 
     </span>
    </p>
   </div>
   <div class='ocr_carea' id='block_1_66' title="bbox 349 3377 1947 3453">
    <p class='ocr_par' dir='ltr' id='par_1_66' title="bbox 349 3377 1947 3453">
     <span class='ocr_line' id='line_1_66' title="bbox 349 3377 1947 3453; baseline 0.007 -22"><span class='ocrx_word' id='word_1_494' title='bbox 349 3377 509 3448; x_wconf 88' lang='lat' dir='ltr'>longe</span> <span class='ocrx_word' id='word_1_495' title='bbox 537 3378 616 3447; x_wconf 91' lang='lat' dir='ltr'>ﬁt,</span> <span class='ocrx_word' id='word_1_496' title='bbox 650 3389 855 3452; x_wconf 88' lang='lat' dir='ltr'>quanto</span> <span class='ocrx_word' id='word_1_497' title='bbox 902 3397 959 3437; x_wconf 92' lang='lat' dir='ltr'>se</span> <span class='ocrx_word' id='word_1_498' title='bbox 1006 3380 1087 3437; x_wconf 92' lang='lat' dir='ltr'>eis</span> <span class='ocrx_word' id='word_1_499' title='bbox 1133 3382 1450 3453; x_wconf 85' lang='lat' dir='ltr'>proximum</span> <span class='ocrx_word' id='word_1_500' title='bbox 1481 3399 1549 3439; x_wconf 87' lang='lat' dir='ltr'>ex</span> <span class='ocrx_word' id='word_1_501' title='bbox 1591 3384 1706 3440; x_wconf 89' lang='lat' dir='ltr'>suis</span> <span class='ocrx_word' id='word_1_502' title='bbox 1734 3384 1947 3442; x_wconf 88' lang='lat' dir='ltr'>meritis</span> 
     </span>
    </p>
   </div>
   <div class='ocr_carea' id='block_1_67' title="bbox 346 3466 1947 3544">
    <p class='ocr_par' dir='ltr' id='par_1_67' title="bbox 346 3466 1947 3544">
     <span class='ocr_line' id='line_1_67' title="bbox 346 3466 1947 3544; baseline 0.005 -21"><span class='ocrx_word' id='word_1_503' title='bbox 346 3466 727 3539; x_wconf 88' lang='lat' dir='ltr'>deprehendit.</span> <span class='ocrx_word' id='word_1_504' title='bbox 770 3470 872 3526; x_wconf 89' lang='lat' dir='ltr'>Per</span> <span class='ocrx_word' id='word_1_505' title='bbox 918 3472 1441 3544; x_wconf 88' lang='lat' dir='ltr'>contemplationem</span> <span class='ocrx_word' id='word_1_506' title='bbox 1470 3473 1808 3530; x_wconf 90' lang='lat' dir='ltr'>conditionis</span> <span class='ocrx_word' id='word_1_507' title='bbox 1836 3491 1947 3531; x_wconf 83' lang='lat' dir='ltr'>suae</span> 
     </span>
    </p>
   </div>
   <div class='ocr_carea' id='block_1_68' title="bbox 346 3559 1942 3637">
    <p class='ocr_par' dir='ltr' id='par_1_68' title="bbox 346 3559 1942 3637">
     <span class='ocr_line' id='line_1_68' title="bbox 346 3559 1942 3637; baseline 0.005 -23"><span class='ocrx_word' id='word_1_508' title='bbox 346 3559 527 3616; x_wconf 87' lang='lat' dir='ltr'>David</span> <span class='ocrx_word' id='word_1_509' title='bbox 557 3562 897 3634; x_wconf 88' lang='lat' dir='ltr'>corruptioni</span> <span class='ocrx_word' id='word_1_510' title='bbox 938 3564 1492 3637; x_wconf 87' lang='lat' dir='ltr'>appropinquaverat,</span> <span class='ocrx_word' id='word_1_511' title='bbox 1525 3581 1650 3621; x_wconf 91' lang='lat' dir='ltr'>cum</span> <span class='ocrx_word' id='word_1_512' title='bbox 1680 3564 1898 3623; x_wconf 89' lang='lat' dir='ltr'>dicebat</span> <span class='ocrx_word' id='word_1_513' title='bbox 1930 3583 1942 3622; x_wconf 89' lang='lat'><strong>:</strong></span> 
     </span>
    </p>
   </div>
   <div class='ocr_carea' id='block_1_69' title="bbox 343 3649 1949 3725">
    <p class='ocr_par' dir='ltr' id='par_1_69' title="bbox 343 3649 1949 3725">
     <span class='ocr_line' id='line_1_69' title="bbox 343 3649 1949 3725; baseline 0.003 -19"><span class='ocrx_word' id='word_1_514' title='bbox 343 3649 630 3716; x_wconf 71' lang='lat' dir='ltr'>Memento,</span> <span class='ocrx_word' id='word_1_515' title='bbox 671 3652 907 3722; x_wconf 84' lang='lat' dir='ltr'>Domine,</span> <span class='ocrx_word' id='word_1_516' title='bbox 952 3654 1094 3724; x_wconf 88' lang='lat' dir='ltr'>quod</span> <span class='ocrx_word' id='word_1_517' title='bbox 1135 3655 1314 3725; x_wconf 72' lang='lat' dir='ltr'>pulvis</span> <span class='ocrx_word' id='word_1_518' title='bbox 1360 3671 1540 3709; x_wconf 87' lang='lat' dir='ltr'>sumus</span> <span class='ocrx_word' id='word_1_519' title='bbox 1574 3672 1585 3710; x_wconf 90' lang='lat'>:</span> <span class='ocrx_word' id='word_1_520' title='bbox 1618 3656 1770 3711; x_wconf 83' lang='lat' dir='ltr'>homo</span> <span class='ocrx_word' id='word_1_521' title='bbox 1815 3656 1949 3712; x_wconf 82' lang='lat' dir='ltr'>sicut</span> 
     </span>
    </p>
   </div>
   <div class='ocr_carea' id='block_1_70' title="bbox 344 3738 1946 3815">
    <p class='ocr_par' dir='ltr' id='par_1_70' title="bbox 344 3738 1946 3815">
     <span class='ocr_line' id='line_1_70' title="bbox 344 3738 1946 3815; baseline 0.004 -21"><span class='ocrx_word' id='word_1_522' title='bbox 344 3738 537 3810; x_wconf 86' lang='lat' dir='ltr'>fenum</span> <span class='ocrx_word' id='word_1_523' title='bbox 566 3740 673 3795; x_wconf 84' lang='lat' dir='ltr'>dies</span> <span class='ocrx_word' id='word_1_524' title='bbox 700 3740 813 3811; x_wconf 83' lang='lat' dir='ltr'>ejus</span> <span class='ocrx_word' id='word_1_525' title='bbox 836 3742 1014 3812; x_wconf 87' lang='lat' dir='ltr'>(Psal.</span> <span class='ocrx_word' id='word_1_526' title='bbox 1039 3759 1133 3810; x_wconf 85' lang='lat' dir='ltr'>cu,</span> <span class='ocrx_word' id='word_1_527' title='bbox 1158 3743 1273 3814; x_wconf 81' lang='grc'>15).</span> <span class='ocrx_word' id='word_1_528' title='bbox 1296 3743 1399 3798; x_wconf 89' lang='lat' dir='ltr'>Per</span> <span class='ocrx_word' id='word_1_529' title='bbox 1426 3744 1946 3815; x_wconf 86' lang='lat' dir='ltr'>contemplationem</span> 
     </span>
    </p>
   </div>
   <div class='ocr_carea' id='block_1_71' title="bbox 346 3830 1946 3905">
    <p class='ocr_par' dir='ltr' id='par_1_71' title="bbox 346 3830 1946 3905">
     <span class='ocr_line' id='line_1_71' title="bbox 346 3830 1946 3905; baseline 0.003 -20"><span class='ocrx_word' id='word_1_530' title='bbox 346 3845 571 3903; x_wconf 90' lang='lat' dir='ltr'>quoque</span> <span class='ocrx_word' id='word_1_531' title='bbox 598 3830 935 3888; x_wconf 87' lang='lat' dir='ltr'>inﬁrmitatis</span> <span class='ocrx_word' id='word_1_532' title='bbox 954 3831 1190 3904; x_wconf 59' lang='lat' dir='ltr'>propria;</span> <span class='ocrx_word' id='word_1_533' title='bbox 1210 3831 1412 3888; x_wconf 88' lang='lat' dir='ltr'>Paulus</span> <span class='ocrx_word' id='word_1_534' title='bbox 1431 3831 1738 3889; x_wconf 88' lang='lat' dir='ltr'>mortiferis</span> <span class='ocrx_word' id='word_1_535' title='bbox 1757 3848 1946 3905; x_wconf 89' lang='lat' dir='ltr'>appro-</span> 
     </span>
    </p>
   </div>
   <div class='ocr_carea' id='block_1_72' title="bbox 348 3919 1947 3993">
    <p class='ocr_par' dir='ltr' id='par_1_72' title="bbox 348 3919 1947 3993">
     <span class='ocr_line' id='line_1_72' title="bbox 348 3919 1947 3993; baseline 0.002 -18"><span class='ocrx_word' id='word_1_536' title='bbox 348 3921 728 3992; x_wconf 88' lang='lat' dir='ltr'>pinquaverat,</span> <span class='ocrx_word' id='word_1_537' title='bbox 746 3937 872 3977; x_wconf 90' lang='lat' dir='ltr'>cum</span> <span class='ocrx_word' id='word_1_538' title='bbox 894 3919 1110 3978; x_wconf 86' lang='lat' dir='ltr'>dicebat</span> <span class='ocrx_word' id='word_1_539' title='bbox 1134 3938 1145 3976; x_wconf 91' lang='lat'>:</span> <span class='ocrx_word' id='word_1_540' title='bbox 1179 3920 1335 3980; x_wconf 82' lang='lat' dir='ltr'>Video</span> <span class='ocrx_word' id='word_1_541' title='bbox 1354 3920 1524 3977; x_wconf 88' lang='lat' dir='ltr'>aliam</span> <span class='ocrx_word' id='word_1_542' title='bbox 1545 3922 1703 3993; x_wconf 86' lang='lat' dir='ltr'>legem</span> <span class='ocrx_word' id='word_1_543' title='bbox 1718 3921 1775 3977; x_wconf 88' lang='lat' dir='ltr'>in</span> <span class='ocrx_word' id='word_1_544' title='bbox 1793 3939 1947 3978; x_wconf 89' lang='lat' dir='ltr'>mem-</span> 
     </span>
    </p>
   </div>
   <div class='ocr_carea' id='block_1_73' title="bbox 346 4009 1949 4083">
    <p class='ocr_par' dir='ltr' id='par_1_73' title="bbox 346 4009 1949 4083">
     <span class='ocr_line' id='line_1_73' title="bbox 346 4009 1949 4083; baseline 0.003 -20"><span class='ocrx_word' id='word_1_545' title='bbox 346 4009 457 4064; x_wconf 83' lang='lat' dir='ltr'>bris</span> <span class='ocrx_word' id='word_1_546' title='bbox 484 4010 613 4065; x_wconf 85' lang='lat' dir='ltr'>meis</span> <span class='ocrx_word' id='word_1_547' title='bbox 641 4016 1018 4082; x_wconf 84' lang='lat' dir='ltr'>repugnantem</span> <span class='ocrx_word' id='word_1_548' title='bbox 1065 4010 1164 4082; x_wconf 86' lang='lat' dir='ltr'>legi</span> <span class='ocrx_word' id='word_1_549' title='bbox 1205 4009 1394 4066; x_wconf 85' lang='lat' dir='ltr'>mentis</span> <span class='ocrx_word' id='word_1_550' title='bbox 1431 4027 1574 4080; x_wconf 70' lang='lat' dir='ltr'>mete,</span> <span class='ocrx_word' id='word_1_551' title='bbox 1605 4016 1654 4066; x_wconf 89' lang='lat' dir='ltr'>et</span> <span class='ocrx_word' id='word_1_552' title='bbox 1681 4012 1949 4083; x_wconf 79' lang='lat' dir='ltr'>captivum</span> 
     </span>
    </p>
   </div>
   <div class='ocr_carea' id='block_1_74' title="bbox 352 4100 1943 4172">
    <p class='ocr_par' dir='ltr' id='par_1_74' title="bbox 352 4100 1943 4172">
     <span class='ocr_line' id='line_1_74' title="bbox 352 4100 1943 4172; baseline 0.002 -19"><span class='ocrx_word' id='word_1_553' title='bbox 352 4116 427 4154; x_wconf 82' lang='lat' dir='ltr'>me</span> <span class='ocrx_word' id='word_1_554' title='bbox 452 4100 719 4156; x_wconf 80' lang='lat' dir='ltr'>ducentem</span> <span class='ocrx_word' id='word_1_555' title='bbox 746 4100 806 4155; x_wconf 85' lang='lat' dir='ltr'>in</span> <span class='ocrx_word' id='word_1_556' title='bbox 835 4101 938 4172; x_wconf 89' lang='lat' dir='ltr'>lege</span> <span class='ocrx_word' id='word_1_557' title='bbox 959 4100 1183 4172; x_wconf 85' lang='lat' dir='ltr'>peccati,</span> <span class='ocrx_word' id='word_1_558' title='bbox 1204 4116 1321 4170; x_wconf 73' lang='lat' dir='ltr'>qua:</span> <span class='ocrx_word' id='word_1_559' title='bbox 1338 4106 1413 4166; x_wconf 71' lang='lat' dir='ltr'>est</span> <span class='ocrx_word' id='word_1_560' title='bbox 1440 4100 1497 4155; x_wconf 86' lang='lat' dir='ltr'>in</span> <span class='ocrx_word' id='word_1_561' title='bbox 1524 4100 1770 4156; x_wconf 83' lang='lat' dir='ltr'>membris</span> <span class='ocrx_word' id='word_1_562' title='bbox 1797 4101 1943 4157; x_wconf 85' lang='lat' dir='ltr'>meis.</span> 
     </span>
    </p>
   </div>
   <div class='ocr_carea' id='block_1_75' title="bbox 350 4187 1947 4262">
    <p class='ocr_par' dir='ltr' id='par_1_75' title="bbox 350 4187 1947 4262">
     <span class='ocr_line' id='line_1_75' title="bbox 350 4187 1947 4262; baseline 0.001 -18"><span class='ocrx_word' id='word_1_563' title='bbox 350 4187 551 4258; x_wconf 66' lang='lat' dir='ltr'>Infelix</span> <span class='ocrx_word' id='word_1_564' title='bbox 576 4207 665 4262; x_wconf 85' lang='lat' dir='ltr'>ego</span> <span class='ocrx_word' id='word_1_565' title='bbox 692 4191 869 4259; x_wconf 80' lang='lat' dir='ltr'>homo,</span> <span class='ocrx_word' id='word_1_566' title='bbox 900 4190 1017 4261; x_wconf 86' lang='lat' dir='ltr'>quis</span> <span class='ocrx_word' id='word_1_567' title='bbox 1046 4207 1125 4245; x_wconf 86' lang='lat' dir='ltr'>me</span> <span class='ocrx_word' id='word_1_568' title='bbox 1154 4189 1398 4245; x_wconf 85' lang='lat' dir='ltr'>liberabit</span> <span class='ocrx_word' id='word_1_569' title='bbox 1425 4189 1487 4245; x_wconf 88' lang='lat' dir='ltr'>de</span> <span class='ocrx_word' id='word_1_570' title='bbox 1514 4207 1734 4262; x_wconf 84' lang='lat' dir='ltr'>corpore</span> <span class='ocrx_word' id='word_1_571' title='bbox 1760 4190 1947 4245; x_wconf 87' lang='lat' dir='ltr'>mortis</span> 
     </span>
    </p>
   </div>
   <div class='ocr_carea' id='block_1_76' title="bbox 2054 3201 3652 3276">
    <p class='ocr_par' dir='ltr' id='par_1_76' title="bbox 2054 3201 3652 3276">
     <span class='ocr_line' id='line_1_76' title="bbox 2054 3201 3652 3276; baseline 0 -18"><span class='ocrx_word' id='word_1_572' title='bbox 2054 3204 2115 3258; x_wconf 89' lang='lat' dir='ltr'>in</span> <span class='ocrx_word' id='word_1_573' title='bbox 2144 3202 2309 3260; x_wconf 87' lang='lat' dir='ltr'>corde</span> <span class='ocrx_word' id='word_1_574' title='bbox 2337 3204 2599 3272; x_wconf 82' lang='lat' dir='ltr'>surrexit,</span> <span class='ocrx_word' id='word_1_575' title='bbox 2634 3213 2695 3260; x_wconf 90' lang='lat' dir='ltr'>ut</span> <span class='ocrx_word' id='word_1_576' title='bbox 2723 3202 3002 3276; x_wconf 52' lang='lat' dir='ltr'>prophetas</span> <span class='ocrx_word' id='word_1_577' title='bbox 3028 3202 3151 3259; x_wconf 88' lang='lat' dir='ltr'>falsi</span> <span class='ocrx_word' id='word_1_578' title='bbox 3182 3201 3365 3259; x_wconf 88' lang='lat' dir='ltr'>verbis</span> <span class='ocrx_word' id='word_1_579' title='bbox 3392 3201 3652 3274; x_wconf 88' lang='lat' dir='ltr'>deceptus</span> 
     </span>
    </p>
   </div>
   <div class='ocr_carea' id='block_1_77' title="bbox 2054 3291 3651 3368">
    <p class='ocr_par' dir='ltr' id='par_1_77' title="bbox 2054 3291 3651 3368">
     <span class='ocr_line' id='line_1_77' title="bbox 2054 3291 3651 3368; baseline 0.001 -20"><span class='ocrx_word' id='word_1_580' title='bbox 2054 3292 2306 3360; x_wconf 89' lang='lat' dir='ltr'>disceret,</span> <span class='ocrx_word' id='word_1_581' title='bbox 2331 3293 2461 3366; x_wconf 90' lang='lat' dir='ltr'>quia</span> <span class='ocrx_word' id='word_1_582' title='bbox 2478 3310 2822 3368; x_wconf 88' lang='lat' dir='ltr'>nequaquam</span> <span class='ocrx_word' id='word_1_583' title='bbox 2844 3294 3080 3366; x_wconf 70' lang='lat' dir='ltr'>propriae</span> <span class='ocrx_word' id='word_1_584' title='bbox 3100 3291 3447 3349; x_wconf 85' lang='lat' dir='ltr'>fortitudinis</span> <span class='ocrx_word' id='word_1_585' title='bbox 3463 3293 3651 3361; x_wconf 89' lang='lat' dir='ltr'>fuerit,</span> 
     </span>
    </p>
   </div>
   <div class='ocr_carea' id='block_1_78' title="bbox 2055 3380 3656 3457">
    <p class='ocr_par' dir='ltr' id='par_1_78' title="bbox 2055 3380 3656 3457">
     <span class='ocr_line' id='line_1_78' title="bbox 2055 3380 3656 3457; baseline -0.002 -18"><span class='ocrx_word' id='word_1_586' title='bbox 2055 3383 2201 3457; x_wconf 91' lang='lat' dir='ltr'>quod</span> <span class='ocrx_word' id='word_1_587' title='bbox 2233 3383 2301 3441; x_wconf 92' lang='lat' dir='ltr'>ad</span> <span class='ocrx_word' id='word_1_588' title='bbox 2330 3384 2473 3457; x_wconf 88' lang='lat' dir='ltr'>regis</span> <span class='ocrx_word' id='word_1_589' title='bbox 2502 3383 2669 3439; x_wconf 90' lang='lat' dir='ltr'>verba</span> <span class='ocrx_word' id='word_1_590' title='bbox 2696 3383 3003 3439; x_wconf 88' lang='lat' dir='ltr'>restitisset.</span> <span class='ocrx_word' id='word_1_591' title='bbox 3037 3383 3182 3438; x_wconf 91' lang='lat' dir='ltr'>Bene</span> <span class='ocrx_word' id='word_1_592' title='bbox 3212 3390 3395 3438; x_wconf 90' lang='lat' dir='ltr'>autem</span> <span class='ocrx_word' id='word_1_593' title='bbox 3437 3396 3507 3436; x_wconf 89' lang='lat' dir='ltr'>ex</span> <span class='ocrx_word' id='word_1_594' title='bbox 3536 3380 3656 3452; x_wconf 89' lang='lat' dir='ltr'>ejus</span> 
     </span>
    </p>
   </div>
   <div class='ocr_carea' id='block_1_79' title="bbox 2055 3469 3655 3544">
    <p class='ocr_par' dir='ltr' id='par_1_79' title="bbox 2055 3469 3655 3544">
     <span class='ocr_line' id='line_1_79' title="bbox 2055 3469 3655 3544; baseline -0.003 -15"><span class='ocrx_word' id='word_1_595' title='bbox 2055 3489 2148 3529; x_wconf 90' lang='lat' dir='ltr'>ore</span> <span class='ocrx_word' id='word_1_596' title='bbox 2177 3473 2372 3529; x_wconf 88' lang='lat' dir='ltr'>mortis</span> <span class='ocrx_word' id='word_1_597' title='bbox 2401 3474 2727 3530; x_wconf 89' lang='lat' dir='ltr'>sententiam</span> <span class='ocrx_word' id='word_1_598' title='bbox 2776 3473 3003 3544; x_wconf 82' lang='lat' dir='ltr'>accepit,</span> <span class='ocrx_word' id='word_1_599' title='bbox 3051 3470 3210 3542; x_wconf 89' lang='lat' dir='ltr'>cujus</span> <span class='ocrx_word' id='word_1_600' title='bbox 3255 3469 3576 3526; x_wconf 90' lang='lat' dir='ltr'>seductione</span> <span class='ocrx_word' id='word_1_601' title='bbox 3623 3486 3655 3525; x_wconf 87' lang='lat' dir='ltr'>a</span> 
     </span>
    </p>
   </div>
   <div class='ocr_carea' id='block_1_80' title="bbox 2055 3558 3655 3634">
    <p class='ocr_par' dir='ltr' id='par_1_80' title="bbox 2055 3558 3655 3634">
     <span class='ocr_line' id='line_1_80' title="bbox 2055 3558 3655 3634; baseline -0.002 -18"><span class='ocrx_word' id='word_1_602' title='bbox 2055 3562 2185 3618; x_wconf 61' lang='lat' dir='ltr'>vita:</span> <span class='ocrx_word' id='word_1_603' title='bbox 2225 3568 2497 3634; x_wconf 63' lang='lat' dir='ltr'>praecepto</span> <span class='ocrx_word' id='word_1_604' title='bbox 2538 3560 2801 3629; x_wconf 88' lang='lat' dir='ltr'>deviavit,</span> <span class='ocrx_word' id='word_1_605' title='bbox 2850 3569 2912 3615; x_wconf 91' lang='lat' dir='ltr'>ut</span> <span class='ocrx_word' id='word_1_606' title='bbox 2955 3559 3083 3615; x_wconf 90' lang='lat' dir='ltr'>inde</span> <span class='ocrx_word' id='word_1_607' title='bbox 3129 3575 3346 3631; x_wconf 64' lang='lat' dir='ltr'>poenam</span> <span class='ocrx_word' id='word_1_608' title='bbox 3386 3558 3655 3615; x_wconf 88' lang='lat' dir='ltr'>veraciter</span> 
     </span>
    </p>
   </div>
   <div class='ocr_carea' id='block_1_81' title="bbox 2054 3646 3657 3721">
    <p class='ocr_par' dir='ltr' id='par_1_81' title="bbox 2054 3646 3657 3721">
     <span class='ocr_line' id='line_1_81' title="bbox 2054 3646 3657 3721; baseline -0.003 -15"><span class='ocrx_word' id='word_1_609' title='bbox 2054 3657 2312 3719; x_wconf 87' lang='lat' dir='ltr'>sumeret,</span> <span class='ocrx_word' id='word_1_610' title='bbox 2358 3649 2503 3705; x_wconf 91' lang='lat' dir='ltr'>unde</span> <span class='ocrx_word' id='word_1_611' title='bbox 2532 3649 2750 3721; x_wconf 88' lang='lat' dir='ltr'>culpam</span> <span class='ocrx_word' id='word_1_612' title='bbox 2779 3648 3117 3720; x_wconf 86' lang='lat' dir='ltr'>negligenter</span> <span class='ocrx_word' id='word_1_613' title='bbox 3151 3646 3481 3704; x_wconf 89' lang='lat' dir='ltr'>admisisset.</span> <span class='ocrx_word' id='word_1_614' title='bbox 3514 3646 3657 3714; x_wconf 90' lang='lat' dir='ltr'>Quia</span> 
     </span>
    </p>
   </div>
   <div class='ocr_carea' id='block_1_82' title="bbox 2056 3735 3656 3811">
    <p class='ocr_par' dir='ltr' id='par_1_82' title="bbox 2056 3735 3656 3811">
     <span class='ocr_line' id='line_1_82' title="bbox 2056 3735 3656 3811; baseline -0.002 -18"><span class='ocrx_word' id='word_1_615' title='bbox 2056 3739 2225 3810; x_wconf 90' lang='lat' dir='ltr'>igitur</span> <span class='ocrx_word' id='word_1_616' title='bbox 2239 3754 2687 3811; x_wconf 90' lang='lat' dir='ltr'>unumquemque</span> <span class='ocrx_word' id='word_1_617' title='bbox 2701 3737 2934 3793; x_wconf 90' lang='lat' dir='ltr'>electum</span> <span class='ocrx_word' id='word_1_618' title='bbox 2952 3754 3113 3793; x_wconf 91' lang='lat' dir='ltr'>suum</span> <span class='ocrx_word' id='word_1_619' title='bbox 3125 3735 3318 3792; x_wconf 90' lang='lat' dir='ltr'>divina</span> <span class='ocrx_word' id='word_1_620' title='bbox 3333 3736 3508 3807; x_wconf 90' lang='lat' dir='ltr'>gratia</span> <span class='ocrx_word' id='word_1_621' title='bbox 3522 3744 3656 3791; x_wconf 91' lang='lat' dir='ltr'>tunc</span> 
     </span>
    </p>
   </div>
   <div class='ocr_carea' id='block_1_83' title="bbox 2056 3822 3650 3898">
    <p class='ocr_par' dir='ltr' id='par_1_83' title="bbox 2056 3822 3650 3898">
     <span class='ocr_line' id='line_1_83' title="bbox 2056 3822 3650 3898; baseline -0.004 -16"><span class='ocrx_word' id='word_1_622' title='bbox 2056 3827 2231 3898; x_wconf 89' lang='lat' dir='ltr'>magis</span> <span class='ocrx_word' id='word_1_623' title='bbox 2258 3826 2562 3882; x_wconf 89' lang='lat' dir='ltr'>erudiendo</span> <span class='ocrx_word' id='word_1_624' title='bbox 2591 3824 2851 3892; x_wconf 89' lang='lat' dir='ltr'>custodit,</span> <span class='ocrx_word' id='word_1_625' title='bbox 2882 3841 3009 3881; x_wconf 91' lang='lat' dir='ltr'>cum</span> <span class='ocrx_word' id='word_1_626' title='bbox 3036 3823 3191 3896; x_wconf 88' lang='lat' dir='ltr'>quasi</span> <span class='ocrx_word' id='word_1_627' title='bbox 3219 3822 3532 3893; x_wconf 88' lang='lat' dir='ltr'>percutiens</span> <span class='ocrx_word' id='word_1_628' title='bbox 3560 3822 3650 3877; x_wconf 86' lang='lat' dir='ltr'>de-</span> 
     </span>
    </p>
   </div>
   <div class='ocr_carea' id='block_1_84' title="bbox 2055 3912 3655 3985">
    <p class='ocr_par' dir='ltr' id='par_1_84' title="bbox 2055 3912 3655 3985">
     <span class='ocr_line' id='line_1_84' title="bbox 2055 3912 3655 3985; baseline -0.004 -12"><span class='ocrx_word' id='word_1_629' title='bbox 2055 3917 2206 3985; x_wconf 90' lang='lat' dir='ltr'>serit,</span> <span class='ocrx_word' id='word_1_630' title='bbox 2229 3916 2444 3971; x_wconf 89' lang='lat' dir='ltr'>dicatur</span> <span class='ocrx_word' id='word_1_631' title='bbox 2462 3923 2625 3970; x_wconf 90' lang='lat' dir='ltr'>recte:</span> <span class='ocrx_word' id='word_1_632' title='bbox 2648 3914 3115 3985; x_wconf 83' lang='lat' dir='ltr'>Appropinquabit</span> <span class='ocrx_word' id='word_1_633' title='bbox 3132 3912 3655 3981; x_wconf 76' lang='lat' dir='ltr'>cm‘ruptionianima</span> 
     </span>
    </p>
   </div>
   <div class='ocr_carea' id='block_1_85' title="bbox 2055 3998 3652 4075">
    <p class='ocr_par' dir='ltr' id='par_1_85' title="bbox 2055 3998 3652 4075">
     <span class='ocr_line' id='line_1_85' title="bbox 2055 3998 3652 4075; baseline -0.004 -15"><span class='ocrx_word' id='word_1_634' title='bbox 2055 4004 2189 4075; x_wconf 83' lang='lat' dir='ltr'>ejus,</span> <span class='ocrx_word' id='word_1_635' title='bbox 2217 4011 2266 4060; x_wconf 88' lang='lat' dir='ltr'>et</span> <span class='ocrx_word' id='word_1_636' title='bbox 2293 4004 2403 4060; x_wconf 84' lang='lat' dir='ltr'>vita</span> <span class='ocrx_word' id='word_1_637' title='bbox 2440 4004 2592 4059; x_wconf 82' lang='lat' dir='ltr'>illius</span> <span class='ocrx_word' id='word_1_638' title='bbox 2617 4001 2929 4072; x_wconf 81' lang='lat' dir='ltr'>mortiferis,</span> <span class='ocrx_word' id='word_1_639' title='bbox 2975 4011 3037 4058; x_wconf 92' lang='lat' dir='ltr'>ut</span> <span class='ocrx_word' id='word_1_640' title='bbox 3068 4016 3177 4073; x_wconf 90' lang='lat' dir='ltr'>quo</span> <span class='ocrx_word' id='word_1_641' title='bbox 3203 4015 3260 4055; x_wconf 86' lang='lat' dir='ltr'>se</span> <span class='ocrx_word' id='word_1_642' title='bbox 3289 3999 3407 4055; x_wconf 91' lang='lat' dir='ltr'>suis</span> <span class='ocrx_word' id='word_1_643' title='bbox 3435 3998 3652 4054; x_wconf 89' lang='lat' dir='ltr'>viribus</span> 
     </span>
    </p>
   </div>
   <div class='ocr_carea' id='block_1_86' title="bbox 2056 4087 3656 4165">
    <p class='ocr_par' dir='ltr' id='par_1_86' title="bbox 2056 4087 3656 4165">
     <span class='ocr_line' id='line_1_86' title="bbox 2056 4087 3656 4165; baseline -0.005 -14"><span class='ocrx_word' id='word_1_644' title='bbox 2056 4095 2303 4151; x_wconf 92' lang='lat' dir='ltr'>vicinum</span> <span class='ocrx_word' id='word_1_645' title='bbox 2334 4093 2498 4150; x_wconf 90' lang='lat' dir='ltr'>morti</span> <span class='ocrx_word' id='word_1_646' title='bbox 2528 4108 2623 4165; x_wconf 91' lang='lat' dir='ltr'>per</span> <span class='ocrx_word' id='word_1_647' title='bbox 2650 4091 2880 4148; x_wconf 89' lang='lat' dir='ltr'>adversa</span> <span class='ocrx_word' id='word_1_648' title='bbox 2908 4089 3238 4156; x_wconf 87' lang='lat' dir='ltr'>considerat,</span> <span class='ocrx_word' id='word_1_649' title='bbox 3272 4087 3416 4144; x_wconf 90' lang='lat' dir='ltr'>eoin</span> <span class='ocrx_word' id='word_1_650' title='bbox 3436 4087 3656 4144; x_wconf 88' lang='lat' dir='ltr'>cunctis</span> 
     </span>
    </p>
   </div>
   <div class='ocr_carea' id='block_1_87' title="bbox 2056 4177 3652 4261">
    <p class='ocr_par' dir='ltr' id='par_1_87' title="bbox 2056 4177 3652 4261">
     <span class='ocr_line' id='line_1_87' title="bbox 2056 4177 3652 4261; baseline -0.005 -21"><span class='ocrx_word' id='word_1_651' title='bbox 2056 4200 2175 4257; x_wconf 72' lang='lat' dir='ltr'>quae</span> <span class='ocrx_word' id='word_1_652' title='bbox 2206 4183 2424 4239; x_wconf 86' lang='lat' dir='ltr'>fortiter</span> <span class='ocrx_word' id='word_1_653' title='bbox 2438 4183 2632 4261; x_wconf 77' lang='lat' dir='ltr'>egerit,</span> <span class='ocrx_word' id='word_1_654' title='bbox 2655 4180 2724 4238; x_wconf 88' lang='lat' dir='ltr'>ad</span> <span class='ocrx_word' id='word_1_655' title='bbox 2743 4180 2948 4249; x_wconf 71' lang='lat' dir='ltr'>divina:</span> <span class='ocrx_word' id='word_1_656' title='bbox 2970 4180 3084 4254; x_wconf 91' lang='lat' dir='ltr'>spei</span> <span class='ocrx_word' id='word_1_657' title='bbox 3116 4177 3400 4235; x_wconf 90' lang='lat' dir='ltr'>munimen</span> <span class='ocrx_word' id='word_1_658' title='bbox 3434 4177 3652 4249; x_wconf 87' lang='lat' dir='ltr'>fugiens</span> 
     </span>
    </p>
   </div>
   <div class='ocr_carea' id='block_1_88' title="bbox 349 4272 2489 4352">
    <p class='ocr_par' dir='ltr' id='par_1_88' title="bbox 349 4272 2489 4352">
     <span class='ocr_line' id='line_1_88' title="bbox 349 4272 2489 4352; baseline -0.003 -17"><span class='ocrx_word' id='word_1_659' title='bbox 349 4277 507 4349; x_wconf 79' lang='lat' dir='ltr'>hujus</span> <span class='ocrx_word' id='word_1_660' title='bbox 536 4280 713 4351; x_wconf 87' lang='lat' dir='ltr'>(Rom.</span> <span class='ocrx_word' id='word_1_661' title='bbox 746 4296 848 4348; x_wconf 88' lang='lat' dir='ltr'>vn,</span> <span class='ocrx_word' id='word_1_662' title='bbox 878 4279 971 4352; x_wconf 81' lang='lat'>23)</span> <span class='ocrx_word' id='word_1_663' title='bbox 1005 4280 1033 4335; x_wconf 75' lang='lat' dir='ltr'>‘i</span> <span class='ocrx_word' id='word_1_664' title='bbox 1062 4278 1417 4351; x_wconf 88' lang='lat' dir='ltr'>Corruptioni</span> <span class='ocrx_word' id='word_1_665' title='bbox 1446 4295 1573 4352; x_wconf 92' lang='lat' dir='ltr'>ergo</span> <span class='ocrx_word' id='word_1_666' title='bbox 1602 4281 1624 4315; x_wconf 74' lang='grc' dir='ltr'>δ</span> <span class='ocrx_word' id='word_1_667' title='bbox 1655 4288 1710 4336; x_wconf 93' lang='lat' dir='ltr'>et</span> <span class='ocrx_word' id='word_1_668' title='bbox 1738 4278 1943 4335; x_wconf 90' lang='lat' dir='ltr'>morti—</span> <span class='ocrx_word' id='word_1_669' title='bbox 1970 4276 2019 4336; x_wconf 96' lang='lat' dir='ltr'>D</span> <span class='ocrx_word' id='word_1_670' title='bbox 2049 4272 2282 4330; x_wconf 90' lang='lat' dir='ltr'>solidius</span> <span class='ocrx_word' id='word_1_671' title='bbox 2310 4273 2489 4330; x_wconf 90' lang='lat' dir='ltr'>vivat.</span> 
     </span>
    </p>
   </div>
   <div class='ocr_carea' id='block_1_89' title="bbox 350 4366 1944 4442">
    <p class='ocr_par' dir='ltr' id='par_1_89' title="bbox 350 4366 1944 4442">
     <span class='ocr_line' id='line_1_89' title="bbox 350 4366 1944 4442; baseline 0.001 -20"><span class='ocrx_word' id='word_1_672' title='bbox 350 4366 482 4425; x_wconf 87' lang='lat' dir='ltr'>feris</span> <span class='ocrx_word' id='word_1_673' title='bbox 508 4368 947 4442; x_wconf 90' lang='lat' dir='ltr'>appropinquare</span> <span class='ocrx_word' id='word_1_674' title='bbox 977 4375 1076 4437; x_wconf 88' lang='lat' dir='ltr'>est,</span> <span class='ocrx_word' id='word_1_675' title='bbox 1110 4367 1454 4426; x_wconf 87' lang='lat' dir='ltr'>considerata</span> <span class='ocrx_word' id='word_1_676' title='bbox 1496 4366 1816 4426; x_wconf 87' lang='lat' dir='ltr'>inﬁrmitate</span> <span class='ocrx_word' id='word_1_677' title='bbox 1844 4367 1944 4424; x_wconf 89' lang='lat' dir='ltr'>hu-</span> 
     </span>
    </p>
   </div>
   <div class='ocr_carea' id='block_1_90' title="bbox 427 4563 1298 4630">
    <p class='ocr_par' dir='ltr' id='par_1_90' title="bbox 427 4563 1298 4630">
     <span class='ocr_line' id='line_1_90' title="bbox 427 4563 1298 4630; baseline 0.001 -13"><span class='ocrx_word' id='word_1_678' title='bbox 427 4565 442 4597; x_wconf 86' lang='grc'>¹</span> <span class='ocrx_word' id='word_1_679' title='bbox 475 4563 591 4630; x_wconf 83' lang='grc' dir='ltr'>ΑΙ.,</span> <span class='ocrx_word' id='word_1_680' title='bbox 621 4579 727 4617; x_wconf 87' lang='lat' dir='ltr'>non</span> <span class='ocrx_word' id='word_1_681' title='bbox 753 4564 893 4618; x_wconf 85' lang='lat' dir='ltr'>enim</span> <span class='ocrx_word' id='word_1_682' title='bbox 920 4563 1298 4618; x_wconf 82' lang='lat' dir='ltr'>tantummodo.</span> 
     </span>
    </p>
   </div>
   <div class='ocr_carea' id='block_1_91' title="bbox 359 4633 1951 4761">
    <p class='ocr_par' dir='ltr' id='par_1_91' title="bbox 359 4633 1951 4761">
     <span class='ocr_line' id='line_1_91' title="bbox 359 4633 1951 4761; baseline 0.001 -74"><span class='ocrx_word' id='word_1_683' title='bbox 476 4634 685 4704; x_wconf 88' lang='lat' dir='ltr'>Baluz.,</span> <span class='ocrx_word' id='word_1_684' title='bbox 717 4635 858 4692; x_wconf 87' lang='lat' dir='ltr'>Utic.</span> <span class='ocrx_word' id='word_1_685' title='bbox 881 4643 937 4692; x_wconf 87' lang='lat' dir='ltr'>et</span> <span class='ocrx_word' id='word_1_686' title='bbox 954 4635 1027 4690; x_wconf 91' lang='lat' dir='ltr'>al.</span> <span class='ocrx_word' id='word_1_687' title='bbox 1049 4636 1262 4702; x_wconf 90' lang='lat' dir='ltr'>Norm.,</span> <span class='ocrx_word' id='word_1_688' title='bbox 1284 4633 1770 4705; x_wconf 81' lang='lat' dir='ltr'>appropinquavit;</span> <span class='ocrx_word' id='word_1_689' title='bbox 1803 4642 1857 4690; x_wconf 88' lang='lat' dir='ltr'>et</span> <span class='ocrx_word' id='word_1_690' title='bbox 1877 4633 1951 4689; x_wconf 92' lang='lat' dir='ltr'>ita</span> 
     </span>
     <span class='ocr_line' id='line_1_92' title="bbox 359 4722 521 4761; baseline 0.006 -1"><span class='ocrx_word' id='word_1_691' title='bbox 359 4723 373 4760; x_wconf 94' lang='grc' dir='ltr'>ι</span> <span class='ocrx_word' id='word_1_692' title='bbox 445 4722 521 4761; x_wconf 89' lang='lat' dir='ltr'>ra.</span> 
     </span>
    </p>
   </div>
   <div class='ocr_carea' id='block_1_92' title="bbox 354 4722 521 4762">
    <p class='ocr_par' dir='ltr' id='par_1_92' title="bbox 354 4722 521 4762">
     <span class='ocr_line' id='line_1_93' title="bbox 354 4722 521 4762; baseline 0.012 -2"><span class='ocrx_word' id='word_1_693' title='bbox 354 4722 521 4762; x_wconf 74' lang='lat' dir='ltr'>Inll‘a.</span> 
     </span>
    </p>
   </div>
   <div class='ocr_carea' id='block_1_93' title="bbox 428 4777 1623 4906">
    <p class='ocr_par' dir='ltr' id='par_1_93' title="bbox 428 4777 1623 4906">
     <span class='ocr_line' id='line_1_94' title="bbox 428 4777 1451 4906; baseline -0.003 -73"><span class='ocrx_word' id='word_1_694' title='bbox 428 4778 451 4812; x_wconf 84' lang='grc'><strong>³</strong></span> <span class='ocrx_word' id='word_1_695' title='bbox 479 4777 713 4835; x_wconf 83' lang='lat' dir='ltr'>Vindoc.</span> <span class='ocrx_word' id='word_1_696' title='bbox 746 4794 809 4837; x_wconf 86' lang='lat' dir='ltr'>ac</span> <span class='ocrx_word' id='word_1_697' title='bbox 817 4778 1102 4906; x_wconf 62' lang='lat' dir='ltr'>\plerique,</span> <span class='ocrx_word' id='word_1_698' title='bbox 1132 4792 1451 4848; x_wconf 85' lang='lat' dir='ltr'>cognoscere.</span> 
     </span>
     <span class='ocr_line' id='line_1_95' title="bbox 432 4847 1623 4906; baseline -0.001 -3"><span class='ocrx_word' id='word_1_699' title='bbox 432 4849 450 4883; x_wconf 73' lang='grc'>⁸</span> <span class='ocrx_word' id='word_1_700' title='bbox 480 4848 700 4906; x_wconf 87' lang='lat' dir='ltr'>Ebroic.</span> <span class='ocrx_word' id='word_1_701' title='bbox 734 4859 787 4906; x_wconf 90' lang='lat' dir='ltr'>et</span> <span class='ocrx_word' id='word_1_702' title='bbox 870 4850 1073 4906; x_wconf 88' lang='lat' dir='ltr'>indoc..</span> <span class='ocrx_word' id='word_1_703' title='bbox 1100 4847 1435 4906; x_wconf 75' lang='grc' dir='ltr'>σοι-ναυιίοηί</span> <span class='ocrx_word' id='word_1_704' title='bbox 1462 4847 1623 4906; x_wconf 67' lang='lat' dir='ltr'>nroxi</span> 
     </span>
    </p>
   </div>
   <div class='ocr_carea' id='block_1_94' title="bbox 432 4847 1787 4921">
    <p class='ocr_par' dir='ltr' id='par_1_94' title="bbox 432 4847 1787 4921">
     <span class='ocr_line' id='line_1_96' title="bbox 432 4847 1787 4921; baseline -0.001 -18"><span class='ocrx_word' id='word_1_705' title='bbox 432 4849 450 4883; x_wconf 73' lang='grc'>⁸</span> <span class='ocrx_word' id='word_1_706' title='bbox 480 4848 700 4906; x_wconf 87' lang='lat' dir='ltr'>Ebroic.</span> <span class='ocrx_word' id='word_1_707' title='bbox 734 4859 787 4906; x_wconf 90' lang='lat' dir='ltr'>et</span> <span class='ocrx_word' id='word_1_708' title='bbox 817 4847 1073 4917; x_wconf 71' lang='lat' dir='ltr'>Vindoc.,</span> <span class='ocrx_word' id='word_1_709' title='bbox 1100 4847 1435 4921; x_wconf 82' lang='lat' dir='ltr'>corruptioni</span> <span class='ocrx_word' id='word_1_710' title='bbox 1455 4847 1787 4919; x_wconf 66' lang='lat' dir='ltr'>proximum.</span> 
     </span>
    </p>
   </div>
   <div class='ocr_carea' id='block_1_95' title="bbox 427 4920 1735 4991">
    <p class='ocr_par' dir='ltr' id='par_1_95' title="bbox 427 4920 1735 4991">
     <span class='ocr_line' id='line_1_97' title="bbox 427 4920 1735 4991; baseline -0.001 -15"><span class='ocrx_word' id='word_1_711' title='bbox 427 4922 449 4953; x_wconf 80' lang='grc'><strong>⁵</strong></span> <span class='ocrx_word' id='word_1_712' title='bbox 480 4920 592 4988; x_wconf 83' lang='grc' dir='ltr'>ΑΙ.,</span> <span class='ocrx_word' id='word_1_713' title='bbox 623 4923 705 4976; x_wconf 83' lang='lat' dir='ltr'>vel</span> <span class='ocrx_word' id='word_1_714' title='bbox 732 4921 1048 4991; x_wconf 85' lang='lat' dir='ltr'>mortiferis.</span> <span class='ocrx_word' id='word_1_715' title='bbox 1260 4920 1269 4921; x_wconf 28' lang='grc' dir='ltr'>ί</span> <span class='ocrx_word' id='word_1_716' title='bbox 1728 4970 1735 4975; x_wconf 92' lang='grc'>.</span> 
     </span>
    </p>
   </div>
   <div class='ocr_carea' id='block_1_96' title="bbox 429 4988 1951 5061">
    <p class='ocr_par' dir='ltr' id='par_1_96' title="bbox 429 4988 1951 5061">
     <span class='ocr_line' id='line_1_98' title="bbox 429 4988 1951 5061; baseline -0.001 -15"><span class='ocrx_word' id='word_1_717' title='bbox 429 4993 451 5025; x_wconf 72' lang='grc' dir='ltr'><strong>δ</strong></span> <span class='ocrx_word' id='word_1_718' title='bbox 480 4992 621 5047; x_wconf 87' lang='lat' dir='ltr'>Pler.</span> <span class='ocrx_word' id='word_1_719' title='bbox 654 4992 829 5061; x_wconf 88' lang='lat' dir='ltr'>Editi,</span> <span class='ocrx_word' id='word_1_720' title='bbox 860 4988 1251 5048; x_wconf 84' lang='lat' dir='ltr'>miserabiliter.</span> <span class='ocrx_word' id='word_1_721' title='bbox 1274 4991 1351 5048; x_wconf 87' lang='lat' dir='ltr'>At</span> <span class='ocrx_word' id='word_1_722' title='bbox 1371 4992 1496 5047; x_wconf 91' lang='lat' dir='ltr'>Mss.</span> <span class='ocrx_word' id='word_1_723' title='bbox 1530 4991 1739 5057; x_wconf 90' lang='lat' dir='ltr'>Baluz.,</span> <span class='ocrx_word' id='word_1_724' title='bbox 1771 4988 1951 5058; x_wconf 88' lang='lat' dir='ltr'>Colh.,</span> 
     </span>
    </p>
   </div>
   <div class='ocr_carea' id='block_1_97' title="bbox 355 5060 1952 5135">
    <p class='ocr_par' dir='ltr' id='par_1_97' title="bbox 355 5060 1952 5135">
     <span class='ocr_line' id='line_1_99' title="bbox 355 5060 1952 5135; baseline -0.001 -18"><span class='ocrx_word' id='word_1_725' title='bbox 355 5062 585 5135; x_wconf 87' lang='lat' dir='ltr'>Turon.,</span> <span class='ocrx_word' id='word_1_726' title='bbox 619 5063 884 5133; x_wconf 85' lang='lat' dir='ltr'>Vindoc.,</span> <span class='ocrx_word' id='word_1_727' title='bbox 912 5065 1128 5131; x_wconf 91' lang='lat' dir='ltr'>Norm.,</span> <span class='ocrx_word' id='word_1_728' title='bbox 1157 5063 1372 5135; x_wconf 84' lang='lat' dir='ltr'>Anglic.</span> <span class='ocrx_word' id='word_1_729' title='bbox 1406 5071 1460 5120; x_wconf 92' lang='lat' dir='ltr'>et</span> <span class='ocrx_word' id='word_1_730' title='bbox 1482 5070 1590 5119; x_wconf 88' lang='lat' dir='ltr'>vet.</span> <span class='ocrx_word' id='word_1_731' title='bbox 1625 5061 1728 5118; x_wconf 89' lang='lat' dir='ltr'>Ed.</span> <span class='ocrx_word' id='word_1_732' title='bbox 1761 5060 1952 5129; x_wconf 87' lang='lat' dir='ltr'>Basil.,</span> 
     </span>
    </p>
   </div>
   <div class='ocr_carea' id='block_1_98' title="bbox 354 5134 695 5192">
    <p class='ocr_par' dir='ltr' id='par_1_98' title="bbox 354 5134 695 5192">
     <span class='ocr_line' id='line_1_100' title="bbox 354 5134 695 5192; baseline 0.006 -2"><span class='ocrx_word' id='word_1_733' title='bbox 354 5134 695 5192; x_wconf 84' lang='lat' dir='ltr'>mirabiliter.</span> 
     </span>
    </p>
   </div>
   <div class='ocr_carea' id='block_1_99' title="bbox 2131 4556 3656 4627">
    <p class='ocr_par' dir='ltr' id='par_1_99' title="bbox 2131 4556 3656 4627">
     <span class='ocr_line' id='line_1_101' title="bbox 2131 4556 3656 4627; baseline -0.007 -7"><span class='ocrx_word' id='word_1_734' title='bbox 2131 4568 2150 4600; x_wconf 85' lang='grc'><strong>⁷</strong></span> <span class='ocrx_word' id='word_1_735' title='bbox 2182 4564 2263 4620; x_wconf 91' lang='lat' dir='ltr'>Ita</span> <span class='ocrx_word' id='word_1_736' title='bbox 2289 4563 2414 4619; x_wconf 86' lang='lat' dir='ltr'>Mss.</span> <span class='ocrx_word' id='word_1_737' title='bbox 2448 4570 2501 4618; x_wconf 91' lang='lat' dir='ltr'>et</span> <span class='ocrx_word' id='word_1_738' title='bbox 2528 4570 2639 4617; x_wconf 88' lang='lat' dir='ltr'>vet.</span> <span class='ocrx_word' id='word_1_739' title='bbox 2674 4560 2775 4615; x_wconf 90' lang='lat' dir='ltr'>Ed.</span> <span class='ocrx_word' id='word_1_740' title='bbox 2810 4561 2871 4615; x_wconf 88' lang='lat' dir='ltr'><strong>In</strong></span> <span class='ocrx_word' id='word_1_741' title='bbox 2901 4567 3105 4615; x_wconf 90' lang='lat' dir='ltr'>recent.</span> <span class='ocrx_word' id='word_1_742' title='bbox 3129 4556 3330 4614; x_wconf 87' lang='lat' dir='ltr'>habes:</span> <span class='ocrx_word' id='word_1_743' title='bbox 3358 4557 3656 4627; x_wconf 86' lang='lat' dir='ltr'>formidan-</span> 
     </span>
    </p>
   </div>
   <div class='ocr_carea' id='block_1_100' title="bbox 2059 4629 3653 4706">
    <p class='ocr_par' dir='ltr' id='par_1_100' title="bbox 2059 4629 3653 4706">
     <span class='ocr_line' id='line_1_102' title="bbox 2059 4629 3653 4706; baseline -0.006 -15"><span class='ocrx_word' id='word_1_744' title='bbox 2059 4637 2185 4692; x_wconf 81' lang='lat' dir='ltr'>dum</span> <span class='ocrx_word' id='word_1_745' title='bbox 2222 4632 2699 4706; x_wconf 15' lang='lat' dir='ltr'>suspicamurinisi</span> <span class='ocrx_word' id='word_1_746' title='bbox 2743 4630 2884 4701; x_wconf 84' lang='lat' dir='ltr'>quod</span> <span class='ocrx_word' id='word_1_747' title='bbox 2910 4629 3144 4706; x_wconf 80' lang='lat' dir='ltr'>forsitan</span> <span class='ocrx_word' id='word_1_748' title='bbox 3172 4629 3327 4706; x_wconf 46' lang='lat' dir='ltr'>quia;</span> <span class='ocrx_word' id='word_1_749' title='bbox 3353 4630 3413 4706; x_wconf 79' lang='lat' dir='ltr'><strong>In</strong></span> <span class='ocrx_word' id='word_1_750' title='bbox 3446 4629 3653 4706; x_wconf 65' lang='lat' dir='ltr'>Baluz.,</span> 
     </span>
    </p>
   </div>
   <div class='ocr_carea' id='block_1_101' title="bbox 2059 4698 3654 4783">
    <p class='ocr_par' dir='ltr' id='par_1_101' title="bbox 2059 4698 3654 4783">
     <span class='ocr_line' id='line_1_103' title="bbox 2059 4698 3654 4783; baseline -0.008 -19"><span class='ocrx_word' id='word_1_751' title='bbox 2059 4724 2157 4783; x_wconf 82' lang='lat' dir='ltr'>pro</span> <span class='ocrx_word' id='word_1_752' title='bbox 2187 4698 2541 4783; x_wconf 68' lang='lat' dir='ltr'>suspicamur,</span> <span class='ocrx_word' id='word_1_753' title='bbox 2566 4698 2768 4783; x_wconf 74' lang='lat' dir='ltr'>legitur</span> <span class='ocrx_word' id='word_1_754' title='bbox 2779 4698 3123 4783; x_wconf 79' lang='lat' dir='ltr'>suspicamus,</span> <span class='ocrx_word' id='word_1_755' title='bbox 3146 4698 3268 4783; x_wconf 76' lang='lat' dir='ltr'>etin</span> <span class='ocrx_word' id='word_1_756' title='bbox 3290 4699 3468 4783; x_wconf 45' lang='lat' dir='ltr'>Colh.,,</span> <span class='ocrx_word' id='word_1_757' title='bbox 3495 4698 3654 4783; x_wconf 63' lang='lat' dir='ltr'>susci-</span> 
     </span>
    </p>
   </div>
   <div class='ocr_carea' id='block_1_102' title="bbox 2055 4768 3657 4851">
    <p class='ocr_par' dir='ltr' id='par_1_102' title="bbox 2055 4768 3657 4851">
     <span class='ocr_line' id='line_1_104' title="bbox 2055 4768 3657 4851; baseline -0.007 -18"><span class='ocrx_word' id='word_1_758' title='bbox 2055 4768 2291 4851; x_wconf 55' lang='lat' dir='ltr'>piamus:</span> <span class='ocrx_word' id='word_1_759' title='bbox 2327 4777 2436 4851; x_wconf 85' lang='lat' dir='ltr'>Sed</span> <span class='ocrx_word' id='word_1_760' title='bbox 2482 4768 2682 4851; x_wconf 63' lang='lat' dir='ltr'>mentis</span> <span class='ocrx_word' id='word_1_761' title='bbox 2710 4768 3065 4851; x_wconf 78' lang='lat' dir='ltr'>crassissimis</span> <span class='ocrx_word' id='word_1_762' title='bbox 3103 4768 3311 4851; x_wconf 81' lang='lat' dir='ltr'>scatent</span> <span class='ocrx_word' id='word_1_763' title='bbox 3340 4769 3397 4851; x_wconf 73' lang='lat' dir='ltr'>hi</span> <span class='ocrx_word' id='word_1_764' title='bbox 3430 4768 3657 4851; x_wconf 82' lang='lat' dir='ltr'>Codices</span> 
     </span>
    </p>
   </div>
   <div class='ocr_carea' id='block_1_103' title="bbox 2062 4839 3655 4920">
    <p class='ocr_par' dir='ltr' id='par_1_103' title="bbox 2062 4839 3655 4920">
     <span class='ocr_line' id='line_1_105' title="bbox 2062 4839 3655 4920; baseline -0.008 -16"><span class='ocrx_word' id='word_1_765' title='bbox 2062 4839 2441 4917; x_wconf 71' lang='lat' dir='ltr'>vetustissimi,</span> <span class='ocrx_word' id='word_1_766' title='bbox 2475 4846 2623 4920; x_wconf 90' lang='lat' dir='ltr'>quod</span> <span class='ocrx_word' id='word_1_767' title='bbox 2658 4854 2821 4901; x_wconf 68' lang='lat' dir='ltr'>tanta:</span> <span class='ocrx_word' id='word_1_768' title='bbox 2854 4844 3201 4917; x_wconf 88' lang='lat' dir='ltr'>antiquitatis</span> <span class='ocrx_word' id='word_1_769' title='bbox 3222 4839 3439 4912; x_wconf 90' lang='lat' dir='ltr'>pondus</span> <span class='ocrx_word' id='word_1_770' title='bbox 3466 4846 3655 4907; x_wconf 83' lang='lat' dir='ltr'>ctpre-</span> 
     </span>
    </p>
   </div>
   <div class='ocr_carea' id='block_1_104' title="bbox 2064 4920 3407 4992">
    <p class='ocr_par' dir='ltr' id='par_1_104' title="bbox 2064 4920 3407 4992">
     <span class='ocr_line' id='line_1_106' title="bbox 2064 4920 3407 4992; baseline 0.003 -16"><span class='ocrx_word' id='word_1_771' title='bbox 2064 4922 2202 4978; x_wconf 88' lang='lat' dir='ltr'>tium</span> <span class='ocrx_word' id='word_1_772' title='bbox 2231 4922 2465 4992; x_wconf 88' lang='lat' dir='ltr'>multum</span> <span class='ocrx_word' id='word_1_773' title='bbox 2497 4920 2691 4975; x_wconf 82' lang='lat' dir='ltr'>elevat.</span> <span class='ocrx_word' id='word_1_774' title='bbox 2715 4990 2765 4992; x_wconf 36' lang='grc' dir='ltr'>μ</span> <span class='ocrx_word' id='word_1_775' title='bbox 2964 4988 2973 4992; x_wconf 96' lang='lat'><strong>_</strong></span> <span class='ocrx_word' id='word_1_776' title='bbox 3120 4983 3127 4992; x_wconf 39' lang='lat'><em>.</em></span> <span class='ocrx_word' id='word_1_777' title='bbox 3323 4980 3331 4988; x_wconf 76' lang='grc'><em>,</em></span> <span class='ocrx_word' id='word_1_778' title='bbox 3399 4980 3407 4989; x_wconf 78' lang='grc'>,</span> 
     </span>
    </p>
   </div>
   <div class='ocr_carea' id='block_1_105' title="bbox 2136 4988 3654 5055">
    <p class='ocr_par' dir='ltr' id='par_1_105' title="bbox 2136 4988 3654 5055">
     <span class='ocr_line' id='line_1_107' title="bbox 2136 4988 3654 5055; baseline -0.011 -7"><span class='ocrx_word' id='word_1_779' title='bbox 2136 4994 2157 5026; x_wconf 86' lang='grc'><strong>⁸</strong></span> <span class='ocrx_word' id='word_1_780' title='bbox 2187 4991 2586 5047; x_wconf 78' lang='lat' dir='ltr'>Ilevocavimus</span> <span class='ocrx_word' id='word_1_781' title='bbox 2615 5006 2684 5045; x_wconf 86' lang='lat' dir='ltr'>ex</span> <span class='ocrx_word' id='word_1_782' title='bbox 2714 4990 2839 5045; x_wconf 89' lang='lat' dir='ltr'>Mss.</span> <span class='ocrx_word' id='word_1_783' title='bbox 2869 4988 3020 5052; x_wconf 78' lang='lat' dir='ltr'>unde,</span> <span class='ocrx_word' id='word_1_784' title='bbox 3043 4988 3129 5055; x_wconf 84' lang='lat' dir='ltr'>cuj</span> <span class='ocrx_word' id='word_1_785' title='bbox 3141 5000 3201 5039; x_wconf 75' lang='lat' dir='ltr'>us</span> <span class='ocrx_word' id='word_1_786' title='bbox 3223 4995 3517 5037; x_wconf 79' lang='lat' dir='ltr'>omisswne</span> <span class='ocrx_word' id='word_1_787' title='bbox 3542 4994 3654 5032; x_wconf 89' lang='lat' dir='ltr'>mu-</span> 
     </span>
    </p>
   </div>
   <div class='ocr_carea' id='block_1_106' title="bbox 2064 5058 2975 5119">
    <p class='ocr_par' dir='ltr' id='par_1_106' title="bbox 2064 5058 2975 5119">
     <span class='ocr_line' id='line_1_108' title="bbox 2064 5058 2975 5119; baseline -0.008 0"><span class='ocrx_word' id='word_1_788' title='bbox 2064 5063 2197 5119; x_wconf 89' lang='lat' dir='ltr'>tilus</span> <span class='ocrx_word' id='word_1_789' title='bbox 2223 5070 2304 5118; x_wconf 91' lang='lat' dir='ltr'>est</span> <span class='ocrx_word' id='word_1_790' title='bbox 2332 5078 2524 5118; x_wconf 88' lang='lat' dir='ltr'>sensus</span> <span class='ocrx_word' id='word_1_791' title='bbox 2555 5062 2613 5117; x_wconf 92' lang='lat' dir='ltr'>in</span> <span class='ocrx_word' id='word_1_792' title='bbox 2648 5059 2773 5116; x_wconf 89' lang='lat' dir='ltr'>aliis</span> <span class='ocrx_word' id='word_1_793' title='bbox 2793 5058 2975 5114; x_wconf 88' lang='lat' dir='ltr'>editis.</span> 
     </span>
    </p>
   </div>
  </div>
