4162 6184
515 301 618 361 387

1713 302 1962 364 SANCTI
1999 304 2336 365 GREGORII
2372 306 2600 366 MAGNI

3692 317 3796 375 288

527 457 3799 490 MM

1296 609 1632 696 LIBER

1739 611 2354 700 VIGESIMUS

2471 601 3041 714 QUARTUS.

521 769 964 860 [ia-ponuntur
980 767 1298 860 ungecim
1328 785 1552 860 versus
1583 773 1961 860 posteriores
1988 789 2136 851 cap.
2176 789 2396 860 xxxiii,
2437 780 2522 860 et_
2541 773 2898 860 octodecim
2933 777 3190 860 priores
3211 795 3364 860 cap.
3400 797 3615 860 xxxw,
3649 797 3821 860 pra:-

597 846 908 942 cl’a‘raqu‘c
951 847 1030 909 de
1058 846 1318 942 p/zristo
1346 846 1725 924 mediatore,
1759 850 1836 912 de
1876 846 2446 933 conteinplatione,
2477 852 2557 914 de
2609 846 3046 920 conversionis
3073 846 3325 936 ordine,
3369 859 3449 921 de
3498 846 3832 942 pastorali

601 925 816 1006 ofﬁcio
845 928 1176 991 docentur.

1046 1059 1274 1118 CAPUT
1302 1061 1594 1120 PRIMUM.

590 1150 641 1205 1.
681 1149 890 1216 Cuncti,
921 1149 1079 1206 etiam
1119 1150 1284 1216 electi,
1327 1151 1695 1208 tentationibus
1732 1151 1950 1208 obnoxii
1977 1159 2117 1211 sunt.
2150 1120 2202 1180 Α
2233 1155 2400 1198 carne
2446 1141 2674 1199 Veniens
2713 1143 3004 1213 Dominus»
3047 1160 3158 1201 Ποη
3219 1145 3437 1219 culpam
3485 1155 3726 1206 nostram
3767 1167 3837 1209 ex

515 1271 586 1282 —
615 1239 749 1296 Eliu
792 1240 912 1296 vim
951 1255 1201 1313 superna)
1237 1239 1660 1314 dispensationis
1699 1241 2007 1312 insinuans,
2053 1242 2122 1300 de

523 1332 536 1364 ¹
571 1329 733 1386 electi
773 1329 1208 1403 uniuscujusque
1248 1330 1598 1402 percussione
1639 1331 1852 1402 intulit,
1881 1331 2072 1390 dicens
2105 1348 2119 1390 :

518 1419 988 1490 Appropinquabit
1012 1419 1344 1492 corruptioni
1369 1419 1552 1476 anima
1579 1419 1713 1490 ejus,
1743 1427 1792 1476 et
1819 1420 1930 1477 vita
1971 1421 2124 1478 illius

517 1505 832 1576 mortiferis.
866 1507 940 1562 Et
965 1506 1098 1563 dum
1145 1515 1414 1565 tentatum
1459 1507 1741 1566 hominem
1783 1510 2124 1569 demonstrat

517 1612 714 1665 unum,
742 1596 802 1652 in
835 1612 942 1670 qua
960 1597 1264 1653 tentatione
1277 1597 1350 1654 sit
1370 1597 1608 1670 positum
1622 1597 1928 1654 humanum
1951 1615 2124 1671 genus

519 1683 763 1742 ostendit
783 1685 1105 1742 universum
1133 1703 1147 1753 ;
1179 1685 1422 1760 dumque
1450 1696 1634 1744 narrat
1656 1687 1790 1760 quid
1809 1687 2125 1760 specialiter

520 1782 714 1844 agatur
741 1773 801 1830 in
830 1774 1086 1848 singulis,
1136 1775 1349 1850 liquido
1379 1776 1598 1832 intimat
1630 1776 1764 1848 quid
1793 1777 2121 1848 generaliter

517 1870 710 1933 agatur
758 1862 815 1918 in
858 1865 1090 1921 cunctis.
1141 1865 1232 1920 Sic
1271 1865 1418 1920 enim
1465 1865 1821 1922 tentationem
1852 1869 2123 1940 expressit

519 1951 904 2022 quorumdam,
935 1953 1154 2025 proprie
1200 1953 1562 2025 singulorum,
1596 1961 1658 2010 ut
1684 1955 1856 2026 possit
1884 1955 2120 2028 intelligi

518 2048 572 2096 et
599 2039 986 2096 universaliter
1004 2041 1273 2098 omnium.
1306 2041 1578 2100 Cunctum
1601 2043 1804 2116 quippe
1817 2045 2120 2102 electorum

519 2143 689 2201 genus
717 2129 776 2184 in
806 2127 909 2187 hac
934 2131 1051 2186 vita
1071 2129 1237 2203 hujus
1266 2131 1430 2188 taedio
1450 2131 1653 2188 laboris
1678 2133 1936 2190 afﬁcitur.
1961 2135 2121 2192 Unde

520 2227 575 2274 et
603 2234 734 2274 mox
763 2218 896 2276 huic
921 2220 1158 2290 generali
1188 2221 1513 2292 pestilentiae
1539 2224 1788 2293 generale
1818 2224 2122 2283 subintulit

527 2305 834 2364 remedium
863 2307 1173 2377 medicinae,
1205 2309 1393 2366 dicens
1427 2327 1440 2366 :

1157 2398 1387 2456 CAPUT
1417 2400 1487 2455 II.

2232 1229 2396 1299 vitio,
2420 1247 2532 1286 non
2553 1248 2775 1305 poenam
2797 1249 2865 1290 ex
2887 1234 3209 1300 necessitate
3227 1236 3470 1310 suscepit
3492 1237 3670 1309 (nulla
3688 1240 3835 1296 enim

2235 1319 2359 1374 labe
2391 1321 2600 1392 peccati
2633 1321 2896 1394 pollutus,
2919 1331 3103 1380 reatus
3122 1325 3299 1381 nostri
3329 1326 3503 1383 teneri
3522 1327 3838 1386 conditione

2233 1424 2343 1464 non
2374 1410 2574 1481 potuit,
2607 1420 2771 1484 atque
2802 1412 2926 1469 ideo
2945 1421 3178 1471 mortem
3207 1422 3452 1472 nostram
3473 1418 3626 1474 omni
3656 1435 3837 1478 neces-

2235 1497 2398 1554 sitate
2428 1500 2654 1570 calcata,
2685 1517 2812 1559 cum
2835 1503 3036 1573 voluit,
3059 1513 3252 1577 sponte
3271 1507 3560 1580 suiscepit),
3591 1517 3736 1567 recte
3757 1509 3836 1566 di-

2237 1585 2386 1643 citur
2412 1587 2560 1660 quod
2581 1604 2680 1660 pro
2711 1597 2918 1647 tentato
2947 1590 3173 1649 homine
3193 1593 3296 1650 iste
3324 1597 3548 1668 angelus
3575 1615 3747 1655 unum
3769 1599 3838 1655 de

2233 1675 2519 1733 similibus
2549 1677 2814 1751 loquitur,
2848 1679 2978 1753 quia
3007 1697 3106 1740 nec
3125 1682 3202 1739 ita
3219 1692 3378 1740 natus
3399 1692 3461 1740 ut
3487 1685 3708 1760 reliqui,
3735 1704 3838 1744 nec

2235 1769 2312 1825 ita
2345 1777 2619 1840 mortuus,
2652 1789 2754 1831 nec
2782 1774 2861 1830 ita
2905 1775 3276 1832 resuscitatus.
3310 1777 3431 1834 Non
3460 1777 3607 1834 enim
3639 1795 3832 1852 coope-

2231 1866 2387 1916 rante
2417 1860 2590 1929 coitu,
2637 1860 2732 1917 sed
2761 1862 2974 1936 Spiritu
3018 1873 3206 1922 sancto
3248 1866 3668 1938 superveniente
3695 1883 3840 1924 con-

2230 1957 2422 2020 ceptus
2451 1959 2533 2006 est
2572 1950 2725 2022 (Luc.
2761 1969 2800 2018 1,
2824 1951 2942 2024 33).
2963 1954 3138 2010 Natus
3159 1963 3342 2011 autem
3363 1963 3610 2012 materna
3627 1957 3839 2014 viscera

2229 2047 2284 2094 et
2312 2037 2551 2095 fecunda
2581 2038 2858 2109 exhibuit,
2882 2050 2937 2097 et
2966 2041 3286 2115 incorrupta
3303 2045 3564 2101 servavit.
3599 2047 3838 2103 Rursum

2229 2143 2331 2183 nos
2362 2144 2554 2184 omnes
2582 2146 2707 2186 cum
2729 2131 2989 2187 nolumus
3010 2131 3302 2201 morimur,
3327 2133 3457 2207 quia
3474 2133 3542 2190 ad
3561 2136 3840 2192 solvendae

2230 2236 2407 2293 paenae
2426 2219 2677 2277 debitum
2700 2222 2877 2295 culpae
2897 2231 3098 2280 nostras
3117 2223 3436 2281 conditione
3454 2233 3801 2283 coarctamur
3823 2245 3836 2294 ;

2231 2309 2326 2366 ille
2355 2318 2562 2380 autem,
2595 2311 2726 2384 quia
2758 2311 2898 2368 nulli
2943 2311 3209 2370 admistus
3251 2323 3333 2370 est
3373 2314 3568 2386 culpae,
3601 2315 3740 2370 nulli
3771 2332 3839 2373 ex

2231 2397 2560 2455 necessitate
2589 2399 2886 2458 succubuit
2923 2416 3117 2474 ptume.
3166 2401 3272 2458 Sed
3314 2403 3445 2476 quia
3487 2403 3702 2476 culpam
3744 2420 3838 2460 no-

590 2488 724 2547 CAP.
756 2505 958 2558 χχχιιι,
982 2488 1153 2546 Vnus.
1182 2488 1270 2557 23,
1301 2487 1530 2544 24.—Si
1555 2485 1726 2556 fuerit
1747 2502 1852 2558 pro
1880 2503 1938 2543 eo
1967 2503 2119 2558 ange-
2154 2477 2202 2538 B
2231 2495 2401 2542 stram
2434 2489 2457 2524 ⁸
2488 2486 2832 2545 dominando
2860 2489 3129 2558 subdidit,
3162 2507 3377 2564 poenam
3406 2500 3648 2549 nostram
3680 2493 3838 2550 mise-

523 2579 605 2633 lus
635 2579 848 2650 loquens
886 2594 1052 2634 unum
1091 2577 1154 2632 de
1192 2575 1476 2643 similibus,
1507 2581 1567 2630 ut
1591 2576 1871 2632 annuntiat
1896 2577 2125 2632 hominis

520 2667 839 2739 (equitatem,
869 2667 1202 2724 miserebitur
1227 2665 1358 2736 ejus.

594 2755 738 2830 [Rea
771 2755 879 2832 IL]
911 2759 964 2814 2.
1001 2758 1247 2815 Christus
1274 2758 1417 2814 Deus
1445 2761 1494 2811 et
1519 2756 1671 2811 homo
1695 2772 1800 2829 pro
1827 2755 2126 2813 hominibus

521 2846 690 2902 Deum
702 2847 1025 2918 interpellat.
1037 2845 1433 2903 Incarnationis
1447 2844 1963 2914 mammia—Quis
1975 2847 2124 2902 enim

521 2942 604 2990 est
631 2934 735 2992 iste
763 2936 1008 3009 angelus,
1042 2935 1151 2991 nisi
1173 2934 1268 2991 ille
1296 2935 1391 3010 qui
1411 2950 1508 3007 per
1531 2935 1855 3008 prophetam
1879 2933 2086 2992 dicitur
2111 2952 2122 2991 :

522 3025 708 3098 Magni
720 3026 928 3083 consilii
940 3027 1156 3098 angelus
1171 3025 1276 3095 (Is.
1302 3041 1384 3092 1x,
1401 3025 1455 3094 6,
1473 3041 1569 3082 sec.
1589 3025 1766 3098 LXX)
1781 3027 1808 3082 ?
1824 3025 1966 3094 Quia
1979 3023 2127 3081 enim

526 3114 714 3173 Graeca
732 3117 924 3189 lingua
941 3117 1314 3190 evangelizare
1332 3115 1660 3174 denuntiare
1680 3115 1908 3182 dicitur,
1935 3123 2129 3171 semet-

525 3205 708 3278 ipsum
737 3205 900 3262 nobis
941 3209 1280 3263 annuntians
1307 3206 1578 3262 Dominus
1617 3206 1843 3277 angelus
1875 3214 2125 3262 vocatur.

521 3294 594 3350 Et
619 3292 758 3350 bene
786 3295 864 3352 ait
897 3311 909 3351 :
949 3295 1008 3352 Si
1052 3293 1218 3365 fuerit
1240 3311 1344 3366 pro
1375 3311 1433 3349 eo
1461 3296 1679 3365 angelus
1711 3295 1946 3365 loquens,
1975 3295 2128 3368 quia,

522 3381 666 3441 sicut
692 3383 770 3440 ait
786 3383 1102 3457 Apostolus,
1127 3383 1291 3440 etiam
1309 3383 1623 3456 interpellat
1642 3399 1742 3456 pro
1761 3383 1922 3440 nobis
1941 3385 2126 3456 (Rom.

527 3489 650 3542 vnn,
687 3471 808 3545 34).
841 3471 946 3530 Sed
974 3471 1109 3546 quid
1152 3488 1251 3545 pro
1279 3471 1441 3529 nobis
1474 3472 1752 3546 loquatur,
1784 3471 2076 3530 audiamus
2113 3476 2125 3514 ε

533 3563 704 3622 Unum
729 3564 794 3620 de
831 3563 1112 3622 similibus.
1143 3565 1262 3622 Mos
1289 3561 1578 3621 medicinas
1621 3571 1703 3620 est
1743 3570 1805 3620 ut
1831 3563 2132 3637 aliquando

522 3650 733 3708 similia
760 3651 1057 3723 similibus,
1087 3651 1386 3727 aliquando
1411 3651 1689 3710 contraria
1716 3653 2014 3710 contrariis
2030 3667 2142 3710 cu-'

525 3749 627 3799 ret.
660 3741 682 3777 ³
711 3743 850 3800 Nam
879 3759 1020 3816 saepe
1039 3743 1220 3801 calida
1236 3743 1450 3811 calidis,
1480 3742 1681 3815 frigida
1699 3741 1955 3816 frigidis;
1988 3758 2130 3816 saepe

2235 2574 2410 2631 rando
2435 2577 2698 2648 suscepit,
2733 2577 2878 2635 sicut
2906 2577 3022 2650 ipse
3050 2579 3128 2635 ait
3159 2595 3178 2634 :
3206 2580 3517 2636 Potestatem
3545 2581 3703 2636 habeo
3725 2597 3839 2653 po-

2232 2664 2393 2720 nendi
2419 2665 2658 2722 animam
2687 2683 2880 2732 meam,
2921 2673 2971 2722 et
2999 2673 3309 2740 potestatem
3335 2669 3494 2726 habeo
3524 2671 3712 2726 iterum
3739 2687 3841 2726 su-

2235 2754 2408 2810 mendi
2429 2771 2545 2810 eam
2569 2755 2749 2826 (Joan.
2773 2773 2827 2823 x,
2854 2756 2967 2827 18).
2986 2755 3092 2822 Qui
3113 2756 3276 2812 etiam
3297 2758 3560 2828 praemisit
3585 2776 3598 2814 :
3630 2761 3652 2796 ⁸
3677 2761 3840 2816 Nemo

2237 2847 2379 2902 tollit
2402 2863 2514 2902 eam
2547 2865 2583 2902 a
2613 2863 2712 2915 me,
2744 2846 2834 2901 sed
2860 2862 2949 2917 ego
2971 2862 3114 2917 pono
3142 2863 3255 2901 eam
3281 2865 3316 2902 a
3348 2849 3564 2918 meipso.
3597 2851 3839 2907 Rursqu

2238 2951 2350 2992 non
2381 2943 2444 2992 ut
2471 2936 2673 3008 reliqui
2703 2935 2998 2992 suscitatus
3025 2944 3126 3004 est,
3150 2935 3279 3009 quia
3301 2945 3489 2992 nostra
3508 2940 3842 2997 resurrectio

2237 3025 2297 3082 in
2329 3024 2516 3082 saculi
2547 3024 2714 3081 ﬁnem
2737 3024 2908 3081 dilata
2933 3033 3032 3093 est,
3065 3024 3218 3081 illius
3245 3039 3376 3080 vero
3397 3023 3486 3080 die
3514 3026 3677 3082 tertio
3701 3029 3842 3085 cele-

2238 3114 2414 3172 brata.
2446 3115 2519 3172 Et
2536 3130 2638 3171 nos
2663 3113 2882 3188 quidem
2903 3129 3000 3186 per
3019 3114 3176 3170 illum
3198 3114 3555 3186 resurgimus,
3576 3131 3704 3173 nam
3726 3115 3844 3189 ipse

2239 3221 2338 3278 per
2365 3221 2440 3260 se.
2471 3205 2659 3276 Neque
2687 3204 2834 3259 enim
2877 3203 2974 3276 qui
3017 3204 3162 3287 Deus
3190 3213 3307 3260 erat
3333 3204 3478 3262 sicut
3506 3221 3607 3261 nos
3635 3205 3702 3262 ab
3731 3206 3841 3263 alio

2240 3304 2303 3350 ut
2349 3292 2665 3350 resuscitari
2699 3292 2966 3365 potuisset
3001 3292 3302 3366 indigebat.
3353 3295 3416 3350 In
3455 3311 3522 3352 eo
3565 3311 3692 3368 ergo
3721 3294 3842 3367 ejus

2240 3380 2570 3442 resurrectio
2589 3383 2758 3441 distat
2776 3401 2808 3440 a
2824 3393 3034 3454 nostra,
3065 3384 3214 3458 quod
3234 3402 3344 3442 non
3366 3401 3464 3460 per
3477 3386 3842 3460 nosmetipsos

2240 3475 2600 3548 resurgimus,
2631 3474 2776 3532 sicut
2795 3475 2932 3549 ipse.
2957 3475 3063 3532 Pro
3083 3491 3148 3532 eo
3167 3475 3316 3532 enim
3341 3475 3487 3549 quod
3511 3477 3843 3548 simpliciter

2240 3563 2499 3622 homines
2516 3580 2728 3632 sumus,
2751 3564 3028 3636 superiori
3055 3563 3333 3636 adjutorio
3351 3571 3413 3620 ut
3440 3580 3718 3637 resurgere
3744 3579 3839 3620 va-

2239 3652 2450 3710 leamus
2472 3652 2805 3725 indigemus.
2829 3653 2928 3709 Ille
2943 3662 3127 3710 autem
3147 3652 3390 3724 ejusdem
3423 3653 3841 3712 resurrectionis

2239 3743 2356 3799 vim
2407 3759 2536 3800 cum
2581 3743 2739 3799 Patre
2785 3750 2841 3800 et
2885 3743 3097 3816 Spiritu
3141 3750 3328 3800 sancto
3373 3745 3519 3800 Deus
3563 3742 3837 3811 exhibuit,

526 3841 708 3890 autem
737 3833 940 3908 frigida
965 3833 1182 3904 calidis,
1214 3834 1393 3892 calida
1421 3832 1639 3907 frigidis
1663 3850 1855 3890 sanare
1882 3849 2125 3892 consue-
2153 3833 2198 3896 G
2230 3847 2396 3906 quam
2419 3839 2603 3888 tamen
2623 3832 2775 3888 solus
2795 3831 2853 3887 in
2875 3831 3218 3886 humanitate
3242 3831 3505 3903 percepit.
3537 3829 3676 3904 [νει.
3701 3831 3798 3888 III
3799 3829 3838 3905 .]

533 3923 636 3982 vit.
668 3924 915 3984 Veniens
941 3942 1070 4000 ergo
1112 3925 1179 3982 ad
1226 3942 1328 3982 nos
1370 3925 1607 3998 desuper
1645 3924 1894 3984 medicus
1922 3933 2125 3994 noster,

527 4012 802 4084 tantisque
817 4031 917 4070 nos
933 4016 1221 4071 inveniens
1243 4013 1602 4086 languoribus
1616 4030 1851 4084 pressos,
1867 4014 2127 4087 quiddam

526 4097 688 4154 nobis
715 4098 914 4167 simile,
946 4109 1001 4156 et
1039 4099 1302 4172 quiddam
1345 4100 1686 4156 contrarium
1735 4103 2011 4174 apposuit.
2041 4101 2128 4158 Ad

526 4185 781 4242 homines
809 4187 1009 4260 quippe
1040 4188 1207 4244 homo
1238 4187 1412 4254 venit,
1445 4187 1540 4244 sed
1568 4187 1636 4244 ad
1665 4198 1974 4261 peccatores
1997 4189 2130 4262 jus-

527 4282 632 4331 tus.
664 4273 1031 4332 Concordavit
1059 4274 1221 4331 nobis
1265 4277 1496 4334 veritate
1540 4285 1770 4347 natum,
1801 4277 1896 4336 sed
1924 4279 2129 4338 discre-

525 4363 678 4438 pavit
705 4378 737 4418 a
764 4365 924 4422 nobis
953 4367 975 4402 ³
1005 4366 1194 4438 vigore
1218 4365 1473 4438 justitize.
1503 4367 1754 4426 Vitiosus
1783 4369 1930 4426 enim
1962 4369 2130 4427 homo

525 4452 727 4526 corrigi
756 4469 868 4510 non
891 4463 1105 4528 poterat
1133 4455 1242 4512 nisi
1263 4473 1360 4530 per
1387 4459 1582 4514 Deum.
1615 4457 1806 4516 Videri
1839 4467 2023 4516 autem
2039 4459 2129 4516 de-

523 4541 648 4599 buit
666 4543 760 4615 qui
781 4545 1108 4619 corrigebat,
1129 4554 1192 4604 ut
1206 4547 1500 4620 praebendo
1521 4548 1848 4607 imitationis
1868 4548 2128 4616 formam,

525 4639 787 4690 anteactae
817 4635 1042 4692 malitiae
1070 4645 1345 4695 mutarent
1377 4638 1569 4695 vitam.
1604 4639 1708 4696 Sed
1729 4639 1906 4695 videri
1937 4639 2006 4695 ab
2034 4639 2130 4696 ho-

526 4723 675 4780 mine
713 4741 826 4781 non
870 4733 1084 4798 poterat
1128 4727 1274 4784 Deus
1305 4745 1319 4794 ;
1352 4744 1480 4800 ergo
1527 4727 1696 4785 homo
1730 4728 1908 4784 factus
1937 4736 2038 4796 est,
2069 4736 2132 4785 ut

527 4815 704 4874 videri
733 4817 1018 4890 potuisset.
1073 4814 1211 4890 [νει.
1246 4817 1352 4891 11.]
1380 4819 1569 4874 Justus
1599 4818 1770 4889 igitur
1798 4825 1960 4890 atque
1987 4818 2130 4874 invi-

527 4915 712 4973 sibilis
739 4918 904 4986 Deus,
945 4915 1200 4990 apparuit
1223 4910 1361 4969 761
1396 4913 1598 4970 similis
1626 4913 1786 4970 nobis
1813 4912 1980 4968 homo
1999 4913 2130 4969 visi-

527 5004 679 5074 bilis,
711 5015 775 5062 ut
802 5007 934 5064 dum
963 5005 1185 5062 videtur
1202 5021 1271 5062 ex
1303 5003 1496 5071 simili,
1527 5012 1745 5060 curaret
1775 5019 1842 5058 ex
1868 5001 2052 5075 justo;
2077 5013 2132 5060 et

527 5089 660 5147 dum
693 5096 919 5153 veritate
951 5095 1164 5168 generis
1210 5092 1510 5151 concordat
1555 5091 1891 5157 conditioni,
1926 5091 2130 5147 virtute

529 5180 666 5237 artis
694 5183 941 5242 obviaret
969 5183 1304 5256 aegritudini.

596 5268 648 5324 3.
680 5269 937 5326 Dominus
968 5272 1022 5325 in
1066 5289 1224 5328 carne
1250 5273 1480 5337 veniens,
1513 5286 1600 5325 nec
1646 5269 1859 5340 culpam
1886 5285 1951 5323 ea:
1979 5267 2128 5334 vitio,

530 5370 619 5410 nec
658 5373 866 5426 poenam
911 5375 976 5413 ea:
1018 5362 1312 5417 necessitate
1351 5359 1594 5432 suscepit.
1627 5390 1697 5401 —
1724 5358 1864 5427 Quia
1895 5374 2022 5431 ergo
2074 5357 2129 5412 in

609 5547 630 5626 ξ
659 5543 814 5626 golb.
847 5554 911 5626 e_t_
928 5547 1137 5626 Baluz.,
1159 5553 1295 5626 glati
1317 5553 1645 5626 ;manifesta
1673 5550 2128 5626 hallucinatione.

609 5617 630 5652 ³
661 5615 838 5704 Utica.
872 5615 1129 5704 Pra'tell,
1156 5621 1259 5676 Ed.
1311 5615 1419 5704 vet.
1468 5623 1738 5704 Parisuet
1774 5622 1962 5704 Basil.,
2009 5639 2134 5704 nam

537 5705 672 5762 saepe
697 5687 875 5743 calida
901 5689 1111 5754 calidis,
1141 5708 1272 5761 saepe
1298 5700 1472 5747 autem
1499 5693 1704 5764 frigida
1759 5687 1970 5756 calidis,
2026 5699 2129 5748 etc.

615 5763 634 5796 ³
664 5759 754 5821 Sic
784 5757 1042 5827 Vindoc.,
1076 5759 1284 5829 Baluz.,
1307 5763 1462 5819 Colb.
1495 5771 1547 5818 et
1575 5765 1788 5831 Norm.,
1812 5779 1912 5836 pro
1933 5762 2130 5834 rigore,

2237 3918 2376 3987 Quia
2403 3918 2576 3990 igitur
2601 3918 2870 3974 Dominus
2900 3933 3027 3973 vere
3047 3924 3226 3984 natus,
3259 3932 3385 3972 vere
3414 3917 3842 3988 mortuus,',vere

2236 4005 2550 4074 suscitatus,
2585 4006 2645 4062 in
2674 4005 2935 4062 omnibus
2953 4013 3138 4061 tamen
3157 4005 3325 4061 distat
3352 4021 3384 4060 a
3413 4005 3580 4062 nobis
3607 4007 3842 4064 veritate

2236 4104 2466 4164 naturae,
2495 4094 2634 4151 bene
2684 4093 2908 4161 dicitur,
2953 4093 3084 4166 quia
3130 4109 3230 4166 pro
3274 4093 3436 4150 nobis
3482 4095 3709 4167 angelus
3738 4095 3844 4153 iste

2236 4201 2408 4242 unum
2435 4183 2504 4240 de
2533 4182 2812 4240 similibus
2853 4181 3118 4256 loquitur.
3163 4181 3302 4240 Cum
3345 4181 3494 4238 enim
3534 4182 3594 4238 in
3625 4184 3846 4242 cunctis

2235 4273 2650 4350 operationibus
2679 4273 2794 4330 suis
2825 4273 3094 4330 immensa
3111 4289 3213 4329 nos
3232 4271 3440 4330 virtute
3469 4273 3842 4342 transcendat,

2237 4366 2294 4423 in
2323 4380 2436 4420 uno
2471 4372 2658 4420 tamen
2685 4379 2717 4419 a
2743 4361 2926 4432 nobis,
2963 4361 3021 4420 id
3050 4371 3131 4420 est
3161 4363 3220 4419 in
3249 4361 3442 4418 formae
3472 4361 3703 4420 veritate
3733 4377 3845 4420 non

2237 4454 2532 4527 discrepat.

2309 4544 2362 4600 4.
2409 4545 2521 4601 Pro
2549 4542 2702 4598 nobis
2730 4540 2887 4599 Patri
2931 4541 3188 4614 loquitur,
3220 4557 3338 4596 cum
3366 4558 3419 4596 se
3445 4540 3594 4596 nobis
3622 4539 3847 4596 similem

2241 4637 2485 4697 ostendit.
2515 4667 2582 4678 —
2612 4636 2718 4693 Per
2767 4635 2874 4693 hoc
2920 4651 3019 4708 pro
3061 4635 3221 4693 nobis
3259 4635 3408 4692 Patri
3453 4634 3720 4707 loquitur,
3751 4650 3847 4707 per

2241 4727 2391 4804 quod
2406 4727 2765 4800 semetipsum
2783 4723 2942 4781 nobis
2955 4723 3194 4780 similem
3211 4721 3470 4780 ostendit.
3493 4722 3672 4795 Loqui
3688 4722 3846 4795 quip-

2239 4835 2307 4891 pe
2339 4817 2476 4890 ejus,
2504 4817 2593 4872 vel
2625 4815 2997 4888 interpellare,
3027 4820 3110 4870 est
3148 4814 3325 4886 ipsum
3356 4827 3414 4868 se
3458 4827 3558 4884 pro
3589 4811 3848 4867 homini-

2239 4906 2344 4962 bus
2372 4905 2656 4961 hominem
2687 4904 3080 4960 demonstrem.
3129 4903 3201 4958 Et
3235 4900 3375 4957 bene
3403 4916 3531 4958 cum
3560 4899 3796 4956 dixisset
3829 4916 3840 4954 :

2245 4996 2418 5052 Unum
2446 4993 2508 5048 de
2533 4992 2796 5048 similibus
2827 4993 2849 5028 ⁶
2881 4991 3137 5063 loquitur,
3161 4989 3312 5046 illico
3327 4987 3585 5062 adjunxit
3616 5005 3628 5044 :
3669 4990 3736 5044 Ut
3750 5004 3842 5042 an-

2239 5081 2444 5136 nuntiet
2471 5081 2701 5136 hominis
2729 5081 3045 5152 (equitatem.
3081 5079 3222 5148 Quia
3257 5077 3365 5134 nisi
3403 5077 3496 5133 ille
3524 5075 3845 5133 hominibus

2157 5196 2206 5254 ι)
2237 5169 2440 5225 similis
2468 5169 2641 5239 ﬁeret,
2683 5187 2874 5243 aequus
2903 5169 3070 5225 homo
3101 5175 3228 5225 ante
3264 5169 3438 5224 Deum
3468 5180 3580 5221 non
3607 5180 3846 5254 appare-

2238 5269 2340 5316 ret.
2378 5259 2508 5316 Inde
2528 5260 2734 5334 quippe
2755 5259 3049 5316 annuntiat
3067 5257 3382 5332 aequitatem
3404 5262 3667 5321 nostram,
3693 5251 3842 5308 unde

2239 5349 2513 5423 suscipere
2538 5349 2797 5422 dignatus
2824 5355 2906 5404 est
2937 5346 3313 5404 inﬁrmitatem
3345 5351 3608 5402 nostram.
3639 5341 3844 5398 Omnes

2241 5548 2405 5622 quod_
2421 5546 2624 5602 habent
2648 5544 2824 5622 _Editi.

2314 5622 2334 5654 ⁴
2364 5619 2593 5686 Turon.,
2626 5617 2948 5673 damnando.

2313 5691 2334 5726 ⁵
2362 5690 2581 5745 Pratcll.
2617 5697 2670 5744 et
2697 5689 2792 5744 alii
2823 5690 3036 5756 Norm.,
3069 5704 3216 5743 nemo
3250 5687 3411 5744 tollet.

2315 5763 2336 5797 θ
2369 5760 2603 5819 Vindoc.
2636 5771 2692 5820 et
2721 5761 2933 5829 Norm.,
2968 5761 3200 5832 loquens.
