4162 6184
326 298 432 358 289

1046 298 1416 357 MOBALIUM
1456 299 1588 355 LIB.
1633 297 1843 356 XXIV.
1885 326 1955 342 -
1993 293 2064 355 IN
2101 296 2330 354 CAPUT
2369 295 2608 353 XXXIII
2645 298 2706 353 Β.
2748 296 2889 355 JOB.

3535 294 3639 353 290

323 423 589 481 videlicet
606 439 703 479 nos
722 422 949 481 inimica
973 422 1068 480 illa
1087 424 1364 496 persuasio
1386 424 1443 479 in
1464 424 1643 497 culpas
1663 424 1917 495 contagio
1947 424 2000 485 Α
2024 420 2341 478 circumcisis
2360 420 2576 493 (Ezech.
2598 436 2777 488 xxxn,
2806 419 2921 491 19).
2965 419 3159 479 Omnis
3177 424 3325 480 enim
3344 422 3440 497 qui
3463 421 3636 478 findi-

320 514 391 570 ab
422 514 541 586 ipsa
561 512 738 569 radice
763 513 1034 585 polluerat
1050 513 1265 582 (Genes.
1290 531 1374 582 ru,
1395 513 1479 586 5),
1502 514 1799 587 nullusque
1812 520 1931 568 erat

323 604 422 678 qui
450 603 591 675 apud
620 603 793 657 Deum
827 618 925 673 pro
954 603 1330 674 peccatoribus
1355 604 1606 676 loquens,
1639 620 1670 659 a
1706 610 1931 675 peccato

324 694 466 749 liber
492 699 794 764 appareret,
826 692 956 764 quia
994 708 1061 747 ex
1111 692 1300 748 eadem
1334 709 1510 750 massa
1549 693 1729 749 editos
1776 708 1931 765 aeque

322 789 552 838 cunctos
581 797 681 854 par
708 788 892 837 reatus
919 780 1227 837 involverat
1258 783 1432 855 (Rom.
1465 801 1525 849 v,
1556 783 1668 854 11).
1694 782 1932 837 Proinde

328 869 477 924 venit
505 868 576 924 ad
606 885 706 924 nos
732 867 1057 940 Unigenitus
1097 868 1294 937 Patris,
1340 869 1640 941 assumpsit
1666 884 1737 923 ex
1773 868 1934 923 nobis

327 965 600 1025 naturam,
661 974 772 1012 non
848 964 1164 1029 perpetrans
1223 958 1462 1029 culpam.
1528 958 1659 1013 Sine
1710 963 1934 1029 peccato

326 1057 530 1130 quippe
563 1051 710 1110 762
736 1071 852 1111 esse
881 1054 1091 1124 debuit,
1109 1055 1206 1129 qui
1231 1072 1328 1128 pro
1350 1056 1736 1129 peccatoribus
1767 1057 1935 1111 inter-

327 1148 517 1204 venire
560 1146 849 1220 potuisset,
892 1147 1022 1219 quia
1057 1146 1323 1204 nimirum
1363 1147 1554 1203 alienae
1598 1146 1938 1219 pollutionis

324 1236 581 1308 contagia
622 1250 734 1292 non
764 1242 1020 1307 tergeret,
1059 1235 1106 1291 si
1155 1237 1374 1309 propria
1414 1236 1729 1293 sustineret.
1784 1236 1933 1292 Bene

328 1342 457 1398 ergo
480 1324 689 1382 dicitur
714 1322 845 1396 quia
866 1323 924 1378 in
951 1338 1016 1379 eo
1043 1325 1056 1358 ί
1079 1323 1225 1397 quod
1245 1324 1445 1380 similis
1466 1324 1626 1380 nobis
1648 1323 1932 1396 apparuit,

328 1414 643 1489 aequitatem
666 1412 987 1470 hominibus
1010 1414 1381 1470 annuntiavit.
1405 1412 1754 1470 Intercedens
1784 1413 1935 1469 enim

332 1520 427 1575 pro
455 1501 861 1577 peccatoribus,
889 1502 1246 1575 semetipsum
1282 1502 1495 1576 justum
1526 1502 1812 1560 hominem
1841 1501 1938 1575 qui

333 1609 428 1664 pro
454 1593 583 1649 aliis
613 1590 1014 1664 indulgentiam
1035 1598 1337 1648 mereretur
1354 1590 1617 1649 ostendit.
1641 1590 1934 1665 Sequitur:

805 1681 1032 1740 CAPUT
1064 1682 1140 1741 III
1172 1680 1317 1756 [Rec.
1350 1682 1489 1756 III].

2042 519 2209 567 tatem
2241 509 2582 567 inﬁrmitatis
2620 526 2731 565 sua:
2753 507 3104 566 considerare
3135 512 3384 583 negligit,
3419 512 3513 567 sed
3545 526 3640 583 per

2045 600 2299 656 elationis
2329 600 2529 655 fastum
2561 599 2784 654 virtutis
2803 615 2913 654 suae
2936 600 3163 670 gloriam
3186 600 3445 667 attendit,
3487 599 3635 655 unde

2044 687 2335 762 pulchrior
2362 696 2466 755 est,
2499 686 2628 742 inde
2656 686 2957 754 descendit,
2989 688 3117 759 quia
3144 686 3460 741 extollendo
3483 703 3538 741 se
3570 687 3636 741 de

2046 779 2162 835 suis
2188 778 2422 847 meritis,
2450 777 2577 833 inde
2597 779 2618 811 ‘
2637 776 2696 832 in
2720 778 2831 832 ima
2846 778 3102 833 interitus
3123 776 3352 845 corruit,
3369 776 3516 832 unde
3533 777 3646 846 glo-

2046 869 2258 924 riosum
2287 882 2344 923 se
2374 883 2490 923 esse
2508 865 2803 938 judicavit.
2833 866 2939 934 Qui
2956 864 3292 922 descendens
3319 881 3446 922 cum
3480 863 3647 920 incir-

2048 956 2310 1014 cumcisis
2339 957 2565 1022 dormit,
2594 957 2721 1029 quia
2754 958 2811 1013 in
2841 964 3043 1012 {eterna
3071 963 3245 1012 morte
3274 972 3401 1012 cum
3434 954 3649 1012 cretoris

2048 1046 2430 1119 peccatoribus
2456 1045 2662 1102 deﬁcit.
2696 1046 2837 1114 Quia
2872 1063 3000 1119 ergo
3031 1045 3199 1102 homo
3230 1046 3331 1103 iste
3360 1044 3652 1101 humiliter

2048 1136 2391 1207 corruptioni
2408 1152 2463 1191 se
2488 1135 2862 1209 propinquum
2892 1151 3005 1191 esse
3021 1135 3300 1208 cognovit,
3330 1134 3468 1192 bene
3496 1134 3565 1191 de
3584 1151 3649 1191 eo

2050 1224 2293 1281 dicitur:
2323 1224 2519 1280 Libera
2555 1241 2692 1290 eum,
2723 1230 2781 1280 ut
2813 1241 2920 1280 non
2948 1225 3221 1280 descendat
3257 1223 3313 1278 in
3340 1224 3651 1296 corruptio-

2049 1329 2190 1379 nem,
2223 1320 2287 1368 ut
2327 1328 2392 1368 eo
2431 1313 2604 1385 magis
2649 1313 2846 1372 evadat
2882 1329 3122 1385 pmnam,
3167 1328 3276 1386 quo
3306 1313 3497 1369 oculos
3522 1329 3651 1370 suos

2052 1404 2074 1437 ⁵
2092 1418 2203 1458 non
2228 1400 2467 1458 advertit
2481 1401 2549 1458 ad
2570 1402 2811 1473 culpam.
2831 1401 2972 1469 Quia
2999 1417 3130 1457 vero
3156 1402 3342 1458 nullus
3360 1409 3477 1458 erat
3491 1400 3651 1474 cujus

2052 1491 2268 1548 meritis
2297 1491 2459 1548 nobis
2476 1493 2751 1549 Dominus
2775 1492 3065 1566 propitiari
3094 1491 3404 1559 debuisset;
3437 1491 3655 1564 Unige-

2052 1581 2207 1637 nitus
2234 1579 2436 1650 Patris,
2467 1582 2699 1637 formam
2726 1579 3072 1638 inﬁrmitatis
3101 1588 3300 1637 nostra)
3327 1580 3655 1653 suscipiens,

2052 1671 2205 1728 solus
2231 1668 2418 1741 justus
2445 1672 2718 1744 apparuit,
2740 1680 2803 1729 ut
2832 1688 2934 1745 pro
2959 1671 3342 1745 peccatoribus
3372 1673 3395 1709 ⁶
3424 1672 3655 1729 interce-

405 1771 579 1832 Vsns.
608 1771 698 1830 24.
729 1802 802 1814 —-
826 1771 1161 1832 Miserebitur
1178 1771 1310 1842 ejus,
1331 1778 1378 1827 et
1395 1772 1529 1827 dicet
1548 1788 1567 1827 :
1586 1770 1782 1829 Libera
1801 1785 1939 1837 eum,
1970 1784 2018 1845 Β
2054 1759 2211 1817 deret
2242 1760 2410 1831 (Phil.
2429 1777 2492 1829 II,
2530 1761 2608 1833 7).

336 1869 395 1918 ut
419 1880 529 1919 non
548 1862 825 1919 descendat
842 1862 899 1917 in
917 1862 1328 1934 corruptionem,
1345 1860 1521 1918 inveni
1548 1860 1606 1916 in
1625 1877 1729 1931 quo
1748 1859 1797 1915 ei
1810 1875 1946 1931 pro-

336 1952 529 2024 pitier.

418 2042 476 2098 5.
508 2042 663 2098 Solus
694 2041 930 2099 Christus
961 2059 1059 2100 nos
1089 2041 1352 2108 liberavit,
1377 2041 1645 2110 Deumque
1667 2036 1950 2111 propitia-

346 2130 440 2187 vit.
470 2132 749 2188 Fortitudo
766 2150 833 2189 ea:
850 2132 1163 2189 humilitate.
1185 2162 1256 2173 —
1275 2129 1542 2187 Mediator
1561 2128 1661 2186 Dei
1687 2135 1742 2185 et
1771 2125 1949 2183 homi-

348 2237 504 2290 num,
532 2220 700 2278 homo
728 2221 980 2280 Christus
1007 2223 1164 2279 Iesus
1194 2222 1253 2278 in
1281 2236 1346 2277 eo
1385 2219 1679 2276 miseretur
1706 2216 1949 2284 homini,

347 2328 457 2384 quo
482 2311 715 2368 formam
745 2311 990 2370 hominis
1029 2312 1264 2385 sumpsit
1296 2312 1361 2384 (Ι
1408 2311 1544 2368 Tim.
1588 2326 1651 2375 II,
1682 2308 1718 2366 ὅ
1750 2326 1769 2374 ;
1809 2308 1952 2365 Phi—

349 2399 481 2471 lipp.
503 2417 567 2466 ιι,
598 2401 654 2473 7)
679 2420 701 2467 ;
727 2418 837 2475 qua
864 2402 1245 2460 misericordia
1271 2421 1371 2476 pro
1407 2403 1693 2475 redempto
1722 2399 1952 2456 homine

344 2488 487 2547 dicit
509 2490 659 2547 Patri
684 2510 696 2548 :
720 2493 912 2550 Libera
932 2510 1070 2563 eum,
1090 2501 1150 2549 ut
1166 2512 1276 2550 non
1293 2495 1569 2551 descendat
1584 2494 1641 2548 in
1660 2492 1953 2562 corruptio-

342 2594 483 2634 nem.
535 2578 695 2636 Sicut
735 2577 848 2650 jam
888 2597 1056 2652 supra
1094 2581 1364 2650 diximus,
1407 2582 1432 2618 ³
1475 2581 1658 2638 dicere
1715 2579 1835 2652 ejus
1875 2587 1956 2636 est

338 2666 547 2722 Libera
577 2666 858 2732 hominem,
894 2676 1148 2725 naturam
1177 2669 1422 2727 hominis
1454 2668 1778 2727 assumendo
1806 2668 1956 2725 libe—

337 2770 469 2811 ram
492 2753 889 2812 demonstrare.
917 2756 1005 2812 Ex
1027 2773 1091 2814 ea
1107 2759 1309 2831 quippe
1328 2775 1489 2816 carne
1510 2774 1672 2832 quam
1695 2757 1952 2830 sumpsit,

343 2844 516 2899 etiam
544 2841 694 2899 hanc
718 2843 960 2900 ostendit
983 2844 1211 2902 liberam
1237 2864 1399 2919 quam
1428 2846 1679 2905 redemit.
1716 2846 1848 2915 Quae
1871 2861 1955 2902 re-

347 2932 573 3005 dempta
601 2932 861 2990 videlicet
887 2950 1015 2991 caro
1061 2951 1162 2992 nos
1202 2953 1409 3006 sumus,
1443 2939 1465 2973 ³
1495 2937 1591 3011 qui
1635 2937 1955 3010 cognitione

350 3020 525 3075 nostri
554 3028 738 3076 reatus
756 3020 1137 3094 astringimur.
1162 3022 1266 3080 Sed
1281 3022 1599 3081 Mediatoris
1617 3026 1766 3082 tanti
1786 3025 1955 3098 aequi-

2128 1850 2182 1907 6.
2221 1851 2419 1907 Nullus
2452 1850 2722 1906 hominum
2758 1867 2938 1907 coram
2979 1851 3087 1908 Deo
3132 1850 3443 1908 intercessor
3478 1849 3661 1922 justus

2053 1955 2158 2012 pro
2188 1938 2487 1994 hominibus
2510 1939 2934 2011 apparuit.—Et
2957 1939 3097 1997 bene
3122 1957 3221 2012 pro
3246 1939 3532 2012 redempto
3561 1939 3656 1995 hoc

2059 2027 2209 2083 mine
2249 2027 2357 2083 isto
2388 2027 2619 2100 loquens
2652 2029 2880 2101 angelus
2903 2027 3041 2086 dicit
3068 2045 3081 2084 :
3114 2026 3495 2100 Inveniinquo
3517 2045 3661 2101 pro—

2052 2117 2221 2190 pitier
2238 2116 2306 2173 ei.
2335 2116 2418 2174 Ac
2436 2116 2483 2173 si
2498 2124 2682 2189 aperte
2708 2122 2853 2181 763
2880 2117 3148 2175 Mediator
3170 2117 3269 2174 Dei
3288 2123 3344 2174 et
3367 2116 3657 2173 hominum

2061 2217 2243 2274 dicat:
2277 2216 2421 2285 Quia
2445 2216 2634 2273 nullus
2661 2214 2958 2272 hominum
2987 2215 3095 2272 fuit
3113 2216 3209 2288 qui
3231 2231 3415 2273 coram
3443 2219 3558 2273 Deo
3580 2217 3660 2272 in-

2060 2313 2330 2363 tercessor
2373 2304 2556 2378 justus
2600 2321 2698 2377 pro
2743 2303 3066 2362 hominibus
3088 2313 3390 2378 appareret,
3431 2313 3658 2362 memet-

2062 2394 2244 2467 ipsum
2276 2394 2345 2451 ad
2373 2393 2794 2467 propitiandum
2817 2393 3139 2450 hominibus
3154 2393 3435 2450 hominem
3452 2394 3582 2462 feci,
3604 2403 3658 2450 et

2062 2485 2197 2541 dum
2223 2499 2310 2539 me
2338 2482 2622 2539 hominem
2644 2482 2898 2553 exhibui,
2918 2485 2937 2519 ⁷
2971 2483 3030 2539 in
3045 2500 3155 2556 quo
3169 2482 3316 2555 juste
3337 2481 3662 2539 hominibus

2063 2572 2396 2648 propitiarer
2424 2571 2637 2628 inveni.
2669 2573 2744 2628 Et
2771 2571 2900 2645 quia
2929 2571 3311 2629 inﬁrmitatem
3349 2572 3660 2646 suscipiens

2062 2663 2356 2733 Dominus,
2385 2662 2522 2719 dum
2546 2678 2764 2735 poenam
2794 2669 3041 2719 nostram
3071 2661 3358 2720 moriendo
3380 2663 3663 2731 toleravit,

2063 2753 2474 2826 corruptionem
2497 2759 2741 2809 nostram
2769 2752 3104 2825 resurgendo
3124 2752 3383 2821 mutavit,
3408 2752 3547 2810 bene
3564 2753 3666 2810 iste

2064 2843 2295 2914 angelus
2309 2841 2663 2899 mortalitatis
2678 2849 2877 2900 nostra:
2893 2842 3106 2916 ﬂagella
3120 2840 3239 2914 subj
3248 2842 3427 2916 ungit,
3447 2857 3661 2899 eorum-

2066 2947 2174 3005 que
2202 2931 2495 2988 miseretur
2527 2930 2753 2989 dicens:

2681 3017 2912 3076 CAPUT
2949 3017 3047 3077 IV.

488 3107 807 3208 liberamur,
836 3109 1119 3208 sicutipse
1146 3112 1225 3168 ait
1255 3129 1267 3168 :
1303 3113 1368 3208 Si
1381 3114 1670 3208 pos—Filius
1705 3114 1957 3208 liberam:-
1988 3146 2033 3208 ο
2143 3107 2313 3166 Vnus.
2345 3107 2434 3164 25.
2458 3107 2882 3208 ‘—‘-.Cons‘umpta
2900 3113 2976 3208 est
3000 3123 3126 3163 caro
3146 3105 3260 3179 ejus
3286 3123 3323 3165 α
3348 3107 3623 3181 suppliciis
3648 3128 3667 3173 ;

352 3196 450 3262 rit,
481 3214 594 3253 vere
624 3198 778 3253 liberi
800 3198 950 3254 eritis
981 3200 1163 3271 (Joan.
1185 3216 1310 3271 vm,
1339 3201 1456 3273 36).
1479 3202 1552 3257 Et
1568 3200 1709 3257 bene
1732 3216 1831 3273 pro
1850 3199 1956 3257 hoc

352 3284 633 3359 redempto
652 3285 877 3343 homine
895 3285 1102 3344 dicitur
1121 3305 1133 3343 :
1156 3289 1279 3347 Non
1299 3289 1573 3346 descendat
1589 3290 1644 3345 in
1657 3290 1957 3362 corruptio-

353 3392 488 3430 nem.
523 3373 661 3447 [νει.
693 3376 728 3431 Ι
735 3375 821 3450 V.]
850 3376 1113 3449 Superius
1141 3378 1291 3434 enim
1319 3377 1531 3436 dictum
1557 3379 1737 3436 fuerat
1782 3396 1794 3435 :
1832 3378 1959 3451 Ap-

347 3464 731 3536 propinquabit
749 3466 1080 3538 corruptioni
1097 3467 1279 3523 anima
1292 3467 1432 3539 ejus;
1450 3468 1804 3541 postmodum
1820 3467 1958 3524 dici-

355 3559 447 3607 tur
479 3570 492 3607 :
522 3553 644 3609 Non
670 3553 946 3609 descendat
976 3554 1033 3610 in
1055 3557 1466 3627 corruptionem.
1501 3556 1583 3613 Ac
1608 3557 1655 3613 si
1684 3556 1895 3613 diceret
1942 3572 1954 3611 :

356 3639 501 3709 Quia
526 3642 900 3714 cognoscendo
942 3643 1321 3701 inﬁrmitatem
1354 3662 1532 3714 suam,
1581 3662 1697 3703 esse
1739 3662 1796 3702 se
1824 3661 1958 3701 cor-

355 3729 611 3803 ruptioni
627 3732 934 3802 proximum
954 3749 1065 3789 non
1089 3734 1326 3806 ignorat,
1343 3735 1550 3791 idcirco
1566 3734 1634 3791 ad
1649 3735 1953 3807 corruptio-

353 3819 448 3878 nis
477 3819 763 3876 interitum
782 3837 894 3878 non
913 3821 1227 3881 descendat.
1259 3823 1345 3880 Ad
1366 3824 1777 3895 corruptionem
1810 3822 1958 3878 enim

351 3907 498 3982 juste
531 3908 907 3981 descenderet,
949 3912 996 3968 si
1039 3914 1154 3970 suis
1193 3913 1406 3970 viribus
1451 3913 1611 3985 longe
1650 3927 1708 3969 se
1750 3927 1782 3968 a
1830 3927 1964 3968 cor—

357 4001 612 4074 ruptione
638 4018 754 4058 esse
769 4001 1064 4074 judicaret.
1096 4003 1202 4061 Sed
1232 4004 1362 4077 quia
1384 4002 1733 4076 corruptioni
1768 4016 1963 4074 appro-

357 4090 649 4164 pinquavit
672 4090 980 4162 humiliter,
1010 4092 1170 4149 debet
1189 4093 1256 4150 ab
1275 4110 1338 4150 ea
1367 4092 1801 4151 misericorditer
1830 4090 1963 4148 libe-

360 4180 470 4236 rari
502 4198 515 4237 :
547 4188 610 4237 ut
627 4197 692 4238 eo
719 4190 912 4239 contra
939 4181 1317 4255 impugnantis
1334 4183 1472 4239 vitia
1486 4182 1650 4239 fortis
1670 4182 1883 4254 sit,quo
1906 4196 1963 4237 se

358 4267 474 4326 suis
504 4269 717 4325 meritis
735 4269 984 4342 agnoscit
1002 4270 1305 4328 inﬁrmum.
1338 4271 1600 4344 Quisquis
1619 4270 1774 4326 enim
1794 4284 1966 4342 supra

360 4372 418 4413 se
446 4358 755 4424 extollitur,
786 4358 907 4432 ipso
943 4359 1195 4416 elationis
1224 4376 1334 4416 suae
1363 4359 1613 4432 pondere
1644 4365 1911 4431 gravatur
1946 4376 1960 4427 ;

361 4452 416 4502 et
442 4462 507 4502 eo
533 4464 591 4503 se
620 4447 679 4503 in
708 4447 918 4506 inﬁmis
946 4448 1162 4521 mergit,
1197 4465 1327 4522 quo,
1357 4448 1417 4504 in
1449 4446 1721 4520 superbiai
1759 4447 1963 4503 vitium

361 4551 651 4609 proruens,
671 4538 738 4594 ab
752 4554 817 4594 eo
837 4538 933 4611 qui
950 4554 1075 4595 vere
1094 4540 1342 4596 excelsus
1362 4545 1444 4594 est
1465 4536 1748 4609 elongavit
1769 4553 1782 4603 ;
1804 4542 1968 4610 atque
1993 4506 2044 4566 D

364 4623 492 4681 inde
519 4626 694 4699 magis
716 4626 827 4683 ima
845 4628 1072 4700 appetit,
1096 4625 1241 4683 unde
1260 4643 1315 4683 se
1335 4624 1698 4698 conjunctum
1730 4625 1965 4682 summis

364 4714 658 4771 aestimavit
679 4734 695 4785 ;
736 4715 881 4773 sicut
902 4732 996 4789 per
1016 4715 1339 4789 prophetam
1359 4714 1658 4772 extollenti
1677 4730 1734 4771 se
1764 4713 1966 4772 anima:

362 4802 571 4862 dicitur
606 4823 619 4863 :
653 4807 769 4876 Quo
790 4806 1069 4880 pulchrior
1096 4823 1147 4863 es
1174 4805 1438 4875 descende,
1466 4810 1514 4861 et
1540 4804 1716 4862 dormi
1743 4819 1862 4859 cum
1887 4802 1967 4859 in-

440 5041 872 5175 ‘Sugglevimus
899 5060 968 5104 ex
992 5042 1119 5105 Mss.
1142 5040 1360 5119 Anglic.
1379 5047 1434 5103 et
1447 5040 1651 5102 nostris
1683 5043 1965 5115 voculam,

440 5118 537 5175 bis.
660 5119 842 5175 Editis
867 5121 1228 5175 exsulantem.

364 5118 537 5188 nobis,
561 5118 634 5175 ab
660 5119 842 5176 Editis
867 5121 1228 5177 exsulantem.

440 5191 464 5226 ³
498 5191 680 5249 Locus
703 5190 800 5249 hic
827 5192 885 5247 in
911 5191 1095 5247 Editis
1125 5198 1326 5263 poster.
1361 5190 1438 5246 ita
1463 5188 1701 5263 habetur
1745 5188 1970 5263 :___dicere

401 5260 479 5326 ius
505 5269 582 5318 est
621 5263 849 5320 liberare
889 5259 1167 5327 hominem,
1213 5269 1465 5318 naturam
1492 5259 1719 5316 hominis
1750 5259 1972 5315 liberam

559 5341 748 5412 strare.
792 5334 1002 5412 Quibus
1046 5334 1188 5412 n_ihi_l
1235 5333 1538 5412 obscurius.
1586 5331 1701 5412 Qpe
1897 5338 1971 5412 Aet

367 5411 480 5461 vet.
512 5405 665 5461 Edit.
706 5422 833 5462 eum
863 5406 936 5461 sit
966 5405 1328 5473 restituimus,
1367 5411 1431 5460 ut
1474 5405 1665 5459 omnia
1694 5407 1915 5473 pateant
1952 5418 1967 5468 ;

365 5491 561 5533 sensus
587 5477 738 5533 enim
763 5484 864 5545 est,
897 5477 1178 5535 Christum
1207 5471 1340 5532 tunc
1368 5475 1575 5531 dixisse
1599 5471 1749 5545 Patri
1778 5471 1846 5528 de
1874 5471 1969 5527 ho-

368 5547 519 5603 mine
545 5543 929 5626 lapso,-_l_ibera
955 5564 1093 5626 eum,
1132 5545 1372 5626 quandq
1389 5553 1641 5601 naturam
1670 5543 1971 5600 humanam

366 5618 702 5676 assumendo
731 5618 958 5676 liberam
982 5618 1399 5675 demonstravit.

442 5691 465 5726 ³
492 5691 587 5749 Sic
604 5707 733 5748 cum
755 5689 937 5757 Colb.,
956 5689 1178 5761 Ebroic.
1207 5686 1525 5761 ueterisque
1545 5687 1739 5761 Norm.
1762 5694 1975 5761 veteres

369 5761 547 5831 Edit.,
590 5761 688 5819 ubi
737 5762 795 5818 in
830 5759 1226 5822 recentioribus
1257 5758 1478 5832 legitur,
1520 5758 1614 5831 qui
1658 5758 1970 5824 conditione.

2067 3204 2373 3255 revertatur
2400 3197 2473 3253 ad
2495 3197 2605 3254 dies
2631 3197 2993 3254 adolescentia:
3023 3214 3151 3254 suae.

2140 3289 2192 3345 7.
2233 3288 2280 3345 A
2315 3288 2421 3345 Deo
2446 3288 2752 3357 recedentes,
2782 3287 2918 3344 nihil
2945 3286 3053 3344 nisi
3072 3304 3175 3359 quo
3200 3288 3671 3362 aﬁligeremur,in-

2067 3377 2323 3433 venimus.
2352 3408 2423 3419 —
2449 3378 2511 3433 In
2531 3377 2629 3434 illo
2647 3377 2849 3451 quippe
2868 3377 3047 3451 primo
3069 3375 3295 3433 homine
3322 3395 3354 3434 a
3380 3380 3496 3436 Deo
3521 3396 3668 3437 rece-

2070 3465 2234 3524 dente
2283 3467 2491 3540 repulsi
2523 3484 2557 3524 a
2596 3466 2835 3541 paradisi
2878 3467 3116 3540 gaudiis,
3160 3467 3220 3523 in
3249 3467 3391 3527 hanc
3418 3473 3669 3527 mortalis

2068 3555 2202 3612 vitae
2233 3573 2537 3613 aerumnam
2566 3557 2890 3627 cecidimus,
2922 3564 2976 3614 et
3005 3573 3167 3631 quam
3193 3573 3414 3629 gravem
3439 3560 3656 3632 culpam

2070 3646 2344 3719 serpentis
2392 3646 2651 3703 suasione
2704 3646 3085 3704 commisimus
3141 3646 3352 3718 (Genes.
3410 3666 3493 3717 III,
3542 3650 3663 3720 23),

2074 3736 2096 3771 ⁸
2127 3751 2288 3807 poena
2334 3743 2539 3793 nostra:
2586 3735 2819 3791 ultionis
2844 3735 3133 3791 sentimus.
3181 3735 3302 3791 Huc
3328 3736 3476 3792 enim
3506 3738 3668 3808 lapsi,

2072 3822 2217 3880 nihil
2233 3832 2392 3880 extra
2414 3826 2612 3891 Deum,
2641 3823 2749 3879 nisi
2770 3839 2880 3896 quo
2905 3823 3293 3894 aﬁligeremur,
3328 3823 3668 3880 invenimus.

2071 3913 2146 3970 Et
2160 3912 2290 3985 quia
2304 3928 2400 3984 per
2419 3911 2709 3969 oculorum
2730 3911 2913 3968 visum
2927 3926 3148 3968 carnem
3162 3911 3335 3966 secuti
3362 3927 3575 3981 sumus,
3596 3912 3664 3968 de

2073 4001 2192 4074 ipsa
2221 4016 2408 4070 carne,
2440 4015 2605 4073 quam
2643 4000 2933 4073 praeceptis
2969 3998 3070 4055 Dei
3104 3997 3524 4071 praeposuimus,
3555 3999 3665 4057 ﬂa-

2073 4089 2365 4163 gellamur.
2402 4091 2465 4146 In
2494 4088 2614 4161 ipsa
2645 4088 2848 4163 quippe
2887 4087 3134 4163 quotidie
3154 4087 3442 4161 gemitum,
3467 4088 3525 4144 in
3542 4088 3660 4162 ipsa

2074 4181 2404 4250 cruciatum,
2434 4180 2493 4237 in
2523 4180 2642 4254 ipsa
2670 4181 2958 4238 interitum
2991 4180 3253 4253 patimur,
3289 4186 3353 4236 ut
3376 4179 3485 4238 hoc
3511 4181 3674 4237 nobis

2075 4273 2097 4308 ο
2128 4271 2271 4328 mira
2297 4270 2660 4344 dispositione
2683 4270 2956 4328 Dominus
2980 4270 3039 4326 in
3058 4285 3276 4341 pmnam
3298 4276 3558 4340 verteret,
3576 4286 3675 4344 per

2076 4360 2224 4434 quod
2251 4360 2484 4417 fecimus
2502 4361 2718 4432 culpam
2740 4403 2753 4428 ,
2788 4376 2889 4417 nec
2902 4359 3125 4416 aliunde
3140 4364 3279 4416 esset
3304 4358 3526 4415 interim
3550 4374 3673 4417 cen-

2076 4466 2204 4507 sura
2233 4449 2516 4521 supplicii,
2541 4449 2647 4504 nisi
2674 4448 2821 4505 unde
2841 4449 3020 4505 fuerat
3038 4464 3200 4506 causa
3215 4449 3444 4521 peccati,
3459 4456 3525 4506 ut
3550 4447 3674 4521 ejus

2076 4537 2259 4594 carnis
2288 4536 2656 4592 amaritudine
2686 4535 2853 4592 homo
2881 4535 3279 4594 erudireturad
3298 4538 3492 4607 vitam,
3510 4535 3671 4610 cujus

2075 4625 2444 4683 oblectatione
2472 4624 2741 4700 superbiae
2779 4625 3030 4699 pervenit
3056 4626 3126 4684 ad
3150 4634 3410 4685 mortem.

2146 4714 2203 4771 8.
2242 4715 2291 4771 A
2322 4714 2560 4772 carnalis
2596 4715 2715 4772 vita:
2741 4715 3019 4788 suppliciis
3051 4717 3295 4776 Christus
3320 4733 3418 4774 nos
3440 4714 3600 4782 eruit,
3628 4720 3679 4769 et

2076 4803 2365 4862 innovavit.
2406 4834 2478 4847 —
2505 4802 2646 4874 Quia
2673 4820 2801 4879 ergo
2831 4805 3138 4864 innumeris
3165 4805 3472 4864 humanum
3501 4818 3673 4876 genus

2077 5034 2477 5116 Baiae-hebet,
2504 5034 2833 5116 ροθίιᾳίίοηρ,
2860 5053 2961 5116 prs
2981 5033 3293 5116 ςραηξείοπε·
3329 5103 3340 5115 .
3386 5108 3398 5116 .
3467 5101 3480 5116 .

2148 5114 2171 5147 ⁴
2210 5108 2382 5178 Editi,
2410 5103 2470 5164 in
2496 5103 2605 5165 ima
2632 5103 2880 5165 deterius:
2912 5103 3091 5175 Colbi,
3110 5107 3169 5161 in
3186 5121 3295 5161 una
3320 5103 3561 5164 interius.
3580 5103 3672 5164 Se-

2078 5182 2307 5259 quim_u_r_
2330 5182 2458 5259 Mss.
2491 5179 3001 5259 Baluz.,AVind_oc.,
3030 5178 3228 5259 Norm_._

2150 5256 2171 5289 ³
2206 5253 2380 5321 Editi,
2399 5269 2506 5330 non
2524 5247 2787 5330 ρυεγεὶιρ
2817 5251 2996 5330 culpa,
3014 5264 3123 5330 quo
3151 5247 3606 5330 nihilinsulsius,
3625 5257 3682 5305 et

2077 5340 2110 5381 a
2132 5330 2314 5379 mente
2333 5320 2506 5378 sancti
2522 5321 2774 5378 Doctoris
2795 5320 2966 5391 magis
2980 5320 3244 5378 alienum.
3275 5320 3465 5379 Lectio
3488 5328 3684 5379 nostra

2078 5402 2161 5452 est
2188 5394 2315 5452 Mss.
2345 5393 2511 5464 Angl.
2542 5399 2597 5449 et
2630 5391 2830 5449 Gallic.

2152 5468 2175 5504 ⁶
2208 5463 2476 5530 ινίηᾶοοξ,
2508 5464 2707 5520 Pratel.
2730 5470 2798 5533 et
2830 5463 2951 5533 alii,
2974 5464 3321 5522 intercedens.

2153 5540 2174 5573 ⁷
2201 5535 2467 5619 ⁸Εὶηιρίοη
2499 5535 2557 5592 in
2585 5551 2688 5608 quo
2708 5532 2857 5605 justo
2885 5532 3091 5593 hamine
3108 5535 3410 5594 hominibus
3418 5535 3686 5610 propitia-

2081 5626 2174 5668 rer
2191 5625 2308 5665 inve
2314 5625 2390 5664 ηῑ.

2157 5683 2178 5718 ⁸
2216 5680 2442 5752 Pratel.,
2464 5694 2634 5752 11W
2652 5679 3068 5752 nostrwiultione
3089 5680 3361 5738 sentimus.

2154 5756 2176 5789 θ
2218 5750 2485 5820 Ἢηάοω
2511 5750 2708 5808 Norm.
2741 5757 2798 5808 et
2823 5751 2920 5820 aL,
2951 5751 3095 5810 mira
3122 5751 3537 5826 dispensatione.

3630 5808 3987 5955 ﬂ
