4162 6184
522 301 622 358 291

1714 293 1964 352 SANCTI
2004 293 2344 352 GREGORII
2383 294 2610 350 MAGNI

3726 297 3830 354 292

523 421 760 478 carnalis
788 419 916 478 vitae
937 415 1220 492 suppliciis
1235 418 1610 490 premebatur,
1629 417 1726 474 sed
1759 417 2122 492 Redemptore
2150 417 2202 478 Α
2231 420 2253 453 ⁸
2285 434 2434 480 cum.
2467 417 2665 489 gaudia
2704 435 2941 492 superna
2985 420 3350 492 conspiciens,
3393 437 3487 494 spe
3516 421 3750 495 quadam
3779 431 3834 478 et

525 518 714 568 nostro
741 509 1016 576 veniente,
1042 515 1096 564 et
1123 506 1259 563 vitia
1287 507 1661 579 corruptionis
1689 515 1891 563 nostrae
1911 515 1966 563 et
1991 513 2120 562 tor-

527 607 710 656 menta
753 597 928 654 deleta
969 603 1118 663 sunt,
1169 594 1386 653 dicatur
1441 595 1509 653 de
1567 596 1852 670 redempto
1894 595 2121 652 homine

528 688 663 760 [νει.
706 687 764 752 ν,
792 687 909 742 Rec.
933 684 1066 758 IV]:
1109 685 1432 757 Consumpta
1460 691 1535 740 est
1561 702 1686 741 caro
1715 684 1828 755 ejus
1856 703 1891 740 a
1911 684 2120 757 suppli-

523 775 657 840 ciis;
683 780 983 830 revertatur
1001 774 1199 829 addies
1227 775 1587 831 adolescentiaD
1616 792 1744 830 sure.
1777 778 1860 832 Ac
1889 775 1935 831 si
1962 775 2125 832 dice-

523 871 632 919 ret:
661 863 1012 920 Mortalitatis
1039 880 1151 919 suae
1177 880 1340 936 poena
1363 865 1421 920 in
1445 863 1683 937 quadam
1702 865 1997 920 vetustatis
2012 881 2125 921 suae

523 960 801 1009 senectute
819 949 1064 1022 dejectus
1095 959 1206 1020 est;
1232 961 1542 1009 revertatur
1571 953 1642 1008 ad
1672 952 1794 1009 dies
1817 953 2126 1010 adolescen-

521 1043 614 1098 tiae
631 1061 767 1112 suae,
786 1043 842 1100 id
861 1051 943 1099 est
975 1043 1177 1116 prioris
1205 1043 1335 1100 vitae
1355 1042 1674 1116 integritate
1690 1051 2008 1113 renovetur,
2029 1046 2045 1080 ¹
2064 1052 2131 1101 ut

523 1149 636 1189 non
667 1133 726 1189 in
761 1149 825 1189 eo
853 1139 1136 1190 remaneat
1177 1148 1288 1205 quo
1316 1133 1502 1205 lapsus
1529 1139 1632 1201 est,
1662 1133 1757 1190 sed
1785 1133 1855 1190 ad
1898 1133 2004 1190 hoc
2029 1149 2128 1190 re-

525 1221 782 1293 demptus
801 1221 991 1276 redeat
1013 1219 1086 1276 ad
1115 1221 1262 1293 quod
1289 1221 1706 1297 percipiendum
1724 1221 1979 1280 conditus
1997 1222 2125 1278 fuit.

527 1311 814 1382 Scriptura
841 1309 991 1366 enim
1015 1325 1169 1365 sacra
1197 1325 1339 1380 saepe
1367 1309 1796 1368 adolescentiam
1832 1326 1932 1382 pro
1961 1310 2133 1366 novi-

529 1408 642 1458 tate
694 1401 824 1457 vitae
863 1417 1064 1472 ponere
1104 1401 1413 1457 consuevit.
1468 1400 1624 1456 Unde
1651 1401 1900 1456 venienti
1927 1417 2130 1474 sponso

525 1489 762 1547 dicitur:
797 1489 1210 1546 Adolescentulaz
1235 1489 1536 1545 dilexerunt
1571 1496 1616 1546 te
1649 1491 1831 1560 (Cant.
1864 1507 1902 1558 ι,
1925 1490 1982 1562 3)
2009 1506 2032 1554 ;
2073 1488 2131 1546 id

531 1587 633 1647 est,
683 1578 984 1635 electorum
1013 1579 1212 1634 animae
1243 1579 1418 1650 gratia
1444 1578 1794 1650 baptismatis
1830 1585 2128 1645 renovatae,

531 1684 652 1740 quae
667 1683 780 1723 non
802 1666 858 1722 in
890 1666 1022 1723 vitae
1041 1667 1244 1723 veteris
1259 1683 1361 1724 usu
1377 1667 1665 1736 deﬁciunt,
1681 1667 1778 1724 sed
1802 1667 1935 1724 novi
1955 1667 2132 1724 homi-

2229 507 2521 564 securitate
2568 507 2876 564 roboratur.
2931 509 3032 564 Illa
3072 510 3428 582 compunctio
3457 509 3758 568 allicientes
3781 518 3836 567 et

2229 597 2436 665 tristes,
2455 595 2573 654 haec
2591 613 2721 653 vero
2730 597 2888 668 laetas
2903 597 3174 671 lacrymas
3189 606 3392 656 movet.
3417 599 3666 657 Jubilum
3684 615 3835 656 nam-

2231 701 2336 757 que
2363 684 2590 754 dicitur,
2619 685 2842 758 quando
2869 686 3147 743 ineffabile
3189 687 3450 759 gaudium
3481 697 3664 745 mente
3691 705 3838 746 con-

2231 774 2460 846 cipitur,
2488 775 2636 848 quod
2663 791 2765 832 nec
2808 774 3070 833 abscondi
3122 778 3316 847 possit,
3344 794 3446 834 nec
3482 779 3838 837 sermonibus

2232 863 2434 934 aperiri
2453 881 2466 929 ;
2491 871 2546 918 et
2559 871 2740 920 tamen
2756 863 3082 938 quibusdam
3102 865 3344 922 motibus
3360 866 3633 938 proditur,
3649 884 3838 940 quam-

2234 949 2322 1004 vis
2338 950 2508 1006 nullis
2524 951 2949 1022 proprietatibus
2963 951 3326 1024 exprimatur.
3347 952 3502 1009 Unde
3521 953 3696 1011 David
3715 971 3837 1028 pro-

2236 1036 2402 1110 pheta
2452 1039 2676 1096 intuens
2720 1041 3018 1098 electorum
3063 1041 3272 1097 animas
3315 1047 3530 1098 tantum
3575 1043 3837 1115 gaudium

2237 1134 2420 1182 mente
2448 1127 2736 1200 concipere
2765 1136 3034 1202 quantum
3064 1145 3316 1186 sermone
3343 1147 3454 1187 non
3483 1132 3672 1188 valent
3699 1149 3838 1204 ape-

2237 1215 2367 1284 rire,
2425 1217 2504 1272 ait
2551 1235 2563 1272 :
2625 1219 2824 1274 Beatus
2872 1220 3131 1290 populus,
3188 1219 3282 1291 qui
3335 1219 3431 1276 scit
3466 1219 3839 1290 jubilationem

2235 1306 2418 1375 (Psal.
2444 1323 2720 1377 Lxxxvm,
2747 1307 2861 1381 16).
2883 1309 3005 1365 Non
3027 1308 3176 1365 enim
3193 1309 3292 1379 ait,
3309 1309 3415 1378 Qui
3433 1311 3696 1385 loquitur;
3719 1311 3836 1382 sed,

2237 1393 2344 1463 Qui
2367 1396 2491 1464 scit,
2513 1396 2642 1469 quia
2657 1397 2788 1453 sciri
2806 1397 3030 1470 quidem
3045 1397 3307 1470 jubilatio
3334 1400 3618 1458 intellectu
3639 1409 3837 1475 potest,

2240 1483 2262 1518 ⁸
2293 1483 2389 1539 sed
2435 1484 2585 1542 dicto
2625 1486 2866 1558 exprimi
2908 1503 3022 1545 non
3053 1495 3250 1561 potest.
3283 1489 3532 1547 Sentitur
3561 1507 3658 1564 per
3683 1491 3837 1548 illam

2238 1571 2462 1644 quippe,
2494 1572 2642 1646 quod
2670 1575 2818 1631 ultra
2859 1591 3080 1633 sensum
3115 1584 3214 1634 est.
3247 1579 3319 1636 Et
3346 1595 3472 1636 cum
3502 1581 3602 1636 vix
3634 1579 3704 1637 ad
3731 1580 3840 1638 hoc

2240 1662 2726 1734 contemplandum
2747 1664 2985 1723 suﬂiciat
3002 1667 3338 1725 conscientia
3359 1671 3664 1740 sentientis,
3689 1688 3840 1744 quo-

531 1758 617 1814 nis
667 1757 1088 1814 conversatione
1132 1757 1484 1816 decorentur,
1527 1757 1876 1814 Senectutem
1929 1757 2130 1830 quippe
2158 1769 2204 1830 Β
2239 1749 2404 1806 modo
2431 1749 2500 1806 ad
2529 1750 2635 1808 hoc
2657 1754 3080 1824 exprimendum
3101 1757 3334 1815 suﬂiciat
3349 1758 3536 1832 lingua
3553 1759 3792 1818 dicentis
3813 1761 3842 1816 ?

529 1845 732 1901 veteris
783 1837 1030 1902 hominis
1084 1845 1229 1900 inter
1285 1845 1423 1900 vitia
1476 1845 1844 1902 tabescentem
1897 1845 2132 1902 deﬂebat

529 1937 622 1992 ille
670 1937 763 2010 qui
816 1937 926 1993 ait:
980 1936 1278 1993 Inveteravi
1315 1936 1454 1991 inter
1506 1953 1681 1993 omnes
1709 1937 1949 1994 inimicos
1992 1955 2132 1993 meos

532 2025 704 2095 (Psal.
723 2041 802 2093 vx,
822 2024 904 2096 8).
927 2025 974 2080 E
990 2031 1180 2080 contra
1196 2024 1343 2081 alius
1369 2023 1606 2097 gaudere
1633 2027 1692 2081 in
1715 2025 2020 2082 virtutibus
2037 2026 2128 2082 ad-

529 2129 779 2181 monens,
809 2113 978 2169 dicit:
1012 2112 1240 2180 Lmtare,
1275 2112 1510 2183 juvenis,
1541 2115 1599 2168 in
1635 2114 1984 2170 adolescentia
2038 2121 2128 2170 tua

532 2201 729 2270 (Eccle.
762 2217 845 2266 χι,
865 2200 947 2271 9).
980 2201 1062 2256 Ac
1088 2200 1136 2255 si
1163 2201 1400 2257 diceret:
1433 2201 1614 2258 Fortis
1641 2202 1872 2275 quisque
1901 2201 2132 2274 gaudeat

531 2290 590 2344 in
605 2288 964 2348 renovatione
975 2305 1104 2356 sua;
1137 2289 1194 2346 id
1209 2297 1314 2358 est,
1333 2290 1580 2348 laetitiam
1609 2308 1764 2348 suam
1785 2308 1897 2349 non
1918 2291 1976 2348 in
1997 2292 2130 2349 vitae

532 2377 734 2434 veteris
763 2378 1182 2449 voluptate,sed
1198 2379 1258 2435 in
1285 2381 1720 2436 conversationis
1748 2398 1905 2437 novae
1924 2383 2131 2437 virtute

531 2467 858 2523 constituat.
904 2465 1046 2534 Quia
1087 2482 1221 2522 vero
1252 2466 1321 2523 ad
1364 2466 1470 2522 hoc
1514 2468 1783 2524 novitatis
1823 2469 1993 2525 robur
2022 2486 2132 2526 non

534 2556 741 2613 nostris
769 2555 1005 2624 viribus,
1037 2557 1058 2591 ³
1091 2555 1186 2612 sed
1213 2556 1577 2628 Redemptore
1607 2557 2012 2614 interveniente
2037 2576 2134 2615 re-

534 2662 819 2713 vocamur,
851 2661 950 2717 pro
979 2643 1085 2702 hoc
1112 2644 1383 2717 ﬂagellato
1413 2645 1640 2703 homine
1657 2647 1954 2720 deprecans
1973 2664 2135 2721 ange-

533 2737 620 2792 lus
665 2733 847 2791 dicat:
889 2735 1206 2790 Revertatur
1235 2735 1307 2790 ad
1347 2735 1456 2790 dies
1496 2735 1856 2793 adolescentiae
1887 2755 2014 2795 sure.
2062 2740 2135 2796 Et

533 2823 663 2897 quia
691 2822 824 2879 dum
855 2821 1188 2895 Redemptor
1202 2829 1389 2879 noster
1407 2822 1624 2879 Patrem
1657 2841 1757 2896 pro
1783 2824 1944 2882 nobis
1968 2826 2135 2882 inter-

532 2917 721 2986 pellat,
753 2931 854 2972 nos
885 2930 1102 2988 quoque
1125 2916 1145 2950 ³
1178 2915 1308 2970 vita:
1339 2913 1586 2986 pristinae
1614 2922 1836 2989 torpore
1864 2917 2132 2988 discusso,

532 3005 554 3038 ‘
587 3003 656 3060 ad
672 3004 823 3060 sitim
847 3003 1112 3060 orationis
1141 3002 1514 3075 accendimur,
1537 3011 1661 3078 apte
1689 3003 1756 3061 de
1777 3005 1886 3066 hoc
1909 3005 2136 3065 homine

532 3092 824 3166 redempto
852 3091 1236 3166 subjungitur:

1161 3183 1391 3238 CAPUT
1421 3184 1492 3241 V.

605 3268 778 3327 Vnus.
809 3269 897 3326 26.
924 3299 995 3312 —
1041 3271 1424 3342 Deprecabitur
1451 3273 1644 3340 Deum,
1674 3282 1724 3331 et
1753 3275 2039 3348 placabilis
2081 3277 2130 3333 ei

531 3358 652 3415 erit.

603 3450 658 3505 9.
691 3448 934 3506 Christus
957 3465 1062 3522 pro
1091 3449 1239 3506 nobis
1267 3468 1436 3508 orans
1453 3453 1528 3509 ad
1555 3455 1821 3509 orandum
1840 3470 1937 3508 nos
1949 3471 2126 3511 accen-

533 3541 632 3596 dit.
659 3569 730 3581 —
759 3540 920 3598 Prius
933 3539 1080 3596 enim
1098 3541 1373 3613 postulare
1393 3545 1673 3617 angelum,
1699 3552 1755 3601 et
1773 3544 2124 3617 postmodum

533 3628 818 3685 hominem
839 3628 996 3696 dicit,
1014 3631 1143 3703 quia
1166 3630 1274 3686 nisi
1295 3640 1422 3689 ante
1443 3633 1557 3706 ipse
1583 3633 1853 3690 Dominus
1873 3639 2019 3697 764
2032 3649 2128 3706 per

533 3727 969 3785 incarnationem
1039 3745 1192 3786 suam
1248 3730 1612 3805 interpellans
1674 3733 1911 3803 Patrem,
1949 3733 2125 3788 vitam

531 3825 778 3874 nostram
825 3825 1056 3890 peteret,
1085 3836 1370 3893 nunquam
1412 3837 1468 3878 se
1510 3821 1904 3879 insensibilitas
1940 3829 2130 3879 nostra

535 3907 607 3964 ad
634 3907 964 3981 postulanda
990 3925 1054 3964 ea
1081 3927 1202 3983 quae
1218 3917 1420 3966 aeterna
1444 3919 1574 3968 sunt
1597 3914 1882 3969 excitaret.
1912 3911 2018 3970 Sed
2045 3911 2126 3968 in-

535 3997 876 4052 carnationis
906 3997 1023 4068 ejus
1053 4000 1331 4068 praecessit
1359 4000 1558 4066 oratio,
1591 4009 1653 4054 ut
1681 4001 1920 4071 torporis
1948 4001 2127 4058 nostri

535 4085 820 4156 evigilatio
844 4088 1228 4158 subsequatur.
1265 4087 1403 4161 [νει.
1443 4090 1532 4158 VI,
1563 4091 1679 4146 Rev.
1711 4089 1796 4163 V.]
1828 4090 1969 4159 Quia
1996 4108 2128 4150 vero

534 4180 660 4245 post
689 4175 1044 4242 tentationes,
1074 4191 1216 4246 saepe
1251 4184 1375 4246 post
1404 4176 1698 4235 immensas
1729 4181 2128 4239 amaritudines

532 4261 706 4317 menti
739 4270 938 4318 nostrae
974 4263 1032 4318 in
1061 4264 1281 4320 occulto
1307 4265 1507 4336 gaudio
1545 4266 1642 4323 lux
1672 4269 1920 4328 veritatis
1948 4287 2126 4328 erum-

531 4349 646 4423 pit;
687 4349 825 4407 bene
853 4351 920 4409 de
952 4351 1058 4410 hoc
1085 4360 1294 4410 tentato
1323 4353 1549 4413 homine
1571 4363 1626 4414 et
1653 4356 1976 4432 deprecante
2003 4359 2128 4418 sub-

525 4439 781 4514 jungitur
799 4461 812 4498 :

1143 4533 1370 4593 CAPUT
1407 4537 1502 4595 VI.

609 4619 748 4676 lum.
775 4650 846 4664 —-
879 4625 954 4680 Et
979 4622 1175 4678 videbit
1200 4623 1392 4696 faciem
1422 4625 1534 4696 ejus
1564 4627 1618 4682 in
1639 4627 1834 4698 jubilo.

606 4710 691 4768 10.
723 4712 939 4786 Duplex
956 4717 1301 4788 compunctio,
1324 4733 1434 4774 una
1457 4717 1705 4785 tristitiae,
1733 4721 1907 4776 altera
1937 4719 2132 4778 laetitiae

533 4801 796 4875 lacrymas
815 4804 1042 4861 eiiciens.
1061 4807 1152 4862 Ea:
1170 4807 1268 4863 hac
1285 4807 1549 4880 ine/labile
1569 4809 1822 4880 gaudium
1841 4809 2037 4866 oritur.
2057 4840 2129 4852 —

530 4892 794 4966 Superius
817 4893 1030 4951 dictum
1061 4903 1141 4952 est
1183 4896 1324 4968 (Lib.
1357 4913 1524 4962 χχιιι,
1552 4914 1610 4952 n.
1645 4897 1714 4954 40
1742 4905 1790 4954 et
1807 4899 1965 4972 δραι),
1995 4915 2126 4972 quo-

531 4981 697 5038 modo
726 4983 871 5040 Deus
905 4983 1303 5042 innotescendo
1331 4984 1520 5052 afficit,
1579 5001 1728 5043 nunc
1754 5003 1886 5043 vero
1923 4986 2128 5045 dicitur

531 5071 806 5140 quomodo
827 5073 958 5130 dum
976 5073 1273 5130 innotescit
1294 5073 1586 5130 exhilarat.
1619 5075 1798 5131 Aliter
1811 5076 1958 5132 enim
1981 5077 2128 5148 quis-

531 5171 636 5229 que
685 5162 1094 5233 compungitur,
1139 5178 1287 5231 cum,
1319 5163 1539 5218 interna
1567 5161 1816 5231 intuens,
1849 5163 2125 5221 malorum

531 5260 758 5304 suorum
797 5263 998 5319 pavore
1026 5259 1300 5320 terretur;
1333 5251 1495 5308 aliter
1549 5266 1680 5309 vero
1709 5253 2123 5327 compungitur,

605 5439 621 5474 ¹
655 5439 1054 5518 RecentEditi,
1073 5451 1130 5518 ut
1148 5462 1253 5502 non
1271 5461 1328 5503 eo
1342 5453 1553 5504 maneat
1569 5462 1692 5518 quo.
1707 5444 1833 5505 Mss.
1858 5447 2120 5518 Vindoc.,

530 5508 760 5590 Tu_ron_.,
785 5513 1006 5590 Ebroic.
1037 5508 1281 5590 aliosque
1301 5519 1490 5576 Norm.
1521 5508 1694 5576 secuti
1725 5535 1940 5578 sumus.

575 5582 624 5668 "
657 5581 913 5668 Yindoc.,
943 5586 1166 5645 Ebroic.
1192 5581 1251 5644 et
1302 5590 1400 5662 pl.,
1433 5591 1521 5646 sed
1565 5590 1856 5648 mediatore
1885 5591 2124 5648 interve-

526 5660 698 5712 niente
726 5671 1065 5713 renovamur.

602 5727 622 5762 ³
647 5725 846 5785 Pratel.
879 5742 944 5784 ac
971 5726 1232 5798 Vindoc.,
1257 5730 1379 5787 vita:
1405 5734 1617 5789 veteris.

2241 1838 2382 1906 Quia
2405 1855 2534 1912 ergo
2553 1840 2813 1898 cordibus
2833 1845 3036 1901 nostris
3056 1847 3156 1902 lux
3183 1863 3239 1903 se
3258 1848 3508 1905 veritatis
3527 1849 3835 1917 insinuans,

2241 1927 2406 1983 modo
2447 1927 2755 1986 districtam
2789 1929 3064 2001 justitiam
3107 1935 3496 2007 praetendendo
3529 1937 3838 2006 contristat,

2240 2015 2405 2074 modo
2433 2018 2649 2073 interna
2678 2019 2877 2090 gaudia
2895 2023 3192 2092 aperiendo
3213 2023 3493 2093 laetificat;
3526 2035 3648 2098 post
3669 2036 3843 2084 tenta-

2239 2105 2453 2162 tionum
2469 2107 2882 2178 amaritudines,
2907 2117 3030 2182 post
3049 2109 3468 2168 tribulationum
3488 2113 3690 2184 luctus,
3717 2123 3842 2187 apte

2239 2193 2591 2268 subjungitur
2623 2214 2635 2253 :
2677 2196 2875 2254 Videbit
2901 2197 3092 2269 faciem
3113 2200 3225 2271 ejus
3255 2201 3309 2256 in
3327 2201 3526 2272 jubilo.

2313 2284 2399 2340 ll.
2441 2285 2533 2340 Ad
2563 2285 2701 2341 illud
2728 2303 2834 2341 non
2844 2289 3155 2358 pervenitur
3174 2291 3281 2344 nisi
3294 2291 3454 2362 prius
3477 2293 3844 2365 purgatajgne

2243 2373 2606 2429 tribulationis
2632 2382 2817 2432 mente.
2849 2406 2922 2418 —
2947 2378 3116 2434 Menti
3146 2379 3295 2436 enim
3327 2387 3530 2436 nostra:
3551 2379 3620 2436 de
3648 2382 3842 2439 consi-

2241 2460 2526 2518 deratione
2551 2463 2813 2520 caecitatis
2841 2483 2955 2522 suae
2984 2468 3139 2539 prius
3170 2468 3314 2540 ignis
3339 2469 3715 2528 tribulationis
3742 2471 3843 2527 im-

2243 2550 2508 2620 mittitur,
2539 2561 2602 2608 ut
2628 2553 2808 2610 omnis
2843 2555 3108 2614 vitiorum
3133 2575 3316 2630 aerugo
3345 2569 3754 2630 concremetur;
3788 2569 3844 2617 et

2243 2646 2377 2697 tunc
2405 2640 2687 2699 mundatis
2722 2643 2899 2700 oculis
2937 2647 3118 2702 cordis
3153 2647 3246 2703 illa
3289 2648 3479 2704 laetitia
3505 2651 3694 2722 patria:
3723 2666 3842 2708 caa-

2244 2729 2396 2785 lestis
2425 2731 2690 2802 aperitur,
2707 2739 2769 2787 ut
2797 2732 2953 2804 prius
2967 2751 3261 2806 purgemus
3278 2737 3515 2808 lugendo
3540 2739 3688 2811 quod
3707 2740 3841 2798 feci-

2243 2837 2401 2886 mus;
2439 2829 2492 2877 et
2522 2822 2875 2893 postmodum
2902 2825 3246 2883 manifestius
3281 2828 3719 2900 contemplemur
3746 2847 3843 2904 per

2243 2907 2438 2979 gaudia
2455 2908 2602 2980 quod
2616 2925 2946 2982 quaeramus.
2980 2912 3136 2968 Prius
3165 2928 3196 2968 a
3226 2915 3428 2971 mentis
3443 2916 3558 2972 acie
3572 2927 3842 2976 exurente

2243 2996 2468 3054 tristitia
2508 2997 2830 3070 interposita
2873 3001 3145 3058 malorum
3187 3003 3365 3076 caligo
3416 3004 3740 3078 detergitur,
3789 3016 3846 3065 et

2244 3092 2377 3143 tunc
2418 3085 2798 3158 resplendente
2850 3089 3052 3161 raptim
3099 3093 3479 3150 coruscatione
3529 3094 3844 3154 incircum-

2236 3175 2427 3248 scripti
2457 3173 2688 3233 luminis
2717 3177 3050 3236 illustratur.
3075 3179 3196 3248 Quo
3223 3188 3505 3256 utcunque
3525 3192 3840 3258 conspecto,

2237 3264 2294 3321 in
2315 3265 2515 3337 gaudio
2534 3265 2820 3338 cujusdam
2852 3269 2872 3302 ⁷
2905 3269 3218 3327 securitatis
3245 3270 3588 3342 absorbetur,
3611 3281 3666 3330 et
3687 3277 3840 3348 quasi

2236 3363 2359 3428 post
2386 3353 2659 3412 defectum
2693 3357 2820 3413 vitae
2851 3359 3136 3430 praesentis
3161 3361 3308 3416 ultra
3331 3377 3388 3417 se
3416 3371 3588 3434 rapta,
3621 3365 3678 3420 in
3707 3381 3840 3438 qua-

2236 3443 2362 3502 dam
2391 3446 2637 3502 novitate
2658 3447 2846 3520 aliquo
2861 3447 3026 3506 modo
3047 3457 3340 3508 recreatur.
3364 3451 3447 3508 Ibi
3467 3469 3618 3509 mens
3646 3470 3713 3510 ex
3737 3455 3838 3512 im-

2237 3551 2428 3592 menso
2455 3535 2606 3592 fonte
2637 3536 2915 3594 infusione
2942 3541 3167 3612 superni
3196 3540 3340 3596 roris
3367 3542 3670 3614 aspergitur
3699 3560 3714 3610 ;
3755 3543 3834 3601 ibi

2236 3641 2349 3682 non
2383 3643 2439 3682 se
2469 3625 2716 3684 sufﬁcere
2745 3626 2817 3684 ad
2847 3627 2904 3684 id
2935 3629 3083 3702 quod
3122 3637 3277 3703 rapta
3304 3637 3386 3688 est
3413 3633 3834 3706 contemplatur,

2237 3723 2292 3771 et
2333 3715 2620 3772 veritatem
2667 3716 2980 3788 sentiendo,
3022 3718 3174 3775 videt
3207 3720 3334 3792 quia
3365 3729 3570 3793 quanta
3614 3730 3695 3779 est
3723 3723 3834 3795 ipsa

2235 3805 2464 3873 veritas,
2497 3821 2608 3861 non
2638 3805 2810 3862 videt.
2846 3805 2948 3862 Cui
2979 3807 3196 3862 veritati
3219 3815 3372 3862 tanto
3399 3809 3572 3880 magis
3597 3826 3654 3866 se
3679 3811 3835 3884 longe

2235 3895 2538 3961 existimat,
2559 3902 2766 3966 quanto
2781 3895 2952 3966 magis
2963 3895 3386 3966 appropinquat,
3411 3897 3540 3968 quia
3555 3898 3664 3954 nisi
3682 3899 3835 3956 illam

2237 3989 2515 4054 utcunque
2547 3981 2908 4053 conspiceret,
2930 3997 3272 4056 nequaquam
3299 3998 3418 4040 eam
3448 3987 3764 4058 conspicere
3779 4004 3836 4046 se

2237 4087 2348 4127 non
2371 4086 2524 4143 posse
2552 4070 2796 4127 sentiret.

2310 4159 2394 4214 12.
2426 4157 2727 4214 Animusin
2745 4160 3177 4230 contemplatione
3199 4161 3310 4216 luce
3327 4161 3510 4220 divina
3538 4168 3840 4226 reverbera-

2238 4255 2319 4304 tus
2345 4248 2418 4304 ad
2444 4264 2496 4302 se
2522 4247 2802 4304 relabitur.
2827 4248 3211 4322 Contemplatio
3225 4267 3332 4308 non
3359 4258 3436 4306 est
3465 4254 3635 4311 solida
3651 4262 3698 4312 et
3712 4275 3838 4329 per-

2233 4353 2448 4394 manens
2475 4337 2630 4393 visio.
2669 4368 2742 4380 —
2769 4337 3015 4395 Adnisus
3043 4357 3170 4414 ergo
3197 4343 3393 4414 animi,
3425 4344 3557 4402 dum
3593 4346 3650 4401 in
3681 4346 3834 4404 illam

2237 4426 2563 4497 intenditur,
2595 4427 2984 4484 immensitatis
2998 4428 3118 4501 ejus
3137 4440 3455 4489 coruscante
3478 4434 3836 4491 circumstan-

2215 4517 2308 4586 .tia
2329 4515 2730 4573 reverberatur.
2765 4517 2887 4588 Ipsa
2911 4517 3117 4590 quippe
3134 4526 3337 4578 cuncta
3365 4521 3620 4594 implens,
3639 4533 3837 4582 cuncta

2235 4609 2554 4666 circumstat
2599 4627 2612 4678 ;
2650 4618 2705 4666 et
2747 4609 2954 4667 idcirco
2997 4627 3152 4668 mens
3194 4620 3381 4669 nostra
3410 4630 3750 4688 nequaquam
3779 4633 3836 4674 se

2237 4699 2307 4755 ad
2323 4697 2894 4772 comprehendendam
2923 4700 3454 4776 incircumscriptam
3477 4705 3835 4762 circumstan-

2237 4796 2371 4853 tiam
2431 4795 2575 4852 765
2612 4797 2829 4868 dilatat,
2865 4798 2994 4872 quia
3045 4815 3164 4856 eam
3214 4801 3401 4873 inopia
3434 4817 3545 4858 suae
3601 4803 3834 4860 circum-

2235 4887 2552 4960 scriptionis
2591 4896 2864 4961 angustat.
2912 4888 3066 4946 Unde
3094 4897 3149 4945 et
3188 4889 3256 4945 ad
3291 4891 3638 4964 semetipsam
3671 4893 3834 4950 citius

2237 4977 2463 5046 labitur,
2497 4985 2551 5034 et
2577 4979 2880 5052 prospectis
2909 4979 3067 5053 quasi
3096 4979 3429 5054 quibusdam
3471 4983 3720 5039 veritatis
3745 5000 3833 5039 ve-

2236 5067 2436 5140 stigiis,
2474 5067 2544 5124 ad
2570 5085 2669 5124 sua
2708 5068 2817 5124 ima
2845 5077 3154 5126 revocatur.
3192 5070 3320 5128 Haec
3365 5071 3482 5144 ipsa
3527 5081 3708 5129 tamen
3739 5088 3836 5145 per

2234 5156 2755 5230 contemplationem
2773 5157 2916 5216 facta
2934 5174 3044 5215 non
3060 5157 3237 5216 solida
3255 5166 3310 5214 et
3329 5175 3652 5232 permanens
3667 5161 3832 5230 visio,

2234 5243 2351 5314 sed,
2380 5253 2444 5302 ut
2470 5245 2550 5302 ita
2572 5245 2834 5316 dixerim,
2860 5248 3016 5320 quasi
3045 5246 3296 5322 quaedam
3318 5249 3550 5307 visionis
3570 5249 3836 5318 imitatio,

2306 5446 2326 5518 ξ
2355 5443 2604 5518 Ebroic.,
2635 5442 2872 5502 Vindoc.
2895 5453 2949 5502 et
2976 5446 3077 5518 pl.,
3101 5447 3172 5503 ad
3191 5451 3386 5504 statum
3405 5447 3686 5506 orationis.

2305 5517 2325 5551 ⁵
2355 5515 2616 5585 Vindoc.,
2641 5533 2759 5571 cum
2783 5515 3227 5585 gaudia—aeterna.

2306 5588 2328 5624 θ
2358 5586 2620 5658 Vindoc.,
2651 5588 2738 5643 sed
2765 5586 2951 5654 dictu;
2977 5588 3150 5658 abest,
3177 5589 3286 5655 sed,
3314 5605 3347 5645 a
3374 5589 3530 5647 Colb.
3561 5598 3618 5648 et
3645 5590 3831 5648 Baluz.

2302 5659 2324 5695 ⁷
2581 5657 2740 5736 Rom.
2762 5660 2917 5736 ,θίξιιί
2948 5659 3018 5730 ν,
3049 5657 3342 5736 severitatis
3371 5679 3392 5726 ;
3429 5677 3531 5734 pro
3557 5677 3668 5736 quo
3700 5663 3832 5722 Mss.

2231 5728 2450 5803 Anglic.
2472 5735 2530 5788 et
2553 5731 2729 5789 nostri
2757 5729 2983 5802 habent,
3003 5728 3332 5791 securitatis.
