4162 6184
282 248 377 305 293
970 243 1340 301 MORALIUM
1382 244 1514 299 LIB.
1558 242 1763 299 XXIV.
1807 273 1875 284 —
1914 243 1984 300 IN
2022 242 2251 300 CAPUT
2289 242 2527 299 XXXIII
2569 245 2630 300 Β.
2671 246 2812 302 JOB.

3469 244 3575 303 294

287 373 381 430 Dei
409 372 572 428 facies
595 369 808 426 dicitur.
844 346 1001 457 [νειί
1022 367 1171 457 γη]
1203 368 1342 437 Quia
1368 369 1515 425 enim
1546 385 1643 441 per
1669 369 1864 426 faciem
1894 371 1946 431 A
1980 370 2109 442 quia
2134 369 2512 441 experimento
2537 368 2733 423 didicit
2761 377 3027 441 quantum
3056 371 3318 429 obediens
3345 388 3463 429 esse
3483 374 3579 429 de-

280 460 568 535 quemlibet
598 452 962 530 agnoscimus,
1011 452 1123 512 non
1173 457 1451 515 immerito
1492 459 1865 529 cognitionem

280 549 395 618 Dei,
439 547 625 604 faciem
671 545 788 618 ejus
833 561 1117 601 vocamus.
1163 546 1317 603 Unde
1364 546 1531 603 Jacob
1578 555 1865 621 postquam

277 656 396 694 cum
433 637 621 709 angelo
651 638 666 670 ¹
700 636 942 691 luctatus
976 642 1079 702 est,
1118 635 1225 691 ait:
1279 637 1395 694 Vidi
1413 636 1700 692 Dominum
1730 636 1868 706 facie

275 725 536 795 adfaciem
567 724 776 796 (Geiws.
812 741 998 791 χχχιι,
1030 724 1143 796 30).
1176 725 1256 781 Ac
1277 726 1322 782 si
1345 725 1584 782 diceret:
1619 726 1865 797 Cognovi

277 814 573 883 Dominum,
614 813 747 887 quia
794 830 881 869 me
927 830 1253 885 cognoscere
1301 815 1417 888 ipse
1445 808 1719 887 dignatus
1760 824 1861 872 est.

278 905 429 973 Quam
449 902 821 975 cognitionem
854 902 1172 975 plenissime
1219 904 1340 960 ﬁeri
1388 905 1593 961 Paulus
1632 912 1867 962 testatur

275 993 323 1049 in
349 993 449 1048 ﬁne
478 993 672 1049 dicens
697 1010 708 1048 :
750 994 895 1049 Tunc
922 1010 1223 1064 cognoscam
1250 994 1384 1049 sicut
1413 1001 1460 1048 et
1487 994 1721 1065 cognitus
1750 1010 1866 1049 sum

276 1082 325 1155 (Ι
348 1082 463 1139 Cor.
496 1100 621 1151 vm,
661 1082 773 1153 12).
807 1081 948 1150 Quia
974 1098 1102 1155 ergo
1126 1090 1246 1155 post
1278 1082 1528 1139 laborum
1543 1083 1863 1164 certamina,

272 1178 377 1243 post
412 1171 786 1228 tentationum
817 1170 1039 1237 ﬂuctus,
1083 1188 1221 1243 saepe
1252 1172 1273 1206 ²
1311 1172 1369 1227 in
1416 1188 1643 1228 excessu
1682 1172 1868 1228 anima

271 1255 628 1328 suspenditur,
661 1263 726 1311 ut
749 1255 1122 1327 cognitionem
1152 1256 1358 1312 divinae
1388 1256 1694 1329 praesentiae
1722 1273 1868 1313 con—

270 1344 563 1417 templetur,
594 1360 764 1417 quam
793 1350 979 1400 tamen
1009 1345 1355 1416 praesentiam
1372 1352 1426 1401 et
1440 1346 1645 1401 sentire
1667 1345 1861 1418 possit,

270 1442 316 1489 et
338 1434 551 1506 explere
581 1451 699 1491 non
727 1434 922 1508 possit,
965 1442 1110 1491 recte
1139 1443 1263 1506 post
1292 1442 1374 1491 tot
1402 1436 1616 1493 labores
1661 1437 1728 1493 de
1759 1437 1869 1494 hoc

272 1531 457 1580 tentato
485 1523 719 1581 homine
749 1525 989 1582 dicitur:
1034 1525 1233 1583 Videbit
1261 1525 1447 1596 faciem
1468 1525 1581 1595 ejus
1602 1527 1659 1581 in
1668 1526 1863 1596 jubilo.

270 1612 395 1678 Quia
423 1630 556 1670 vero
587 1614 967 1687 unusquisque
999 1621 1206 1686 quanto
1227 1614 1464 1686 amplius
1483 1615 1726 1671 coelestia
1741 1632 1866 1672 con-

267 1702 569 1775 templatur,
600 1710 756 1759 tanto
793 1703 963 1775 magis
990 1719 1023 1759 a
1048 1711 1268 1761 terrena
1295 1704 1611 1776 operatione
1643 1704 1865 1777 corrigi-
1899 1743 1946 1804 B

266 1800 365 1860 tur,
401 1791 543 1849 bene
592 1803 716 1866 post
763 1793 991 1866 gratiam
1040 1791 1543 1866 contemplationis,
1587 1793 1863 1865 justitiam

262 1879 444 1938 subdit
473 1882 830 1954 operationis,
862 1882 1055 1941 dicens
1088 1902 1098 1939 :

866 2006 1096 2066 CAPUT
1116 2008 1235 2066 VII.

324 2112 460 2169 Iam.
483 2143 557 2156 —
583 2115 657 2171 Et
682 2113 863 2171 reddet
884 2115 1086 2171 homini
1095 2116 1369 2187 justitiam
1396 2134 1573 2174 suam.

326 2220 409 2277 13.
446 2224 567 2291 Qua
594 2226 803 2281 ratione
822 2224 1038 2295 justitia
1064 2213 1252 2283 nostra
1278 2227 1509 2284 dicatur.
1545 2258 1617 2269 —
1644 2224 1870 2282 Iustitia

260 2317 438 2367 nostra
466 2311 698 2383 dicitur,
738 2329 851 2370 non
893 2330 1013 2386 qua;
1056 2332 1125 2370 ex
1170 2325 1358 2373 nostro
1400 2324 1588 2374 nostra
1624 2324 1725 2383 est,
1773 2313 1868 2370 sed

260 2415 369 2470 qua:
398 2400 598 2457 divina
626 2400 879 2474 largitate
916 2402 979 2459 ﬁt
1026 2412 1230 2473 nostra,
1276 2406 1419 2462 sicut
1466 2406 1525 2462 in
1578 2403 1871 2461 Dominica

259 2488 501 2545 oratione
533 2490 775 2545 dicimus
800 2508 811 2545 :
838 2492 1035 2546 Panem
1051 2499 1290 2547 nostrum
1304 2495 1672 2563 quotidianum
1690 2493 1761 2547 da
1780 2509 1869 2546 no-

255 2574 324 2629 bis
345 2576 508 2631 hodie
530 2564 752 2647 (Matth.
777 2594 858 2644 vr,
891 2578 952 2633 11
974 2596 988 2644 ;
1022 2579 1254 2646 Luc.x1,
1278 2581 1357 2652 3).
1379 2581 1520 2636 Ecce
1549 2587 1602 2635 et
1621 2589 1871 2636 nostrum

251 2665 501 2723 dicimus
528 2683 543 2734 ;
578 2674 632 2721 et
662 2673 869 2735 tamen,
901 2674 961 2722 ut
991 2665 1151 2724 detur
1177 2686 1414 2725 oramus.
1450 2672 1644 2727 Noster
1672 2670 1871 2744 quippe

251 2755 326 2822 iit,
362 2770 499 2810 cum
534 2754 825 2826 accipitur,
855 2754 949 2828 qui
978 2765 1160 2813 tamen
1182 2757 1279 2814 Dei
1300 2765 1400 2825 est,
1424 2758 1551 2832 quia
1566 2758 1634 2814 ab
1658 2758 1756 2815 illo
1777 2758 1869 2815 da-

253 2850 355 2900 tur.
394 2845 471 2900 Et
490 2842 596 2899 Dei
624 2859 752 2915 ergo
780 2850 861 2899 est
891 2859 957 2900 ex
990 2862 1233 2914 munere,
1263 2854 1317 2902 et
1346 2852 1530 2904 noster
1555 2848 1617 2905 ﬁt
1646 2848 1871 2905 veraci-

1975 458 2100 514 beat
2125 464 2416 531 praecepto.
2447 457 2517 511 Et
2545 472 2707 528 quem
2724 464 2859 512 tunc
2876 458 3037 528 culpa
3057 458 3217 516 duxit
3236 463 3303 518 ad
3331 479 3545 534 poenam
3561 508 3576 532 ,

1977 551 2124 603 nunc
2163 563 2322 618 poena
2363 562 2466 601 sua
2515 545 2800 616 restringit
2844 561 2875 599 a
2914 548 3093 617 culpa,
3128 555 3188 602 ut
3216 557 3371 606 tanto
3400 554 3579 624 magis

1977 636 2292 710 delinquere
2323 644 2552 703 metuat,
2582 643 2789 707 quanto
2817 643 3042 706 cogente
3069 638 3343 708 supplicio
3371 648 3426 694 et
3452 643 3569 713 ipse

1970 725 2084 797 jam
2111 726 2257 799 quod
2288 726 2625 799 perpetravit
2654 732 2892 782 accusat.
2928 724 3080 780 Unde
3109 732 3164 781 et
3191 729 3473 799 sequitur:

2421 851 2648 907 CAPUT
2674 851 2799 906 VIII
2830 850 2973 924 [ιιεσ.
3021 849 3136 924 VI].

2048 957 2217 1013 Vnus.
2247 956 2335 1013 27.
2374 988 2446 998 —
2483 955 2735 1027 Respiciet
2770 946 3022 1024 heminas,
3052 962 3100 1010 et
3126 956 3297 1012 dicet:
3328 959 3563 1015 Peccavi.

2060 1050 2203 1108 766
2250 1053 2334 1109 15.
2370 1052 2472 1120 Qui
2490 1058 2799 1107 sanctorum
2828 1055 3055 1108 Patrum
3071 1055 3313 1126 exempla
3328 1056 3568 1127 respicit,

1970 1154 2292 1223 peccatorem
2335 1164 2389 1201 se
2424 1146 2689 1217 intelligit,
2734 1146 2874 1215 quod
2893 1145 3118 1216 justitia:
3144 1153 3217 1201 est
3244 1147 3483 1204 initium.
3507 1179 3577 1189 —

1976 1241 2043 1296 Se
2072 1246 2408 1310 peccatorem
2443 1253 2554 1292 non
2582 1245 2952 1308 cognosceret,
2985 1238 3031 1292 si
3046 1234 3323 1307 justitiam
3344 1255 3455 1294 non
3479 1226 3578 1294 lia-

1975 1330 2144 1386 beret.
2184 1328 2354 1384 Nemo
2401 1327 2603 1399 quippe
2646 1325 3036 1381 tortitudinem
3079 1343 3256 1394 suam,
3306 1327 3415 1382 nisi
3444 1344 3569 1383 cum

1976 1425 2157 1474 rectus
2203 1431 2319 1472 esse
2354 1415 2601 1487 cmperit,
2634 1413 3019 1486 deprehendit.
3052 1415 3188 1471 Nam
3216 1416 3311 1486 qui
3341 1416 3573 1472 omnino

1976 1525 2265 1583 perversus
2294 1516 2396 1575 est,
2429 1523 2603 1582 neque
2624 1507 2730 1563 hoc
2754 1513 2933 1578 potest
2950 1505 3137 1561 videre
3166 1505 3316 1578 quod
3342 1514 3445 1561 est.
3471 1507 3579 1575 Qui

1976 1616 2107 1657 vero
2120 1606 2459 1672 peccatorem
2471 1616 2526 1654 se
2543 1597 2717 1654 intelli
2724 1598 2822 1669 git,
2824 1596 2938 1668 jam
2949 1612 3020 1652 ex
3035 1604 3185 1667 parte
3199 1597 3387 1670 aliqua
3394 1596 3581 1668 justus

1980 1706 2096 1746 esse
2127 1688 2433 1755 inchoavit,
2458 1695 2620 1761 atque
2648 1687 2706 1743 id
2732 1686 2878 1758 quod
2908 1702 3020 1741 non
3044 1685 3229 1758 justus
3259 1686 3481 1756 fecerat,
3504 1703 3576 1742 ex

1980 1796 2044 1835 eo
2082 1777 2230 1851 quod
2252 1777 2438 1850 justus
2462 1784 2543 1832 est
2564 1783 2807 1834 accusat.
2837 1777 2956 1844 Qua
2971 1776 3318 1833 accusatione
3338 1793 3437 1833 sua
3464 1779 3576 1834 Deo

1978 1867 2245 1924 inhaerere
2296 1864 2545 1931 inchoat,
2582 1864 2715 1921 dum
2755 1872 2968 1921 rectum
3007 1871 3198 1921 contra
3221 1882 3278 1921 se
3298 1864 3575 1937 judicium

1977 1958 2281 2030 proferens,
2312 1955 2419 2012 hoc
2460 1956 2515 2009 in
2548 1970 2604 2011 se
2627 1953 2776 2028 quod
2807 1954 2890 2009 illi
2920 1954 3089 2009 sentit
3115 1953 3407 2025 displicere
3431 1971 3581 2011 con-

1975 2046 2218 2103 demnat.
2252 2046 2489 2115 Recepta
2524 2059 2653 2115 ergo
2677 2040 2902 2115 justitia
2932 2057 3031 2098 sua
3061 2042 3199 2099 dicit
3236 2041 3403 2099 homo
3431 2043 3531 2101 iste
3562 2063 3571 2099 :

1977 2136 2210 2194 Peccavi.
2230 2136 2301 2191 Et
2317 2133 2620 2190 notandum
2649 2132 2795 2206 quod
2819 2132 3201 2205 praemittitur:
3233 2132 3461 2205 Respicit
3475 2135 3579 2189 ho-

1975 2229 2139 2283 mines
2160 2235 2246 2294 ;et
2266 2235 2399 2283 tunc
2418 2224 2621 2281 deinde
2634 2224 2757 2296 subj
2766 2226 2996 2297 ungitur
3015 2242 3026 2279 :
3061 2225 3134 2279 Et
3157 2224 3308 2289 dicet,
3340 2225 3575 2280 Peccavi.

1977 2320 2106 2378 Ideo
2134 2321 2282 2377 enim
2319 2319 2579 2375 nonnulli
2605 2333 2855 2391 peccasse
2875 2333 2931 2374 se
2951 2317 3227 2385 nesciunt,
3250 2318 3377 2391 quia
3391 2318 3574 2375 homi-

1976 2429 2074 2469 nes
2102 2429 2215 2468 non
2246 2411 2562 2467 attendunt.
2603 2411 2739 2467 Nam
2779 2409 2825 2465 si
2853 2408 3262 2466 considerarent
3300 2407 3576 2479 homines,

1978 2502 2149 2559 citius
2178 2506 2534 2573 agnoscerent
2570 2508 2838 2573 quantum
2862 2498 3138 2571 peccando
3161 2497 3303 2553 infra
3323 2497 3579 2554 homines

1977 2591 2324 2649 cecidissent.
2378 2592 2451 2648 Et
2498 2590 2751 2665 quamvis
2790 2590 3075 2664 Scriptura
3100 2607 3255 2648 sacra
3280 2589 3579 2665 aliquando

1978 2680 2231 2737 homines
2280 2696 2478 2754 ponere
2525 2681 2698 2737 soleat
2732 2679 2974 2737 humana
3000 2681 3300 2753 sapientes,
3330 2681 3473 2738 sicut
3501 2682 3580 2737 ait

1980 2771 2275 2844 Apostolus
2301 2790 2312 2827 :
2350 2773 2483 2829 Cum
2520 2772 2658 2828 enim
2686 2771 2909 2828 sitinter
2935 2789 3026 2827 vos
3058 2772 3204 2827 zelus
3230 2778 3278 2827 et
3302 2772 3576 2840 contentio,

1979 2877 2148 2916 nonne
2166 2862 2407 2917 carnales
2436 2861 2554 2916 estis
2586 2861 2644 2932 (Ι
2664 2862 2788 2917 Cor.
2823 2876 2908 2926 ιιι,
2936 2860 2991 2932 3)
3016 2860 3045 2916 ‘l
3074 2859 3300 2931 etpaulo
3317 2867 3438 2931 post
3455 2859 3578 2915 sub-

254 2943 331 2990 ter
357 2950 455 3006 per
484 2931 884 3004 acceptionem.
915 2934 995 2989 Ita
1021 2950 1148 3006 ergo
1177 2935 1281 2992 hoc
1312 2936 1430 2994 loco
1466 2936 1683 2993 homini
1713 2954 1869 2995 suam

1981 2948 2123 3020 jicit,
2152 2948 2339 3006 dicens
2365 2966 2375 3004 :
2410 2931 2604 3006 Nonne
2622 2950 2853 3004 homines
2881 2931 3000 3003 estis
3018 2949 3045 3004 7
3074 2963 3469 3020 nonnunquam
3490 2954 3581 3003 ta-

250 3018 522 3092 justitiam
568 3020 844 3077 Dominus
887 3021 1089 3092 reddit,
1120 3040 1232 3080 non
1261 3041 1426 3098 quam
1470 3042 1541 3081 ex
1580 3027 1872 3099 semetipso

1981 3052 2107 3093 men
2144 3037 2401 3093 homines
2426 3037 2565 3093 dicit
2595 3053 2688 3092 eos
2716 3053 2853 3109 quos
2883 3052 2913 3091 a
2950 3034 3142 3092 bestiis
3172 3036 3192 3070 ³
3211 3034 3352 3091 ratio
3381 3034 3579 3091 distin-

257 3107 468 3200 habltit,
499 3109 599 3165 8θά
629 3126 791 3183 quam
823 3112 1078 3170 conditus
1107 3121 1168 3170 ut
1206 3114 1431 3173 haberet
1461 3117 1692 3189 accepit,
1725 3124 1779 3172 et
1808 3117 1867 3173 in
1905 3103 1949 3164 θ
1980 3126 2119 3200 guit,
2156 3125 2213 3182 id
2234 3134 2314 3183 est
2338 3143 2478 3200 quos
2507 3142 2617 3183 non
2643 3103 2803 3183 atteri
2834 3125 3054 3182 bestiali
3084 3125 3404 3198 passionum
3424 3132 3579 3181 motu

258 3213 357 3270 qua
383 3198 571 3271 lapsus
595 3212 939 3269 perseverare
968 3202 1166 3257 noluit.
1217 3204 1374 3259 Illam
1414 3221 1542 3277 ergo
1591 3203 1869 3277 justitiam

259 3287 439 3344 reddet
466 3290 619 3344 Deus
644 3286 883 3357 homini,
911 3288 977 3345 ad
1007 3306 1171 3363 quam
1187 3292 1443 3350 conditus
1462 3292 1592 3362 fuit,
1616 3294 1866 3350 utinhae-

258 3392 371 3431 rere
397 3378 509 3433 Deo
540 3376 731 3444 libeat,
757 3384 819 3432 ut
848 3378 1118 3435 minacem
1149 3379 1267 3452 ejus
1313 3384 1642 3440 sententiam
1690 3385 1870 3457 perti-

261 3476 475 3534 mescat,
506 3472 577 3522 ut
604 3466 873 3539 serpentis
902 3467 1088 3524 callidi
1116 3468 1334 3527 blandis
1373 3470 1487 3545 jam
1535 3472 1871 3545 promissio-

262 3552 421 3610 nibus
450 3570 571 3610 non
602 3553 805 3612 credat.

332 3659 419 3714 14.
456 3658 703 3726 Quotidie
729 3660 965 3718 diabolus
990 3662 1149 3719 verba
1174 3663 1273 3718 Dei
1319 3664 1381 3718 de
1420 3666 1665 3720 cordibus
1707 3665 1870 3720 homi-

260 3764 388 3804 num
415 3754 645 3803 conatur
670 3751 897 3809 evellere.
928 3784 998 3794 -—
1025 3751 1183 3820 Quod
1209 3753 1359 3808 enim
1388 3754 1447 3809 in
1478 3755 1733 3826 paradiso
1761 3756 1873 3828 egit

265 3836 469 3906 (Genes.
500 3854 594 3905 ιιι,
623 3838 705 3910 5),
726 3837 829 3896 hoc
844 3840 1088 3913 quotidie
1109 3840 1369 3913 antiquus
1390 3839 1563 3897 hostis
1579 3859 1737 3915 agere
1761 3859 1873 3900 non

265 3925 489 3983 desistit.
516 3926 703 3985 Verba
733 3929 932 4001 quippe
952 3929 1049 3985 Dei
1068 3928 1134 3985 de
1161 3928 1420 3987 cordibus
1449 3929 1741 3987 hominum
1759 3948 1871 3988 mo-

266 4013 390 4071 litur
415 4016 680 4085 evellere,
729 4026 891 4091 atque
934 4018 991 4074 in
1032 4019 1112 4075 eis
1156 4019 1285 4076 ﬁcta
1334 4019 1717 4093 promissionis
1761 4039 1873 4078 suze

266 4103 640 4163 blandimenta
670 4108 950 4177 radicare;
980 4110 1226 4182 quotidie
1256 4111 1313 4166 id
1342 4112 1489 4185 quod
1518 4114 1662 4168 Deus
1692 4113 1873 4167 mina-

268 4203 350 4252 tur
380 4197 615 4269 levigat,
646 4206 700 4255 et
727 4198 796 4255 ad
826 4199 932 4256 hoc
961 4200 1296 4257 credendum
1334 4202 1483 4275 quod
1509 4202 1711 4259 falsum
1736 4218 1876 4275 pro-

270 4286 436 4343 mittit
463 4287 692 4343 invitat.
727 4290 886 4345 Falso
915 4290 1064 4345 enim
1098 4291 1390 4362 pollicetur
1423 4292 1768 4365 temporalia,
1813 4301 1876 4349 ut

274 4376 547 4432 mentibus
591 4375 881 4432 hominum
918 4392 980 4433 ea
1025 4378 1295 4450 supplicia
1337 4378 1536 4451 leviget
1579 4397 1699 4453 quae
1728 4382 1875 4438 Deus

1978 3216 2336 3274 demonstrat.
2379 3216 2591 3285 Quibus
2615 3233 2712 3289 per
2742 3215 3067 3290 prophetam
3096 3214 3367 3272 Dominus
3398 3215 3535 3273 dicit
3563 3234 3575 3272 :

1988 3309 2084 3368 Vos
2115 3315 2289 3365 autem
2319 3326 2492 3381 greges
2522 3325 2736 3381 pascuae
2776 3326 2901 3364 mea:
2932 3307 3165 3363 homines
3207 3307 3330 3361 estis
3358 3308 3574 3377 (Ezech.

1978 3414 2173 3469 xxxrv,
2201 3398 2317 3471 31),
2335 3399 2464 3473 quia
2492 3399 2617 3456 illos
2644 3398 2911 3455 nimirum
2935 3398 3207 3455 Dominus
3228 3396 3421 3469 pascit,
3441 3413 3578 3469 quos

1980 3489 2235 3560 voluptas
2280 3489 2460 3544 carnis
2499 3488 2881 3561 jumentorum
2927 3504 3079 3545 more
3126 3503 3239 3543 non
3276 3486 3468 3543 afﬁcit.
3506 3490 3576 3542 At

1979 3583 2173 3633 contra
2195 3574 2253 3631 hi
2275 3576 2370 3648 qui
2391 3578 2597 3633 carnali
2619 3575 3315 3645 affectionisuccumbunt,
3337 3590 3452 3633 non
3463 3574 3577 3649 jam

1980 3663 2255 3733 homines,
2282 3664 2377 3721 sed
2400 3664 2651 3736 jumenta
2671 3664 3051 3734 nominantur,
3092 3665 3238 3721 sicut
3259 3664 3325 3720 de
3354 3664 3581 3737 quibus-

1982 3751 2108 3807 dam
2138 3753 2195 3807 in
2227 3760 2448 3823 peccato
2470 3770 2568 3807 suo
2600 3752 2962 3808 morientibus
3001 3768 3097 3824 per
3126 3752 3453 3822 prophetam
3497 3750 3581 3805 di-

1981 3842 2162 3898 citur:
2200 3840 2649 3911 Computruerunt
2685 3839 2927 3907 jumenta
2958 3840 3011 3892 in
3039 3845 3263 3892 stercore
3295 3854 3388 3892 suo
3422 3836 3579 3908 (Joel.

1984 3951 2024 4001 ι,
2065 3932 2178 4004 17).
2226 3932 2484 3987 Jumenta
2525 3931 2730 4005 quippe
2769 3932 2827 3986 in
2870 3939 3110 3986 stercore
3141 3945 3242 3984 suo
3272 3936 3582 4000 computre-

1984 4039 2136 4080 scere
2167 4030 2247 4078 est
2280 4022 2524 4079 carnales
2570 4021 2824 4077 homines
2856 4020 2914 4076 in
2944 4018 3115 4076 fetore
3145 4018 3382 4074 luxuriae
3406 4019 3583 4075 vitam

1984 4113 2163 4168 finire.
2213 4113 2331 4169 Non
2375 4113 2521 4168 enim
2552 4128 2668 4169 esse
2697 4110 2968 4178 homines,
3000 4108 3093 4165 sed
3113 4108 3368 4181 jumenta
3393 4108 3586 4166 decla-

1983 4209 2197 4272 rantur,
2222 4202 2288 4259 de
2306 4202 2505 4276 quibus
2535 4217 2631 4276 per
2647 4200 2967 4275 prophetam
2997 4199 3204 4256 dicitur
3230 4217 3240 4255 :
3282 4199 3586 4271 Unusquis-

1983 4308 2081 4363 que
2097 4292 2168 4348 ad
2183 4308 2403 4348 uxorem
2425 4292 2668 4363 proximi
2686 4291 2772 4346 sui
2785 4290 3051 4346 hinniebat
3081 4289 3294 4362 (Jerem.
3319 4307 3376 4359 v,
3407 4290 3490 4362 8).
3516 4290 3585 4344 Et

1984 4379 2052 4436 de
2087 4379 2286 4453 quibus
2308 4380 2574 4452 propheta
2586 4380 2729 4433 alius
2743 4377 2885 4435 dicit
2906 4394 2917 4432 :
2944 4379 2965 4413 ἰ
2993 4378 3057 4434 Ut
3072 4394 3258 4433 carnes
3273 4376 3588 4442 asinorum,

271 4463 510 4519 minatur
533 4471 754 4521 aeterna.
786 4466 924 4522 Nam
970 4483 1095 4524 cum
1140 4468 1422 4539 prmsentis
1469 4468 1598 4525 vitae
1647 4469 1877 4540 gloriam
1907 4464 1957 4523 D
1988 4485 2170 4523 carnes
2184 4485 2364 4523 eorum
2380 4474 2465 4532 ;et
2476 4470 2655 4539 ﬂuxus
2674 4468 3132 4538 equorum,ﬂuxus
3152 4484 3331 4522 eorum
3365 4466 3582 4538 (Ezeclt.

274 4553 518 4623 spondet,
571 4554 703 4626 quid
739 4555 895 4611 aliud
942 4573 1130 4629 quam,
1182 4558 1417 4624 Gustate,
1467 4564 1513 4612 et
1553 4558 1702 4613 eritis
1746 4559 1883 4617 sicut
1989 4574 2155 4625 xxm,
2180 4557 2294 4631 20).
2325 4555 2479 4614 Unde
2507 4565 2560 4613 et
2584 4573 2679 4630 per
2710 4557 2888 4613 David
2918 4556 3161 4614 dicitur:
3196 4557 3363 4613 Homo
3395 4572 3510 4611 cum
3528 4556 3587 4612 in

276 4638 390 4697 dii?
418 4641 560 4716 [νει.
606 4642 783 4716 VIII.]
835 4644 916 4699 Ac
952 4644 998 4699 si
1039 4651 1222 4715 aperte
1271 4644 1443 4701 dicat:
1496 4646 1876 4718 Temporalem

276 4729 770 4800 concupiscentiam
808 4733 1036 4804 tangite,
1068 4740 1120 4787 et
1150 4730 1206 4786 in
1238 4730 1343 4788 hoc
1374 4732 1583 4789 mundo
1612 4734 1878 4792 sublimes

276 4826 541 4889 apparate.
571 4820 643 4877 Et
669 4838 795 4877 cum
819 4820 1075 4877 timorem
1098 4820 1303 4877 divinae
1320 4823 1606 4880 sententiae
1622 4840 1879 4881 amovere

277 4917 520 4977 conatur,
557 4910 692 4982 quid
716 4910 869 4968 aliud
899 4911 1145 4989 loquitur
1180 4926 1345 4984 quam
1383 4911 1441 4969 id
1487 4913 1634 4986 quod
1682 4915 1878 4986 primis

278 4994 593 5055 hominibus
622 4999 802 5055 dixit:
836 5001 947 5056 Cur
958 5001 1205 5072 praecepit
1222 5000 1368 5055 vobis
1395 5001 1561 5068 Deus,
1589 5010 1780 5059 utnon
1799 5021 1878 5059 co-

278 5086 540 5141 mederetis
569 5088 631 5142 de
659 5089 803 5144 omni
829 5089 968 5159 ligno
990 5089 1238 5160 paradisi
1269 5088 1477 5161 (Genes.
1509 5108 1595 5156 ιιι,
1630 5091 1718 5164 1)ἳ
1773 5090 1880 5149 Sed

280 5175 403 5248 quia
425 5175 621 5233 divino
650 5194 876 5234 munere
904 5176 1216 5250 redemptus
1246 5178 1413 5235 homo
1428 5178 1703 5251 justitiam
1736 5197 1880 5238 rece-

281 5264 377 5335 pit,
406 5282 571 5338 quam
599 5266 812 5326 dudum
855 5266 1110 5325 conditus
1153 5267 1358 5338 amisit,
1407 5268 1774 5326 robustiorem
1824 5285 1880 5326 se

277 5351 387 5424 jam
407 5365 597 5414 contra
615 5357 994 5416 blandimenta
1014 5358 1224 5415 callidae
1247 5358 1617 5430 persuasionis
1636 5369 1874 5429 exercet,

354 5554 370 5588 ¹
403 5554 593 5613 Baluz.
624 5564 682 5613 et
707 5555 891 5625 Colb.,
932 5556 1136 5611 locutus
1159 5562 1255 5614 est.

351 5625 374 5700 ξ
403 5626 601 5700 Iidem,
629 5645 768 5700 saepe
796 5628 850 5684 in
879 5627 1117 5684 excelsis.

352 5698 375 5730 ³
404 5696 645 5758 Colbert.
677 5696 733 5758 et
760 5700 969 5770 Baluz.,
999 5700 1206 5757 ratione
1232 5698 1529 5773 distinguit.

1991 4647 2186 4703 honore
2225 4653 2371 4716 esset,
2422 4664 2527 4701 non
2568 4646 2844 4715 intellexit,
2877 4652 3212 4719 comparatus
3241 4652 3317 4703 est
3333 4643 3588 4715 jumentis

1991 4736 2377 4810 insipientibus,
2426 4742 2474 4792 et
2518 4736 2706 4792 similis
2734 4735 2907 4807 factus
2935 4743 3009 4792 est
3028 4737 3139 4793 illis
3170 4736 3345 4807 (Psal.
3388 4747 3587 4793 XLVIII,

1997 4826 2109 4899 13).
2143 4826 2280 4884 Cum
2304 4843 2432 4899 ergo
2452 4833 2721 4883 vocentur
2741 4825 2995 4882 homines
3017 4825 3077 4880 hi
3107 4824 3201 4897 qui
3227 4819 3460 4892 justitize
3491 4832 3589 4869 ra—

1995 4915 2152 4972 tione
2181 4916 2399 4972 suﬂ'ulti
2433 4922 2580 4984 sunt,
2613 4922 2667 4971 et
2696 4913 3100 4971 irrationabilia
3120 4910 3376 4981 jumenta
3412 4903 3587 4959 nomi-

1994 5010 2196 5059 nentur
2233 5002 2293 5058 hi
2321 5004 2417 5075 qui
2453 5004 2659 5059 carnali
2687 4999 3044 5059 delectationi
3075 4993 3415 5061 deserviunt,
3444 4998 3589 5048 recte

1997 5092 2063 5149 de
2091 5091 2197 5150 hoc
2225 5094 2525 5166 pmnitente
2557 5092 2783 5149 dicitur:
2808 5087 3063 5159 Respiciet
3090 5081 3344 5149 homines,
3367 5088 3414 5137 et
3434 5081 3586 5138 dicet:

1994 5182 2229 5239 Peccavi.
2265 5181 2404 5256 [Vet.
2436 5181 2563 5255 IX.]
2620 5182 2701 5237 Ac
2727 5180 2773 5235 si
2805 5179 3055 5234 dicatur:
3088 5173 3416 5231 Sanctorum
3445 5171 3588 5227 viro-

1996 5286 2119 5325 rum
2151 5271 2403 5342 exempla
2431 5267 2723 5340 conspicit,
2761 5274 2925 5340 atque
2958 5279 3150 5321 eorum
3179 5259 3590 5335 comparatione

1997 5374 2053 5416 se
2098 5373 2348 5430 pensans,
2383 5358 2637 5429 iniquum
2665 5370 2724 5411 se
2750 5370 2867 5412 esse
2900 5351 3280 5428 deprehendit.
3311 5350 3417 5421 Qui
3440 5350 3587 5407 enim

2070 5558 2091 5592 ⁴
2122 5554 2352 5624 Turon.,
2382 5559 2441 5611 ut
2470 5571 2653 5612 carnes
2665 5551 3069 5625 jumentorum;
3098 5555 3156 5614 in
3186 5550 3371 5622 Colb.,
3402 5549 3586 5609 Baluz.

1998 5636 2052 5685 et
2070 5629 2216 5697 aliis,
2245 5627 2540 5685 asinorum.
