4162 6184
533 247 647 308 295

1729 254 1979 312 SANCTI
2017 256 2354 316 GREGORII
2388 259 2616 319 MAGNI

3727 269 3834 328 296

535 375 854 468 plenissime
879 375 1182 468 intelligere
1212 380 1420 450 appetit
1440 380 1618 452 qualis
1647 388 1750 449 est,
1785 381 1922 439 tales
1974 383 2145 440 nimi-
2169 387 2220 446 A
2265 385 2466 448 Christi
2494 385 2658 444 bonus
2683 387 2817 444 odor
2845 403 3030 446 sumus
3056 389 3166 446 Deo
3199 391 3288 465 (II
3308 391 3437 450 Cor.
3461 409 3525 463 ιι,
3549 395 3851 468 15)?Eleci

536 480 660 520 rum
707 463 869 522 debet
911 465 1222 538 conspicere
1267 468 1446 540 qualis
1487 484 1600 524 non
1642 477 1724 525 est
1747 478 1812 526 ut
1839 487 1910 527 ex
1946 469 2129 528 bono—

537 571 660 610 rum
690 555 866 610 forma
895 554 1173 624 metiatur,
1223 564 1430 630 quanto
1459 558 1574 630 ipse
1603 557 1823 615 deserto
1847 559 1994 617 bono
2023 560 2134 618 de-

539 643 729 699 formis
775 650 873 698 est.
913 643 1000 698 Ex
1043 641 1132 699 his
1163 645 1362 718 quippe
1410 647 1614 720 quibus
1638 648 1958 721 plenissime
1985 649 2130 707 bona

535 732 757 800 adsunt,
787 733 1076 804 perpendit
1103 743 1270 804 recte,
1296 752 1417 809 qua
1437 737 1547 794 sibi
1568 739 1755 796 minus
1781 747 1934 810 sunt,
1965 748 2131 815 atque

539 823 592 875 in
627 821 848 880 illorum
871 820 1290 892 pulchritudine
1317 827 1596 900 conspicit
1621 827 1928 886 faditatem
1950 847 2128 899 suam,

536 926 701 982 quam
731 909 789 966 in
819 911 1114 984 semetipso
1143 921 1197 970 et
1225 921 1404 986 potest
1443 917 1676 988 perpeti,
1708 927 1763 974 et
1791 921 1994 976 sentire
2019 936 2132 976 non

539 1004 735 1070 potest.
768 999 974 1056 Lucem
1018 1017 1256 1076 namque
1297 1003 1460 1060 debet
1496 1006 1837 1078 conspicere,
1889 1007 1984 1082 qui
2013 1009 2135 1064 vult

541 1087 608 1143 de
634 1086 877 1145 tenebris
899 1087 1170 1162 judicare,
1197 1099 1262 1149 ut
1295 1093 1354 1150 in
1380 1094 1478 1150 illa
1503 1094 1690 1152 videat
1721 1095 1858 1170 quid
1889 1095 1957 1152 de
1985 1105 2132 1153 tene-

540 1175 658 1254 bris
685 1179 944 1249 astimet,
987 1195 1082 1252 per
1104 1197 1238 1254 quas
1270 1181 1457 1239 videre
1481 1183 1840 1258 prapeditur.
1872 1186 2134 1244 Peccator

540 1281 781 1340 namque
801 1267 849 1324 si
873 1266 1154 1342 incognita
1173 1269 1289 1327 vita
1311 1267 1589 1343 justorum
1620 1275 1973 1348 semetipsum
2005 1291 2132 1333 con—

539 1354 726 1426 spicit,
755 1361 1094 1429 peccatorem
1125 1373 1182 1414 se
1209 1359 1525 1418 nullatenus
1553 1361 1992 1441 comprehendit.
2023 1363 2136 1420 Vi-

541 1443 670 1502 dere
689 1444 838 1502 enim
853 1461 912 1504 se
927 1461 1039 1504 non
1055 1450 1682 1524 potest,quia,fulgorem
1703 1453 1842 1510 lucis
1857 1453 2132 1523 nesciens,

539 1548 669 1592 cum
686 1535 1042 1608 semetipsum
1063 1539 1351 1612 conspicit,
1374 1540 1508 1613 quid
1527 1540 1679 1597 aliud
1699 1557 1861 1616 quam
1878 1543 2134 1601 tenebras

539 1623 806 1682 attendit?
815 1624 1094 1682 Justorum
1114 1643 1240 1700 ergo
1255 1627 1519 1686 debemus
1538 1621 1708 1688 vitam
1731 1631 2136 1705 conspicere,ut

541 1710 828 1770 subtiliter
841 1712 1316 1787 deprehendamus
1333 1726 1598 1776 nostram.
1622 1719 1850 1776 Illorum
1871 1719 2134 1780 videlicet

540 1801 770 1874 species,
812 1804 967 1877 quasi
1011 1804 1261 1878 quadam
1303 1806 1482 1864 forma
1519 1805 1680 1864 nobis
1711 1807 1980 1866 imitanda
2009 1826 2130 1882 pro-

539 1891 784 1962 ponitur.

617 2027 866 2088 76716.
886 2030 1027 2088 Iusti
1051 2029 1178 2088 libri
1190 2038 1335 2100 sunt,
1363 2050 1429 2090 ea:
1455 2033 1646 2106 quibus
1665 2031 2133 2104 judicabimur.-—

542 2120 556 2156 ¹
583 2120 734 2178 Viva
751 2121 916 2178 lectio
935 2128 1018 2177 est
1035 2121 1152 2178 vita
1168 2120 1462 2190 bonorum;
1487 2121 1634 2180 unde
1653 2131 1708 2180 et
1725 2139 1838 2179 non
1851 2122 2134 2180 immerito

541 2209 712 2266 iidem
743 2209 882 2282 justi
912 2209 970 2264 in
1000 2225 1155 2267 sacro
1183 2211 1404 2284 eloquio
1426 2211 1556 2268 libri
1576 2211 1959 2280 nominantur,
1990 2211 2136 2268 sicut

540 2298 807 2371 scriptum
827 2306 928 2355 est:
945 2299 1095 2355 Libri
1108 2301 1280 2372 aperti
1289 2305 1484 2369 sunt,et
1499 2301 1556 2358 al
1561 2299 1641 2356 ius
1659 2301 1790 2357 liber
1806 2305 2024 2373 apertus
2037 2305 2134 2365 est,

543 2387 636 2459 qui
669 2393 746 2442 est
760 2387 900 2456 vita,
920 2395 968 2444 et
977 2387 1210 2459 judicati
1234 2395 1358 2444 sunt
1383 2389 1582 2445 mortui
1599 2406 1664 2444 ex
1684 2389 1765 2444 his
1789 2405 1906 2459 qua
1929 2387 2138 2459 scripta

545 2483 700 2534 erant
727 2477 783 2532 in
813 2476 963 2534 libris
995 2476 1182 2550 (Apoc.
1213 2493 1314 2546 xx,
1337 2477 1451 2551 12).
1468 2477 1632 2535 Liber
1651 2493 1886 2550 namque
1905 2476 2034 2533 vita
2055 2485 2140 2534 est

548 2569 669 2641 ipsa
686 2567 833 2623 visio
861 2565 1205 2622 advenientis
1220 2564 1444 2638 judicis.
1477 2567 1540 2626 In
1561 2583 1670 2640 quo
1691 2565 1847 2640 quasi
1868 2565 2138 2638 scriptum

543 2665 626 2716 est
647 2673 810 2714 omne
829 2655 1170 2726 mandatum,
1191 2656 1321 2730 quia
1336 2656 1584 2730 quisquis
1598 2672 1724 2713 eum
1740 2654 1964 2724 viderit,
1983 2671 2136 2724 mox,

551 2755 690 2805 teste
721 2747 1077 2817 conscientia,
1097 2745 1370 2821 quidquid
1388 2764 1500 2804 non
1520 2746 1652 2804 fecit
1672 2746 1952 2820 intelligit.
1983 2745 2140 2804 Libri

552 2838 719 2895 etiam
763 2838 938 2912 aperti
982 2837 1317 2906 referuntur,
1365 2839 1497 2912 quia
1531 2836 1809 2910 justorum
1845 2845 1980 2894 tunc
2020 2835 2141 2893 vita

551 2927 908 3000 conspicitur,
955 2926 1014 2982 in
1042 2927 1243 3000 quibus
1271 2925 1530 2984 mandata
1555 2923 1799 2984 coelestia
1830 2940 1991 2998 opere
2019 2924 2142 2981 im-

549 3031 734 3090 pressa
773 3022 1097 3074 cernuntur.
1146 3017 1220 3072 Et
1259 3014 1494 3088 judicati
1539 3022 1670 3074 sunt
1706 3015 1912 3072 mortui
1953 3031 2024 3072 ex
2050 3012 2141 3071 his

548 3124 670 3180 qua
700 3108 903 3180 scripta
931 3113 1087 3164 erant
1114 3105 1174 3164 in
1203 3106 1382 3177 libris,
1409 3105 1539 3180 quia
1565 3105 1625 3164 in
1653 3113 1871 3164 ostensa
1893 3103 2011 3166 vita
2023 3103 2138 3176 jus-
2175 3127 2220 3189 α

545 3201 751 3264 torum,
781 3197 937 3268 quasi
962 3195 1021 3252 in
1047 3195 1381 3268 expansione
1409 3195 1678 3252 librorum
1717 3197 1908 3268 legunt
1927 3193 2141 3251 bonum

549 3284 696 3360 quod
723 3302 880 3359 agere
902 3285 1008 3360 ipsi
1035 3287 1350 3355 noluerunt,
1373 3293 1534 3361 atque
1562 3301 1634 3343 ex
1652 3302 1842 3344 eorum
1873 3284 1970 3360 qui
1999 3285 2141 3342 fece-

555 3381 687 3432 runt
713 3374 1120 3448 comparatione
1135 3373 1486 3431 damnantur.
1513 3374 1593 3431 Ne
1607 3390 1734 3448 ergo
1763 3370 2144 3446 unusquisque

551 3472 685 3524 tunc
716 3463 910 3523 videns
943 3481 1036 3522 eos
1063 3464 1209 3538 quod
1247 3481 1360 3522 non
1388 3463 1520 3522 fecit
1555 3462 1770 3533 deﬂeat,
1799 3478 1949 3520 nunc
1976 3461 2035 3518 in
2063 3461 2144 3520 eis

560 3555 711 3630 quod
755 3557 1004 3614 imitetur
1027 3553 1290 3612 attendat.
1333 3551 1491 3622 Quod
1517 3551 1738 3627 quidem
1769 3551 1946 3610 facere
1982 3551 2142 3609 electi

559 3661 670 3701 non
717 3651 954 3702 cessant.
1001 3645 1023 3680 ³
1067 3645 1357 3704 Meliorum
1403 3659 1640 3716 namque
1681 3641 1852 3698 vitam
1881 3638 2143 3699 conside-

557 3741 704 3804 rant,
732 3743 786 3792 et
813 3733 1100 3792 deterioris
1125 3749 1258 3791 usus
1281 3731 1752 3791 conversationem
1779 3736 2015 3787 mutant.

616 3822 760 3900 [Vet.
790 3822 887 3898 X.]
937 3825 1024 3881 17.
1054 3824 1128 3880 Et
1159 3821 1276 3880 lilia
1303 3822 1442 3878 inter
1467 3837 1584 3893 qua
1605 3837 1762 3894 pasci
1783 3819 2039 3876 debemus.
2071 3847 2143 3860 —

554 3911 710 3971 Unde
735 3912 922 3987 sponsi
951 3929 1086 3972 voce
1113 3919 1313 3970 sancta
1328 3908 1587 3968 Ecclesia
1607 3907 1665 3966 in
1685 3907 1928 3968 Canticis
1955 3905 2143 3964 canti—

557 4019 750 4061 corum
781 4003 1016 4058 dicitur:
1049 4003 1168 4058 Duo
1197 4002 1360 4056 ubera
1395 4006 1486 4056 tua
1512 3999 1647 4054 sicut
1677 3998 1782 4054 duo
1807 3996 2020 4053 hinnuli
2058 4013 2141 4053 ca-

547 4110 692 4166 prea?
703 4093 927 4165 gemelli,
955 4093 1049 4163 qui
1069 4097 1366 4164 pascuntur
1379 4090 1435 4146 in
1458 4089 1610 4155 liliis,
1626 4089 1784 4145 donec
1794 4088 1996 4161 aspi-ret
2008 4087 2140 4156 dies,

558 4189 606 4240 et
640 4182 962 4239 inclinentur
987 4181 1188 4237 umbra
1221 4181 1403 4251 (Cant.
1436 4196 1514 4246 Iv,
1545 4179 1626 4250 5).
1673 4178 1806 4246 Qua
1835 4179 1984 4236 enim
2011 4183 2142 4235 sunt

547 4271 667 4330 duo
677 4269 982 4338 ubera,nisi
1005 4285 1075 4326 ex
1097 4267 1284 4325 Judaa
1311 4284 1374 4326 ac
1401 4264 1704 4340 gentilitate
1723 4265 1952 4323 veniens
1979 4271 2140 4322 uter-

554 4373 662 4436 que
689 4359 946 4432 populus,
975 4358 1070 4432 qui
1101 4358 1159 4414 in
1185 4364 1384 4414 sancta
1411 4355 1672 4414 Ecclesia
1686 4371 1916 4429 corpore
1947 4371 2043 4428 per
2057 4353 2140 4410 in-

547 4447 854 4508 tentionem
893 4446 1173 4522 sapientia
1201 4463 1398 4504 arcano
1434 4453 1517 4504 est
1560 4445 1743 4504 cordis
1775 4444 2026 4503 inﬁxus?
2051 4444 2140 4502 Ex

549 4555 661 4614 quo
679 4538 884 4610 populo
902 4537 962 4594 hi
982 4537 1078 4611 qui
1097 4535 1257 4594 electi
1273 4542 1402 4593 sunt
1427 4535 1637 4594 idcirco
1656 4550 1862 4609 caprea
1885 4532 2140 4590 hinnulis

555 4632 966 4700 comparantur,
1005 4625 1134 4699 quia
1159 4640 1254 4698 per
1280 4622 1653 4681 humilitatem
1683 4623 1908 4698 quidem
1943 4638 2142 4696 parvos

549 4733 667 4776 sese
695 4735 760 4776 ac
785 4722 1095 4792 peccatores
1114 4713 1452 4786 intelligunt,
1479 4713 1576 4770 sed
1593 4713 1672 4769 eis
1691 4728 1786 4784 per
1813 4711 2141 4770 charitatem

547 4807 926 4874 currentibus,
944 4805 992 4862 si
1021 4820 1129 4877 qua
1153 4801 1438 4861 obstacula
1462 4802 1531 4860 de
1559 4800 1956 4875 impedimento
1991 4807 2142 4857 tem-

551 4897 860 4975 poralitatis
901 4893 1150 4962 obviant,
1187 4897 1492 4960 transeunt,
1532 4897 1588 4946 et
1632 4889 1776 4946 datis
1803 4888 2144 4961 contempla-

550 4989 722 5050 tionis
740 4986 992 5057 saltibus,
1022 4983 1092 5042 ad
1117 4998 1353 5058 superna
1371 4978 1766 5040 conscendunt.
1797 4978 1905 5048 Qui
1934 4987 1997 5036 ut
2025 4977 2144 5036 hac

549 5088 718 5152 agant
728 5076 1153 5153 pracedentium
1169 5078 1483 5131 sanctorum
1492 5069 1745 5142 exempla
1757 5067 2140 5141 conspiciunt.
2153 5084 2163 5092 ·

554 5165 711 5226 Unde
739 5175 793 5224 et
807 5169 865 5225 in
881 5166 1018 5225 liliis
1031 5163 1179 5239 pasci
1203 5162 1536 5221 referuntur.
1559 5155 1706 5228 Quid
1719 5156 1868 5214 enim
1885 5171 1982 5230 per
1996 5154 2141 5224 lilia,

555 5259 576 5291 ³
600 5257 711 5315 nisi
739 5257 961 5314 illorum
989 5256 1106 5314 vita
1123 5254 1450 5320 declaratur,
1482 5249 1578 5324 qui
1607 5246 1876 5307 veraciter
1905 5245 2137 5304 dicunt:

623 5449 638 5483 ι
682 5447 763 5504 Ita
783 5448 992 5530 Baluz.,
1009 5445 1189 5529 Colb.,
1221 5445 1410 5529 Norm.
1428 5445 1504 5502 At
1517 5443 1668 5501 Editi
1687 5440 2147 5570 poﬁrgponitur

623 5515 755 5570 bent
768 5535 897 5570 ama.
918 5535 1034 5570 mna
1050 5519 1197 5570 lectio
1208 5525 1282 5570 est
1297 5523 1408 5570 mla
1428 5517 1708 5570 bonorum:
1723 5532 1761 5570 u
1866 5557 1878 5570 .
1939 5512 2008 5570 ed
2027 5512 2147 5568 obs-

549 5515 755 5576 habent
768 5519 897 5590 quia
918 5519 1034 5574 viva
1050 5519 1197 5590 lectio
1208 5525 1282 5590 est
1295 5518 1408 5590 vita
1428 5515 1708 5590 bonorum}
1723 5532 1761 5590 u

545 5589 736 5649 curior
775 5586 838 5644 fit
888 5603 1080 5644 sensus
1133 5588 1416 5645 additione
1435 5588 1646 5645 vocula
1675 5586 1824 5654 quia,
1855 5592 1910 5641 et
1938 5590 2147 5654 mutata

545 5661 958 5736 punctuatione.
1010 5660 1124 5716 Hac
1137 5675 1271 5717 voce
1293 5652 1822 5736 (punctuatio),licet
1835 5655 2019 5736 minus
2037 5652 2148 5736 usi-

545 5723 678 5804 tata,
713 5740 810 5792 aut
845 5731 1012 5791 etiam
1041 5745 1230 5792 recens
1265 5723 1520 5798 conﬂata,
1549 5723 1818 5801 uti'coget
1843 5723 2146 5800 aliquando

1939 5512 2008 5570 ed
2027 5512 2148 5568 obs-

2239 484 2442 551 ergout
2452 475 2666 550 assequi
2683 492 2898 533 summa
2909 479 3567 554 pravaleant,conspecta
3577 483 3854 543 odorifera

2239 575 2294 624 et
2321 565 2556 624 candida
2578 563 2858 636 justorum
2878 567 3014 636 vita,
3045 567 3350 631 satiantur..
3367 571 3490 628 Jam
3522 571 3746 646 quidem
3769 575 3854 630 vi-

2239 657 2368 714 dere
2412 654 2714 711 Dominum
2741 653 2962 724 sitiunt,
2993 654 3108 728 jam
3139 656 3204 714 de
3233 657 3353 730 ejus
3383 663 3859 734 contemplatione

2240 746 2428 804 satiari
2459 745 2746 803 charitatis
2775 744 2998 803 aestibus
3039 745 3416 806 inardescunt.
3467 749 3572 807 Sed
3613 753 3748 825 quia
3799 755 3859 810 in

2241 835 2345 893 hac
2371 835 2488 892 vita
2528 833 2696 907 positi
2741 833 2980 891 necdum
3026 835 3234 906 valent,
3286 853 3384 910 per
3428 839 3856 911 pracedentium

2242 923 2465 981 interim
2495 924 2720 979 Patrum
2769 923 3024 996 exempla
3065 932 3384 996 pascuntur.
3433 927 3592 984 Unde
3633 937 3688 988 et
3733 939 3861 1004 apte

2241 1012 2360 1070 illic
2402 1021 2617 1086 tempus
2647 1012 2713 1068 de
2743 1011 2864 1086 ipso
2893 1013 3141 1070 liliorum
3183 1021 3343 1086 pastu
3389 1015 3673 1087 definitur,
3723 1018 3856 1076 dum

2241 1099 2480 1158 dicitur:
2513 1102 2690 1158 Donec
2705 1101 2908 1173 aspiret
2929 1101 3058 1170 dies,
3079 1107 3128 1156 et
3141 1102 3464 1158 inclinentur
3480 1106 3701 1164 umbra.
3720 1107 3859 1165 Tan-

2243 1188 2341 1246 diu
2353 1188 2556 1264 quippe
2577 1189 2727 1246 reﬁci
2738 1188 3018 1263 justorum
3038 1190 3309 1264 exemplis
3327 1190 3663 1266 indigemus,
3681 1195 3863 1255 donec

2240 1281 2530 1355 prasentis
2558 1281 2914 1340 mortalitatis
2940 1281 3186 1352 umbras,
3215 1291 3422 1341 aterno
3442 1283 3532 1342 die
3551 1285 3852 1360 aspirante,

2245 1381 2604 1430 transeamus.
2639 1371 2778 1430 Cum
2806 1372 2956 1429 enim
2985 1371 3156 1446 hujus
3185 1375 3614 1446 temporalitatis
3641 1377 3860 1451 umbra,

2245 1467 2521 1520 transacta
2548 1461 2652 1520 hac
2677 1461 3030 1533 mortalitate,
3048 1463 3217 1522 fuerit
3231 1463 3519 1536 inclinata,
3538 1467 3668 1542 quia
3685 1467 3863 1542 ipsius

2247 1550 2359 1608 diei
2391 1551 2673 1610 internum
2702 1552 2892 1610 lumen
2920 1553 3221 1624 cernimus,
3253 1571 3598 1630 nequaquam
3623 1555 3742 1628 jam
3770 1572 3862 1630 ap-

2247 1640 2488 1714 petimus
2515 1649 2578 1698 ut
2603 1639 2675 1697 ad
2702 1656 2947 1700 amorem
2968 1641 3086 1716 ejus
3114 1659 3210 1716 per
3237 1643 3472 1701 aliorum
3483 1645 3740 1718 exempla
3763 1644 3860 1701 ﬂa-

2163 1763 2210 1824 B
2246 1745 2486 1801 gremus.
2518 1729 2679 1788 Nunc
2705 1737 2890 1787 autem
2917 1731 3049 1806 quia
3073 1731 3309 1790 necdum
3338 1747 3465 1790 eum
3493 1732 3701 1792 intueri
3730 1750 3863 1807 pos-

2247 1834 2461 1888 sumus,
2490 1834 2840 1892 summopere
2867 1836 3088 1880 necesse
3115 1831 3201 1880 est
3235 1829 3298 1879 ut
3326 1837 3517 1880 eorum
3565 1823 3661 1896 qui
3700 1823 3860 1880 illum

2241 1907 2487 1980 perfecte
2527 1908 2701 1966 secuti
2735 1917 2866 1966 sunt
2903 1911 3214 1984 conspectis
3259 1911 3570 1970 actionibus
3600 1914 3622 1948 ‘
3652 1910 3862 1970 incite-

2245 2013 2392 2054 mur.
2425 1999 2744 2055 Intueamur
2774 2015 2905 2071 ergo
2935 2015 3100 2073 quam
3139 2000 3373 2073 pulchra
3402 2007 3484 2058 est
3512 2001 3735 2074 agilitas
3762 2016 3862 2060 se-

2244 2086 2560 2160 quentium,
2590 2094 2644 2144 et
2671 2086 2959 2144 videamus
2995 2103 3161 2162 quam
3208 2090 3388 2162 turpis
3427 2089 3503 2146 sit
3533 2091 3554 2124 ⁵
3585 2088 3863 2146 hebetudo

2246 2175 2548 2246 pigrorum.
2583 2175 2784 2232 Statim
2813 2191 3069 2249 namque,
3122 2185 3186 2234 ut
3224 2176 3363 2234 bene
3393 2177 3676 2250 agentium
3717 2188 3867 2250 gesta

2245 2263 2592 2346 respicimus,
2617 2264 2982 2337 nosmetipsos
3001 2265 3324 2323 confusione
3344 2265 3544 2323 intima
3561 2267 3865 2326 ulciscente

2239 2351 2593 2410 Judicamus:
2626 2370 2759 2410 mox
2788 2353 3123 2411 verecundia
3155 2362 3394 2411 mentem
3423 2356 3694 2425 concutit,
3727 2373 3862 2415 mox

2210 2455 2216 2462 '
2242 2439 2392 2514 juste
2412 2442 2647 2500 saviens
2668 2450 2850 2504 reatus
2869 2443 3110 2512 addicit;
3133 2453 3188 2502 et
3199 2443 3556 2500 vehementer
3569 2443 3676 2502 hoc
3695 2445 3861 2502 etiam

2251 2529 2531 2602 displicet,
2565 2531 2714 2604 quod
2742 2530 2924 2590 adhuc
2950 2532 3180 2590 fortasse
3207 2531 3443 2606 turpiter
3472 2531 3624 2591 libet.

2324 2619 2409 2676 18.
2435 2621 2624 2677 Justus
2655 2623 2904 2694 templum
2929 2619 3028 2679 Dei
3053 2629 3147 2690 est,
3186 2640 3252 2678 ea:
3289 2622 3442 2692 cujus
3486 2628 3757 2696 conspectu
3801 2620 3866 2680 de

2249 2708 2626 2780 iniquitatibus
2653 2709 2850 2766 nostris
2877 2710 3274 2782 confundimur.
3323 2741 3394 2754 —
3422 2711 3576 2768 Unde
3605 2713 3740 2769 bene
3767 2728 3865 2784 per

2249 2805 2594 2864 Ezechielem
2635 2805 2841 2864 dicitur
2876 2825 2888 2862 :
2929 2807 3042 2864 Fili
3066 2807 3314 2877 hominis,
3347 2803 3491 2862 768
3520 2809 3727 2864 ostende
3753 2809 3860 2866 do-

2249 2897 2363 2954 mui
2395 2898 2569 2955 Israel
2597 2897 2864 2968 templum,
2885 2903 2945 2952 ut
2971 2897 3370 2968 confundantur
3392 2898 3458 2953 ab
3487 2899 3866 2970 iniquitatibus

2248 2987 2378 3055 suis,
2410 2993 2462 3042 et
2485 2985 2774 3042 metiantur
2806 2985 3089 3058 fabricam,
3119 2991 3168 3043 et
3197 2986 3502 3042 erubescant
3525 3003 3592 3042 ea:
3615 2986 3864 3044 omnibus

2251 3096 2370 3152 qua:
2395 3077 2632 3151 fecerunt
2661 3075 2876 3150 (Ezech.
2909 3095 3070 3148 mn,
3095 3077 3208 3152 10).
3226 3077 3514 3150 Templum
3535 3079 3738 3152 quippe
3757 3077 3866 3134 Dei

2253 3169 2386 3226 ﬁliis
2416 3168 2578 3226 Israel
2600 3167 2670 3224 ad
2688 3167 3070 3226 confusionem
3087 3167 3414 3236 ostenditur,
3437 3167 3658 3240 quando
3672 3166 3865 3224 unius-

2251 3255 2519 3332 cujusque
2541 3255 2680 3330 justi
2709 3255 2916 3324 anima,
2945 3273 3110 3331 quam
3140 3255 3460 3330 inspirando
3482 3257 3628 3314 Deus
3647 3254 3862 3312 inhabi-

2251 3353 2350 3414 tat,
2384 3353 2592 3419 quanta
2619 3345 2908 3404 sanctitate
2937 3345 3160 3420 fulgeat,
3190 3345 3262 3403 ad
3287 3344 3670 3403 confusionem
3701 3361 3856 3402 suam

2251 3435 2632 3509 peccatoribus
2671 3434 3099 3506 demonstratur,
3148 3445 3212 3493 ut
3239 3434 3299 3492 in
3329 3435 3425 3493 illa
3450 3433 3658 3492 bonum
3707 3433 3858 3508 quod

2252 3525 2538 3598 negligant
2565 3525 2814 3597 videant,
2843 3533 2898 3584 et
2925 3525 2984 3583 in
3012 3524 3208 3598 seipsis
3226 3527 3432 3582 malum
3454 3523 3600 3600 quod
3628 3538 3855 3596 operan-

2250 3621 2344 3672 tur
2388 3615 2734 3675 erubescant.
2785 3617 2968 3676 Metiri
3016 3633 3150 3674 vero
3194 3615 3460 3674 fabricam
3506 3623 3588 3672 est
3631 3629 3862 3688 pensare

2251 3703 2531 3762 subtiliter
2553 3704 2834 3777 justorum
2864 3706 3058 3763 vitam.
3109 3704 3216 3764 Sed
3253 3704 3384 3762 dum
3425 3701 3652 3762 metitur
3679 3701 3862 3758 fabri-

2250 3811 2394 3866 cam,
2437 3811 2658 3854 necesse
2687 3806 2768 3855 est
2795 3805 2858 3854 ut
2885 3814 2957 3854 ex
2985 3796 3200 3854 cunctis
3233 3811 3354 3869 qua
3381 3793 3620 3850 fecimus
3656 3791 3859 3850 erube-

2249 3901 2486 3954 scamus,
2535 3885 2666 3957 quia
2693 3884 2965 3940 bonorum
2997 3884 3166 3940 vitam
3197 3890 3401 3955 quanto
3428 3879 3688 3938 subtilius
3715 3897 3860 3953 pen-

2249 3976 2422 4032 sando
2469 3973 2822 4041 discutimus,
2875 3980 3028 4030 tanto
3067 3969 3315 4027 severius
3360 3969 3419 4028 in
3466 3970 3626 4028 nobis
3672 3969 3863 4028 omnia

2251 4064 2440 4139 inique
2469 4069 2618 4136 gesta
2636 4060 3014 4134 reprobamus.
3049 4059 3193 4115 Bene
3221 4067 3406 4116 autem
3427 4060 3711 4133 propheta
3724 4059 3861 4120 dici-

2248 4163 2340 4212 tur
2367 4160 2430 4210 ut
2457 4151 2709 4208 ostendat
2737 4151 3026 4223 templum.
3057 4146 3199 4217 Quia
3218 4145 3366 4204 enim
3381 4145 3662 4220 justorum
3683 4150 3863 4208 recti-

2249 4246 2499 4305 tudinem
2556 4243 2909 4304 considerare
2964 4253 3218 4320 peccator
3272 4241 3606 4310 dissimulat,
3662 4241 3860 4300 saltem

2249 4336 2392 4395 hanc
2406 4352 2477 4394 ex
2505 4349 2641 4394 voce
2670 4334 3020 4410 pradicantis
3039 4341 3314 4407 agnoscat.
3339 4329 3628 4405 Templum
3656 4329 3861 4405 quippe

2247 4425 2632 4501 peccatoribus
2673 4423 2962 4482 ostendere
3002 4430 3084 4480 est
3127 4431 3320 4496 sponte
3365 4436 3466 4478 sua
3511 4418 3860 4478 considerare

2247 4516 2570 4575 nolentibus
2599 4523 2874 4574 rectorum
2904 4530 3070 4588 opera
3095 4528 3337 4570 narrare.
3361 4510 3468 4580 Qui
3489 4511 3692 4585 itaque,
3714 4511 3862 4569 sicut

2250 4607 2518 4676 diximus,
2550 4604 2779 4680 perduci
2808 4603 2878 4661 ad
2906 4619 3123 4661 summa
3149 4602 3481 4670 desiderant,
3513 4614 3726 4670 semper
3753 4613 3862 4654 ne-

2250 4717 2400 4759 cesse
2434 4707 2518 4758 est
2543 4707 2608 4757 ut
2636 4697 2930 4756 meliorum
2959 4693 3313 4768 provectibus
3341 4689 3648 4759 intendant,
3673 4698 3859 4764 quate-

2249 4807 2357 4848 nus
2385 4798 2542 4848 tanto
2588 4785 2900 4846 districtius
2937 4784 2995 4842 in
3025 4801 3082 4842 se
3109 4784 3299 4857 culpas
3337 4781 3610 4855 judicent,
3654 4787 3860 4854 quanto

2251 4879 2312 4936 in
2342 4877 2456 4935 illis
2487 4877 2631 4934 alius
2659 4875 2808 4949 quod
2835 4871 3178 4931 admirentur
3209 4869 3416 4927 vident.

2325 4969 2410 5026 19.
2445 4967 2558 5040 Ipsi
2576 4965 2718 5036 justi
2741 4981 2808 5022 ea:
2833 4963 3068 5021 aliorum
3103 4965 3404 5018 sanctorum
3447 4953 3862 5015 consideratione

2245 5077 2348 5136 pro
2352 5057 2740 5134 [Sciunt—Sed
2755 5055 2888 5131 quid
2900 5055 3004 5114 ista
3020 5055 3087 5114 de
3103 5051 3455 5128 peccantibus
3469 5049 3859 5136 dicimus,cum

2252 5135 2402 5224 ipsos
2429 5163 2648 5224 quoque
2674 5152 2984 5220 operatores
3021 5142 3256 5218 justitia
3286 5146 3438 5198 tanta
3461 5137 3694 5214 provehi
3734 5135 3859 5224 dise

2252 5223 2573 5314 pensatione
2618 5236 2906 5295 videamus
2950 5235 3007 5310 (Ι
3035 5235 3160 5294 σον.
3206 5249 3306 5302 xu,
3348 5230 3402 5301 s,
3450 5229 3506 5298 9,
3552 5227 3618 5285 io
3645 5233 3694 5284 et
3723 5223 3860 5299 ll)?

2253 5432 2568 5501 necessitas,
2599 5444 2667 5488 ne
2696 5423 3284 5487 circumlocutionibus
3310 5421 3474 5483 detur
3501 5422 3670 5480 locus.

2326 5507 2348 5542 ³
2376 5503 2550 5558 Editi.
2581 5500 2987 5558 reluctantibus
3011 5501 3166 5558 Mss..
3198 5498 3486 5554 meliorem.

2327 5507 2348 5542 ³
2376 5503 2550 5571 Editi,
2581 5503 2987 5559 reluctantibus
3011 5503 3166 5568 Mss.,
3198 5503 3486 5554 meliorem.

2327 5579 2348 5656 εξ
2380 5577 2611 5656 Ξιιῐοηη
2775 5573 2999 5629 illorum
3025 5572 3136 5628 vita
3164 5573 3526 5640 comparatur.

2328 5649 2349 5684 ⁴
2380 5648 2609 5716 Turon.,
2635 5648 2925 5716 imitemur.

2329 5721 2350 5757 ⁸
2380 5717 2529 5778 Idem
2561 5711 2772 5787 Codex,
2804 5714 3037 5789 tepitudo
3054 5711 3354 5784 pigrorum.
