4162 6184
332 278 446 339 297

1086 275 1462 335 MORALIUM
1498 274 1632 334 LIB.
1674 275 1881 333 XXIV.
1922 305 1994 319 —
2030 278 2102 334 IN
2138 277 2367 335 CAPUT
2405 279 2646 336 XXXIII
2682 284 2748 337 D.
2790 283 2933 338 JOB.

3541 291 3649 350 298

331 406 501 465 Alius
527 415 761 475 namque
789 400 998 458 donum
1034 400 1277 459 scientiae
1311 382 1534 473 accipit,
1565 407 1619 457 et
1654 408 1838 457 tamen
1868 400 1937 456 ad
1963 404 2017 462 A
2043 410 2099 459 et
2125 403 2272 460 vires
2298 420 2425 459 suas
2454 403 2512 459 in
2534 402 2869 459 humilitatis
2893 407 3101 477 gremio
3125 409 3383 487 nutriret,
3405 412 3646 471 crudeli-

333 498 603 554 virtutem
622 493 773 548 mira
786 490 1135 548 abstinentia
1145 507 1253 547 non
1274 491 1555 566 pertingit.
1570 491 1732 547 Alius
1745 506 1941 559 magna

332 585 686 647 abstinentia
716 583 921 638 virtute
949 582 1277 654 accingitur,
1307 599 1407 639 nec
1435 589 1617 638 tamen
1646 582 1704 637 in
1725 596 1940 637 summa

332 676 579 735 scientia
609 671 1073 751 contemplatione
1098 672 1381 729 dilatatur.
1402 672 1564 728 Alius
1592 686 1690 745 per
1707 669 1938 743 prophe-

334 769 425 827 tia
467 764 729 838 spiritum
758 762 908 819 valet
949 763 1134 819 omnia
1172 770 1403 819 ventura
1445 776 1803 835 pranoscere,
1844 759 1937 816 sed

336 869 517 916 tamen
562 872 658 930 per
687 855 993 912 curationis
1038 855 1266 927 gratiam
1314 870 1426 910 non
1466 853 1613 909 valet
1653 850 1937 925 praesentis

336 948 602 1006 molestia
633 946 778 1003 mala
806 946 1113 1003 sublevare.
1148 945 1307 1001 Alius
1346 961 1442 1017 per
1474 942 1776 1000 curationis
1806 957 1936 1013 gra-

334 1043 469 1098 tiam
500 1039 645 1096 mala
675 1038 961 1110 prasentis
1004 1036 1269 1093 molestia
1308 1034 1583 1101 sublevat,
1624 1033 1717 1089 sed
1749 1038 1934 1088 tamen

334 1130 465 1207 quia
506 1128 811 1204 prophetia
860 1126 1115 1200 spiritum
1151 1142 1261 1182 non
1291 1126 1477 1192 habet,
1513 1123 1647 1201 quid
1678 1128 1936 1195 sequatur

333 1223 571 1294 ignorat.
591 1218 752 1274 Alius
774 1216 1153 1289 indigentibus
1174 1217 1349 1273 multa
1365 1214 1480 1288 jam
1502 1212 1725 1287 propria
1747 1210 1934 1285 largiri

336 1319 535 1385 potest,
580 1309 675 1365 sed
716 1316 903 1364 tamen
947 1305 1150 1377 injuste
1179 1306 1467 1380 agentibus
1497 1304 1723 1361 obviare
1766 1301 1937 1357 libere

335 1417 447 1456 non
481 1405 676 1471 potest.
700 1396 861 1452 Alius
890 1394 1095 1467 injuste
1114 1393 1402 1466 agentibus
1429 1392 1687 1449 audacter
1708 1408 1806 1463 pro
1829 1392 1937 1446 Deo

337 1488 547 1553 obviat,
582 1487 678 1543 sed
706 1493 892 1541 tamen
938 1483 1313 1556 indigentibus
1343 1501 1463 1557 qua
1499 1482 1667 1538 habet
1695 1480 1939 1536 tribuere

338 1578 527 1635 omnia
568 1584 802 1633 recusat.
850 1573 1009 1629 Alius
1040 1572 1155 1645 jam
1187 1581 1241 1630 et
1286 1573 1353 1629 ab
1383 1573 1561 1628 otioso
1591 1588 1649 1627 se
1690 1582 1939 1626 sermone

337 1669 694 1743 restringens,
749 1666 950 1738 lingua
996 1664 1281 1722 lasciviam
1326 1671 1569 1735 superat,
1617 1660 1713 1717 sed
1754 1668 1941 1715 tamen

2047 493 2177 550 tatis
2230 510 2339 549 sua
2396 493 2635 566 antiqua
2708 510 2819 551 non
2877 493 3170 553 immemor
3202 543 3217 573 ,
3273 504 3647 575 apostolorum

2048 584 2297 640 omnium
2328 583 2700 641 innocentiam
2740 587 3168 663 contemplatus,
3213 588 3290 644 ait
3324 608 3334 645 :
3371 593 3482 663 Ego
3512 596 3649 651 enim

2046 690 2162 728 sum
2190 674 2437 730 minimus
2456 677 2839 747 apostolorum,
2870 676 2964 753 qui
2991 692 3098 735 non
3126 695 3242 734 sum
3263 680 3456 751 dignus
3472 687 3652 740 vocari

2045 766 2337 836 apostolus,
2354 766 2481 836 quia
2514 772 2819 837 persecutus
2847 784 2963 827 sum
2989 768 3280 825 Ecclesium
3308 771 3406 825 Dei
3432 771 3491 845 (Ι
3522 775 3648 831 Cor.

2045 871 2141 924 xv,
2172 855 2254 928 9).
2294 856 2366 912 Et
2403 863 2588 913 tamen
2622 857 2942 914 eorumdem
2985 858 3235 919 omnium
3275 862 3652 933 apostolorum

2044 944 2277 1015 primus,
2300 946 2457 1018 quasi
2479 948 2688 1025 accepti
2720 947 3063 1024 principatus
3085 949 3380 1018 oblitus,ac
3395 952 3442 1011 si
3469 952 3656 1010 minus

2044 1031 2159 1104 ipse
2188 1034 2398 1107 aliquid
2427 1042 2659 1107 saperet,
2708 1035 2766 1092 in
2814 1038 2984 1095 Paulo
3036 1039 3361 1118 sapientiam
3398 1042 3653 1112 miratur,

2044 1120 2267 1177 dicens:
2307 1124 2453 1183 Sicut
2480 1130 2528 1178 et
2558 1125 2899 1181 charissime
2927 1127 3102 1198 frater
3130 1137 3306 1185 noster
3338 1134 3543 1193 Paulus
3579 1153 3653 1191 se-

2044 1213 2271 1266 cundum
2301 1212 2482 1267 datam
2505 1214 2605 1268 sibi
2630 1216 2949 1288 sapientiam
2988 1219 3202 1293 scripsit
3230 1222 3396 1295 vobis,
3436 1226 3570 1281 sicut
3606 1234 3656 1283 et

2046 1299 2103 1355 in
2130 1302 2368 1358 omnibus
2396 1304 2652 1375 epistolis,
2691 1304 2905 1374 loquens
2947 1307 3005 1359 in
3052 1308 3125 1362 eis
3172 1310 3234 1365 de
3262 1312 3342 1366 his
3372 1313 3427 1367 in
3460 1316 3648 1384 quibus

2046 1399 2169 1447 sunt
2195 1392 2436 1471 quadam
2463 1392 2699 1467 diﬁicilia
2730 1393 2993 1449 intellectu
3013 1398 3108 1459 (II
3134 1399 3280 1454 Petr.
3326 1403 3515 1475 111,15,
3539 1405 3653 1477 16).

2046 1484 2187 1539 Ecce
2217 1484 2419 1543 Paulus
2448 1483 2505 1538 in
2534 1484 2798 1561 apostolis
2829 1486 3064 1542 miratur
3092 1488 3493 1560 innocentiam,
3531 1510 3659 1550 ecce

2049 1573 2423 1643 apostolorum
2462 1572 2719 1655 princeps
2752 1574 2984 1635 miratur
3012 1576 3071 1630 in
3104 1577 3272 1639 Paulo
3302 1578 3656 1655 sapientiam.

2052 1660 2191 1733 [Vet.
2222 1658 2380 1732 XII.]
2408 1661 2551 1728 Quid
2580 1670 2661 1717 est
2692 1664 2819 1731 hoc,
2851 1665 2961 1719 nisi
2997 1666 3143 1737 quod
3174 1669 3348 1724 sancti
3371 1670 3501 1739 viri,
3524 1672 3657 1729 dum

337 1757 522 1814 adhuc
550 1758 891 1828 insurgentes
921 1753 1017 1810 ira
1051 1752 1305 1809 stimulos
1333 1751 1571 1824 perfecte
1602 1765 1714 1805 non
1742 1748 1938 1805 calcat.
1966 1768 2014 1828 Β
2049 1752 2320 1806 virtutum
2340 1751 2779 1807 consideratione
2798 1755 3043 1813 vicissim
3060 1756 3165 1810 sibi
3182 1757 3320 1814 alios
3335 1760 3658 1831 praferunt,

336 1848 503 1904 Alius
544 1849 914 1919 insurgentem
964 1845 1100 1900 iram
1137 1843 1253 1917 jam
1288 1843 1526 1915 perfecte
1569 1840 1812 1909 edomat,
1843 1837 1941 1894 sed

336 1953 532 2010 tamen
561 1935 741 1993 adhuc
774 1935 1016 2008 linguam
1046 1934 1103 1989 in
1139 1934 1388 1990 latitiam
1418 1932 1651 1988 relaxat.
1684 1928 1832 1998 Quid
1862 1934 1951 1984 est

338 2025 471 2103 hoc,
505 2024 651 2098 quod
692 2025 792 2080 iste
831 2040 893 2081 eo
923 2025 1069 2081 bono
1100 2022 1310 2095 indiget
1339 2039 1449 2097 quo
1487 2022 1629 2078 alius
1657 2020 1863 2093 pollet;
1896 2022 1952 2072 et

342 2116 458 2184 ille,
480 2131 605 2172 cum
635 2115 824 2171 multis
862 2115 1087 2186 polleat,
1122 2113 1341 2170 abunde
1367 2111 1495 2168 aliis
1513 2110 1725 2167 bonum
1751 2109 1943 2165 adesse

340 2205 649 2263 considerat
676 2205 825 2283 quod
852 2204 960 2262 sibi
991 2206 1178 2262 deesse
1206 2204 1469 2276 suspirat,
1492 2200 1601 2257 nisi
1622 2198 1772 2273 quod
1804 2200 1949 2254 mira

340 2298 627 2355 nobiscum
648 2297 1058 2371 dispensatione
1077 2296 1278 2369 agitur,
1302 2302 1363 2350 ut
1384 2310 1479 2367 per
1508 2292 1614 2349 hoc
1635 2289 1785 2365 quod
1806 2290 1949 2346 alter

340 2385 594 2457 babet,et
625 2389 732 2444 iste
764 2404 875 2443 non
902 2385 1093 2455 habet,
1120 2389 1134 2420 ¹
1169 2402 1314 2441 unus
1343 2384 1516 2439 altero
1548 2381 1744 2438 melior
1763 2386 1945 2436 osten-

340 2479 520 2547 datur,
539 2485 813 2552 quatenus
827 2485 983 2532 tante
1000 2475 1284 2531 ardentius
1303 2473 1371 2528 ad
1398 2471 1774 2527 humilitatem
1797 2468 1945 2541 quis-

335 2584 443 2640 que
474 2567 754 2649 proﬁciat,
788 2570 992 2643 quanto
1021 2579 1091 2618 ex
1116 2561 1281 2649 bonis
1302 2576 1433 2649 qua
1466 2576 1577 2649 non
1606 2558 1773 2649 habet
1810 2555 1946 2649 inie-

331 2643 548 2711 riorem
577 2669 636 2709 se
665 2651 997 2707 habentibus
1026 2648 1262 2723 pensat?
1291 2648 1488 2720 Sicque
1511 2646 1573 2701 fit
1601 2652 1661 2700 ut
1689 2644 1823 2699 dum
1856 2643 1948 2700 ille

335 2747 393 2802 in
428 2746 558 2821 isto,
592 2751 756 2813 atque
797 2740 890 2796 hic
932 2740 987 2794 in
1032 2738 1130 2794 illo
1162 2736 1385 2809 respicit
1430 2734 1577 2808 quod
1619 2734 1941 2805 admiretur,

338 2834 605 2891 distincta
624 2830 769 2886 bona
787 2836 841 2885 et
864 2827 933 2884 ah
953 2826 1247 2882 altitudine
1267 2825 1525 2882 elationis
1550 2824 1870 2897 reprimant,
1890 2829 1945 2879 et

337 2923 409 2980 ad
440 2920 683 2978 studium
707 2916 982 2990 profectus
1002 2914 1322 2972 accendant.
1357 2914 1556 2986 Magna
1578 2929 1818 2985 namque
1837 2912 1942 2967 sol-

337 3010 628 3070 licitudine
658 3007 726 3064 ad
772 3022 962 3063 curam
1010 3011 1210 3061 nostra
1258 3002 1660 3059 meliorationis
1692 3001 1943 3072 accingi-

2061 1840 2308 1897 volantia
2335 1839 2596 1896 animalia
2619 1841 2829 1897 alarum
2862 1844 3209 1917 percussione
3239 1863 3294 1901 se
3319 1855 3574 1921 tangunt,
3598 1857 3662 1906 ut

2061 1944 2126 1985 eo
2155 1930 2223 1985 ad
2253 1930 2497 1986 volatum
2529 1946 2584 1986 se
2606 1930 2773 1987 altius
2800 1931 3063 2001 excitent,
3087 1950 3196 2009 quo
3226 1934 3495 1994 humilius
3520 1939 3657 1996 alter

2061 2018 2119 2074 in
2135 2019 2306 2075 altero
2323 2020 2469 2092 quod
2490 2020 2793 2077 admiretur
2808 2021 3003 2078 videt?
3026 2024 3167 2081 Hinc
3185 2024 3371 2098 itaque
3398 2028 3659 2100 colligen-

2061 2108 2191 2164 dum
2208 2118 2289 2165 est
2302 2118 2506 2183 quanta
2520 2110 2779 2167 debemus
2795 2111 3168 2169 sollicitudine
3185 2116 3475 2172 meliorum
3487 2119 3661 2177 vitam

2060 2197 2375 2268 conspicere
2404 2213 2525 2265 nos,
2564 2199 2659 2269 qui
2689 2199 2745 2252 in
2777 2195 2985 2255 infimis
3009 2199 3278 2271 jacemus,
3314 2202 3358 2259 si
3390 2211 3444 2261 et
3472 2203 3530 2259 hi
3563 2206 3660 2279 qui

2054 2285 2167 2358 jam
2194 2293 2346 2341 tanta
2374 2287 2662 2343 sanctitate
2691 2288 2954 2345 sublimes
2982 2298 3132 2358 sunt,
3166 2299 3228 2347 ut
3261 2308 3354 2364 per
3375 2292 3660 2349 humilita-

2057 2375 2130 2431 tis
2158 2392 2400 2449 gressum
2431 2375 2499 2431 ad
2530 2376 2737 2447 majora
2767 2378 3075 2449 proficiant,
3106 2379 3288 2437 adhuc
3316 2390 3573 2454 quarunt
3597 2383 3657 2439 in

2056 2465 2181 2521 aliis
2211 2464 2358 2541 quod
2388 2465 2675 2522 imitantes
2703 2466 3069 2525 admirentur.

2127 2557 2214 2619 21.
2248 2556 2478 2627 Reprobi
2504 2557 2576 2611 ad
2598 2557 2918 2615 deteriorum
2946 2563 3185 2639 exempla
3215 2579 3417 2641 semper
3443 2582 3659 2624 conver-

2058 2645 2447 2702 tuntur.—Sed
2471 2646 2591 2703 hac
2611 2648 2828 2720 reprobi
2861 2649 3136 2718 nesciunt,
3159 2651 3289 2729 quia
3313 2652 3515 2711 mentis
3534 2670 3663 2710 ocu-

2054 2734 2137 2790 los
2178 2748 2394 2808 semper
2429 2736 2487 2791 in
2518 2736 2729 2793 inlimis
2758 2746 3035 2810 premunt,
3069 2740 3164 2813 qui
3195 2749 3247 2796 et
3279 2741 3324 2797 si
3354 2743 3574 2815 quando
3604 2744 3663 2799 in

2054 2823 2199 2879 viam
2214 2824 2435 2879 Domini
2450 2825 2822 2894 veniunt,non
2836 2828 2904 2882 ad
2918 2827 3211 2884 meliorum
3230 2830 3366 2885 vesti
3374 2831 3585 2901 gia,sed
3594 2831 3664 2888 ad

2053 2914 2320 2973 intuenda
2349 2932 2561 2993 semper
2591 2916 2925 2977 deteriorum
2953 2920 3205 2995 exempla
3226 2918 3541 2983 vertuntur.
3560 2923 3664 2980 Ne-

2053 3019 2157 3075 que
2186 3003 2334 3060 enim
2363 3022 2553 3065 eorum
2576 3007 2748 3065 vitam
2769 3008 3146 3077 considerant,
3171 3009 3372 3085 quibus
3401 3027 3456 3066 se
3479 3011 3665 3068 humi-

343 3119 491 3170 mur,
525 3099 739 3183 quando
769 3098 825 3155 id
855 3097 1080 3192 virtutis
1116 3096 1170 3151 in
1197 3094 1321 3192 aliis
1355 3092 1801 3192 cernimus-quod
1826 3108 1938 3192 non
1970 3131 2014 3192 α
2052 3092 2240 3149 liando
2270 3103 2623 3175 postponant,
2657 3095 2753 3153 sed
2773 3097 2975 3171 quibus
3003 3098 3375 3175 superbiendo
3399 3116 3456 3156 se
3476 3102 3669 3175 prafe.

343 3194 625 3255 habemus.
649 3188 805 3245 Unde
825 3186 1078 3251 Ezechiel
1102 3184 1386 3263 prepheta,
1411 3201 1537 3240 cum
1555 3183 1802 3240 volantia
1822 3184 1939 3239 ani-

347 3282 513 3339 malia
530 3279 928 3350 descripsisset,
955 3273 1212 3353 adjunxit
1238 3293 1248 3329 :
1280 3276 1353 3330 Et
1381 3273 1569 3329 audivi
1590 3279 1716 3345 post
1741 3291 1821 3328 me
1850 3291 1952 3329 vo-

345 3391 457 3435 cem
493 3366 846 3426 commotionis
892 3381 1094 3436 magna
1129 3381 1145 3418 :
1192 3363 1474 3420 Benedicta
1515 3363 1694 3435 gloria
1736 3361 1954 3419 Domini

350 3465 372 3498 ²
398 3464 463 3519 de
494 3463 600 3517 loco
631 3464 807 3514 sancto
827 3473 942 3524 suo,
975 3463 1023 3510 et
1050 3472 1222 3510 vocem
1250 3457 1466 3510 alarum
1489 3454 1808 3509 animalium
1831 3471 1953 3526 per-

346 3563 657 3619 cutientium
673 3562 705 3613 ’Ἰ
719 3558 812 3616 69
841 3563 1069 3617 alteram
1088 3560 1160 3615 ad
1178 3560 1408 3614 alterum
1428 3559 1616 3629 (Ezec.
1631 3575 1717 3626 ιιι,
1736 3553 1950 3627 12,13.)

345 3652 501 3725 Quid
531 3668 654 3715 nam
666 3668 769 3731 que
796 3652 904 3706 alas
933 3648 1283 3715 animalium,
1308 3646 1415 3702 nisi
1438 3646 1672 3701 virtutes
1692 3645 1955 3705 debemus

345 3743 561 3807 sentire
588 3740 946 3805 sanctorum?
977 3738 1084 3811 Qui
1113 3737 1247 3794 dum
1277 3743 1498 3792 terrena
1527 3735 1862 3809 despiciunt,
1887 3733 1958 3791 ad

346 3818 595 3897 calestia
626 3828 863 3895 volando
892 3829 1270 3891 sublevantur.
1297 3823 1436 3900 [Vet.
1470 3821 1596 3899 XL]
1630 3822 1784 3878 Unde
1814 3829 1957 3879 recte

348 3906 619 4004 eﬁamper
631 3920 825 3987 Isaiam
840 3919 1048 3983 dicitur
1064 3936 1074 3977 :
1104 3916 1209 3991 Qui
1229 3915 1567 3988 conﬁduntiu
1580 3913 1830 3988 Domino,
1844 3930 1955 3967 mu-

347 4015 510 4079 abunt
526 4002 931 4092 fortitudinem,
952 4014 1217 4069 assumant
1235 4022 1439 4083 pennas
1464 4011 1518 4059 ut
1545 4002 1742 4075 aquilae
1760 4002 1953 4092 (Isai).

351 4120 443 4177 an,
465 4090 578 4174 31).
613 4101 874 4165 Volantia
903 4100 1085 4173 itaque
1115 4096 1380 4153 animalia
1415 4096 1517 4153 aiis
1548 4094 1663 4149 suis
1701 4109 1759 4149 se
1790 4090 1955 4147 vicis-

352 4196 456 4257 sim
481 4194 708 4269 feriunt,
743 4193 873 4276 quia
900 4198 1218 4255 sanctorum
1252 4196 1461 4247 mentes
1491 4188 1549 4243 in
1577 4202 1643 4242 eo
1673 4183 1824 4266 quod
1853 4200 1957 4239 su-

351 4304 523 4361 perna
547 4294 834 4368 appetunt,
860 4283 1222 4347 consideratis
1246 4283 1489 4345 invicem
1518 4280 1744 4341 alternis
1764 4279 1958 4342 virtu-

351 4381 501 4447 tibus
548 4382 880 4443 excitantur.
931 4379 1038 4441 Ala
1078 4377 1229 4437 enim
1274 4391 1375 4433 sua
1418 4390 1505 4431 me
1558 4372 1814 4446 percutit,
1859 4371 1956 4444 qui

353 4470 613 4544 exemplo
639 4468 945 4533 sanctitatis
976 4466 1211 4545 propria
1243 4481 1328 4526 me
1347 4463 1418 4523 ad
1448 4463 1647 4525 melius
1675 4458 1950 4523 accendit.

354 4561 426 4625 Et
454 4561 541 4625 ala
568 4575 694 4623 mea
714 4560 958 4623 vicinum
987 4557 1193 4619 animal
1223 4555 1383 4623 ferio,
1407 4553 1454 4609 si
1477 4550 1775 4629 aliquando
1799 4551 1966 4629 alter;

355 4666 496 4723 opus
522 4649 730 4713 bonum
748 4648 897 4725 quod
928 4648 1184 4712 imitatur
1214 4642 1469 4703 ostendo.

427 4738 518 4802 20.
556 4740 702 4813 Quod
728 4741 965 4815 sumpto
995 4742 1300 4801 sanctorum
1326 4732 1693 4805 apostolorum
1721 4728 1887 4795 Pauli
1917 4735 1968 4792 et

354 4828 509 4893 Petri
533 4830 902 4903 conﬁrmatur.
930 4859 990 4877 πρ
1022 4826 1128 4891 Sed
1158 4826 1288 4903 quia
1314 4830 1634 4889 sanctorum
1667 4821 1837 4885 Vitam
1879 4819 1967 4882 si-

356 4919 607 4992 gniﬁcari
639 4920 760 4985 istis
785 4918 1120 4983 animalibus
1150 4916 1418 4981 diximus,
1454 4913 1591 4970 libet
1622 4913 1680 4968 in
1712 4912 1832 4991 ipso
1858 4927 1969 4971 vo-

356 5009 475 5075 lata
497 5010 826 5075 animalium
845 5009 1035 5073 oculos
1057 5008 1258 5071 mentis
1276 5006 1550 5075 attollere,
1570 5011 1626 5061 et
1644 5009 1852 5081 quanta
1871 5000 1969 5057 vis.

2060 3192 2203 3242 rant.
2236 3186 2545 3245 Deteriores
2573 3205 2811 3263 namque
2841 3189 3165 3265 respiciunt,
3188 3190 3389 3265 quibus
3411 3193 3668 3250 meliores

2062 3290 2117 3329 se
2137 3290 2253 3331 esse
2273 3276 2607 3349 gloriantur;
2632 3286 2686 3333 et
2703 3278 2912 3335 idcirco
2933 3279 3196 3357 proﬁcere
3213 3279 3281 3335 ad
3302 3282 3531 3338 meliora
3552 3300 3664 3339 non

2062 3375 2311 3437 possunt,
2344 3368 2473 3441 quia
2502 3368 2606 3425 hoc
2633 3369 2739 3427 sibi
2764 3372 3013 3427 suﬂicere
3043 3371 3337 3440 astimant,
3366 3372 3513 3449 quod
3534 3388 3667 3443 pes-

2062 3454 2230 3511 simos
2271 3458 2628 3515 antecedunt.
2681 3460 2726 3516 O
2769 3460 2981 3531 miseri,
3020 3460 3168 3516 viam
3213 3469 3465 3537 pergunt,
3516 3468 3570 3515 et
3606 3460 3666 3516 in

2062 3548 2213 3614 terga
2252 3545 2574 3621 respiciunt.
2619 3548 2721 3604 Per
2767 3566 2917 3620 spem
2965 3550 3208 3623 quidem,
3246 3549 3398 3622 quasi
3445 3557 3571 3611 ante
3608 3566 3666 3606 se

2062 3634 2257 3704 pedem
2289 3636 2597 3707 proferunt,
2616 3637 2709 3691 sed
2732 3653 2828 3708 per
2847 3638 3346 3707 considerationem
3370 3654 3669 3715 pravorum

2065 3722 2356 3778 hominum
2393 3732 2513 3796 post
2543 3740 2599 3779 se
2627 3725 2816 3780 oculos
2845 3726 3106 3781 tendunt.
3139 3726 3289 3780 Recti
3313 3726 3488 3779 videri
3507 3741 3664 3795 appe-

2065 3820 2210 3878 tunt,
2241 3811 2335 3865 sed
2364 3812 2432 3865 ad
2463 3811 2825 3867 inveniendos
2850 3828 2905 3867 se
2933 3820 3133 3867 tortam
3156 3814 3397 3881 regulam
3418 3821 3664 3869 sumunt.

2064 3898 2120 3956 Si
2149 3898 2297 3954 enim
2347 3898 2666 3969 semetipsos
2707 3901 2894 3972 quales
2940 3909 3069 3955 sunt
3124 3915 3448 3971 cognoscere
3494 3916 3671 3975 appe-

2063 3996 2192 4044 tunt
2224 4031 2238 4056 ,
2286 4004 2398 4048 non
2455 3987 2790 4044 deteriorum
2835 3988 3182 4060 conspicere,
3227 3988 3320 4044 sed
3375 3990 3668 4053 meliorum

2063 4076 2314 4155 exempla
2342 4078 2663 4139 debuerant.
2710 4078 2921 4135 Idcirco
2954 4095 3082 4152 ergo
3123 4087 3435 4155 peccatores
3466 4096 3521 4135 se
3549 4097 3667 4137 esse

2064 4182 2177 4224 non
2207 4165 2544 4240 intelligunt,
2564 4167 2693 4241 quia
2712 4168 2967 4227 homines
2990 4186 3101 4225 non
3122 4169 3436 4225 attendunt.
3466 4171 3601 4227 Nam
3620 4170 3666 4226 si

2065 4263 2318 4329 homines
2347 4267 2982 4345 attenderentquautum
3015 4265 3156 4329 770
3182 4268 3458 4347 peccando
3488 4268 3672 4326 dista-

2065 4363 2186 4419 rent
2228 4372 2260 4411 a
2301 4355 2461 4413 bonis
2500 4356 2845 4431 hominibus,
2894 4356 3230 4419 invenirent.
3273 4360 3351 4413 De
3390 4357 3497 4419 hoc
3541 4373 3670 4429 ergo

2064 4447 2365 4519 panitente
2395 4447 2489 4520 qui
2531 4447 2739 4507 idcirco
2769 4448 3041 4512 bonorum
3074 4450 3329 4527 exempla
3357 4448 3671 4515 considerat

2074 4536 2485 4683 Etsibiimetipsi
2525 4545 2792 4609 quantum
2833 4554 2864 4599 a
2892 4537 3037 4602 bono
3080 4555 3337 4605 receccan
3367 4538 3675 4603 innotescat

2112 4642 2212 4683 ene
2277 4628 2477 4683 icitur:

2112 4642 2212 4691 ene
2238 4628 2443 4691 dicitur
2465 4646 2477 4685 :

2687 4736 2915 4801 CAPUT
2954 4738 3051 4805 IX.

2146 4845 2317 4903 Visne.
2361 4845 2449 4902 27.
2477 4875 2550 4895 κη
2576 4845 2834 4916 Rcspicict
2859 4847 3091 4905 homines
3119 4852 3169 4900 et
3193 4845 3327 4900 dicet
3356 4863 3374 4899 .v
3404 4846 3426 4881 ³
3455 4840 3675 4900 Peccavi

2076 4943 2124 4993 et
2148 4953 2266 4991 ocra
2295 4935 2517 5007 deliqui,
2545 4942 2594 4991 ct
2620 4943 2682 4992 ut
2705 4954 2852 4992 cram
2879 4938 3067 5007 dignus
3093 4952 3199 4990 non
3228 4934 3418 5003 recepi.

2143 5027 2232 5083 22.
2264 5027 2405 5082 Dum
2432 5043 2485 5081 sc
2514 5027 2627 5098 ﬁcte
2646 5033 2938 5097 peccatores
2959 5044 3065 5082 csso
3094 5027 3428 5096 confitentur,
3457 5024 3522 5080 de
3539 5040 3675 5081 cou-

356 5100 546 5165 αίῧῧίω
576 5102 788 5167 3mm
809 5099 1162 5174 Ρθτῧαδείοηθ
1180 5116 1237 5159 89
1261 5099 1527 5166 excitent,
1552 5094 1751 5161 subtili
1773 5092 1972 5159 consi~
2071 5115 2298 5187 fossione
2321 5092 2522 5189 peccati
2536 5092 2731 5175 ornari
2752 5118 2956 5181 uolunt,
2977 5131 3083 5169 non
3102 5092 3480 5171 humiliari.-—
3502 5116 3524 5157 δ
3544 5116 3672 5174 Peo-

357 5189 642 5247 deratione
672 5207 920 5263 pensare.
955 5190 1158 5247 Paulus
1188 5206 1444 5263 namque,
1478 5205 1606 5244 cum
1638 5193 1968 5243 caterorum

352 5288 674 5337 sanctorum
705 5278 1139 5338 sollicitudinem
1169 5279 1229 5336 in
1260 5278 1651 5352 pradicatione
1684 5273 1971 5331 robustius

357 5369 665 5483 lpborando
691 5368 1125 5440 transcenderet,
1150 5377 1211 5428 ut
1239 5369 1309 5427 ab
1327 5368 1565 5426 elatione
1585 5384 1644 5425 se
1673 5371 1965 5441 premeret,

434 5610 451 5644 ¹
494 5608 718 5667 Ehroic.
751 5615 806 5665 et
843 5606 961 5676 alii,
993 5588 1332 5664 unus'alterl
1367 5602 1575 5667 melior,

429 5684 453 5757 ξ
492 5681 734 5757 Yindoc.
767 5689 824 5738 et
842 5681 1073 5757 _l3_aluz.,
1107 5678 1169 5757 de
1200 5677 1309 5733 loco
1346 5690 1462 5757 suo.
1566 5752 1576 5757 _
1768 5746 1784 5757 .
1817 5743 1853 5757 υ
1938 5744 1949 5755 .

429 5753 457 5790 ⁸
493 5752 697 5813 Pratel.
728 5761 785 5811 et
806 5752 926 5823 alii,
951 5746 1196 5828 peccavi;
1222 5748 1481 5823 sequitur,
1530 5752 1723 5804 et'cerc
1749 5746 1969 5817 deliqui.

651 5868 900 5932 Pas-non.
934 5867 982 5928 L
1022 5864 1232 5929 XXVI.

2076 5215 2284 5263 catores
2312 5224 2369 5261 se
2411 5223 2525 5262 esse
2562 5208 2885 5277 plerumque
2925 5202 3261 5259 conﬁtentur
3290 5204 3458 5260 etiam
3491 5205 3585 5278 qui
3615 5221 3673 5261 se

2077 5311 2327 5369 peccasse
2362 5311 2475 5349 non
2518 5294 2768 5349 credunt.
2806 5293 2941 5350 Nam
2976 5309 3114 5365 sape
3159 5294 3431 5366 contingit
3468 5302 3531 5351 ut
3558 5310 3676 5369 pas-

2078 5386 2181 5451 sim
2211 5402 2266 5451 se
2295 5382 2549 5441 homines
2580 5381 2798 5463 iniquos
2818 5398 2934 5439 esse
2959 5383 3254 5459 fateantur,
3278 5383 3373 5440 sed
3392 5400 3518 5447 cum
3540 5401 3677 5465 pec—

2151 5619 2173 5653 ‘
2211 5617 2433 5701 Ρξαιθιι,
2462 5615 2722 5699 Ῡὶηάοαη
2755 5615 2981 5701 Turrim,
3015 5621 3311 5701 peccatores
3339 5632 3393 5674 se
3416 5617 3676 5691 conﬁteri—-

2083 5696 2170 5746 tur
2200 5690 2358 5747 etiam
2380 5688 2475 5761 qui
2500 5705 2553 5744 se
2580 5706 2686 5746 esse
2705 5703 2811 5745 non
2834 5688 3072 5746 credunt.

3363 5858 3429 5915 10
