4162 6184
531 266 640 324 299

1739 260 1990 318 SANCTI
2022 261 2361 319 GREGORII
2398 260 2625 319 MAGNI

3737 270 3838 329 300

529 395 651 445 cata
675 401 775 442 sua
800 383 1070 443 veraciter
1095 382 1221 440 aliis
1257 383 1617 457 arguentibus
1654 384 1913 453 audiunt,
1945 382 2133 439 defen-
2158 393 2211 453 Α
2234 384 2535 452 consensit,
2566 393 2712 443 recte
2752 384 2930 444 dicit:
2975 384 3253 443 Liberavit
3287 386 3528 465 animum
3569 408 3736 464 etiam,
3777 412 3842 453 us

530 475 671 532 dunt
698 490 756 532 se
782 488 1149 545 summopere,
1178 479 1343 547 atque
1366 472 1691 531 innocentes
1717 473 1900 532 videri
1929 489 2136 531 conan-

527 572 641 622 tur.
666 562 1053 636 Unusquisque
1079 578 1209 635 ergo
1237 580 1365 620 cum
1393 563 1521 621 talis
1552 572 1656 633 est,
1687 564 1734 620 si
1764 562 2135 637 deliquissese

485 695 490 699 .
530 654 685 721 dicit,
717 668 844 709 vere
872 668 985 709 non
1013 651 1170 722 dicit,
1202 652 1405 728 quippe
1437 654 1533 729 qui
1562 662 1903 728 peccatorem
1938 644 1995 712 se
2021 668 2137 711 non

527 760 598 799 ex
616 740 800 798 cordis
824 740 1045 811 intimo,
1077 740 1175 797 sed
1199 743 1537 800 verbotenus
1564 742 1779 799 asserit.
1812 743 1957 811 Quia
1984 746 2134 802 enim

527 832 795 903 scriptum
842 838 924 887 est
966 849 978 887 :
1023 831 1210 888 Justus
1244 831 1303 887 in
1341 833 1609 905 principio
1641 840 1921 889 accusator
1948 841 2023 892 est
2048 836 2137 892 sui

531 919 719 993 (Prov.
768 936 931 987 xvm,
981 918 1097 991 17),
1147 919 1252 976 iste
1292 919 1361 976 de
1401 920 1749 977 confessione
1777 923 1989 993 peccati
2034 939 2138 978 or-

528 1010 650 1066 nari
685 1009 884 1077 voluit,
916 1022 1028 1066 non
1056 1009 1380 1077 humiliari;
1409 1026 1508 1083 per
1536 1010 1947 1068 accusationem
1977 1028 2134 1069 suam

527 1099 759 1157 humilis
787 1098 1019 1172 appetiit
1048 1098 1254 1166 videri,
1270 1114 1384 1155 non
1405 1114 1541 1156 esse.
1573 1100 1713 1155 Nam
1742 1100 1790 1175 si
1816 1099 2132 1158 conﬁtendo

527 1195 813 1261 peccatum
843 1203 959 1243 esse
980 1185 1213 1243 humilis
1236 1187 1509 1246 veraciter
1536 1196 1839 1262 appeteret,
1861 1188 1928 1246 de
1949 1206 2135 1264 perpe-

526 1277 765 1333 tratione
794 1276 1002 1348 peccati
1041 1284 1335 1349 arguentes
1366 1294 1423 1335 se
1452 1278 1592 1335 alios
1620 1294 1733 1335 non
1762 1278 2131 1353 impugnaret.

527 1369 717 1440 Itaque
738 1366 922 1440 justus
945 1368 1119 1425 vitam
1149 1385 1305 1426 suam
1330 1368 1587 1442 judicans
1615 1387 1712 1444 per
1742 1372 1994 1444 exempla
2024 1388 2134 1430 me-

530 1458 734 1513 liorum
751 1472 821 1513 ex
837 1457 1019 1515 cordis
1047 1458 1249 1515 intimo
1270 1460 1556 1533 cognoscit
1583 1477 1640 1516 se
1666 1476 1782 1516 esse
1802 1461 1952 1533 quod
1971 1461 2130 1520 dicit.

529 1547 625 1604 Ait
652 1547 803 1603 enim
827 1566 841 1603 :
872 1549 1111 1614 Peccavi,
1142 1556 1191 1603 et
1216 1566 1335 1604 vere
1359 1549 1581 1620 deliqui.
1613 1551 1794 1620 Atque
1817 1547 1887 1605 de
1913 1564 1978 1605 eo
2012 1550 2132 1621 ipso

529 1636 675 1710 quod
717 1637 917 1693 tolerat
961 1638 1177 1710 ﬂagello
1213 1635 1538 1709 subjungit:
1575 1638 1652 1693 Et
1676 1642 1737 1693 ut
1761 1653 1915 1693 eram
1941 1636 2132 1710 dignus

524 1742 633 1780 non
658 1725 849 1796 recepi.

596 1814 686 1870 23.
731 1812 835 1881 Qui
856 1829 961 1885 pro
982 1812 1210 1885 peccatis
1244 1814 1574 1886 ﬂagellatur,
1615 1813 1793 1872 minus
1830 1831 1884 1872 se
1903 1832 2133 1889 percus-

524 1919 643 1959 sum
671 1918 832 1974 quam
858 1909 1149 1969 mereatur,
1186 1909 1455 1975 agnoscat.
1486 1905 1655 1961 Paene
1693 1922 1790 1961 nos
1816 1904 2133 1979 interrogat,

525 1992 574 2048 si
600 2010 718 2048 vere
745 1994 963 2064 culpam
985 2010 1352 2065 agnoscamus.
1377 2024 1449 2035 —
1477 1993 1866 2069 Unusquisque
1895 1995 2045 2052 enim
2073 1995 2134 2051 in

525 2081 742 2154 ﬂagello
771 2083 986 2155 positus
1014 2082 1200 2139 minus
1218 2084 1401 2142 adhuc
1429 2092 1651 2157 peccata
1676 2103 1775 2142 sua
1795 2085 2127 2154 considerat,

526 2173 572 2228 si
595 2175 683 2228 vel
704 2180 919 2228 tantum
947 2173 1034 2229 vel
1064 2175 1303 2246 amplius
1331 2191 1388 2231 se
1416 2191 1734 2248 percussum
1764 2192 1928 2250 quam
1960 2190 2129 2231 mere-

524 2260 689 2319 batur
719 2262 1023 2319 existimat.
1073 2264 1181 2320 Iste
1210 2271 1414 2333 autem,
1463 2265 1593 2338 quia
1622 2272 1829 2339 quanto
1859 2263 2132 2336 majorum

526 2353 779 2424 exempla
807 2352 1141 2423 considerat,
1172 2361 1329 2410 tanto
1359 2354 1685 2412 districtiori
1725 2353 2135 2411 examinatione

525 2458 584 2499 se
632 2449 842 2514 pensat,
891 2442 1078 2498 minus
1120 2458 1178 2498 se
1231 2460 1555 2515 percussum
1603 2461 1768 2519 quam
1822 2443 2136 2500 merebatur

524 2533 793 2605 agnoscit,
817 2531 950 2604 quia
968 2532 1026 2587 in
1046 2532 1273 2587 illorum
1288 2533 1510 2604 justitia
1529 2534 1805 2606 conspicit
1831 2546 1997 2606 quam
2018 2546 2134 2604 gra-

524 2623 614 2679 vis
659 2622 768 2679 sibi
805 2622 969 2694 culpa
1014 2622 1185 2678 fuerit
1225 2622 1377 2695 quod
1423 2623 1662 2695 erravit;
1704 2628 1761 2678 et
1787 2620 1999 2677 idcirco
2027 2618 2136 2675 hoc

525 2714 675 2788 quod
702 2714 909 2787 patitur
928 2713 1243 2771 districtum
1263 2729 1380 2772 esse
1399 2731 1513 2771 non
1528 2713 1717 2782 sentit,
1733 2711 1865 2786 quia
1881 2709 2133 2767 districte

525 2804 687 2860 novit
715 2819 943 2876 pensare
967 2802 1117 2876 quod
1144 2803 1296 2860 fecit.
1339 2803 1515 2861 Valde
1552 2811 1737 2860 autem
1767 2800 1930 2857 facile
1960 2806 2044 2856 est
2070 2805 2135 2854 ut

526 2898 870 2965 peccatorem
914 2908 970 2948 se
1016 2892 1272 2965 quisque,
1307 2908 1435 2949 cum
1465 2891 1612 2949 nihil
1642 2908 1742 2965 pro
1771 2895 1996 2964 peccato
2032 2902 2133 2943 suo

529 2983 739 3055 patitur
767 2982 1024 3038 fateatur.
1071 2981 1273 3037 Securo
1309 2980 1572 3038 videlicet
1600 2980 1824 3054 iniquos
1851 2996 1955 3035 nos
1982 2976 2134 3034 dici-

524 3087 671 3140 mus,
703 3088 833 3128 cum
862 3070 1170 3127 vindictam
1199 3069 1411 3126 nullam
1431 3068 1501 3126 de
1521 3069 1817 3143 iniquitate
1840 3068 2167 3192 sentimus.l

525 3160 660 3192 ηοω
693 3166 1002 3192 ποηηοθηι-οο
1038 3173 1136 3192 nnc
1167 3158 1387 3192 ηπςιῖοπι
1422 3160 1476 3192 tn
1508 3158 1913 3192 θηηηπίιιςίοθο
1944 3155 2136 3192 Inani-

525 3160 663 3217 Nam
693 3166 1004 3232 peccatores
1038 3173 1139 3212 nos
1166 3158 1390 3230 quidem
1421 3160 1480 3215 in
1508 3158 1914 3232 tranquillitate
1944 3155 2136 3228 loqui-9

527 3264 673 3317 mur,
704 3248 800 3305 sed
828 3260 955 3303 cum
986 3244 1052 3301 de
1073 3248 1309 3318 peccatis
1330 3247 1468 3320 ipsis
1486 3246 1703 3320 ﬂagello
1732 3245 2137 3303 interveniente

525 3338 884 3412 corripimur,
921 3351 1353 3394 murmuramns.
1387 3339 1554 3395 Pmna
1582 3353 1710 3409 ergo
1753 3352 1854 3392 nos
1884 3335 2137 3391 interro-

526 3435 636 3500 gat,
679 3426 727 3483 si
774 3424 1044 3483 veraciter
1083 3426 1469 3501 cognoscimus
1523 3426 1763 3497 culpam.
1803 3422 1906 3480 Vir
1948 3423 2135 3496 itaque

521 3515 726 3589 justus,
760 3516 890 3589 quia
917 3517 1136 3592 culpam
1166 3533 1324 3573 suam
1346 3516 1596 3574 districte
1613 3515 1943 3585 considerat,
1966 3516 2133 3573 etiam

526 3604 588 3661 in
615 3604 832 3679 ﬂagello
862 3607 1072 3678 positus
1100 3605 1285 3663 dicat:
1320 3608 1396 3664 Et
1423 3611 1485 3662 ut
1509 3606 1701 3679 dignus
1724 3620 1875 3681 eram
1902 3620 2010 3662 non
2037 3621 2135 3660 re-

525 3694 656 3768 cepi.
688 3694 948 3769 Sequitur
978 3712 994 3754 :

748 3856 759 3863 ,
1163 3784 1395 3845 CAPUT
1437 3785 1512 3844 x.

598 3874 768 3932 Vens.
790 3874 880 3934 28.
906 3906 972 3918 —
1000 3876 1273 3933 Liberavit
1296 3877 1437 3932 enim
1462 3876 1701 3934 animam
1728 3892 1902 3941 suam,
1929 3891 1994 3931 ne
2012 3889 2134 3947 per-

523 3970 666 4035 geret
694 3964 753 4017 in
778 3964 1071 4020 interitum.
1552 4032 1555 4035 ἰ

599 4049 689 4105 24.
713 4051 914 4106 Gratiae
935 4052 1308 4123 prcevenientis
1334 4057 1384 4106 et
1417 4051 1571 4105 liberi
1586 4050 1805 4107 arbitrii
1826 4051 2135 4123 subsequen-

530 4138 598 4193 tis
626 4139 926 4195 concordia.
958 4170 1030 4182 —
1057 4139 1201 4206 Quia
1238 4138 1609 4209 praeveniente
1639 4138 1832 4195 divina
1874 4140 2046 4212 gratia
2073 4142 2134 4197 in

529 4226 845 4299 operatione
873 4227 1038 4297 bona,
1061 4229 1345 4282 ‘nostrum
1370 4226 1606 4283 liberum
1636 4226 1929 4284 arbitrium
1954 4230 2133 4302 sequi-

527 4322 644 4383 tur,
676 4316 1041 4389 nosmetipsos
1069 4315 1304 4372 liberare
1331 4314 1595 4385 dicimur,
1625 4317 1722 4390 qui
1746 4317 2003 4374 liberanti
2033 4336 2132 4376 nos

529 4403 768 4461 Domino
808 4406 1207 4463 consentimus.
1252 4405 1408 4463 Unde
1451 4406 1673 4476 Paulus,
1715 4425 1843 4465 cum
1873 4409 2080 4467 diceret
2114 4427 2127 4467 :

2235 480 2479 546 pergeret
2503 473 2563 530 in
2588 475 2884 532 interitum.
2925 475 3229 550 Sequitur:

2314 564 2454 622 Iam.
2477 593 2548 606 —
2568 564 2671 621 Sed
2698 563 2873 620 vivens
2905 564 3071 619 lucem
3104 564 3325 622 videret.

2314 652 2519 710 Lucem
2548 651 2762 710 scilicet
2789 652 3043 709 veritatis
3078 669 3244 727 quam
3274 653 3438 712 corde
3476 663 3726 716 mortuus
3749 660 3846 718 vi-

2245 739 2373 798 dere
2414 757 2529 799 non
2576 748 2781 815 posset.
2815 740 2919 799 Vel
2961 749 3129 811 certe,
3182 742 3313 815 quia
3351 744 3622 805 Dominus
3660 748 3843 808 dixit:

2243 831 2359 902 Ego
2385 847 2504 887 sum
2526 831 2622 887 tua:
2651 829 2839 887 mundi
2864 829 3055 903 (Ioan.
3075 848 3201 900 vm,
3223 832 3337 905 l2),
3368 834 3639 894 videbunt
3665 838 3845 897 lucem

2244 926 2409 982 etiam
2440 928 2665 997 mortui,
2703 925 2841 982 771
2873 928 3094 1002 quando
3127 945 3322 987 omnes
3361 930 3553 1003 injusti
3579 949 3707 991 eum
3742 951 3851 992 ve-

2245 1014 2366 1071 nire
2405 1015 2475 1072 ad
2505 1015 2785 1089 judicium
2825 1017 2886 1073 in
2916 1017 3282 1075 humanitatis
3317 1018 3497 1076 forma
3541 1038 3852 1095 conspexe-

2244 1101 2378 1160 rint.
2423 1103 2530 1162 Sed
2572 1105 2770 1163 vivens
2815 1114 2948 1165 tunc
2993 1108 3177 1165 lucem
3226 1108 3478 1181 respicit,
3523 1110 3621 1183 qui
3661 1110 3852 1169 liberis

2245 1196 2421 1253 oculis
2447 1197 2630 1257 cordis
2658 1199 2719 1257 in
2747 1199 2929 1257 forma
2952 1215 3081 1258 eum
3110 1200 3434 1260 divinitatis
3461 1202 3717 1262 attendit.
3748 1205 3853 1262 Se-

2244 1285 2436 1359 quitur
2457 1305 2471 1344 :

2672 1377 2901 1437 CAPUT
2940 1378 3021 1436 x1
3061 1377 3210 1454 [Rec.
3249 1378 3399 1455 vn].

2312 1463 2486 1522 Vnus.
2512 1465 2833 1524 29.—ch
2866 1467 3048 1525 omnia
3086 1475 3346 1541 operatur
3370 1471 3519 1527 Deus
3553 1470 3723 1527 tribus
3760 1470 3855 1526 vi-

2240 1549 2384 1607 cibus
2405 1570 2507 1626 per
2531 1555 2792 1629 singulos.

2310 1644 2400 1702 25.
2449 1646 2641 1703 Tribus
2666 1649 2870 1705 vicibus
2914 1650 3063 1706 electi
3098 1650 3260 1723 prius
3297 1667 3541 1719 maerore,
3578 1650 3852 1723 posterius

2160 1748 2209 1811 Β
2236 1732 2433 1806 gaudio
2461 1736 2600 1807 aﬂici
2633 1738 2818 1794 solent.
2845 1768 2917 1780 —
2941 1740 3019 1796 De
3058 1738 3166 1798 hoc
3206 1747 3418 1797 tentato
3460 1739 3854 1813 ﬂagellatoque

2242 1820 2470 1879 homine
2496 1823 2708 1882 dictum
2734 1828 2988 1901 superius
3024 1830 3239 1888 fuerat:
3275 1829 3673 1887 Abominabilis
3699 1828 3751 1884 ei
3793 1829 3857 1900 fit

2241 1910 2300 1967 in
2316 1912 2428 1969 vita
2450 1931 2551 1971 sua
2565 1916 2730 1987 panis
2742 1935 2764 1983 ;
2776 1923 2826 1973 et
2840 1919 3300 1992 appropinquavit
3315 1919 3656 1993 corruptioni
3667 1917 3856 1975 anima

2242 2001 2375 2073 ejus,
2397 2009 2446 2059 et
2470 2004 2582 2061 vita
2605 2005 2756 2062 illius
2779 2008 3096 2078 mortiferis.
3116 2010 3355 2066 Inferius
3375 2025 3507 2066 vero
3534 2010 3855 2067 subnexum

2243 2100 2361 2149 est:
2392 2093 2774 2164 Deprecabitur
2787 2095 2976 2161 Deum,
2994 2101 3042 2151 et
3062 2096 3350 2168 placabilis
3374 2096 3422 2152 ei
3447 2095 3555 2152 erit
3562 2115 3586 2161 ;
3616 2103 3668 2153 et
3693 2096 3859 2154 vide-

2245 2181 2320 2237 bit
2346 2181 2538 2252 faciem
2554 2181 2667 2252 ejus
2692 2182 2751 2239 in
2769 2184 2967 2254 jubilo,
2988 2190 3036 2240 et
3064 2184 3311 2242 liberavit
3331 2184 3569 2241 animam
3587 2202 3769 2254 suam,
3791 2202 3861 2242 ne

2236 2276 2480 2342 pergeret
2502 2271 2561 2325 in
2586 2271 2881 2340 interitum,
2913 2274 3003 2329 sed
3028 2272 3206 2329 vivens
3237 2275 3402 2330 lucem
3428 2273 3651 2330 videret.
3679 2276 3745 2331 In
3768 2273 3859 2332 his

2244 2358 2428 2432 itaque
2447 2358 2563 2430 jam
2592 2360 2841 2419 collectis
2868 2364 3316 2436 coacervatisque
3343 2363 3664 2433 sententiis,
3686 2372 3746 2421 et
3771 2381 3861 2421 su-

2242 2463 2341 2520 pra
2362 2464 2564 2506 mmror
2579 2451 2988 2521 amaritudinis,
3010 2459 3066 2509 et
3084 2452 3145 2508 in
3153 2453 3267 2508 ira8
3289 2450 3414 2524 subj
3422 2460 3589 2509 uncta
3606 2461 3702 2510 est
3721 2453 3866 2510 luiti-

2242 2536 2322 2594 tia
2350 2538 2689 2607 securitatis;
2722 2556 2962 2614 moxque
2992 2540 3252 2613 posthaec
3268 2540 3480 2599 dicitur
3496 2560 3509 2598 :
3528 2542 3664 2600 Haec
3683 2542 3868 2600 omnia

2242 2633 2499 2698 operatur
2521 2630 2664 2685 Deus
2693 2630 2863 2686 tribus
2887 2630 3087 2687 vicibus
3111 2647 3210 2704 per
3236 2631 3495 2704 singulos.
3520 2633 3603 2690 Ac
3637 2631 3689 2689 si
3713 2630 3866 2690 dice-

2241 2721 2362 2770 ret:
2395 2714 2553 2782 Quod
2581 2718 2751 2772 semel
2771 2718 2841 2773 de
2859 2734 2972 2775 uno
2991 2719 3132 2786 dixi,
3166 2719 3273 2775 hoc
3297 2719 3479 2776 tribus
3501 2721 3736 2779 vicibus
3762 2737 3864 2795 per

2241 2802 2487 2874 singulos
2527 2802 2728 2875 agitur.
2789 2805 2896 2861 Sed
2939 2806 3171 2862 solerter
3211 2806 3544 2861 intuendum
3592 2817 3685 2865 est
3737 2825 3865 2884 quas

2240 2899 2350 2949 tres
2377 2892 2497 2949 istae
2514 2890 2667 2949 vices
2694 2892 2808 2949 sint
2827 2893 3030 2967 quibus
3049 2893 3434 2966 unusquisque
3460 2892 3636 2952 homo
3660 2897 3865 2955 anxie-

2241 2988 2351 3037 tate
2399 2980 2653 3038 mceroris
2702 2981 2959 3051 afﬁcitur,
2990 2989 3045 3039 et
3096 2987 3220 3054 post
3262 2997 3553 3038 mmrorem
3592 2985 3868 3056 protinus

2243 3070 2314 3127 ad
2341 3070 2692 3128 securitatem
2721 3070 2927 3128 laetitiae
2956 3077 3267 3127 revocatur.
3299 3069 3363 3126 Id
3390 3070 3540 3126 enim
3568 3074 3863 3145 superius,

2244 3159 2389 3216 sicut
2411 3159 2525 3231 jam
2547 3159 2691 3229 dixi,
2710 3166 3046 3229 narraverat,
3070 3159 3219 3233 quod
3238 3167 3294 3216 et
3318 3159 3500 3232 gravis
3532 3160 3695 3233 prius
3724 3179 3864 3222 mm-

2243 3265 2336 3305 ror
2352 3248 2541 3316 aﬂicit,
2560 3255 2615 3305 et
2634 3264 2830 3321 magna
2847 3247 3204 3321 postmodum
3220 3246 3416 3305 laetitia
3429 3248 3658 3307 attollit.
3679 3250 3865 3325 Igitur

2242 3339 2291 3395 si
2319 3339 2615 3409 vigilanter
2651 3338 3013 3407 intendimus,
3046 3338 3148 3397 has
3177 3344 3289 3395 tres
3327 3338 3480 3396 vices
3512 3341 3778 3398 maeroris
3806 3348 3867 3399 et

2244 3427 2450 3484 laetitiae
2479 3428 2539 3484 in
2568 3426 3005 3502 uniuscujusque
3022 3428 3186 3487 electi
3211 3427 3399 3484 animo
3429 3428 3551 3486 istis
3579 3428 3863 3487 alternari

2243 3515 2423 3573 modis
2449 3516 2787 3586 invenimus,
2810 3516 2869 3575 id
2895 3523 2982 3574 est
3001 3518 3024 3555 ⁴
3051 3516 3433 3585 conversione,
3461 3516 3784 3575 tentatione
3805 3526 3867 3576 et

2243 3612 2441 3662 morte.

2314 3694 2475 3752 26.1.
2507 3696 2574 3752 In
2598 3695 2958 3764 conversione,
2986 3711 3107 3752 cum
3134 3694 3255 3752 hinc
3281 3693 3504 3768 spiritus
3521 3700 3700 3762 vocat,
3732 3694 3865 3752 hinc

2242 3799 2369 3840 caro
2396 3787 2772 3843 revocat—In
2802 3785 2982 3858 prima
3007 3785 3216 3858 quippe
3244 3800 3409 3859 quam
3436 3783 3689 3842 diximus
3725 3800 3862 3843 con-

2243 3875 2513 3930 versionis
2531 3875 2651 3931 vice
2678 3874 2862 3945 gravis
2890 3889 3095 3930 maeror
3124 3882 3226 3943 est,
3261 3890 3391 3932 cum
3418 3889 3519 3931 sua
3546 3873 3864 3947 unusquis-

2242 3977 2348 4036 que
2385 3969 2605 4034 peccata
2631 3961 3008 4029 considerans,
3053 3978 3315 4020 curarum
3343 3963 3701 4021 saecularium
3732 3964 3868 4022 vult

2242 4049 2530 4123 compedes
2557 4065 2835 4121 rumpere,
2867 4057 2923 4105 et
2949 4049 3098 4105 viam
3124 4050 3226 4106 Dei
3255 4065 3354 4121 per
3372 4051 3615 4122 spatium
3640 4067 3869 4111 secum

2242 4136 2672 4196 conversationis
2688 4136 2998 4203 ambulare;
3026 4135 3431 4192 desideriorum
3454 4140 3868 4209 temporalium

2242 4244 2380 4284 onus
2406 4243 2567 4300 grave
2595 4224 2853 4299 abjicere,
2886 4232 2942 4282 et
2969 4226 2992 4261 ⁸
3022 4224 3145 4282 leve
3173 4222 3373 4296 jngum
3402 4225 3630 4281 Domini
3670 4226 3873 4286 libera

2240 4317 2502 4373 servitute
2544 4323 2781 4389 portare.
2816 4313 3092 4387 Cogitanti
3123 4313 3273 4369 enim
3316 4314 3425 4370 ista
3460 4313 3712 4371 occurrit
3759 4317 3870 4375 illa

2239 4404 2530 4461 familiaris
2574 4421 2673 4461 sua
2718 4403 3013 4462 delectatio
3055 4401 3311 4471 carnalis,
3361 4417 3483 4475 qua:
3537 4400 3867 4461 inveterata

529 4494 905 4552 Abundantius
942 4496 1056 4553 illis
1093 4495 1334 4553 omnibus
1370 4497 1611 4554 laboravi
1636 4475 1702 4569 Ι
1725 4499 1849 4556 Cor.
1881 4516 1978 4568 xv,
2013 4499 2126 4573 10),
2158 4475 2208 4535 Ῑ)
2235 4493 2472 4562 dudum,
2516 4501 2723 4567 quanto
2765 4509 2893 4551 eum
2939 4490 3154 4549 diutius
3197 4490 3404 4559 tenuit,
3449 4496 3610 4547 tanto
3639 4492 3865 4550 arctius

530 4598 599 4640 ne
616 4582 828 4641 labores
842 4602 972 4643 suos
987 4585 1094 4643 sibi
1107 4586 1366 4643 tribuisse
1377 4587 1835 4657 videretur,illico
1850 4587 1935 4659 adj
1943 4587 2124 4644 unxit:

527 4674 650 4732 Non
694 4680 871 4729 autem
914 4693 1025 4747 ego,
1074 4676 1164 4731 sed
1208 4675 1387 4746 gratia
1418 4674 1519 4731 Dei
1555 4692 1775 4731 mecum.
1811 4676 1952 4742 Quia
1979 4676 2128 4732 enim

530 4765 957 4839 praevenientem
987 4765 1087 4821 Dei
1113 4765 1345 4837 gratiam
1367 4765 1389 4799 ²
1410 4765 1469 4820 in
1497 4779 1555 4821 se
1582 4780 1679 4837 per
1707 4763 1943 4820 liberum
1971 4763 2130 4821 arbi—

530 4856 701 4913 trium
751 4854 933 4911 fuerat
970 4854 1316 4921 subsecutus,
1359 4860 1482 4925 apte
1529 4852 1648 4925 subj
1657 4854 1834 4926 ungit,
1875 4854 2079 4910 Mecum
2108 4872 2127 4911 :

530 4952 595 5001 ut
621 4953 676 5002 et
703 4945 898 5002 divino
927 4946 1142 5002 muneri
1185 4959 1298 5000 non
1325 4950 1469 5000 esset
1495 4943 1763 5015 ingratus,
1796 4949 1851 4998 et
1878 4951 2060 5000 tamen
2095 4959 2130 4999 a

533 5033 729 5089 merito
759 5034 922 5091 liberi
960 5034 1176 5092 arbitrii
1217 5050 1330 5090 non
1363 5039 1671 5090 remaneret
1699 5038 2017 5090 extraneas.
2049 5034 2129 5090 De

532 5118 640 5181 hoc
653 5130 837 5180 autem
852 5127 949 5197 qui
964 5124 1245 5182 liberatori
1263 5140 1365 5181 suo
1378 5122 1735 5196 semetipsum
1750 5122 2129 5195 cognoscendo

611 5356 629 5441 ξ
655 5356 899 5441 In_Edit.
938 5357 1143 5437 Vatic.,
1175 5362 1344 5426 Gilot.
1394 5368 1449 5425 et
1486 5358 1759 5441 plerisque
1786 5360 1955 5441 etiam
1983 5359 2129 5441 antis

536 5435 847 5509 quioribus,
874 5435 1135 5494 nostrum
1163 5441 1383 5496 liberum
1416 5435 1709 5497 arbitrium
1734 5437 2025 5509 sequimur.
2055 5438 2131 5494 At

536 5507 763 5583 in_M_ss_._
786 5508 1014 5583 'I‘uro_n.,
1045 5511 1256 5583 Norm.,
1287 5519 1415 5580 etc.,
1448 5512 1700 5583 legimus,
1726 5507 1984 5583 sequitur.

608 5579 630 5613 ²
657 5577 833 5653 Editi,
874 5577 1179 5653 etiamﬂipse
1210 5577 1310 5653 per
1340 5577 1561 5638 liberuin
1589 5577 1893 5638 arbitrium.
1937 5581 2131 5653 Repu-

536 5658 708 5734 gnant
732 5650 863 5709 Mss.
878 5650 1115 5733 .Anglic‘.
1145 5650 1417 5712 etGallic.
1447 5669 1482 5711 a
1506 5653 1709 5727 quibus
1734 5659 1982 5710 nostram
2011 5650 2129 5711 leo-

533 5730 746 5784 tionem
774 5730 1097 5798 accipimus.

2236 4585 2512 4658 astringit,
2540 4591 2705 4658 atque
2729 4599 2764 4640 a
2789 4600 2847 4640 se
2872 4580 3089 4639 tardius
3115 4580 3268 4638 abire
3299 4579 3594 4653 permittit.
3619 4579 3697 4636 Et
3725 4582 3865 4655 quis

2236 4676 2317 4733 ibi
2346 4692 2569 4745 mceror,
2591 4692 2713 4749 qua:
2745 4674 2996 4731 anxietas
3015 4671 3220 4741 cordis,
3254 4669 3474 4744 quando
3503 4668 3639 4725 hinc
3666 4670 3870 4743 spiri-

2235 4772 2325 4822 tus
2351 4773 2532 4833 vocat,
2564 4763 2698 4821 hinc
2724 4778 2851 4820 caro
2879 4768 3133 4829 revocat;
3167 4759 3301 4815 hinc
3327 4774 3482 4815 amor
3510 4773 3673 4814 novae
3704 4774 3867 4816 con-

2235 4853 2564 4910 versationis
2601 4851 2802 4908 invitat
2817 4895 2833 4921 ,
2863 4850 2999 4908 hinc
3026 4865 3159 4906 usus
3197 4853 3427 4904 vetustae
3465 4846 3865 4919 perversitatis

2236 4943 2558 5015 impugnat;
2599 4939 2733 4997 hinc
2764 4939 3037 4997 desiderio
3065 4938 3137 4995 ad
3163 4938 3441 4995 cmlestem
3469 4934 3710 5009 patriam
3744 4935 3867 4993 ﬂa-

2236 5036 2374 5103 grat,
2390 5038 2446 5086 et
2470 5029 2605 5087 hinc
2631 5029 2692 5085 in
2720 5028 3015 5101 semetipso
3034 5026 3315 5084 carnalem
3331 5025 3865 5098 concupiscentiam

2233 5120 2454 5190 tolerat,
2497 5134 2620 5194 qua
2661 5133 2790 5175 eum
2827 5117 2996 5175 etiam
3032 5117 3222 5192 aliquo
3260 5113 3427 5172 modo
3462 5114 3710 5172 invitum
3743 5114 3866 5174 de-

2310 5365 2333 5400 s
2373 5358 2874 5433 Vindoc._et__pler.
2904 5355 3120 5433 Nornl_._,
3158 5354 3396 5433 subjecta
3425 5358 3534 5433 θεία,
3656 5416 3672 5433 .
3702 5419 3717 5433 .

2311 5436 2334 5506 f
2615 5416 2880 5497 Colliert.,
2934 5416 3174 5506 Anglic,
3230 5416 3445 5506 Noun,
3487 5429 3615 5492 etc.,
3656 5416 3761 5480 hic
3799 5427 3874 5482 et

2238 5505 2383 5562 infra
2410 5502 2633 5570 habent,
2669 5502 3078 5567 conversatione,
3120 5502 3585 5570 conversationem,
3616 5509 3864 5550 conver-

2238 5575 2478 5643 sationis,
2527 5567 2626 5643 pro
2670 5572 3025 5642 conversione,
3068 5577 3199 5637 etc.,
3246 5567 3479 5625 fortasse
3521 5567 3594 5625 ob
3636 5581 3859 5624 vocum

2239 5648 2467 5705 illarum
2499 5646 2846 5706 alﬁnitatem.

2309 5718 2335 5758 ⁸
2373 5718 2491 5790 AL,
2511 5718 2644 5779 lens.
