4162 6184
346 243 453 300 301

1097 238 1474 299 MOBALIUM
1511 239 1646 299 LIB.
1688 239 1897 302 XXIV.
1935 271 2008 286 —
2044 242 2118 301 IN
2153 243 2384 304 CAPUT
2419 246 2661 305 XXXIII
2697 249 2762 305 B.
2801 250 2945 307 JOB.

3568 253 3679 314 302

352 369 569 430 lectat?
596 370 761 427 Recte
786 381 917 440 ergo
965 364 1033 423 de
1060 365 1168 424 hoc
1193 377 1563 426 amarescente
1591 369 1822 426 homine
1847 369 1960 428 dici
1987 373 2040 432 A
2081 373 2388 439 solationis,
2418 373 2512 429 sed
2540 372 2740 429 durum
2768 373 3009 430 laborem
3039 375 3389 446 postmodum
3413 376 3437 412 ³
3463 378 3679 453 experi-

351 467 540 536 potest
565 476 578 514 :
609 455 993 514 Abominabilis
1029 457 1078 512 ei
1104 457 1165 528 ﬁt
1192 458 1252 513 in
1277 458 1389 513 vita
1435 475 1535 514 sua
1558 458 1720 530 panis
1741 476 1762 524 ;
1790 466 1838 514 et
1867 476 1962 530 ap-

346 546 738 626 propinquavit
753 546 1084 618 corruptioni
1100 547 1278 604 anima
1297 548 1432 618 ejus,
1453 553 1502 603 et
1518 547 1628 603 vita
1641 547 1791 603 illius
1808 564 1963 602 mor—

356 635 664 711 tiferisSed
683 636 814 710 quia
831 635 1024 692 divina
1044 637 1218 710 gratia
1235 637 1332 694 diu
1351 653 1452 694 nos
1481 637 1603 694 istis
1619 634 1959 693 difﬁcultati-

352 727 458 785 bus
474 725 619 783 aﬁici
636 741 749 781 non
770 725 1248 797 permittit,ruptis
1271 733 1622 799 peccatorum
1644 734 1958 784 nostrorum

353 815 596 874 vinculis
623 814 792 872 citius
818 829 918 869 nos
961 812 1030 869 ad
1061 813 1371 871 libertatem
1401 830 1562 871 novae
1587 813 1961 870 conversatio-

356 906 444 962 nis
468 901 808 960 consolando
837 899 1112 972 perducit,
1152 909 1211 958 et
1245 901 1643 976 praecedentem
1674 901 1960 957 tristitiam

354 993 694 1065 subsequens
720 989 912 1046 laetitia
942 989 1189 1057 refovet;
1223 991 1302 1047 ita
1331 999 1394 1048 ut
1419 990 1671 1048 conversi
1699 991 1963 1046 uniuscu-

350 1083 552 1156 jusque
575 1079 798 1136 animus
813 1094 876 1134 eo
893 1079 1068 1150 magis
1093 1078 1166 1135 ad
1181 1087 1375 1136 votum
1401 1097 1563 1137 suum
1584 1077 1958 1152 perveniendo

357 1171 611 1246 gaudeat,
641 1185 752 1243 quo
777 1168 951 1240 magis
986 1184 1043 1224 se
1089 1185 1188 1240 pro
1230 1169 1328 1226 illo
1359 1170 1617 1227 meminit
1655 1168 1961 1226 laborando

357 1261 619 1318 doluisse.
653 1259 742 1315 Fit
773 1256 928 1315 cordi
959 1257 1225 1314 immensa
1269 1259 1486 1328 laetitia,
1539 1260 1673 1333 quia
1699 1259 1750 1316 ei
1799 1273 1965 1332 quem

358 1349 653 1418 desiderat,
677 1347 792 1420 jam
823 1363 920 1419 per
963 1363 1114 1419 spem
1161 1349 1471 1406 securitatis
1519 1349 1875 1422 propinquat,
1903 1353 1969 1403 ut

359 1449 505 1497 recte
524 1438 591 1494 de
619 1437 727 1494 hoc
753 1435 865 1493 dici
894 1435 1088 1492 debeat
1115 1454 1128 1493 :
1164 1439 1546 1509 Deprecabitur
1566 1439 1756 1506 Deum,
1779 1445 1827 1492 et
1849 1439 1969 1508 pla-

361 1529 544 1586 cabilis
573 1529 620 1584 ei
668 1528 809 1593 erit;
838 1534 886 1582 et
928 1528 1120 1584 videbit
1146 1528 1337 1599 faciem
1366 1528 1479 1600 ejus
1526 1529 1585 1585 in
1623 1529 1824 1598 jubilo.
1859 1525 1966 1584 Vel

361 1628 509 1676 certe
535 1637 548 1675 :
578 1617 849 1674 Liberavit
871 1617 1108 1674 animam
1135 1634 1289 1676 suam
1330 1637 1394 1676 ne
1425 1625 1664 1692 pergeret
1689 1618 1746 1673 in
1771 1615 1970 1673 interi-

363 1717 496 1776 tum,
522 1708 611 1764 sed
637 1708 813 1764 vivens
846 1709 1007 1764 lucem
1034 1708 1251 1765 videret.

430 1800 522 1857 27.
551 1800 607 1856 2.
639 1798 707 1855 In
736 1798 1077 1854 tentationum
1121 1799 1508 1858 exercitatione.
1550 1798 1803 1856 Acr-iores
1847 1801 1973 1852 sunt

349 1895 483 1963 post
499 1888 880 1944 conversionem
900 1889 1243 1946 tentationum
1261 1891 1634 1947 stimuli.—At
1653 1904 1722 1945 ne
1743 1901 1971 1943 conver-

358 1995 465 2035 sus
481 1977 710 2052 quisque
723 1977 836 2050 jam
855 1986 1106 2036 sanctum
1127 1996 1185 2036 se
1205 1996 1324 2037 esse
1343 1979 1551 2048 credat,
1575 1986 1629 2036 et
1648 1993 1811 2052 quem
1836 1991 1970 2032 mae-

359 2068 508 2125 roris
555 2084 736 2140 pugna
770 2084 1026 2142 superare
1060 2085 1172 2126 non
1209 2070 1408 2139 valuit,
1457 2070 1579 2142 ipsa
1612 2064 1970 2141 postmodum

362 2156 626 2213 securitas
659 2164 891 2226 sternat,
923 2157 1273 2231 dispensante
1315 2161 1431 2247 Deo
1455 2162 1599 2222 772
1629 2155 1972 2230 permittitur

363 2260 427 2310 ut
476 2262 597 2325 post
646 2254 1069 2312 conversionem
1098 2271 1253 2311 suam
1307 2256 1678 2313 tentationum
1726 2249 1972 2310 stimulis

365 2343 642 2416 fatigetur.
693 2345 815 2400 1am
867 2343 1094 2417 quidem
1141 2360 1236 2416 per
1266 2345 1687 2401 conversionem
1719 2339 1970 2398 Rubrum

364 2447 516 2488 mare
543 2431 840 2488 transitum
869 2439 990 2498 est;
1024 2431 1120 2487 sed
1149 2431 1335 2488 adhuc
1364 2433 1424 2487 in
1451 2449 1636 2487 eremo
1662 2431 1791 2484 vitae
1837 2441 1972 2499 prae-

362 2521 541 2576 sentis
578 2527 705 2575 ante
743 2519 946 2575 faciem
991 2518 1182 2574 hostes
1228 2527 1550 2577 occurrunt.
1588 2519 1707 2573 lam
1755 2521 1975 2587 peccata

357 2608 649 2682 praeterita
678 2606 833 2660 velut
870 2606 1176 2662 exstinctos
1217 2606 1514 2678 Egyptios
1549 2612 1672 2678 post
1701 2612 1854 2676 terga
1880 2617 1976 2658 re-

357 2697 683 2772 linquimus
707 2715 720 2764 ;
745 2697 840 2754 sed
855 2695 1041 2753 adhuc
1055 2699 1310 2753 nocentia
1324 2699 1480 2762 vitia,
1496 2695 1650 2769 quasi
1667 2694 1764 2751 alii
1789 2693 1975 2750 hostes

360 2788 618 2856 obviant,
673 2793 736 2842 ut
787 2785 856 2842 ad
915 2793 1116 2842 terram
1183 2786 1566 2859 promissionis
1621 2784 1974 2860 pergentibus

361 2885 609 2950 captum
641 2875 747 2932 iter
775 2875 1168 2932 intercludant.
1201 2877 1320 2932 Jam
1351 2877 1563 2949 priores
1590 2877 1789 2948 culpae,
1818 2876 1974 2932 velut

371 2969 721 3040 insequentes
739 2964 1068 3034 adversarii,
1089 2966 1206 3022 sola
1233 2965 1428 3022 divina
1456 2969 1664 3024 virtute
1685 2974 1974 3040 prostratae

2068 472 2163 521 tur
2191 463 2550 536 probationis.

2143 553 2282 627 [Vet.
2311 553 2459 610 XIII
2460 551 2502 626 .]
2532 552 2620 609 28.
2662 553 2788 608 Tres
2816 551 3172 607 conversionis
3198 555 3420 623 gradus.
3450 585 3522 598 —
3549 558 3683 616 Tres

2071 641 2272 716 quippe
2302 641 2451 698 modi
2480 649 2611 698 sunt
2629 656 3048 708 conversorum,
3068 639 3373 709 inchoatio,
3396 644 3682 717 medietas,

2069 741 2234 807 atque
2254 733 2536 806 perfectio.
2556 733 2617 788 In
2639 731 2993 788 inchoatione
3012 737 3194 786 autem
3214 729 3511 787 inveniunt
3527 731 3682 790 blan-

2070 823 2317 880 dimenta
2344 819 2675 888 dulcedinis,
2706 820 2764 874 in
2786 817 2968 875 medio
2987 834 3204 891 quoque
3231 826 3477 890 tempore
3497 828 3685 877 certa-

2073 913 2224 969 mina
2272 911 2616 978 tentationis,
2668 908 2738 965 ad
2783 917 3093 965 extremum
3123 925 3255 965 vero
3286 909 3681 981 perfectionem

2071 1001 2455 1077 plenitudinis.
2489 1001 2648 1056 Prius
2675 1016 2806 1072 ergo
2825 998 2953 1055 illos
2981 998 3168 1056 dulcia
3195 999 3527 1072 suscipiunt,
3560 1017 3684 1074 quas

2071 1092 2464 1156 consolentur;
2509 1088 2861 1161 postmodum
2891 1104 3096 1157 amara,
3130 1105 3250 1161 quae
3279 1099 3597 1158 exerceant;
3629 1098 3685 1148 et

2073 1189 2208 1237 tunc
2234 1180 2456 1236 demum
2486 1179 2680 1235 suavia
2697 1186 2861 1251 atque
2881 1177 3162 1245 sublimia,
3186 1193 3307 1251 quae
3327 1179 3682 1238 conﬁrment.

2072 1271 2210 1327 Nam
2257 1277 2310 1324 et
2355 1284 2610 1341 sponsam
2653 1283 2808 1323 suam
2852 1267 2939 1322 vir
2981 1266 3212 1339 quisque
3242 1268 3393 1338 prius
3421 1268 3682 1328 dulcibus

2074 1355 2469 1414 blandimentis
2514 1355 2685 1423 fovet,
2733 1371 2898 1428 quam
2947 1361 3132 1410 tamen
3179 1355 3293 1425 jam
3332 1356 3686 1428 conjunctam

2075 1446 2280 1519 asperis
2307 1444 2779 1518 increpationibus
2807 1443 3028 1516 probat,
3061 1442 3345 1514 probatam
3378 1461 3509 1500 vero
3536 1462 3688 1504 secu-

2075 1537 2153 1592 ris
2179 1535 2606 1608 cogitationibus
2634 1533 2896 1606 possidet.
2949 1531 3102 1588 Unde
3159 1539 3213 1588 et
3265 1532 3417 1604 plebs
3468 1534 3686 1590 Israeli-

2075 1625 2207 1694 tica,
2265 1641 2390 1682 cum
2448 1621 2824 1695 despondente
2878 1637 2936 1677 se
2989 1622 3104 1676 Deo
3151 1619 3220 1676 ad
3262 1637 3440 1676 sacras
3486 1623 3689 1680 mentis

1999 1727 2047 1788 Β
2078 1714 2299 1786 nuptias
2326 1729 2395 1769 ex
2424 1713 2666 1784 {Egypto
2696 1718 3004 1779 vocaretur,
3049 1710 3204 1782 quasi
3246 1710 3533 1767 arrharum
3564 1711 3688 1768 vice

2080 1803 2236 1876 prius
2261 1802 2471 1874 accepit
2498 1799 2878 1856 blandimenta
2906 1799 3222 1870 signorum;
3255 1799 3551 1871 conjuncta
3577 1816 3685 1858 au-

2079 1901 2214 1962 tem,
2255 1890 2673 1964 probationibus
2703 1897 2988 1946 exercetur
3017 1889 3076 1944 in
3105 1903 3317 1954 eremo;
3352 1888 3579 1960 probata
3597 1903 3688 1945 ve-

2079 2000 2164 2052 ro,
2195 1983 2254 2038 in
2283 1979 2727 2056 repromissionis
2754 1988 2903 2036 terra
2931 1978 3155 2035 virtutis
3183 1977 3530 2051 plenitudine
3559 1993 3687 2035 con-

2081 2073 2350 2131 ﬁrmatur.
2393 2075 2540 2130 Ante
2582 2073 2751 2145 igitur
2779 2071 2838 2126 in
2868 2069 3152 2126 miraculis
3197 2068 3510 2142 degustavit
3538 2068 3688 2142 quod

2081 2171 2376 2237 appeteret,
2407 2161 2758 2235 postmodum
2789 2160 2846 2214 in
2873 2159 3057 2215 labore
3086 2164 3296 2214 tentata
3323 2165 3404 2213 est
3433 2157 3479 2212 si
3509 2165 3688 2214 custo-

2081 2253 2200 2310 dire
2234 2252 2452 2310 noverit
2479 2251 2626 2325 quod
2668 2257 2968 2322 gustasset;
3016 2248 3084 2305 ad
3129 2255 3439 2304 extremum
3471 2263 3690 2320 quoque

2081 2341 2299 2414 plenius
2342 2340 2588 2412 accipere
2645 2340 2868 2406 meruit,
2923 2337 3070 2409 quod
3126 2335 3406 2392 laboribus
3461 2335 3692 2408 probata

2081 2431 2401 2502 custodivit.
2426 2432 2506 2486 Ita
2535 2445 2662 2500 ergo
2683 2427 2851 2483 vitam
2882 2425 3315 2499 uniuscujusque
3330 2424 3606 2494 conversi,
3635 2432 3692 2483 et

2080 2519 2364 2578 inchoatio
2388 2517 2590 2574 blanda
2617 2516 2941 2590 permulcet,
2975 2523 3029 2572 et
3055 2531 3245 2588 aspera
3276 2514 3538 2571 medietas
3566 2530 3691 2588 pro-

2078 2609 2196 2677 bat,
2225 2617 2280 2666 et
2307 2610 2468 2682 plena
2492 2614 2615 2681 post
2637 2605 2902 2680 perfectio
2930 2604 3172 2662 roborat.

2151 2699 2241 2758 29.
2273 2699 2440 2757 Initia
2481 2696 2836 2754 conversionis
2869 2695 3215 2768 pacatissimo
3244 2694 3516 2766 excipiunt
3554 2713 3694 2769 gra-

2080 2805 2166 2844 ves
2195 2788 2519 2845 tentationes.
2550 2816 2621 2828 —
2639 2787 2776 2842 Nam
2806 2801 2948 2858 sape
2976 2783 3229 2842 conversi
3259 2785 3462 2857 quique
3483 2785 3542 2840 in
3571 2785 3694 2856 ipso

2081 2877 2264 2935 adhuc
2283 2877 2438 2934 aditu
2466 2875 2838 2933 inchoationis
2855 2890 2990 2941 suae,
3011 2875 3100 2928 vel
3118 2873 3579 2944 tranquillitatem
3601 2889 3694 2946 pa.

2081 2970 2418 3028 catissimam
2445 2968 2650 3036 carnis,
2681 2967 2770 3022 vel
2799 2966 2945 3021 dona
2974 2963 3300 3037 prophetiae,
3324 2965 3412 3019 vel
3433 2964 3693 3036 praedica-

369 3063 526 3148 sunt,
552 3053 648 3148 sed
676 3053 1048 3148 mutationum
1068 3054 1464 3128 stimuli,quasi
1478 3055 1664 3113 hostes
1682 3056 1781 3112 alii
1806 3059 1823 3094 ι
1844 3072 1975 3113 con-
2006 3087 2052 3148 α
2083 3066 2270 3116 menta
2314 3057 2603 3128 doctrinae,
2633 3060 2776 3118 773
2806 3053 2895 3110 vel
2933 3053 3219 3126 signorum
3273 3052 3560 3123 miracula,
3603 3055 3696 3112 vel

370 3152 460 3200 tra
487 3143 682 3200 faciem
710 3141 967 3209 veniunt,
999 3143 1094 3215 qui
1125 3150 1178 3199 et
1205 3160 1332 3200 cum
1358 3153 1548 3201 nostro
1579 3143 1768 3200 labore
1797 3161 1973 3217 supe-

367 3241 580 3291 rentur.
617 3232 919 3290 Conversio
938 3232 1201 3290 videlicet
1227 3236 1577 3292 securitatem
1610 3237 1779 3308 parit,
1799 3244 1975 3293 mater

371 3331 556 3380 autem
580 3323 927 3396 negligentiae
949 3323 1088 3378 solet
1112 3339 1227 3380 esse
1247 3325 1532 3380 securitas.
1556 3325 1634 3382 Ne
1663 3341 1793 3398 ergo
1822 3342 1976 3384 secu-

365 3412 502 3468 ritas
529 3409 917 3484 negligentiam
960 3418 1201 3483 generet,
1229 3413 1501 3486 scriptum
1528 3422 1647 3471 est:
1686 3415 1818 3484 Fili,
1838 3431 1978 3471 acce-

370 3501 498 3556 dens
541 3500 616 3556 ad
657 3499 955 3555 servitutem
996 3501 1115 3566 Dei,
1146 3509 1228 3557 sta
1277 3503 1333 3556 in
1368 3503 1589 3572 justitia
1617 3509 1666 3558 et
1696 3503 1900 3572 timore,
1931 3509 1980 3560 et

362 3607 629 3664 prtepara
655 3589 885 3645 animam
925 3597 1069 3646 tuam
1109 3592 1182 3647 ad
1215 3594 1549 3649 tentationem
1572 3594 1765 3666 (Eccli.
1798 3611 1862 3663 ιι,
1896 3593 1975 3666 1).

367 3684 501 3742 Non
527 3678 674 3736 enim
709 3679 805 3748 ait,
834 3680 899 3736 ad
929 3682 1200 3753 requiem,
1231 3681 1326 3737 sed
1349 3681 1419 3737 ad
1441 3683 1828 3750 tentationem,
1851 3682 1980 3754 quia

366 3768 552 3830 hostis
577 3774 761 3825 noster
789 3767 970 3827 adhuc
996 3770 1054 3825 in
1086 3769 1189 3824 hac
1219 3769 1334 3824 vita
1364 3785 1466 3824 nos
1497 3769 1736 3840 positos,
1772 3776 1981 3840 quanto

370 3859 546 3934 magis
603 3875 704 3916 nos
739 3857 847 3915 sibi
895 3858 1162 3915 rebellare
1212 3859 1504 3931 conspicit,
1556 3864 1713 3914 tanto
1742 3857 1982 3929 amplius

371 3963 685 4021 expugnare
743 3946 1048 4004 contendit.
1104 3949 1215 4005 Eos
1253 3947 1403 4004 enim
1453 3946 1672 4019 pulsare
1727 3945 1980 4018 negligit,

372 4055 508 4114 quos
536 4039 725 4113 quieto
744 4038 871 4112 jure
891 4038 1172 4112 possidere
1195 4056 1252 4096 se
1273 4039 1459 4096 sentit.
1493 4039 1701 4097 Contra
1721 4054 1822 4094 nos
1848 4054 1980 4095 vero

373 4145 439 4188 eo
467 4129 859 4188 vehementius
888 4131 1174 4199 incitatur,
1195 4147 1304 4204 quo
1323 4147 1394 4186 ex
1421 4129 1586 4186 corde
1614 4137 1803 4186 nostro
1823 4127 1981 4202 quasi

373 4234 444 4275 ex
467 4217 592 4292 jure
613 4220 850 4294 propria
874 4219 1234 4277 habitationis
1253 4219 1572 4290 expellitur.
1607 4219 1723 4274 Hoc
1750 4217 1898 4273 enim
1920 4217 1980 4273 in

373 4307 554 4380 seipso
581 4309 854 4367 Dominus
881 4311 984 4367 sub
1015 4310 1251 4384 quadam
1282 4307 1697 4382 dispensatione
1724 4304 1983 4379 ﬁguravit

2085 3157 2316 3233 gratiam
2354 3154 2660 3214 curationis
2697 3152 2976 3227 accipiunt
3008 3153 3068 3225 (Ι
3095 3152 3222 3210 Cor.
3254 3168 3358 3221 xu,
3395 3152 3527 3225 l0);
3573 3161 3698 3226 post

2085 3250 2205 3308 haec
2231 3257 2414 3306 autem
2436 3248 2590 3306 duris
2618 3247 2988 3304 tentationum
3019 3243 3438 3318 probationibus
3466 3243 3696 3317 fatigan-

2086 3347 2200 3410 tur,
2229 3357 2261 3396 a
2289 3339 2491 3414 quibus
2538 3337 2941 3396 tentationibus
2977 3336 3180 3405 adhuc,
3210 3352 3336 3393 cum
3367 3336 3695 3408 inciperent,

2086 3429 2247 3485 valde
2282 3428 2485 3485 liberos
2513 3445 2570 3484 se
2599 3445 2714 3485 esse
2734 3427 3107 3485 crediderunt.
3141 3424 3301 3493 Quod
3329 3423 3536 3480 divinae
3565 3440 3699 3497 gra-

2084 3517 2180 3572 tiae
2205 3516 2612 3588 dispensatione
2641 3517 2842 3590 agitur,
2873 3531 2942 3571 ne
2975 3515 3035 3571 in
3055 3514 3410 3572 inchoatione
3439 3531 3538 3570 sua
3566 3522 3698 3571 ten-

2087 3605 2362 3662 tationum
2395 3609 2416 3642 ³
2439 3606 2729 3678 asperitate
2759 3612 3074 3676 tangantur,
3099 3604 3230 3676 quia
3254 3604 3299 3660 si
3321 3620 3512 3660 eorum
3535 3603 3697 3660 initia

2088 3694 2400 3751 amaritudo
2427 3694 2750 3752 tentationis
2767 3693 3066 3764 exciperet,
3087 3700 3198 3746 tam
3219 3691 3380 3747 facile
3399 3693 3469 3747 ad
3493 3707 3556 3746 ea
3576 3708 3699 3763 quae

2090 3783 2426 3854 reliquerant
2457 3782 2702 3838 redirent
2730 3797 2893 3854 quam
2922 3795 3025 3835 nec
3054 3779 3274 3849 longius
3301 3778 3694 3844 discesserant;

2089 3887 2217 3927 nam
2247 3871 2578 3942 contemptis
2608 3869 2759 3941 prius
2789 3867 2963 3935 vitiis,
3009 3866 3164 3938 quasi
3202 3865 3365 3936 juxta.
3396 3865 3590 3937 positis
3620 3881 3702 3922 re-

2088 3959 2426 4033 plicarentur
2455 3957 2638 4033 [quasi
2666 3957 3152 4028 reimplicarentur,
3184 3969 3281 4010 seu
3307 3953 3500 4009 iterum
3522 3953 3697 4027 impli-

2089 4048 2385 4125 ca-rentur].
2415 4049 2570 4108 Unde
2596 4055 2650 4104 et
2679 4047 2944 4120 scriptum
2973 4054 3086 4103 est:
3123 4045 3258 4102 Cum
3285 4044 3535 4100 emisisset
3561 4046 3701 4102 Pha-

2089 4158 2189 4198 rao
2215 4144 2492 4214 populum,
2531 4158 2638 4197 non
2666 4157 2749 4196 eos
2779 4139 2937 4195 duxit
2961 4138 3222 4195 Dominus
3245 4154 3348 4209 per
3385 4137 3522 4194 viam
3549 4145 3705 4198 terra:

2089 4231 2437 4302 Philisthiim,
2467 4251 2584 4304 qua:
2601 4231 2776 4287 vicina
2805 4237 2899 4299 est,
2925 4237 3180 4302 reputans
3197 4245 3260 4284 ne
3279 4226 3418 4298 forte
3431 4230 3707 4302 pceniteret

2089 4341 2226 4392 eum,
2259 4325 2308 4379 si
2336 4325 2550 4380 vidisset
2566 4325 2849 4379 advers-um
2867 4340 2920 4377 se
2948 4323 3086 4378 bella
3103 4337 3433 4392 consurgere,
3459 4327 3508 4376 et
3533 4339 3705 4378 rever-

379 4398 596 4470 (Matth.
627 4416 709 4469 Iv,
735 4401 814 4471 1),
842 4399 938 4473 qui
967 4398 1253 4455 diabolum
1282 4413 1395 4452 non
1427 4395 1535 4452 nisi
1564 4402 1689 4468 post
1708 4393 1975 4466 baptisma

2093 4419 2289 4468 teretur
2338 4412 2396 4467 in
2439 4413 2730 4484 Egyptum
2770 4412 2976 4482 (Exod.
3009 4428 3136 4476 xm,
3172 4411 3285 4482 17).
3336 4411 3423 4466 Ex
3462 4409 3706 4483 ngypto

374 4502 435 4544 se
461 4494 676 4543 tentare
701 4487 973 4560 permisit,
995 4495 1057 4544 ut
1073 4488 1297 4560 signum
1311 4485 1472 4542 nobis
1487 4483 1764 4558 quoddam
1781 4482 1983 4539 futurae

378 4577 760 4635 conversionis
786 4579 1070 4647 innueret,
1103 4577 1252 4650 quod
1279 4576 1526 4633 membra
1554 4575 1674 4647 ejus
1693 4582 1984 4648 postquam

378 4665 449 4722 ad
503 4667 677 4724 Deum
726 4668 1078 4741 proﬁcerent,
1134 4673 1273 4722 tunc
1330 4664 1572 4720 acriores
1610 4662 1986 4719 tentationum

380 4752 616 4812 insidias
641 4757 959 4815 tolerarent.
994 4757 1124 4812 Post
1151 4754 1384 4827 primam
1415 4751 1587 4825 igitur
1613 4752 1794 4809 vicem
1843 4767 1992 4806 mce—

381 4844 526 4902 roris
565 4853 728 4920 atque
755 4847 985 4915 laetitiae,
1017 4862 1182 4919 quam
1211 4842 1592 4916 unusquisque
1620 4857 1715 4914 per
1741 4839 1987 4896 studium

381 4936 764 4993 conversionis
791 4935 1060 5009 agnoscit,
1090 4935 1208 4991 haec
1238 4930 1477 4990 secunda
1521 4929 1826 4995 suboritur,
1860 4929 1990 5002 quia

383 5039 454 5080 ne
481 5025 792 5083 securitatis
812 5024 1149 5097 negligentia
1169 5022 1530 5089 dissolvatur,
1548 5020 1794 5092 impulsu
1813 5024 1988 5074 tenta-

383 5113 559 5172 tionis
575 5115 834 5173 aﬁcitur.
857 5115 930 5172 Et
949 5113 1171 5188 quidem
1194 5113 1424 5187 quisque
1444 5110 1504 5166 in
1523 5109 1643 5182 ipsa
1669 5107 1988 5166 conversio-

385 5202 478 5261 nis
490 5203 657 5266 initio
677 5221 876 5280 magna
890 5206 1221 5280 plerumque
1248 5201 1526 5276 excipitur
1553 5199 1848 5260 dulcedine
1867 5214 1996 5257 con-

371 5441 394 5470 Ι

471 5485 489 5523 ¹
517 5485 746 5547 Ebroic.
778 5494 834 5547 et
859 5485 1124 5554 Vindoc.,
1151 5489 1272 5540 ante
1293 5481 1503 5556 faciem.

464 5558 489 5634 ξ
514 5560 795 5634 Plerique,
825 5559 1100 5634 experitur
1130 5557 1452 5634 tentationis.

2092 4502 2277 4574 itaque
2305 4501 2636 4558 exeuntibus
2662 4517 2692 4557 e
2720 4501 2908 4559 vicino
2935 4500 3083 4558 bello
3111 4498 3539 4569 subtrahuntur,
3577 4499 3709 4574 quia

2095 4590 2608 4665 derelinquentibus
2622 4591 2885 4648 saeculum
2897 4591 3150 4664 quaedam
3164 4590 3316 4665 prius
3331 4589 3708 4664 tranquillitas

2095 4680 2424 4750 ostenditur,
2447 4697 2515 4738 ne
2546 4679 2604 4738 in
2632 4681 2751 4753 ipsa
2777 4697 2876 4736 sua
2903 4679 3275 4738 teneritudine
3297 4687 3460 4751 atque
3481 4677 3705 4732 inchoa-

2094 4772 2246 4828 tione
2274 4771 2501 4841 turbati,
2547 4771 2616 4828 ad
2652 4771 2759 4828 hoc
2788 4771 2967 4828 territi
2996 4770 3222 4828 redeant
3252 4771 3272 4804 ⁴
3315 4765 3462 4838 quod
3508 4778 3707 4818 evase-

2095 4869 2244 4918 runt.
2303 4861 2462 4918 Prius
2512 4877 2639 4934 ergo
2691 4860 3019 4917 suavitatem
3076 4854 3389 4914 securitatis
3435 4851 3704 4920 sentiunt,

2096 4951 2250 5023 prius
2291 4951 2440 5023 pacis
2469 4951 2652 5023 quiete
2681 4950 3031 5015 nutriuntur;
3083 4955 3206 5020 post
3250 4941 3525 5013 cognitam
3574 4956 3706 4998 vero

2097 5039 2468 5109 dulcedinem,
2501 5047 2654 5096 tanto
2678 5038 2794 5112 jam
2824 5037 3170 5095 tolerabilius
3197 5030 3565 5089 tentationum
3593 5047 3708 5088 cer-

2099 5130 2310 5187 tamina
2364 5129 2658 5198 sustinent,
2707 5135 2915 5202 quanto
2961 5126 3020 5181 in
3053 5125 3167 5179 Deo
3209 5120 3376 5178 altius
3402 5135 3709 5194 cognovere

2104 5217 2252 5292 quod
2279 5225 2485 5277 ament.
2516 5217 2672 5275 Unde
2700 5224 2755 5272 et
2782 5217 2978 5271 Petrus
3002 5210 3159 5286 prius
3185 5212 3246 5270 in
3275 5218 3522 5270 montem
3553 5209 3709 5272 duci-

2109 5499 2227 5548 rere
2272 5473 2446 5547 coacti
2486 5499 2678 5545 sumus
2688 5484 3001 5558 gcommum'
3029 5493 3300 5540 consensu
3331 5473 3461 5558 Mss.
3489 5471 3710 5558 Norm.,

2109 5561 2372 5630 Vindoc.,
2417 5560 2630 5630 Baluz.,
2677 5554 2859 5623 Colb.,
2907 5560 3037 5625 etc.,
3084 5570 3221 5628 quos
3265 5550 3514 5624 sequitur
3549 5550 3713 5601 vetus

464 5630 488 5666 ³
515 5627 983 5707 Editi'pleriq'ue,
1021 5629 1340 5707 adversitate
1385 5627 1729 5707 frangantur.
1775 5630 2001 5707 Optime
2109 5633 2281 5691 editio
2308 5627 2648 5707 Parisiensis.

385 5711 661 5777 quantum
686 5701 762 5764 a'd
784 5701 1034 5766 sensum.
1084 5701 1404 5765 Lectionem
1456 5701 1647 5762 tamen
1674 5701 2000 5766 hanc'dese-

2183 5708 2205 5742 ⁶
2234 5707 2466 5776 Turon.,
2495 5702 2636 5778 quod
2662 5700 2978 5763 devicerunt.
