4162 6184
386 318 498 377 305

1124 313 1500 373 MORALIUM
1537 316 1674 376 LIB.
1712 316 1920 377 XXIV.
1960 344 2033 363 ιε·-
2070 320 2144 381 IN
2178 320 2408 381 CAPUT
2446 323 2687 380 XXXIII
2725 325 2788 379 B.
2831 324 2975 382 JOB.

3604 326 3710 391 906

386 464 508 507 non
529 443 780 520 potestad
809 442 1063 515 perfectae
1079 441 1699 513 gaudialibertatis,nisi
1719 447 1871 516 prius
1885 446 1979 504 de-
2013 449 2061 509 Α
2089 465 2196 522 quo
2237 451 2386 506 enim
2423 458 2558 506 tunc
2583 448 2889 520 cujuslibet
2918 448 3114 509 anima
3142 452 3420 513 immerito
3447 463 3705 530 terretur,

388 539 571 597 bitum
593 533 819 591 solverit
834 533 1091 589 humanae
1111 532 1466 590 conditionis.
1488 532 1798 591 Conversus
1811 544 1991 593 autem

392 628 621 702 quisque
660 624 766 680 sibi
794 631 950 679 caute
989 622 1281 689 sollicitus,
1323 623 1487 678 tacite
1515 640 1699 681 secum
1731 626 1994 681 conside—

384 733 508 773 rare
540 733 651 771 non
680 722 878 781 cessat,
912 720 1149 770 aeternus
1168 711 1343 784 judex
1383 730 1545 785 quam
1575 714 1860 771 districtus
1889 716 1995 771 ad-

384 806 593 873 veniat,
641 819 916 875 suumque
972 800 1269 881 terminum
1330 802 1577 874 quotidie
1608 805 1892 875 prospicit,
1941 813 1996 861 et

383 906 511 954 ante
557 897 910 967 severitatem
966 901 1132 949 tantae
1173 892 1403 964 justitiae
1435 910 1570 966 quas
1600 895 1839 950 rationes
1864 896 1994 951 vitae

384 1005 496 1043 suae
526 983 598 1042 sit
628 986 912 1059 positurus
941 982 1197 1039 attendit.
1231 984 1351 1038 Etsi
1386 991 1583 1039 cuncta
1612 1001 1780 1056 prava
1808 1001 1991 1056 opera,

384 1094 508 1150 qum
529 1076 840 1147 intelligere
857 1073 1057 1143 potuit,
1079 1072 1368 1138 devitavit,
1396 1081 1661 1130 venturus
1689 1082 1870 1129 tamen
1892 1092 1995 1131 co-

385 1182 503 1223 ram
535 1164 793 1220 districto
833 1161 1045 1233 judice,
1103 1162 1198 1216 illa
1236 1162 1408 1233 magis
1437 1179 1557 1235 quas
1587 1164 1645 1217 in
1702 1164 1994 1234 semetipso

387 1271 499 1311 non
558 1248 849 1324 intelligit,
880 1251 1238 1323 pertimescit.
1289 1251 1423 1319 Quis
1461 1252 1609 1307 enim
1647 1253 1993 1308 considerare

389 1345 565 1400 valeat
597 1348 801 1415 quanta
831 1342 974 1395 mala
1002 1357 1098 1413 per
1126 1349 1405 1397 momenta
1425 1350 1735 1414 temporum
1759 1342 1892 1413 ipsis
1914 1343 1995 1397 in-

384 1434 773 1492 constantibus
811 1431 1208 1505 cogitationum
1270 1432 1514 1487 motibus
1570 1433 1996 1504 perpetramus?

390 1527 408 1560 ί
440 1524 625 1582 Facile
654 1533 737 1582 est
758 1524 906 1581 enim
928 1539 1093 1595 opera
1114 1539 1368 1595 perversa
1385 1525 1582 1593 vitare,
1600 1524 1693 1580 sed
1712 1524 1879 1580 nimis
1894 1523 1997 1579 dif-

384 1617 534 1675 ﬁcile
565 1624 648 1673 est
673 1615 745 1672 ab
766 1615 964 1672 illicita
982 1614 1318 1685 cogitatione
1346 1631 1441 1671 cor
1472 1623 1698 1687 tergere.
1724 1616 1794 1670 Et
1814 1623 1996 1672 tamen

383 1708 653 1780 scriptum
682 1713 766 1762 est
793 1722 804 1761 :
859 1705 941 1763 Vw
960 1702 1101 1759 vobis
1128 1704 1222 1774 qui
1239 1704 1475 1774 cogitatis
1510 1704 1694 1759 inutile
1712 1705 1899 1775 (Mida.
1932 1721 1994 1774 II,

2102 540 2321 610 quando
2352 549 2473 610 post
2492 540 2755 611 pusillum
2786 538 2894 595 hoc
2918 538 3154 609 invenit,
3185 541 3409 615 quodin
3438 555 3707 605 aeternum

2102 637 2314 683 mutare
2347 644 2453 683 non
2485 629 2680 700 possit.

2176 714 2313 788 [νει.
2338 718 2578 791 suum
2625 716 2711 773 33.
2739 717 2878 784 Quid
2896 717 3193 775 imminente
3224 729 3391 778 morte
3409 722 3480 777 sit
3504 725 3709 793 femi.

2101 807 2356 862 dandum.
2388 832 2458 849 --
2487 806 2913 864 Consideramus
2942 808 3147 881 quippe
3185 811 3332 883 quod
3374 813 3523 901 viam
3580 816 3709 872 vitae

2102 906 2389 977 praisentis
2422 903 2566 961 776
2613 917 2964 980 nequaquam
3006 906 3125 961 sine
3156 908 3321 978 culpa
3355 911 3587 968 transire
3616 928 3708 986 po-

2101 996 2330 1063 tuimus,
2378 994 2792 1051 consideramus
2834 997 2997 1052 etiam
3030 997 3159 1068 quia
3201 1012 3301 1053 nec
3349 998 3454 1055 hoc
3482 1001 3707 1073 quidem

2102 1084 2220 1138 sine
2250 1085 2435 1156 aliquo
2465 1092 2620 1141 reatu
2651 1093 2838 1142 nostro
2867 1094 2968 1154 est,
3002 1087 3151 1159 quod
3182 1087 3539 1146 laudabiliter
3574 1108 3707 1163 ges—

2102 1176 2293 1243 simus,
2327 1178 2373 1231 si
2422 1186 2633 1233 remota
2661 1179 2865 1249 pietate
2887 1178 3223 1249 judicemur.
3258 1180 3393 1248 Quis
3420 1182 3568 1239 enim
3600 1201 3710 1240 no-

2102 1273 2277 1320 strum
2309 1266 2478 1319 vitam
2497 1267 2927 1337 praecedentium
2948 1276 3169 1339 patrum
3190 1269 3370 1326 valeat
3385 1273 3471 1327 vel
3488 1288 3705 1344 supera-

2102 1372 2181 1423 re,
2215 1356 2301 1409 vel
2322 1356 2537 1427 assequi
2553 1356 2581 1412 ‘l’
2598 1358 2669 1411 Et
2690 1364 2871 1412 tamen
2891 1358 3067 1413 David
3090 1358 3257 1415 dicit:
3280 1361 3356 1415 Ne
3373 1361 3538 1417 intres
3553 1363 3610 1417 in
3617 1362 3706 1432 ju-

2103 1443 2299 1499 dicium
2327 1462 2444 1499 cum
2467 1462 2616 1499 servo
2648 1452 2758 1512 tuo,
2787 1447 2916 1516 quia
2944 1463 3051 1501 non
3071 1448 3463 1519 justiﬁcabitur
3501 1451 3561 1503 in
3587 1468 3705 1506 con-

2105 1540 2281 1604 spectu
2308 1541 2397 1588 tuo
2426 1535 2594 1589 omnis
2623 1536 2799 1590 vivens
2840 1536 3013 1607 (Psal.
3040 1554 3207 1604 CXLII,
3238 1538 3319 1606 2).
3351 1538 3551 1595 Paulus
3579 1557 3708 1597 cum

2107 1622 2344 1679 diceret:
2392 1624 2544 1679 Nihil
2590 1625 2721 1680 mihi
2750 1627 2985 1681 conscius
3011 1643 3147 1693 sum,
3180 1635 3337 1683 caute
3375 1629 3705 1701 subiunxit:

2109 1712 2210 1768 Sed
2238 1729 2343 1766 non
2364 1713 2420 1767 in
2443 1714 2536 1767 hoc
2541 1714 2869 1785 justiﬁcatus
2887 1732 3005 1770 sum
3035 1714 3092 1787 (Ι
3122 1716 3246 1774 Cor.
3272 1735 3349 1785 ιν,
3382 1718 3707 1790 4)..ῐειοοὶιιιε

388 1798 469 1869 1).
493 1799 566 1854 Et
593 1812 810 1854 rursum
836 1814 848 1851 :
875 1796 942 1853 In
969 1795 1053 1850 die
1074 1811 1191 1849 cum
1207 1793 1474 1862 judicabit
1492 1793 1752 1849 Dominus
1795 1796 1999 1850 occulta
2030 1808 2077 1869 Β
2105 1801 2278 1860 dicit;
2313 1805 2379 1859 In
2407 1805 2589 1860 multis
2618 1805 2756 1859 enim
2781 1806 3099 1875 offendimus
3131 1826 3305 1863 omnes
3337 1809 3475 1879 (Jac.
3502 1827 3584 1878 ιιι,
3617 1811 3703 1881 2).

386 1889 662 1946 hominum
693 1890 867 1959 (Rom.
904 1904 970 1953 ιι,
1001 1886 1118 1958 16).
1150 1885 1255 1953 Qui
1287 1886 1452 1942 etiam
1498 1886 1766 1959 praemisit
1799 1905 1810 1943 :
1845 1889 1992 1943 Inter

391 1996 451 2035 se
480 1979 1069 2050 invicemcogitationum
1095 1977 1590 2045 aocusantium,aut
1620 1977 1779 2032 etiam
1806 1976 1993 2046 defen-

388 2071 628 2127 dentium
651 2072 846 2144 (Ibid.,
878 2072 995 2142 15).
1023 2071 1097 2127 Et
1124 2087 1341 2127 rursum
1369 2070 1570 2126 :Labia
1598 2070 1783 2125 dolosa
1804 2069 1861 2124 in
1881 2084 1994 2124 cor-

388 2160 474 2227 de,
503 2168 551 2217 et
592 2163 745 2217 corde
776 2162 797 2197 ⁸
831 2162 993 2218 locuti
1018 2166 1143 2216 sunt
1170 2162 1313 2217 mala
1346 2161 1521 2232 (Psal.
1558 2159 1727 2231 xr,3).
1761 2159 1831 2214 Et
1860 2175 1994 2215 rur-

388 2268 510 2308 sum
544 2270 556 2308 :
589 2253 799 2309 Etenim
830 2252 888 2307 in
911 2251 1067 2307 corde
1102 2251 1407 2322 iniquitates
1436 2250 1734 2321 operamini
1760 2249 1819 2305 in
1850 2255 1996 2304 terra

392 2342 569 2413 (Psal.
600 2361 735 2412 Lvn,
752 2343 834 2413 3).
858 2343 1112 2399 Humana
1126 2349 1307 2399 autem
1328 2343 1515 2398 anima
1535 2343 1701 2397 semel
1723 2341 1994 2397 aeternita-

384 2431 462 2488 tis
484 2439 687 2489 statum
730 2433 1008 2500 deserens,
1039 2432 1108 2488 ad
1157 2432 1369 2488 ﬂuxum
1400 2430 1824 2503 temporalitatis
1851 2428 1996 2485 dela-

386 2536 505 2594 psa,
548 2522 697 2578 hanc
754 2521 1185 2576 mutabilitatem
1236 2520 1630 2574 alternantium
1666 2519 1995 2585 motionum,

384 2624 559 2684 quam
588 2610 726 2664 dum
755 2607 972 2664 caderet
1001 2606 1193 2662 volens
1221 2606 1610 2677 appetiit,dum
1638 2614 1865 2662 conatur
1883 2624 1995 2663 sur-

387 2714 547 2771 gere,
579 2697 799 2769 cogitur
822 2697 997 2752 invita
1025 2697 1276 2752 tolerare.
1309 2695 1442 2752 Inde
1471 2697 1670 2769 quippe
1696 2698 1889 2768 punita
1917 2705 1998 2754 est

380 2787 543 2844 unde
597 2786 890 2854 delectata,
945 2785 1076 2858 quia
1102 2784 1231 2840 inde
1260 2800 1523 2841 conversa
1560 2785 1724 2841 habet
1753 2786 1994 2843 laborem

384 2875 734 2945 certaminis,
756 2876 901 2932 unde
921 2891 1177 2947 perversa
1206 2875 1436 2947 appetiit
1456 2875 1717 2947 gaudium
1742 2877 1993 2949 volupta-

386 2965 483 3021 tis.
518 2964 657 3038 [γει.
693 2965 747 3020 X
753 2966 858 3023 VII
861 2962 900 3037 .]
929 2964 1082 3036 Saepe
1108 2980 1237 3036 ergo
1265 2964 1455 3020 electis
1471 2964 1637 3020 etiam
1676 2966 1994 3022 nolentibus

388 3055 451 3111 in
469 3056 802 3126 cogitatione
818 3054 1135 3127 subrepitur
1160 3055 1306 3127 quod
1339 3055 1397 3110 in
1427 3071 1483 3109 se
1512 3056 1737 3127 quidem
1767 3058 1995 3113 solerter

387 3145 712 3217 inspiciunt,
734 3154 788 3200 et
804 3153 929 3201 ante
945 3146 1044 3201 Dei
1074 3146 1263 3202 oculos
1293 3144 1486 3217 quanti
1510 3145 1581 3201 sit
1612 3153 1792 3202 reatus
1806 3154 1995 3203 atten-

387 3234 566 3303 dunt;
597 3243 651 3291 et
679 3252 805 3291 cum
836 3235 904 3291 de
933 3235 1020 3291 his
1050 3236 1307 3292 omnibus
1337 3252 1551 3308 semper
1565 3236 1776 3307 judicia
1793 3237 1995 3294 distri—

387 3333 477 3382 cta
507 3327 914 3397 pertimescant,
945 3332 1079 3382 tunc
1107 3333 1293 3382 tamen
1312 3312 1318 3318 ’
1337 3326 1454 3382 haec
1482 3327 1838 3383 vehementer
1865 3344 1995 3383 me-

389 3420 575 3481 tuunt,
606 3430 733 3469 cum
766 3413 835 3469 ad
868 3413 1195 3470 solvendum
1229 3414 1485 3470 humanae
1513 3416 1854 3473 conditionis
1888 3416 1995 3473 de-

387 3501 569 3558 bitum
597 3504 901 3572 venientes,
930 3506 950 3537 3
983 3502 1238 3561 districto
1265 3503 1443 3576 judici
1472 3506 1911 3577 appropinquare
1937 3522 1994 3561 se

386 3602 648 3649 cernunt.
670 3595 741 3649 Et
768 3594 829 3649 ﬁt
858 3602 1014 3651 tanto
1041 3594 1210 3651 timor
1229 3595 1429 3664 acrior,
1461 3603 1665 3668 quanto
1682 3603 1734 3651 et
1762 3596 1994 3651 retribu-

388 3681 477 3737 tio
506 3689 709 3737 aaterna
743 3683 995 3739 vicinior.
1030 3684 1174 3738 Ante
1207 3684 1398 3739 oculos
1425 3692 1608 3739 autem
1641 3686 1825 3742 cordis
1848 3687 1993 3742 nihil

392 3768 563 3827 inane
594 3779 725 3828 tunc
754 3775 1053 3830 transvolat
1080 3772 1147 3829 de
1190 3772 1571 3845 phantasmate
1624 3776 1991 3846 cogitationis,

388 3862 523 3935 quia
550 3861 835 3918 subductis
864 3881 893 3919 e
924 3863 1108 3919 medio
1138 3862 1419 3930 omnibus,
1474 3878 1528 3917 se
1560 3870 1613 3917 et
1645 3862 1805 3918 illum
1859 3872 1994 3920 tan—

386 3950 680 4007 tummodo
736 3951 1106 4021 considerant,
1168 3949 1258 4009 cui
1290 3950 1751 4025 appropinquant.
1786 3953 1995 4012 Crescit

386 4059 559 4115 pavor
589 4043 776 4100 vicina
820 4044 1186 4101 retributione
1207 4044 1463 4116 justitiae,
1493 4052 1546 4099 et
1571 4053 1799 4117 urgente
1847 4050 1991 4104 solu-

385 4131 540 4187 tione
569 4135 770 4202 carnis,
805 4142 1012 4207 quanto
1035 4134 1207 4206 magis
1227 4133 1539 4189 districtum
1556 4133 1831 4205 judicium
1854 4134 1991 4207 jam-

379 4220 605 4296 jamque
622 4224 779 4296 quasi
804 4224 1226 4295 tangitur,tanto
1241 4222 1623 4278 vehementius
1638 4224 1987 4282 formidatur.

386 4310 459 4366 Et
489 4312 537 4368 si
576 4330 642 4369 ea
668 4331 790 4387 qua:
821 4315 1004 4371 sciunt
1046 4329 1330 4386 nunquam
1352 4329 1407 4369 se
1434 4314 1846 4384 prattermisisse
1876 4332 1987 4371 me-

387 4401 693 4471 minerunt,
724 4403 1026 4459 formidant
1065 4410 1250 4458 tamen
1281 4400 1379 4455 illa
1410 4416 1531 4472 quae
1556 4402 1831 4470 nesciunt,
1862 4402 1993 4474 quia

386 4491 653 4548 videlicet
680 4494 1001 4565 semetipsos
1054 4490 1361 4563 dijudicare
1417 4497 1471 4544 et
1529 4490 1992 4561 comprehendere
2024 4526 2075 4586 Β
2102 4490 2458 4545 umbratione
2487 4490 2715 4554 calcata,
2748 4490 2971 4542 veritati
2998 4490 3325 4542 aeternitatis
3355 4490 3635 4553 inhaerent

389 4580 622 4633 omnino
648 4597 753 4633 non
778 4591 1033 4633 possunt.
1054 4590 1218 4633 atque
1245 4586 1471 4633 urgente
1502 4580 1678 4633 exitu.
1710 4580 1991 4633 subtiliori
2070 4602 2075 4633 :
2103 4594 2210 4633 une
2258 4576 2581 4633 inhaerendo
2629 4591 2792 4633 quem
2828 4577 3027 4633 cernit.
3062 4575 3131 4631 ad
3161 4574 3588 4632 similitudinem
3620 4576 3635 4632 i

2070 4602 2075 4633 ῑ
2103 4594 2210 4653 que
2258 4589 2581 4634 inhaerenuo
2629 4591 2792 4649 quem
2828 4589 3027 4643 cernit,
3062 4589 3131 4631 au
3161 4589 3588 4632 ειιιιιιιῐιιαιιιθιι]
3620 4592 3701 4632 1n-

2082 4668 2618 4737 ,commutabilitatis
2651 4668 2907 4739 assurgit,
2940 4673 3104 4740 atque
3143 4666 3199 4722 in
3231 4667 3578 4737 semetipsam
3609 4680 3701 4720 au-

389 4580 622 4637 omnino
648 4597 753 4638 non
778 4591 1033 4655 possunt,
1054 4590 1218 4653 atque
1245 4586 1471 4650 urgente
1502 4580 1678 4646 exitu,
1710 4580 1991 4637 subtiliori

388 4680 667 4731 terrentur
695 4685 864 4732 metu.
904 4674 1056 4732 Unde
1110 4672 1444 4743 Redemptor
1496 4678 1680 4726 noster
1730 4672 1993 4727 solutioni

388 4764 572 4819 carnis
598 4766 1064 4839 appropinquans,
1107 4771 1163 4821 et
1209 4760 1581 4818 membrorum
1612 4776 1837 4816 suorum
1872 4777 1995 4816 ser-

391 4862 528 4910 Vaus
582 4856 841 4927 speciem,
898 4856 1076 4912 factus
1134 4855 1191 4909 in
1237 4852 1456 4925 agonia,
1498 4852 1665 4922 coepit
1718 4851 1992 4922 prolixius

390 4958 547 5000 orare
572 4945 728 5016 (Luc.
760 4962 904 5013 χχιι,
934 4945 1050 5017 43).
1082 4942 1227 5011 Quid
1256 4941 1401 4997 enim
1422 4942 1442 4974 ‘
1470 4957 1570 5012 pro
1597 4941 1761 4996 seille
1790 4957 1915 4996 cum
1934 4941 1992 4995 in

391 5034 585 5104 agonia
614 5042 757 5091 esset
799 5042 1023 5106 peteret,
1072 5033 1251 5106 quiin
1285 5031 1446 5088 terris
1499 5032 1708 5102 positus
1750 5031 1993 5087 cmlestia

389 5139 518 5179 cum
547 5131 812 5196 potestate
833 5122 1152 5180 tribuebat?
1168 5121 1272 5178 Sed
1288 5119 1761 5192 appropinquante
1791 5127 1988 5188 morte,

391 5220 594 5269 uestras
638 5215 839 5269 mentis
894 5214 952 5269 in
1000 5228 1054 5269 se
1102 5218 1375 5268 certamen
1423 5210 1712 5281 expressit,
1749 5210 1845 5281 qui
1872 5209 1988 5265 vim

392 5302 689 5374 quamdam
719 5302 946 5358 terroris
1001 5318 1063 5357 ac
1092 5299 1407 5355 formidinis
1446 5299 1708 5369 patimur,
1738 5314 1862 5355 cum
1896 5314 1991 5369 per

391 5393 727 5471 solutionem
756 5390 936 5449 carnis
954 5397 1159 5446 aeterno
1177 5388 1609 5460 propinquamus
1630 5385 1864 5459 judicio.
1889 5387 1990 5442 Ne-

469 5571 485 5603 ¹
517 5566 942 5637 Vindoc.,facile
961 5568 1035 5620 est
1052 5568 1223 5637 autem
1244 5581 1403 5637 opera
1421 5581 1713 5637 aperuersa
1736 5564 1989 5628 vanitate,

387 5640 482 5712 sed
507 5640 669 5712 nimis
687 5634 919 5712 difﬁcile
943 5645 1017 5712 est
1034 5636 1099 5693 ab
1138 5634 1325 5712 illicita
1354 5634 1661 5712 cogitatione
1692 5654 1782 5691 cor
1804 5638 1988 5712 legere.

465 5706 486 5745 ²
518 5710 721 5767 Pratel.
755 5700 807 5767 et
831 5706 946 5779 alii,
986 5711 1161 5765 locuta
1191 5710 1331 5764 sunt.
1362 5700 1431 5763 In
1448 5700 1682 5766 Vindoc.
1713 5700 1993 5765 emittitur
2072 5759 2079 5763 .

391 5782 489 5839 hic
506 5798 702 5839 versus
733 5801 746 5841 :
783 5783 925 5840 labia
951 5782 1157 5853 dolosa,
1194 5787 1301 5839 etc.

2099 1893 2335 1951 Joannes
2353 1894 2522 1951 dicit:
2547 1895 2605 1950 Si
2633 1894 2930 1950 dixerimus
2956 1896 3085 1966 quia
3108 1906 3377 1968 peccatum
3403 1914 3510 1954 non
3537 1899 3704 1954 habe-

2097 2000 2240 2051 mus,
2284 1982 2389 2054 ipsi
2428 1999 2525 2039 nos
2573 1984 2891 2052 seducimus,
2939 1991 2985 2038 et
3010 1986 3207 2041 veritas
3236 1986 3293 2040 in
3326 1987 3474 2043 nobis
3500 2004 3606 2043 non
3632 1994 3709 2044 est

2104 2073 2162 2147 (Ι
2185 2074 2343 2129 Joan.
2378 2090 2418 2141 ι,
2450 2073 2531 2146 8).
2565 2072 2710 2141 Quid
2740 2090 2868 2146 ergo
2902 2073 3107 2131 facient
3126 2075 3351 2145 tabulas,
3381 2077 3427 2133 si
3458 2085 3707 2134 tremunt

2102 2163 2519 2221 columnzeiAut
2530 2163 2807 2237 quomodo
2824 2166 2845 2199 ⁵
2870 2165 3107 2237 virgulta
3132 2166 3439 2221 immobilia
3457 2166 3700 2236 stabunt,

2105 2253 2152 2310 si
2182 2252 2350 2325 hujus
2374 2252 2596 2325 pavoris
2624 2253 2848 2311 turbine
2876 2254 3041 2310 etiam
3063 2255 3211 2311 cedri
3243 2255 3586 2327 quatiuntur.
3609 2256 3703 2312 So-

2104 2343 2313 2399 lutioni
2332 2360 2463 2413 ergo
2481 2344 2664 2400 carnis
2675 2344 3144 2417 appropinquans,
3173 2358 3568 2417 nonnunquam
3596 2353 3703 2401 ter-

2105 2450 2228 2489 rore
2256 2432 2521 2490 vindicta:
2549 2434 2716 2490 etiam
2738 2433 2878 2505 justi
2903 2435 3088 2490 anima
3131 2434 3406 2491 turbatur.
3440 2433 3543 2491 Cui
3572 2441 3627 2489 et
3654 2435 3702 2490 si

2105 2523 2240 2596 quid
2284 2522 2645 2596 tranquillum
2691 2523 2746 2577 in
2780 2521 2882 2578 hac
2911 2522 3029 2577 vita
3054 2538 3243 2594 sapere
3272 2523 3473 2594 potuit,
3507 2524 3703 2580 mortis

2103 2612 2339 2669 articulo
2359 2612 2763 2668 interveniente
2778 2612 3116 2679 concutitur,
3138 2620 3200 2667 ut
3208 2611 3229 2683 j
3240 2624 3336 2667 ure
3350 2610 3463 2667 dici
3484 2611 3700 2668 debeat:

2101 2702 2491 2761 Abominabitis
2538 2703 2599 2773 ﬁt
2640 2702 2690 2759 ei
2730 2701 2891 2774 panis
2916 2702 2975 2757 in
3000 2702 3113 2758 vita
3146 2712 3267 2769 sua,
3296 2707 3345 2756 et
3370 2702 3563 2757 anima
3588 2701 3704 2771 dus

2102 2792 2245 2848 cibus
2266 2797 2387 2849 ante
2413 2790 2797 2849 desiderabilis.
2827 2791 2927 2848 Vel
2947 2798 3093 2847 certe
3114 2798 3334 2864 propter
3360 2791 3581 2863 pavoris
3593 2807 3703 2863 pm-

2102 2899 2230 2939 nam
2259 2882 2383 2949 hoc,
2415 2881 2564 2954 quod
2594 2882 2712 2938 illic
2740 2880 3032 2939 subditur:
3081 2880 3553 2951 Appropinquavit
3589 2894 3703 2936 cor-

2100 2970 2344 3041 ruptioni
2369 2970 2553 3026 animo
2579 2970 2715 3039 ejus,
2748 2977 2795 3025 et
2817 2969 2927 3024 vita
2955 2969 3104 3024 illius
3136 2967 3452 3037 mortiferis.

2174 3059 2261 3117 34.
2284 3061 2561 3114 Justorum
2587 3059 2779 3113 animo:
2797 3059 2891 3113 hoc
2906 3074 3107 3129 pavore
3119 3074 3155 3111 a
3172 3058 3369 3112 levibus
3383 3057 3556 3129 culpis
3566 3074 3699 3131 pur-

2020 3170 2065 3231 G
2101 3156 2317 3221 gantur.
2345 3174 2416 3190 --
2444 3147 2549 3203 Sed
2579 3148 2710 3221 quia
2730 3145 3011 3218 justorum
3045 3146 3245 3202 animai
3275 3162 3307 3201 a
3342 3146 3559 3203 levibus
3584 3147 3703 3221 qui-

2101 3239 2314 3312 busque
2333 3237 2602 3309 contagiis
2622 3237 2744 3309 ipso
2772 3244 2912 3309 saepe
2933 3236 3128 3292 mortis
3158 3252 3359 3309 pavore
3374 3244 3702 3309 purgantur,

2102 3336 2157 3384 et
2198 3336 2413 3384 aeternae
2463 3327 2850 3384 retributionis
2891 3325 3092 3399 gaudia
3126 3324 3241 3398 jam
3275 3325 3344 3382 ab
3375 3326 3495 3398 ipsa
3522 3327 3703 3383 carnis

2104 3418 2379 3474 solutione
2399 3416 2730 3489 percipiunt,
2755 3418 3077 3490 plerumque
3094 3430 3223 3472 vero
3242 3416 3705 3487 contemplatione

2103 3507 2343 3578 quadam
2364 3506 2746 3563 retributionis
2774 3507 3005 3563 intemae
3020 3507 3181 3563 etiam
3208 3506 3522 3579 priusquam
3541 3519 3705 3561 carne

2103 3597 2483 3667 exspolientur
2510 3596 2872 3662 hilarescunt,
2893 3604 2948 3652 et
2967 3596 3099 3652 dum
3131 3597 3420 3652 vetustatis
3450 3595 3703 3652 debitum

2101 3687 2348 3753 solvunt,
2380 3685 2513 3740 novi
2539 3683 2653 3755 jam
2675 3685 2922 3739 muneris
2942 3685 3135 3740 laetitia
3154 3684 3534 3755 perfruuntur,
3558 3691 3704 3740 recte

2101 3775 2344 3830 dicitur:
2389 3773 2587 3830 Videbit
2616 3771 2807 3840 faciem
2834 3771 2947 3840 eius
2976 3772 3032 3825 in
3047 3771 3243 3839 jubilo.
3266 3772 3367 3826 Vel
3399 3778 3545 3827 certe
3570 3787 3581 3825 :
3616 3770 3703 3824 Li-

2105 3863 2307 3919 beravit
2349 3862 2587 3915 animam
2630 3876 2804 3924 suam,
2853 3876 2917 3914 ne
2940 3866 3179 3929 pergeret
3204 3860 3262 3912 in
3289 3859 3584 3923 interitum,
3614 3861 3705 3915 sed

2102 3954 2282 4011 vivens
2330 3953 2491 4006 lucem
2538 3950 2758 4005 videret.
2817 3949 2959 4005 Iusti
3012 3950 3194 4021 itaque
3228 3947 3411 4003 anima
3442 3948 3497 4003 in
3522 3947 3703 4020 jubilo

2102 4040 2300 4096 faciem
2331 4040 2432 4096 Dei
2461 4039 2757 4111 conspicit,
2790 4040 2921 4112 quia
2940 4046 3155 4095 tantum
3181 4039 3248 4094 de
3273 4037 3466 4094 laetitia
3488 4039 3706 4097 interna

2102 4129 2357 4203 percipit,
2408 4136 2673 4202 quantum
2718 4140 2912 4201 capere
2955 4128 3043 4184 vel
3074 4135 3354 4200 assumpta
3372 4128 3479 4184 Vix
3506 4129 3700 4201 possit.

2100 4219 2185 4277 Ibi
2203 4220 2373 4291 igitur
2390 4220 2568 4275 lucem
2591 4218 2789 4275 vivens
2805 4217 2977 4286 videt,
2994 4218 3123 4291 quia
3143 4217 3447 4289 spiritalem
3478 4220 3702 4275 oculum

2100 4309 2160 4365 in
2181 4309 2363 4365 radios
2382 4309 2572 4366 interni
2597 4309 2729 4365 solis
2754 4308 2953 4379 inﬁgit.
2973 4307 3057 4363 Ibi
3080 4308 3253 4363 lucem
3284 4307 3482 4364 vivens
3528 4308 3701 4378 videt,

2101 4402 2231 4474 quia
2258 4400 2410 4456 omni
2435 4398 2549 4470 jam
2583 4398 2972 4454 mutabilitatis
3000 4397 3382 4455 vicissitudine
3402 4405 3565 4470 atque
3593 4396 3704 4453 ob—

2102 4488 2458 4545 umbratione
2487 4488 2715 4554 calcata,
2748 4487 2971 4542 veritati
2998 4486 3325 4542 aeternitatis
3355 4486 3605 4553 inhaeret;
3629 4487 3704 4542 ei-

2101 4759 2270 4817 otoris
2289 4758 2375 4814 sui
2400 4755 2884 4813 inconversibilem
2916 4757 3152 4829 speciem
3184 4755 3316 4811 dum
3360 4754 3585 4824 respicit
3612 4767 3703 4806 as-

2100 4848 2291 4906 sumit.
2325 4847 2456 4915 Quae
2487 4846 2636 4902 enim
2668 4845 2735 4901 ad
2770 4845 3196 4901 mutabilitatem
3229 4858 3328 4914 per
3353 4841 3702 4911 semetipsam

2100 4940 2251 5009 lapsa
2264 4946 2365 5005 est,
2385 4937 2453 4993 ad
2474 4936 2946 4994 immutabilitatis
2966 4941 3168 4990 statum
3188 4933 3361 4988 immu
3373 4929 3702 4985 tabilitatem

2102 5028 2124 5062 ⁶
2154 5025 2395 5101 videndo
2424 5026 2716 5083 formatur.
2750 5026 2925 5096 Igitur
2952 5024 3083 5079 Eliu
3112 5021 3181 5076 de
3206 5018 3413 5075 afﬂicto
3443 5017 3548 5075 hoc
3568 5019 3701 5075 libe-

2097 5121 2325 5188 ratoque
2357 5114 2603 5183 homine,
2635 5114 2766 5188 quia
2811 5111 2964 5183 prius
2996 5109 3245 5165 maeroris
3274 5107 3701 5164 amaritudinem

2097 5212 2153 5262 et
2197 5204 2549 5275 postmodum
2594 5203 2791 5275 gaudia
2832 5197 3228 5255 consolationis
3256 5198 3547 5269 expressit,
3578 5204 3702 5269 apte

2099 5292 2389 5363 subjunxit
2416 5310 2426 5346 :
2478 5295 2601 5347 Haec
2632 5290 2810 5345 omnia
2842 5293 3098 5358 operatur
3125 5288 3266 5342 Deus
3298 5288 3473 5341 tribus
3502 5287 3702 5341 vicibus

2094 5399 2193 5454 per
2232 5382 2488 5451 singulos,
2522 5378 2780 5434 videlicet
2809 5375 3208 5443 conversionis,
3244 5375 3611 5448 probationis,
3641 5383 3698 5432 et

2173 5558 2193 5594 ³
2224 5550 2337 5625 AL,
2369 5548 2845 5625 distiictojudicio.

2174 5630 2195 5666 ὀ
2224 5623 2445 5696 Pratel.,
2471 5644 2575 5699 pro
2604 5623 2655 5681 se
2686 5626 2917 5699 illecum
2940 5623 3137 5699 agonia
3161 5632 3376 5699 peteret.

2172 5705 2193 5737 δ
2226 5694 2505 5771 V‘indog;
2518 5698 2753 5771 uirgulta
2772 5694 3147 5771 immutabilia.

2172 5776 2196 5810 θ
2225 5766 2375 5829 Idem
2405 5760 2626 5841 Codex;
2646 5770 2863 5826 vivendo
2892 5760 3183 5842 formatur.
