4162 6184
539 321 648 380 307

1759 326 2013 386 SANCTI
2051 329 2403 389 GBEGORII
2438 331 2668 394 MAGNI

3745 344 3842 402 308

539 446 760 544 mortis,
788 444 917 545 quia
945 462 1040 545 per
1069 449 1174 505 tria
1203 448 1341 521 hac,
1358 460 1414 545 et
1442 451 1598 510 duris
1622 454 1866 545 primum
1895 453 2142 545 stimulis
2168 461 2220 520 A
2255 467 2410 529 runt,
2432 461 2800 535 correptisque
2822 463 3101 520 licentiam
3128 463 3382 522 tribuunt
3399 465 3420 501 ³
3441 474 3504 523 ut
3526 469 3574 525 si
3607 470 3737 544 quid
3755 489 3848 545 pro

539 534 792 592 maroris
821 535 1079 605 afﬁcitur,
1113 545 1169 594 et
1197 540 1413 613 magnis
1442 541 1796 613 postmodum
1827 544 2142 600 securitatis

539 624 756 698 gaudiis
816 625 1116 684 refovetur.
1177 629 1250 685 Et
1305 630 1436 702 quia
1491 632 1653 689 electi
1706 633 2144 709 uniuscujusque

540 731 696 774 mens
737 714 930 772 iisdem
970 715 1150 772 tribus
1193 716 1430 786 vicibus,
1476 717 1534 774 id
1581 727 1663 775 est
1690 721 1780 777 vel
1806 720 1992 778 labore
2015 738 2142 778 con-

541 805 836 875 versionis,
868 806 955 861 vel
985 807 1292 863 tentatione
1319 806 1684 880 probationis,
1724 811 1812 867 vel
1843 811 2144 869 formidine

541 897 840 952 solutionis
866 897 1149 966 atteritur,
1185 905 1346 971 atque
1374 899 1492 971 ipsa
1521 900 1805 958 attritione
1834 910 2061 975 purgata
2082 903 2145 958 li-

540 983 786 1052 beratur,
817 993 940 1056 apte
968 986 1358 1058 subjungitur:

934 1099 1164 1158 CAPUT
1198 1097 1302 1156 ΧΠ
1351 1098 1492 1174 [νει.
1546 1102 1730 1177 XIX].

616 1193 789 1251 Vens.
847 1190 934 1248 30.
980 1221 1051 1232 —
1112 1191 1176 1248 Ut
1227 1197 1430 1248 revocet
1481 1193 1692 1248 animas
1746 1209 1928 1248 eorum
1973 1211 2009 1250 a
2037 1210 2150 1250 cor-

543 1281 811 1354 ruptione,
845 1286 894 1336 et
919 1278 1184 1336 illuminet
1209 1281 1319 1336 luce
1347 1280 1652 1338 viventium.

615 1367 706 1426 35.
740 1368 862 1424 Lua:
889 1384 1146 1440 praesens,
1182 1369 1517 1424 morientium
1554 1375 1669 1433 est;
1699 1369 1795 1424 lue:
1823 1374 2039 1436 aeterna,
2070 1369 2152 1424 vi-

547 1458 804 1514 ventium.
837 1487 907 1497 —
936 1457 1059 1512 Lux
1089 1457 1291 1530 quippe
1321 1457 1682 1513 morientium
1706 1463 1809 1524 est,
1842 1473 2004 1529 quam
2037 1473 2155 1513 cor-

548 1546 731 1620 poreis
751 1546 927 1603 oculis
947 1546 1246 1602 cernimus.
1279 1546 1385 1614 Qui
1403 1553 1587 1602 autem
1600 1545 1783 1602 adhuc
1798 1545 1929 1602 huic
1947 1547 2156 1602 mundo

547 1635 771 1704 vivunt,
803 1635 925 1692 luce
945 1636 1302 1692 morientium
1326 1635 1736 1692 tenebrescunt.
1762 1635 2158 1691 Illuminantur

546 1735 730 1782 autem
781 1727 901 1782 luce
930 1725 1261 1794 viventium,
1296 1726 1414 1798 qui,
1457 1724 1714 1796 despecto
1743 1724 2042 1796 temporali
2076 1725 2164 1780 lu-

2254 549 2449 622 seipsis
2473 548 2680 621 justius
2707 552 2948 608 sentiant
2977 553 3273 623 fateantur,
3323 553 3430 612 hoc
3457 573 3849 633 nonnunquam

2254 638 2418 693 etiam
2431 647 2745 711 arrogantes
2767 640 2972 697 imitari
3003 650 3287 715 appetunt.
3319 643 3602 718 Paulisper
3628 648 3776 703 enim
3800 647 3856 703 in

2255 726 2438 783 verbis
2467 728 2702 784 elatione
2722 732 3042 802 postposita,
3069 732 3223 805 quasi
3253 739 3461 789 "eorum
3493 750 3627 808 quos
3683 736 3856 793 corri-

2256 816 2436 889 piunt,
2470 818 2492 852 ⁴
2521 817 2567 872 si
2614 817 2758 874 forte
2789 821 3024 890 reperire
3063 821 3363 893 potuerint,
3391 821 3665 893 justitiam
3697 841 3861 898 qua-

2254 915 2406 976 runt,
2437 923 2549 962 non
2580 908 2709 981 quia
2736 908 2811 963 ita
2848 911 3116 979 sentiunt,
3142 909 3237 967 sed
3266 912 3395 984 quia
3424 914 3605 968 ornari
3635 929 3730 986 per
3758 913 3859 970 hn'

2258 997 2512 1053 militatis
2545 999 2780 1071 speciem
2824 1000 3245 1072 concupiscunt.
3281 1001 3536 1056 Metuunt
3562 1001 3714 1057 enim
3742 1004 3765 1038 δ
3794 1019 3862 1059 ne

2261 1087 2483 1160 superbi
2514 1104 2578 1145 ac
2612 1088 2838 1157 tumidi,
2874 1089 3003 1162 quia
3031 1096 3181 1158 sunt,
3215 1104 3330 1145 esse
3364 1089 3680 1146 videantur.
3711 1090 3863 1148 Unde

2259 1176 2390 1232 Eliu
2415 1176 2602 1232 statim
2630 1176 2904 1247 subdidit,
2927 1178 3153 1236 dicens:
3183 1179 3240 1235 Si
3254 1184 3429 1233 autem
3458 1179 3614 1234 habes
3633 1179 3772 1251 quod
3793 1181 3862 1236 lo-

2261 1266 2468 1335 quaris,
2497 1268 2752 1338 responde
2771 1268 2938 1333 mihi;
2968 1269 3197 1339 loquere,
3229 1269 3348 1324 volo
3374 1269 3514 1324 enim
3537 1275 3582 1324 te
3609 1286 3865 1342 apparere

2254 1354 2484 1425 justum.
2513 1357 2622 1414 Sed
2651 1359 2781 1431 quia
2812 1358 2930 1416 hac
2957 1375 3028 1415 ex
3056 1358 3223 1417 corde
3252 1376 3364 1416 non
3395 1361 3651 1433 protulit,
3680 1359 3865 1416 audire

2266 1446 2415 1520 quod
2429 1447 2720 1520 quasierat
2734 1463 2845 1503 non
2862 1449 3366 1522 exspectavit.Nam
3385 1450 3540 1506 illico
3557 1447 3864 1522 subjunxit:

2271 1538 2425 1606 Quod
2450 1538 2498 1594 si
2524 1555 2631 1594 non
2649 1539 2824 1606 habes,
2853 1539 2983 1595 audi
3009 1555 3121 1605 me;
3149 1545 3277 1607 tace,
3298 1546 3347 1594 et
3374 1539 3562 1596 docebo
3598 1547 3642 1596 te
3669 1539 3872 1612 sapien-

2273 1628 2422 1685 tiam.
2476 1629 2585 1697 Qui
2641 1631 2791 1686 enim
2845 1630 3114 1686 veraciter
3166 1639 3421 1703 quarunt
3466 1631 3662 1687 audire
3726 1628 3872 1703 quod

2265 1718 2479 1791 justum
2495 1719 2990 1791 est,aquanimiter
3009 1728 3329 1792 exspectant
3347 1719 3536 1776 audire
3556 1718 3707 1794 quod
3726 1735 3871 1792 qua-

550 1814 723 1882 mine,
763 1813 834 1871 ad
876 1813 1226 1886 splendorem
1270 1815 1503 1868 interna
1533 1813 1801 1869 claritatis
1839 1821 2154 1882 recurrunt,
2184 1815 2232 1877 B
2266 1815 2417 1868 runt.
2447 1807 2580 1864 Eliu
2607 1814 2813 1876 autem,
2845 1808 2976 1881 quia
2999 1810 3268 1867 veraciter
3296 1809 3674 1882 requisitionis
3703 1808 3872 1864 verba

552 1909 699 1964 777
745 1916 808 1963 ut
837 1907 916 1963 ibi
946 1906 1159 1975 vivant,
1191 1905 1290 1962 ubi
1313 1922 1507 1963 verum
1541 1909 1730 1964 lumen
1745 1909 2033 1966 sentiendo
2057 1909 2155 1965 vi-

553 1995 745 2064 deant,
775 1994 873 2049 ubi
918 2010 1027 2050 non
1059 1993 1214 2050 aliud
1261 1995 1468 2064 lumen,
1514 2004 1676 2070 atque
1707 1998 1864 2054 aliud
1893 1998 2026 2066 vita,
2058 1997 2156 2054 sed

553 2085 656 2141 ubi
686 2085 807 2157 ipsa
834 2084 935 2140 lux
957 2085 1074 2140 vita
1087 2085 1178 2153 sit,
1203 2083 1299 2140 ubi
1321 2085 1401 2143 sic
1428 2103 1530 2144 nos
1544 2088 1644 2144 lux
1657 2089 1906 2146 exterius
1921 2089 2158 2147 circum-

556 2173 786 2240 scribat,
837 2182 900 2228 ut
930 2173 1164 2230 interius
1213 2175 1444 2247 impleat
1473 2193 1488 2244 ;
1520 2176 1600 2234 sic
1628 2177 1863 2234 interius
1892 2178 2119 2251 impleat
2137 2219 2156 2244 ,

554 2271 619 2319 ut
663 2261 1144 2335 incircumscripta
1189 2265 1434 2321 exterius
1463 2266 1902 2325 circumscribat.
1933 2265 2160 2323 lllumi—

557 2359 764 2409 nantur
811 2368 939 2424 ergo
981 2353 1086 2411 hac
1133 2355 1256 2413 luce
1287 2357 1619 2426 viventium,
1653 2373 1816 2432 quam
1849 2364 2001 2414 tanto
2028 2365 2163 2414 tunc

561 2441 831 2498 subtilius
859 2443 1232 2516 conspiciunt,
1266 2454 1474 2520 quanto
1515 2464 1664 2505 nunc
1691 2446 1762 2503 ad
1786 2447 1939 2503 illam
1971 2445 2164 2519 purius

562 2530 782 2587 vivunt.

630 2619 719 2677 36.
754 2618 981 2690 Superbi
1005 2620 1148 2675 veris
1171 2628 1222 2676 et
1242 2623 1482 2693 mysticis
1507 2624 1696 2679 inania
1709 2631 1759 2679 et
1777 2624 1980 2680 tumida
2000 2624 2168 2679 solent

555 2710 893 2784 permiscere.
941 2739 1013 2750 —
1053 2710 1250 2782 Magna
1281 2711 1412 2766 Eliu
1439 2728 1504 2768 ac
1531 2712 1692 2768 valde
1720 2712 1887 2770 fortia
1911 2712 2162 2785 protulit,

559 2799 658 2855 sed
685 2799 791 2855 hoc
830 2798 1211 2871 unusquisque
1238 2815 1498 2872 arrogans
1523 2799 1725 2858 habere
1754 2801 2039 2875 proprium
2067 2819 2169 2858 so-

560 2888 658 2956 let,
695 2887 843 2961 quod
884 2886 1016 2944 dum
1061 2904 1191 2945 vera
1217 2906 1281 2947 ac
1310 2891 1545 2963 mystica
1570 2891 1842 2965 loquitur,
1858 2890 2042 2948 subito
2070 2906 2168 2963 per

561 2983 838 3032 tumorem
852 2976 1036 3033 cordis
1051 2977 1302 3049 quadam
1324 2977 1513 3035 inania
1527 2987 1582 3036 et
1599 2980 1835 3052 superba
1853 2980 2166 3053 permiscet.

563 3064 722 3121 Foris
761 3066 912 3122 enim
961 3067 1176 3138 placere
1220 3068 1434 3141 appetit
1478 3069 1539 3125 in
1577 3070 1687 3127 hoc
1724 3071 1872 3144 quod
1900 3069 2170 3127 veraciter

2265 1916 2377 1958 non
2407 1898 2660 1972 protulit,
2690 1896 2802 1953 dici
2831 1896 2978 1970 quod
3008 1899 3304 1970 quaesierat
3329 1914 3440 1954 non
3472 1896 3746 1971 permisit,
3777 1894 3872 1953 sed

2266 2005 2398 2046 mox
2429 1986 2578 2060 quod
2606 1986 2942 2042 intrinsecus
2962 1987 3208 2058 gestabat
3241 1989 3444 2060 erupit,
3475 1987 3805 2060 qualemque
3817 1999 3873 2041 se

2267 2080 2326 2136 in
2365 2077 2541 2135 oculis
2569 2075 2685 2133 suis
2724 2075 2962 2133 habebat
2991 2076 3252 2144 ostendit,
3284 2075 3512 2133 dicens:
3550 2078 3756 2142 Tace,et
3780 2075 3871 2129 do-

2267 2168 2382 2224 cebo
2413 2173 2458 2223 te
2487 2166 2820 2239 sapientiam.
2853 2167 3188 2238 Arrogantes
3216 2164 3365 2220 enim
3384 2164 3494 2220 viri
3524 2161 3748 2236 quando
3773 2160 3873 2216 ali-

2270 2257 2406 2332 quid
2424 2257 2713 2315 humiliter
2727 2255 3046 2325 sonant,diu
3064 2255 3122 2311 in
3139 2253 3384 2327 ejusdem
3404 2251 3744 2309 humilitatis
3757 2265 3874 2321 spe-

2270 2349 2355 2406 cie
2383 2365 2494 2406 non
2515 2347 2834 2421 perdurant.
2855 2346 2992 2404 Cum
3015 2346 3244 2402 fortasse
3265 2350 3524 2417 quarunt
3541 2349 3606 2399 ut
3623 2339 3871 2411 audiant,

2272 2455 2406 2508 mox
2432 2436 2708 2511 loquendo
2764 2436 2993 2492 obviant
3019 2451 3090 2491 ne
3136 2434 3452 2500 doceantur,
3483 2432 3613 2505 quia
3641 2427 3874 2503 superﬁ-

2273 2511 2416 2596 ciem
2441 2528 2596 2585 vocis
2625 2543 2789 2599 quam
2818 2527 3161 2598 protulerant
3185 2525 3349 2582 citius
3379 2521 3765 2580 ostentationis
3793 2521 3877 2576 in-

2272 2615 2449 2688 tentio
2467 2618 2637 2682 ’7³78⁸
2653 2617 3120 2689 comprimit,qua
3132 2631 3203 2671 ex
3216 2614 3399 2672 radice
3413 2613 3594 2690 cordis
3609 2610 3874 2682 exsurgit,

2275 2701 2437 2790 atque
2455 2715 2702 2772 eamdem
2724 2715 3059 2770 humilitatis
3079 2713 3316 2791 formam
3336 2703 3515 2784 specie
3533 2718 3694 2766 tenus
3720 2722 3876 2764 sum—

2275 2815 2424 2880 ptam
2448 2821 2514 2862 eo
2541 2804 2772 2860 celerius
2802 2802 3039 2875 probant
3084 2803 3215 2874 quia
3243 2801 3421 2856 aliena
3451 2807 3552 2867 est,
3585 2813 3696 2871 quo
3726 2797 3875 2852 illam

2276 2895 2486 2952 diutius
2503 2901 2689 2949 tenere
2721 2908 2831 2947 non
2858 2897 3106 2962 possunt.
3139 2891 3282 2946 Ecce
3306 2889 3437 2944 Eliu
3450 2886 3731 2958 justitiam
3752 2900 3876 2940 cum

2275 2985 2509 3057 requirit
2535 2991 2597 3039 ut
2626 2983 2821 3050 discat,
2852 2979 3128 3052 promittit
3156 2978 3286 3051 quia
3305 2977 3514 3034 doceat.
3548 2976 3692 3032 Ecce
3721 2972 3876 3046 quasi

2276 3072 2608 3146 requirendo
2637 3070 2785 3144 quod
2806 3069 3017 3142 justum
3047 3077 3129 3124 est
3156 3065 3366 3139 aliquid
3406 3065 3631 3136 planum
3665 3077 3881 3142 sonue-

568 3151 768 3216 sentit;
801 3160 856 3206 et
885 3153 1013 3207 inde
1037 3170 1169 3209 mox
1197 3140 1466 3213 inanescit
1485 3174 1516 3213 a
1545 3173 1699 3226 vero,
1720 3140 1867 3214 unde
1890 3161 1908 3194 ¹
1937 3174 2035 3230 per
2063 3159 2170 3212 ela-
2199 3174 2243 3234 α
2277 3140 2372 3220 νει(
2392 3165 2576 3235 lingua
2599 3182 2612 3230 ;
2648 3140 2742 3217 sed
2772 3140 2903 3216 mox
2923 3161 3099 3217 celare
3127 3175 3236 3214 non
3268 3157 3447 3229 potuit
3475 3155 3582 3212 hoc
3610 3140 3762 3227 quOd
3790 3153 3880 3208 al-

567 3239 740 3294 tionis
767 3246 964 3311 typum
998 3241 1206 3298 recedit
1223 3244 1292 3300 ab
1321 3246 1542 3304 intimo.
1565 3248 1707 3315 Quia
1725 3247 1873 3303 enim
1889 3246 2168 3319 approba-
2273 3261 2393 3308 tum
2424 3252 2669 3309 tumebat
2697 3249 3049 3307 conscientia.
3103 3249 3241 3305 Nam
3293 3253 3513 3319 repente
3546 3244 3875 3317 subjunxit:

567 3327 618 3385 ri
665 3326 860 3384 doctus
904 3329 1146 3387 exterius
1193 3335 1411 3406 quarit,
1457 3335 1608 3392 intus
1634 3335 2034 3409 plenitudinem
2063 3351 2170 3406 qua

570 3415 870 3472 docebatur
899 3417 1123 3475 amittit.
1157 3421 1311 3478 Unde
1339 3430 1394 3478 et
1433 3423 1586 3494 Eliu,
1617 3440 1780 3497 quem
1808 3431 1993 3479 tenere
2021 3440 2170 3480 arro-

570 3506 815 3577 gantium
845 3514 1044 3579 typum
1074 3525 1213 3582 sape
1238 3511 1352 3584 jam
1382 3512 1648 3582 diximus,
1678 3520 1965 3586 postquam
1998 3514 2172 3568 multa

569 3595 855 3665 sapientiae
885 3595 1159 3668 profunda
1187 3599 1431 3672 digessit,
1454 3601 1637 3658 subito
1664 3609 1786 3673 post
1815 3600 2030 3657 easdem
2051 3616 2169 3656 sen-

571 3685 772 3741 tentias
821 3701 1041 3742 veraces
1085 3703 1151 3744 ac
1196 3689 1458 3760 mysticas
1494 3690 1639 3746 fastu
1667 3689 1911 3745 scientia
1949 3689 2172 3745 inﬂatus

569 3777 884 3847 extollitur,
914 3777 1074 3850 cujus
1102 3794 1234 3834 mox
1265 3778 1572 3836 inﬂationis
1605 3779 1804 3836 merito
1832 3778 1951 3852 ejus
1979 3795 2171 3836 sensus

569 3866 639 3923 ad
667 3866 854 3924 inania
881 3867 1049 3926 verba
1077 3868 1380 3926 derivatur.
1409 3870 1547 3926 Nam
1577 3869 1847 3936 subdidit,
1877 3869 2095 3927 dicens:

1164 3957 1393 4015 CAPUT
1428 3957 1580 4015 XIII.

645 4043 821 4099 Vnus.
853 4046 1041 4102 31-33.
1080 4077 1152 4088 —
1199 4049 1445 4113 Attende,
1475 4048 1595 4114 Job,
1626 4055 1676 4104 et
1701 4048 1832 4104 audi
1858 4064 1960 4118 me,
1989 4053 2038 4103 et
2067 4054 2174 4104 tace

573 4128 701 4209 εέτινη
730 4147 819 4201 ⁸90
845 4133 1054 4203 loquor.
1074 4135 1136 4192 Si
1146 4143 1321 4192 autem
1340 4137 1497 4193 habes
1515 4137 1658 4209 quod
1679 4138 1942 4208 loquaris,
1959 4153 2174 4209 respon-

574 4202 636 4273 de
664 4219 830 4274 mihi:
855 4202 1089 4292 loquere,
1109 4227 1228 4281 volo
1256 4228 1393 4283 enim
1416 4233 1461 4282 te
1486 4202 1756 4298 apparere
1761 4202 1987 4296 justum.
2025 4202 2175 4293 Quod

573 4305 622 4359 si
663 4322 769 4362 non
797 4308 972 4378 habes,
1003 4313 1137 4369 audi
1163 4331 1281 4382 me;
1310 4323 1439 4383 tace,
1471 4321 1519 4370 et
1547 4315 1731 4370 docebo
1766 4321 1811 4370 te
1837 4314 2170 4386 sapientiam.

651 4393 739 4450 37.
767 4397 987 4462 Quando
1007 4402 1216 4472 aliquid
1233 4404 1502 4460 humiliter
1524 4404 1835 4474 loquuntur,
1849 4404 1946 4460 diu
1963 4404 2020 4459 in
2039 4403 2176 4474 ejus-

576 4484 696 4539 dem
726 4484 1044 4543 hu-militatis
1071 4491 1234 4560 specie
1260 4509 1365 4546 non
1379 4500 1741 4564 perseverant.
1773 4493 2087 4561 —Qualem
2117 4508 2175 4548 se

575 4572 720 4644 apud
750 4590 805 4629 se
833 4575 1028 4632 habeat
1058 4578 1162 4634 hac
1189 4581 1468 4636 locutione
1497 4582 1837 4651 manifestat,
1868 4600 1976 4655 qua
2003 4583 2174 4640 dicit:

576 4663 820 4731 Attende,
864 4666 984 4734 Job,
1035 4674 1083 4722 et
1121 4669 1253 4722 audi
1295 4687 1394 4738 me,
1431 4678 1478 4726 et
1525 4678 1632 4727 tace
1678 4674 1804 4726 dum
1843 4689 1931 4742 ego
1966 4675 2174 4742 loquor.

575 4757 850 4812 Immensa
879 4757 1027 4813 enim
1061 4756 1318 4830 superbia
1345 4767 1448 4828 est,
1479 4777 1511 4814 a
1537 4759 1752 4815 seniore
1784 4759 1892 4814 sibi
1927 4777 2179 4818 reveren-

574 4845 710 4900 tiam
740 4844 979 4919 exigere,
1011 4854 1066 4903 et
1087 4845 1372 4903 silentium
1393 4846 1663 4919 imperare
1693 4847 1913 4904 meliori
1941 4865 2018 4906 se.
2036 4850 2176 4924 [Vet.

576 4936 723 5011 XX.]
764 4938 904 5007 Quia
950 4946 1133 4995 autem
1165 4937 1549 5011 pradicatores
1571 4937 1712 5011 justi
1743 4938 1875 4996 dum
1906 4940 2182 5015 quoslibet

575 5027 908 5098 corripiunt,
945 5044 1086 5102 sape
1116 5043 1212 5100 per
1239 5027 1574 5084 humilitatis
1605 5029 1872 5102 gratiam”
1888 5031 1956 5087 ad
1977 5031 2179 5104 cogita-

578 5113 793 5169 tionum
826 5134 1050 5176 suarum
1081 5115 1280 5174 intima
1307 5123 1682 5188 revertuntur,
1703 5125 1866 5191 atque
1887 5119 1945 5174 in
1965 5134 2030 5174 eo
2060 5119 2179 5190 ipso

578 5203 728 5272 quod
764 5207 1095 5278 corripiunt,
1134 5223 1204 5264 ne
1247 5206 1383 5280 quid
1409 5207 1640 5265 fortasse
1663 5206 1934 5265 fallantur
1971 5207 2181 5282 exqui-

652 5429 676 5532 ;
704 5428 1217 5532 Ξὲιξὶηλξὲξηξθξξί
1259 5442 1329 5532 et
1351 5436 1450 5532 3!»
1475 5438 1911 5532 summa
1943 5441 2174 5532 typum-

705 5499 854 5555 Edit.
887 5501 1246 5584 Βαείιιμδμι,
1279 5499 1566 5584 vaticana,
1589 5509 1786 5584 Gilot.,
1818 5512 1891 5566 ad
1915 5499 2181 5584 οὸᾱηίιίο-

579 5586 708 5626 num
758 5586 999 5628 suarum.
1040 5574 1293 5631 Nostram
1335 5574 1629 5637 lectionem
1667 5574 1913 5639 eruimus
1948 5574 2019 5639 ex
2045 5585 2175 5643 Mss.

579 5640 1070 5715 Anglic.,_Nortn_.,
1100 5644 1332 5714 Turon.,
1363 5659 1468 5706 etc.

969 5684 1491 5787 ,Ἧι
1507 5721 1555 5775 si
1581 5723 1712 5795 quid
1732 5741 1838 5798 pro
1862 5742 1916 5782 se
1937 5724 2045 5798 ipsi
2059 5725 2181 5798 jus-

601 5802 706 5843 ius.

2199 4535 2250 4595 D

2285 3345 2435 3410 Tace,
2479 3347 2525 3395 et
2553 3339 2736 3394 docebo
2774 3345 2816 3393 te
2844 3337 3178 3409 sapientiam.
3210 3336 3352 3404 Quia
3387 3353 3520 3392 vero
3566 3339 3880 3406 arrogantes

2242 3444 2245 3446 '
2278 3446 2469 3487 omnes
2497 3430 2554 3485 in
2587 3445 2651 3484 eo
2673 3427 2821 3501 quod
2853 3426 3138 3498 proferunt
3165 3425 3344 3499 typho
3367 3425 3640 3498 superbia
3667 3425 3882 3481 inﬂan—

2276 3530 2390 3590 tur,
2417 3527 2491 3588 et,
2522 3519 2674 3576 velut
2705 3518 2763 3572 in
2792 3518 2902 3573 alto
2931 3517 3097 3588 positi
3129 3517 3208 3572 sic
3222 3515 3510 3572 doctorum
3531 3513 3770 3586 speciem
3791 3529 3881 3568 su-

2279 3617 2460 3675 munt,
2495 3626 2557 3666 ac
2593 3608 2640 3664 si
2686 3623 2874 3663 eorum
2913 3605 3082 3662 verba
3109 3605 3424 3677 dignatione
3453 3603 3689 3676 quadam
3719 3617 3884 3674 super

2280 3699 2536 3772 indignos
2563 3698 2820 3754 homines
2847 3696 3066 3752 calitus
3095 3694 3470 3762 effundantur,
3489 3693 3631 3749 bene
3657 3708 3689 3748 a
3716 3690 3880 3762 scrip-

2279 3797 2400 3846 tore
2424 3788 2592 3862 hujus
2606 3785 2854 3843 historia
2875 3799 3067 3841 versus
3087 3784 3479 3856 interponitur,
3505 3798 3614 3855 quo
3630 3781 3875 3838 dicatur:

2522 3929 2752 3987 CAPUT
2783 3929 2915 3985 XIV
2939 3925 3081 4001 [Vet.
3113 3927 3265 3993 XXI,
3287 3927 3406 3983 Rec.
3451 3923 3634 4000 VIII].

2351 4045 2486 4104 CAP.
2545 4059 2745 4112 xxxxv,
2801 4042 2971 4100 Vsus.
3030 4043 3176 4098 1.-
3205 4042 3227 4076 ⁷
3251 4041 3626 4098 Pronuntians
3680 4055 3882 4112 quoque

2282 4136 2438 4202 Eliu,
2467 4135 2626 4191 etiam
2654 4135 2762 4190 hac
2792 4135 2994 4189 locutus
3021 4137 3112 4187 est.

2354 4225 2443 4282 38.
2475 4224 2616 4281 Iusti
2643 4241 2708 4279 ea:
2726 4223 2905 4278 radice
2924 4219 3239 4277 humilitatis
3270 4220 3598 4290 loquuntur;
3616 4235 3762 4274 secus
3780 4218 3883 4273 ini-

2283 4316 2395 4388 qui.
2413 4346 2485 4357 —
2505 4314 2650 4382 Quid
2679 4312 2826 4368 enim
2849 4327 2944 4384 per
2963 4309 3130 4383 hujus
3155 4307 3620 4382 pronuntiationis
3645 4306 3885 4365 vocabu-

2283 4405 2423 4472 lum,
2454 4404 2560 4459 nisi
2579 4402 2790 4458 inﬂatio
2811 4399 3066 4457 elationis
3097 4397 3427 4466 ostenditur,
3453 4406 3516 4453 ut
3548 4395 3740 4465 verba,
3767 4411 3887 4469 qua

2285 4494 2352 4550 de
2371 4495 2482 4549 alta
2519 4491 2788 4563 superbia
2819 4490 3000 4547 radice
3015 4487 3335 4557 veniebant,
3354 4503 3482 4544 cum
3500 4486 3737 4560 quadam
3760 4502 3886 4560 qua-

2285 4583 2333 4639 si
2365 4582 2659 4638 altitudine
2687 4589 2742 4637 et
2779 4580 3137 4637 distinctione
3167 4577 3546 4652 procederent.
3578 4578 3660 4632 Ita
3695 4575 3888 4632 videli-

2286 4680 2373 4730 cet
2399 4672 2693 4745 pradicare
2713 4687 2905 4727 omnes
2921 4677 3238 4742 arrogantes
3253 4670 3432 4724 solent
3448 4668 3476 4723 ?
3491 4667 3627 4723 Cum
3646 4665 3888 4739 quodam

2287 4763 2436 4818 enim
2452 4763 2600 4818 fastu
2614 4762 2901 4834 proferunt
2921 4761 3027 4817 hoc
3046 4758 3195 4833 quod
3209 4757 3564 4828 singulariter
3583 4755 3889 4812 intellexis-

2287 4870 2344 4910 se
2372 4871 2431 4910 se
2458 4853 2727 4921 credunt;
2769 4862 2825 4910 et
2849 4854 3080 4909 fortasse
3107 4859 3240 4907 tunc
3273 4849 3647 4904 humilitatem
3680 4845 3890 4920 pradi-

2287 4949 2436 5008 cant,
2463 4959 2589 4999 cnm
2638 4959 2735 5014 per
2770 4943 3026 4998 elationis
3054 4939 3291 5014 typhum
3338 4938 3592 5010 exempla
3619 4934 3890 5009 superbia

2289 5037 2583 5088 ostentant.
2604 5031 2759 5087 Unde
2787 5031 2852 5086 ﬁt
2879 5039 2941 5086 ut
2964 5047 3155 5087 eorum
3187 5027 3507 5102 pradicatio
3533 5041 3764 5082 concors
3784 5021 3888 5078 sibi

2289 5136 2509 5176 manere
2559 5136 2668 5176 non
2699 5120 2893 5193 possit,
2925 5120 3056 5193 quia
3095 5119 3153 5176 id
3183 5118 3333 5193 quod
3362 5124 3574 5174 rectum
3607 5115 3890 5189 loquentes

2288 5211 2584 5281 seminant,
2614 5227 2867 5284 perverse
2891 5217 3170 5266 tumentes
3199 5209 3547 5282 impugnant.
3571 5201 3889 5262 Humilibus

2358 5443 2384 5481 ⁴
2410 5444 2529 5512 AL,
2555 5443 2607 5498 si
2622 5443 2762 5514 forte
2782 5442 3012 5514 reperiri
3043 5441 3302 5514 potuerit.

2359 5516 2381 5550 ⁵
2412 5513 2719 5583 Turon.,ne
2746 5513 2995 5583 superbia
3025 5513 3240 5570 tumidi.

2359 5588 2382 5623 δ
2411 5586 2598 5643 Baluz.
2631 5593 2686 5642 et
2713 5585 2895 5657 Colb.,
2917 5586 3232 5657 corrumpit.

2359 5659 2380 5695 ⁷
2415 5658 2647 5743 Ita‘biss.
2671 5651 2954 5743 passim'et
2981 5666 3093 5716 vet.
3115 5651 3268 5717 Edit.
3305 5654 3371 5711 In
3398 5660 3608 5714 recent.
3649 5651 3880 5724 legitur:

2281 5731 2639 5802 pronuntians
2669 5731 2865 5804 itaque.
