4162 6184
400 303 516 363 309

1152 300 1530 362 MORALIUM
1565 304 1703 365 LIB.
1739 304 1948 365 XXIV.
1988 335 2059 349 —
2097 306 2177 367 1M
2212 306 2442 367 CAPUT
2478 307 2721 368 XXXIV
2760 310 2824 366 B.
2863 310 3006 368 JOB.

3618 315 3727 375 310

395 444 644 504 namque
665 423 1007 485 auditoribus
1023 425 1191 484 verba
1209 443 1309 485 sua
1334 443 1449 486 non
1472 431 1879 505 compatiendo,
1909 432 2007 491 sed
2030 436 2083 497 Α
2176 434 2355 492 Justos
2383 435 2651 507 falsorum
2679 434 2963 489 criminum
2984 436 3317 497 insimulant.
3350 470 3421 485 —-
3449 441 3578 500 Haec
3598 442 3723 503 bea-

398 519 505 575 vix
536 515 879 589 dedignando
908 515 1239 588 largiuntur.
1258 517 1442 591 Longe
1462 519 1664 592 quippe
1683 537 1740 577 se
1761 522 1818 577 in
1838 522 2011 579 altum

400 608 608 681 positos
649 606 947 674 estimant,
996 613 1051 661 et
1094 622 1258 679 super
1298 606 1519 664 eosdem
1556 608 1838 666 auditores
1882 628 2011 669 suos

403 699 421 733 ¹
437 696 591 771 quasi
602 694 972 768 praecedentes
987 694 1253 753 doctrinas
1274 704 1583 770 respectum
1595 698 1694 755 vix
1709 698 1776 755 de
1794 716 2022 759 summo.

396 788 692 860 dignanter
730 785 1024 842 inclinant.
1068 786 1144 841 At
1185 793 1376 843 contra
1420 787 1589 844 verba
1623 787 1901 860 justorum
1943 805 2013 845 ex

395 876 580 934 radice
608 875 846 931 veniunt
874 872 1231 944 humilitatis,
1260 882 1322 933 ut
1349 875 1593 934 fructum
1623 879 1845 934 valeant
1872 878 2013 935 ferre

394 967 617 1043 pietatis
642 984 654 1023 :
688 973 744 1022 et
774 964 1049 1041 quidquid
1079 965 1295 1023 salubre
1330 969 1633 1040 potuerint,
1659 984 1770 1025 non
1800 977 2013 1025 tumen-

396 1059 489 1129 do,
543 1056 641 1115 sed
685 1055 1083 1129 compatiendo
1135 1054 1579 1115 subministrant.
1631 1058 1655 1093 ²
1701 1059 1804 1115 Per
1848 1057 2012 1115 verba

395 1148 601 1222 quippe
630 1145 919 1204 charitatis
950 1144 1039 1200 vel
1067 1160 1124 1201 se
1156 1145 1212 1200 in
1246 1143 1594 1203 auditoribus
1620 1148 1755 1217 suis,
1786 1148 1873 1203 vel
1904 1164 2012 1204 au-

395 1236 604 1294 ditores
648 1251 780 1291 suos
812 1236 869 1289 in
899 1250 956 1288 se
987 1233 1065 1289 ita
1101 1233 1519 1305 transformant,
1548 1251 1613 1292 ac
1641 1235 1689 1291 si
1716 1243 1771 1292 et
1806 1237 1886 1292 illi
1918 1251 2013 1308 per

397 1324 532 1380 istos
561 1324 668 1381 hoc
697 1321 846 1396 quod
867 1320 1105 1379 audiunt
1131 1322 1387 1394 doceant,
1417 1332 1473 1381 et
1506 1325 1598 1381 isti
1628 1341 1724 1397 per
1754 1325 1878 1381 illos
1906 1324 2014 1381 hoc

396 1415 545 1490 quod
584 1413 833 1471 docendo
874 1414 1166 1485 proferunt
1210 1412 1444 1471 discant.
1494 1415 1626 1471 Eliu
1655 1431 1783 1487 ergo
1815 1422 2011 1487 typum

394 1504 774 1576 arrogantium
792 1509 1008 1572 tenens,
1039 1510 1093 1559 et
1126 1504 1147 1539 ³
1176 1519 1305 1560 cum
1333 1504 1806 1575 pronuntiationis
1834 1510 2014 1560 osten-

394 1594 608 1652 tatione
638 1590 931 1662 inchoans,
961 1590 1096 1666 quid
1122 1590 1274 1649 dicat
1306 1592 1615 1651 audiamus.
1643 1592 1937 1667 Sequitur:

1019 1681 1249 1741 CAPUT
1275 1682 1401 1742 XV.

466 1772 640 1831 Vsus.
673 1771 729 1842 2,
758 1770 812 1829 3.
842 1802 913 1814 —
941 1770 1159 1838 Audite,
1189 1768 1466 1843 sapientes,
1489 1770 1650 1827 verba
1667 1786 1802 1839 mea,
1828 1775 1880 1825 et
1894 1786 2013 1825 eru-
2041 1790 2090 1852 Β

396 1862 500 1919 diti
527 1864 823 1920 auscultate
837 1878 936 1919 me.
964 1861 1136 1919 Auris
1162 1860 1301 1918 enim
1325 1861 1486 1919 verba
1506 1860 1725 1934 probat,
1754 1866 1804 1917 et
1827 1866 2014 1933 guttur

403 1970 552 2010 neas
580 1960 737 2026 gustu
762 1953 1036 2024 diiudicat.
2017 1936 2027 1947 ’

472 2047 560 2105 39.
595 2049 821 2121 Superbi
856 2049 1089 2106 doctores
1125 2066 1231 2105 non
1271 2054 1519 2122 quierunt
1562 2048 1843 2105 auditores
1886 2064 2011 2104 suos

395 2137 656 2211 sapientes
681 2141 893 2213 ejﬁcere,
941 2140 1031 2196 sed
1067 2156 1220 2197 suam
1265 2139 1583 2213 sapientiam
1621 2145 1901 2195 ostentare.
1941 2166 2014 2180 —

395 2227 478 2283 Ac
503 2228 549 2283 si
581 2226 790 2285 diceret
813 2247 827 2285 :
859 2228 1016 2286 Sicut
1037 2244 1140 2287 nec
1160 2230 1309 2287 auris
1327 2245 1498 2299 escas,
1516 2245 1618 2286 nec
1638 2237 1828 2303 guttur
1842 2227 2012 2284 verba

397 2316 676 2387 cognoscit
698 2335 714 2384 ;
747 2318 826 2373 ita
851 2333 954 2375 nec
973 2318 1175 2375 stultus
1194 2319 1427 2393 quisque
1447 2318 1779 2374 sententiam
1795 2318 2009 2389 sapien-

395 2404 469 2459 tis
517 2405 802 2479 intelligit.
845 2406 1129 2479 Sapientes
1176 2424 1304 2481 ergo
1348 2415 1511 2481 atque
1561 2406 1766 2465 eruditi
1819 2405 2010 2462 audite

397 2493 551 2566 quod
577 2494 731 2563 dico,
766 2496 862 2567 qui
890 2496 1122 2566 potestis
1148 2510 1211 2551 ea
1237 2512 1358 2567 quae
1385 2496 1599 2551 fuerint
1623 2495 1772 2551 dicta
1798 2510 2011 2566 cogno-

398 2596 575 2639 scere.
604 2579 914 2637 Videamus
955 2581 1126 2651 igitur
1167 2588 1436 2652 quantum
1461 2588 1693 2647 tumeat,
1724 2580 1820 2653 qui
1847 2580 2012 2638 verba

398 2684 508 2724 sua
533 2683 650 2723 non
680 2667 792 2722 nisi
817 2684 848 2723 a
868 2668 1209 2740 sapientibus
1236 2667 1417 2725 audiri
1439 2667 1694 2726 decenter
1712 2669 2009 2727 existimat.

393 2757 586 2815 Verus
614 2763 799 2812 autem
828 2757 1113 2829 sapientiae
1137 2757 1462 2828 praedicator
1475 2757 1645 2815 dicit:
1679 2759 2013 2830 Sapientibus

395 2852 451 2902 et
474 2844 846 2917 insipientibus
874 2844 1079 2900 debitor
1104 2860 1220 2900 sum
1260 2845 1436 2915 (Rom.
1468 2864 1508 2914 ι,
1542 2846 1653 2919 14).
1702 2848 1778 2904 At
1820 2856 2012 2907 contra

394 2951 662 3009 arrogans
691 2936 749 2991 in
781 2932 1172 3006 praedicatione
1199 2950 1298 2991 sua
1329 2951 1487 2993 aures
1514 2938 1901 3001 tantummodo
1930 2956 2013 2996 sa-

398 3026 672 3099 pientium
704 3030 1008 3097 exspectat,
1038 3024 1167 3097 quia
1185 3040 1296 3081 non
1317 3024 1442 3081 ideo
1461 3025 1722 3096 praedicat
1746 3034 1811 3083 ut
1838 3026 2012 3099 possit

400 3113 677 3189 quoslibet
703 3113 977 3187 sapientes
1009 3112 1242 3183 edicere,
1273 3113 1370 3170 sed
1400 3113 1525 3172 ideo
1551 3116 1823 3188 sapientes
1850 3134 2012 3191 quai-

396 3206 492 3273 rit,
507 3211 569 3261 ut
582 3204 759 3278 possit
777 3203 926 3277 quod
947 3204 1178 3260 senserit
1195 3203 1562 3277 superbiendo
1577 3213 1903 3264 monstrare.
1926 3208 2008 3265 Si-

399 3301 494 3352 cut
521 3294 669 3350 enim
695 3293 949 3365 superius
977 3292 1189 3351 dictum
1218 3300 1319 3362 est,
1352 3309 1463 3350 non
1494 3294 1621 3351 illos
1649 3298 1857 3369 appetit
1885 3314 2007 3355 eru-

397 3380 540 3451 dire,
569 3380 665 3438 sed
688 3397 747 3437 se
775 3379 1102 3449 ostendere;
1142 3398 1243 3440 nec
1275 3382 1524 3439 intuetur
1558 3399 1721 3456 quam
1745 3384 1884 3457 justi
1910 3390 2008 3461 qui

395 3472 634 3530 audiunt
660 3471 819 3542 ﬁant,
847 3472 944 3530 sed
974 3474 1090 3545 ipse
1116 3489 1281 3546 quam
1310 3472 1507 3530 doctus
1536 3475 1580 3543 ⁴,
1612 3491 1740 3532 cum
1769 3492 1801 3531 a
1829 3475 2007 3533 doctis

395 3569 625 3627 auditur
654 3566 800 3625 779
826 3576 1104 3643 appareat.
1136 3565 1276 3643 [Vet.
1308 3568 1519 3644 ΧΧΙΙ.]
1550 3568 1690 3637 Quia
1718 3586 1851 3627 vero
1874 3586 2007 3644 prai-

398 3658 739 3715 dicatiouem
762 3660 1136 3733 arrogantium
1164 3659 1356 3715 nullus
1380 3658 1716 3729 admitteret,
1741 3661 1789 3717 si
1815 3679 1927 3719 non
1956 3671 2011 3719 et

398 3746 616 3821 aliquid
662 3746 730 3804 de
774 3747 1106 3815 humilitatis
1150 3747 1389 3820 imagine
1431 3748 1840 3818 permiscerent,
1871 3748 2010 3808 bene

394 3837 531 3895 Elin
571 3843 859 3911 postquam
888 3854 987 3911 per
1010 3836 1226 3895 tumida
1254 3835 1423 3892 verba
1450 3851 1508 3892 se
1535 3837 1759 3905 extulit,
1790 3854 2008 3896 rursum

393 3925 552 4000 quasi
570 3924 642 3983 ad
662 3927 992 4000 aqualitatis
1007 3925 1362 3985 concordiam
1372 3923 1784 3996 condescendit,
1798 3925 2005 3985 dicens:

1003 4040 1233 4100 CAPUT
1261 4041 1415 4099 XVI.

465 4133 639 4193 Vnus.
662 4133 721 4193 4.
749 4165 822 4179 -
848 4134 1120 4192 Iudicium
1160 4132 1415 4205 eligamus
1440 4130 1612 4198 nobis,
1657 4138 1706 4188 et
1747 4131 1889 4188 inter
1913 4149 2011 4189 nos

391 4222 669 4281 videamus
686 4225 819 4297 quid
843 4226 914 4280 sit
930 4224 1141 4282 melius.

467 4313 555 4371 ιο.
588 4314 955 4372 Humilitatem
982 4313 1298 4386 quandoque
1321 4329 1440 4384 pra:
1470 4328 1523 4367 se
1550 4310 1757 4382 ferunt,
1785 4310 1875 4367 sed
1906 4311 2012 4383 ﬁc-

398 4410 526 4462 tam.
555 4413 629 4448 —‘
655 4404 762 4462 Sed
799 4411 989 4461 utrum
1030 4402 1140 4459 hoc
1180 4400 1458 4474 judicium
1497 4415 1567 4455 ex
1595 4398 1798 4455 humili
1843 4397 2010 4455 corde

2118 530 2237 580 tum
2268 524 2371 580 Job
2411 522 2619 579 dixisse
2648 523 2919 596 queritur,
2949 539 3071 596 quas
3099 533 3284 583 tamen
3327 531 3457 601 quia
3494 534 3726 591 minime

2120 613 2344 680 dixerit,
2364 613 2627 685 requisita
2655 628 2820 668 sacrae
2840 611 3087 670 historias
3117 616 3285 672 verba
3298 625 3585 680 testantur.
3619 626 3725 681 Sed

2119 702 2214 774 qui
2238 700 2513 773 judicium
2550 717 2704 773 aeque
2724 703 3034 774 quaesierat,
3064 720 3135 759 ex
3162 705 3323 777 culpa
3344 723 3507 779 quam
3536 712 3723 782 ﬁnxit,

2120 789 2376 863 protinus
2412 790 2741 846 sententiam
2772 791 3103 864 promulgat.
3126 792 3264 849 Nam
3285 796 3535 868 sequitur
3568 816 3579 854 ε

2191 880 2365 936 Vnus.
2402 880 2457 948 7,
2495 880 2550 936 8.
2582 912 2653 923 —
2684 881 2815 948 Quis
2861 887 2937 935 est
2962 881 3069 950 vir,
3099 887 3159 937 ut
3185 889 3260 938 est
3304 883 3425 951 Job,
3467 887 3562 955 qui
3601 889 3727 945 bibit

2121 968 2580 1049 subsannationem
2617 969 2773 1040 quasi
2797 985 3015 1040 aquam,
3051 971 3145 1041 qui
3169 973 3422 1043 graditur
3453 992 3569 1030 cum
3597 995 3728 1050 ope-

2120 1058 2365 1115 rantibus
2391 1058 2749 1130 iniquitatem,
2779 1065 2828 1114 et
2854 1060 3097 1117 ambulat
3123 1078 3239 1117 cum
3266 1063 3401 1119 viris
3428 1066 3606 1137 impiis
3626 1070 3654 1123 ?

2193 1146 2336 1220 [Rec.
2368 1146 2497 1221 ΙΧ.]
2520 1149 2661 1205 Ecce
2686 1147 2960 1221 judicium
2991 1166 3240 1223 quaerens
3275 1151 3550 1225 judicium
3588 1173 3728 1229 pro-

2118 1234 2271 1303 tulit,
2296 1242 2351 1291 et
2384 1242 2511 1307 post
2538 1236 2923 1309 allegationem
2954 1256 3109 1295 suam
3131 1242 3287 1297 nulla
3314 1242 3460 1299 beati
3488 1245 3591 1302 Job
3619 1263 3728 1301 ex-

2120 1330 2361 1395 spectata
2389 1326 2687 1393 sententia,
2717 1342 2843 1380 eum
2888 1327 3242 1384 damnatione
3270 1329 3503 1401 dignum
3536 1350 3604 1387 ex
3630 1349 3729 1389 re-

2121 1409 2419 1481 proborum
2456 1411 2715 1467 societate
2739 1412 3035 1483 judicavit.
3087 1416 3183 1470 Ait
3230 1418 3381 1472 enim
3418 1436 3431 1473 :
3481 1420 3611 1486 Quis
3656 1426 3733 1476 est

2122 1500 2228 1567 vir,
2268 1506 2328 1554 ut
2353 1505 2428 1554 est
2453 1500 2550 1555 Job
2580 1500 2610 1557 ‘l
2638 1502 2709 1557 Ut
2736 1503 2929 1574 utique
2958 1501 3374 1574 subaudiamus,
3397 1507 3604 1564 nullus.
3631 1510 3727 1566 At-

2122 1605 2228 1662 que
2254 1588 2540 1662 subjungit
2563 1608 2574 1646 :
2602 1592 2705 1659 Qui
2722 1592 2850 1647 bibit
2863 1593 3324 1651 subsannationem
3341 1597 3496 1668 quasi
3508 1615 3727 1670 aquam.

2119 1678 2282 1751 Aqua
2306 1685 2489 1734 autem
2517 1695 2645 1736 cum
2693 1679 2927 1750 bibitur,
2972 1682 3046 1737 ita
3076 1682 3285 1755 liquide
3324 1686 3585 1755 sumitur,
3616 1688 3637 1722 5
3669 1698 3731 1745 ut

2118 1767 2189 1823 ad
2216 1766 2553 1823 sorbendum
2572 1767 2728 1823 nulla
2747 1768 2833 1825 sui
2854 1770 3188 1841 pinguedine
3215 1772 3539 1830 retardetur.
3578 1776 3731 1832 Sub-

2119 1855 2503 1911 sannationem
2551 1871 2685 1912 vero
2731 1867 2794 1913 ut
2832 1874 3031 1931 aquam
3062 1859 3250 1917 bibere
3279 1871 3361 1918 est
3404 1863 3580 1919 Deum
3610 1864 3729 1920 sine

2118 1944 2308 2016 aliquo
2328 1943 2615 2000 obstaculo
2641 1946 2998 2016 cogitationis
3027 1947 3281 2016 irridere,
3310 1956 3374 2004 ut
3402 1950 3461 2004 in
3489 1965 3556 2004 eo
3581 1950 3729 2022 quod

2118 2034 2368 2106 superbit
2395 2033 2585 2106 lingua
2611 2035 2700 2090 vel
2721 2035 3080 2104 conscientia,
3103 2037 3258 2093 nulla
3284 2037 3580 2110 trepidatio
3599 2055 3728 2095 con-

2120 2124 2371 2180 tradicat.
2396 2125 2525 2182 Haec
2542 2132 2725 2181 autem
2747 2125 2865 2198 ejus
2893 2127 3166 2182 sententia
3184 2143 3348 2199 super
3376 2128 3597 2184 beatum
3625 2130 3729 2186 Job

2118 2224 2388 2292 quantum
2413 2234 2447 2273 a
2472 2218 2693 2274 tramite
2726 2219 2979 2275 veritatis
3023 2220 3318 2288 exorbitat,
3363 2221 3460 2275 illa
3502 2222 3728 2277 Domini

2119 2308 2473 2364 attestatione
2500 2308 2906 2380 cognoscimus,
2939 2325 3049 2383 qua
3094 2310 3163 2366 ad
3207 2309 3490 2367 diabolum
3537 2308 3675 2366 dicit
3709 2328 3721 2365 :

2119 2396 2380 2467 Nunquid
2402 2397 2978 2454 considerastisz
3002 2415 3177 2453 meum
3198 2399 3318 2467 Job,
3347 2398 3489 2468 quod
3522 2414 3631 2453 non
3657 2399 3728 2454 sit

2118 2484 2170 2540 ei
2194 2484 2388 2541 similis
2414 2485 2473 2539 in
2502 2492 2648 2541 terra
2669 2487 2791 2559 (Job
2810 2504 2851 2556 ι,
2879 2486 2945 2559 8)
2961 2486 2990 2543 ?
3007 2488 3150 2543 Ecce
3169 2502 3331 2559 quem
3359 2486 3575 2543 Veritas
3590 2485 3728 2542 dicit

2120 2573 2326 2647 absque
2373 2575 2785 2647 comparatione
2821 2576 3055 2648 justum,
3107 2592 3232 2631 eum
3280 2576 3413 2631 Eliu
3458 2576 3655 2632 asserit
3703 2578 3725 2609 δ

2120 2662 2327 2737 absque
2355 2665 2765 2737 comparatione
2790 2672 3153 2737 peccatorem.
3187 2664 3293 2721 Sed
3313 2664 3433 2721 haec
3460 2681 3575 2735 esse
3604 2680 3726 2736 pro-

2119 2753 2241 2826 pria
2276 2754 2652 2827 arrogantium
2680 2754 3103 2828 praedicatorum
3131 2756 3332 2823 solent,
3362 2762 3424 2811 ut
3451 2755 3617 2810 etiam
3646 2754 3725 2809 af-

2122 2843 2303 2902 ﬂictos
2324 2844 2608 2901 auditores
2635 2862 2766 2902 suos
2794 2847 2967 2918 magis
2988 2844 3237 2902 districta
3263 2844 3540 2915 corripere
3563 2859 3725 2915 appe-

2120 2940 2260 3002 tant,
2293 2950 2457 3007 quam
2486 2934 2688 2991 blande
2715 2934 2983 2991 refovere.
3028 2934 3161 2990 Plus
3205 2934 3354 2990 enim
3387 2932 3631 3000 student,
3661 2939 3726 2987 ut

2122 3022 2268 3077 mala
2313 3021 2656 3095 objurgando
2697 3023 3003 3094 increpent,
3048 3037 3212 3094 quam
3258 3020 3403 3076 bona
3448 3016 3725 3077 laudando

2042 3148 2088 3210 ο
2118 3111 2474 3210 conﬁrment.
2520 3112 2842 3210 Superiores
2889 3111 3091 3185 quippe
3169 3109 3367 3210 videri.
3386 3110 3723 3210 desiderant,

2115 3209 2172 3258 et
2199 3202 2375 3275 magis
2402 3201 2642 3275 gaudent
2667 3218 2798 3258 cum
2826 3216 3017 3257 eorum
3055 3200 3303 3257 animum
3346 3201 3368 3235 ⁸
3410 3201 3492 3256 ira
3523 3200 3723 3269 elevat,

2116 3298 2281 3366 quam
2310 3307 2439 3348 cum
2460 3290 2702 3348 Charitas
2721 3297 2992 3365 exaequat.
3015 3289 3242 3364 Semper
3260 3290 3512 3346 invenire
3532 3297 3726 3363 optant

2116 3381 2266 3455 quod
2295 3380 2633 3455 increpando
2661 3380 2839 3455 rigide
2865 3380 3087 3437 feriant.
3120 3378 3275 3437 Unde
3303 3380 3571 3452 scriptum
3602 3387 3721 3436 est:

2115 3471 2184 3528 In
2211 3488 2302 3527 ore
2329 3471 2481 3527 stulti
2498 3471 2654 3543 virga
2671 3470 2930 3542 superbia
2943 3470 3139 3542 (Prov.
3162 3486 3284 3537 xrv,
3314 3468 3398 3541 3),
3424 3467 3555 3541 quia
3573 3468 3725 3523 vide-

2118 3557 2250 3615 licet
2294 3567 2580 3631 percutere
2621 3558 2798 3632 rigide
2837 3559 2966 3629 scit,
3012 3558 3110 3616 sed
3154 3556 3393 3630 compati
3435 3556 3725 3614 humiliter

2118 3647 2314 3705 nescit.

2189 3763 2280 3820 41.
2313 3765 2494 3822 Sancti
2516 3761 2916 3836 prcediastores,
2945 3780 3063 3819 cum
3087 3763 3224 3820 alios
3252 3763 3551 3835 correpta-ri
3579 3766 3722 3823 sunt,

2120 3856 2480 3913 blandimenta
2501 3855 2851 3927 praemittunt.
2896 3856 2961 3911 Ut
2981 3854 3145 3925 periti
3171 3853 3379 3917 medici,
3409 3853 3567 3923 prius
3587 3852 3725 3921 pal-

2113 3949 2270 4018 pant,
2295 3948 2478 4017 postea
2505 3942 2727 4013 feriunt.
2758 3971 2831 3983 —
2858 3942 2880 3977 ⁹
2912 3940 3102 3997 Solent
3144 3938 3309 3994 etiam
3340 3937 3725 4010 praedicatores

2112 4031 2253 4107 justi
2284 4030 2566 4089 auditores
2592 4045 2723 4086 suos
2750 4026 3094 4108 objurganda
3129 4025 3425 4099 corripere,
3457 4026 3635 4082 solent
3663 4026 3722 4082 in

2118 4136 2311 4177 eorum
2333 4118 2469 4175 vitia
2485 4117 2738 4176 districta
2754 4117 3130 4191 increpatione
3144 4115 3357 4172 saevire.
3378 4115 3533 4172 Unde
3553 4115 3724 4188 scrip-

2118 4219 2238 4267 tum
2264 4216 2348 4266 est
2377 4226 2390 4267 ε
2435 4208 2602 4268 Verba
2619 4206 2936 4279 sapientium
2962 4206 3120 4277 quasi
3137 4205 3361 4273 stimuli,
3390 4210 3439 4259 et
3463 4204 3598 4259 sicut
3615 4206 3721 4260 cla-

2115 4299 2174 4355 vi
2196 4300 2256 4355 in
2274 4299 2444 4355 altum
2470 4295 2636 4370 deﬁxi
2665 4294 2835 4368 (Eccl.
2868 4311 2973 4363 xu,
3001 4294 3114 4367 11).
3146 4294 3309 4351 Recte
3329 4301 3512 4350 autem
3529 4309 3721 4350 eorum

2117 4388 2287 4446 verba
2314 4387 2457 4446 clavi
2486 4386 2670 4444 vocati
2697 4392 2848 4454 sunt,
2879 4385 3011 4458 quia
3056 4385 3247 4458 culpas
3274 4384 3719 4457 delinquentium

394 4494 700 4567 quesierit,
745 4494 909 4551 facile
938 4469 1345 4565 cognoscimus,
1387 4490 1435 4546 si
1478 4488 1864 4561 subsequentia
1892 4487 2010 4560 ejus
2034 4510 2086 4568 Β
2116 4478 2373 4568 nesciunt
2398 4476 2645 4547 palpare,
2779 4486 3039 4568 pungere.
3062 4474 3151 4527 An
3171 4471 3399 4568 loannis
3426 4469 3593 4526 verba
3610 4469 3721 4568 cla-

396 4582 566 4639 verba
597 4599 905 4656 pensemus.
940 4580 1234 4655 Sequitur:

466 4675 639 4734 Vsus.
670 4676 726 4745 5,
765 4677 818 4734 6.
848 4706 921 4718 —
952 4673 1254 4743 Quiadirit
1274 4672 1412 4728 Job:
1440 4672 1624 4727 Justus
1642 4687 1782 4737 sum,
1800 4677 1849 4726 et
1866 4670 2010 4727 Deus

398 4765 649 4822 subvertit
679 4766 946 4837 judicium
971 4780 1161 4821 meum.
1184 4764 1251 4820 In
1268 4760 1563 4832 judicando
1592 4759 1731 4817 enim
1751 4777 1830 4815 me
1855 4777 2009 4817 men-

398 4856 612 4915 dacium
637 4862 751 4923 est;
777 4862 828 4912 et
847 4855 1082 4912 violenta
1107 4852 1302 4926 sagitta
1339 4867 1457 4907 mea
1487 4850 1683 4923 absque
1727 4851 1840 4907 ullo
1876 4867 2009 4923 pec—

397 4953 536 5007 cato.

475 5179 491 5212 ¹
525 5177 706 5235 Locus
728 5175 1101 5234 subobscurus
1115 5175 1174 5231 in
1198 5172 1401 5241 Editis,
1428 5186 1532 5229 nec
1554 5170 1758 5229 clarior
1782 5171 1843 5229 in
1870 5171 2002 5229 Mss.

395 5248 622 5331 Ebroic.
654 5257 711 5306 et
736 5249 885 5331 aliis,
913 5248 1012 5331 ubi
1040 5248 1241 5319 legitur
1270 5263 1283 5301 :
1330 5243 1486 5316 quasi
1506 5243 1840 5316 procedentis
1872 5244 2007 5300 doc-

571 5327 1023 5394 Wcmsﬁ‘i-

472 5393 496 5427 ²
778 5385 1224 5476 et.Vindoc.,‘v-i.
1256 5385 1448 5459 quippe
1486 5386 1786 5446 charitatis.
1818 5387 2005 5445 Turo-

471 5608 495 5643 ⁴
525 5601 806 5664 Omissum
845 5624 883 5663 a
909 5601 1077 5661 doctis
1119 5602 1181 5659 in
1221 5602 1374 5660 Edit.
1420 5603 1579 5661 Rom.
1624 5609 1680 5659 et
1720 5601 1847 5659 aliis
1886 5617 2001 5664 seq.

471 5617 495 5643 ι
525 5617 806 5664 Umissum
845 5624 883 5663 a
909 5617 1077 5661 doctis
1119 5618 1181 5659 in
1220 5617 1374 5686 iuuit.
1420 5617 1579 5661 nom.
1624 5617 1680 5686 et
1720 5617 1847 5659 ams
1886 5617 2001 5730 seq.

905 5676 1038 5737 Mss.
1066 5674 1316 5749 Anghc.,
1334 5673 1552 5744 Norm.,
1582 5671 1850 5751 Vindoc.,
1879 5671 1957 5736 Co
1980 5703 2002 5717 -

2113 4567 2173 4622 vi
2192 4581 2306 4622 non
2320 4571 2499 4633 erant,
2520 4578 2647 4620 cum
2673 4561 2893 4619 dicebat
2919 4581 2930 4618 :
2954 4562 3237 4633 Progenies
3254 4561 3580 4632 viperarum,
3601 4559 3722 4630 quis

2115 4656 2263 4712 vobis
2275 4652 2656 4711 demonstravit
2668 4648 2850 4724 fugere
2861 4652 2927 4708 ab
2938 4652 3028 4708 ira
3041 4657 3266 4707 ventura
3279 4650 3499 4722 (Matth.
3524 4666 3610 4717 ιιι,
3628 4650 3657 4703 7
3662 4648 3721 4719 )‘P

2116 4747 2208 4803 An
2235 4744 2404 4802 verba
2447 4740 2711 4815 Stephani
2755 4740 2899 4799 clavi
2939 4757 3053 4799 non
3080 4748 3259 4809 erant,
3297 4755 3424 4796 cum
3454 4737 3669 4793 dicebat
3702 4751 3715 4790 :

2126 4844 2227 4903 Vos
2247 4838 2392 4898 780
2419 4858 2622 4915 semper
2651 4841 2883 4914 Spiritui
2928 4846 3107 4898 sancto
3151 4837 3399 4894 resistitis
3438 4834 3581 4907 (Act.
3613 4849 3715 4900 vn,

2114 4933 2235 5007 51).
2264 4934 2355 4989 Αιι
2383 4932 2553 4991 verba
2576 4931 2735 4990 Pauli
2767 4931 2914 4989 clavi
2942 4945 3055 4988 non
3083 4933 3260 4995 erant,
3289 4939 3419 4981 cum
3446 4919 3664 4977 dicebat
3700 4937 3713 4977 :

2185 5170 2207 5205 ⁸
2238 5168 2504 5237 Vindoc.,
2530 5176 2592 5224 ut
2616 5168 2690 5225 ad
2716 5161 3138 5237 absorbendum._

2186 5242 2210 5277 ⁵
2246 5242 2310 5297 In
2339 5227 2576 5298 Vindoc.
2610 5240 2762 5295 deest
2804 5236 3017 5303 absque,
3048 5227 3144 5285 sed
3191 5227 3414 5303 vitiose,
3442 5234 3497 5283 et
3524 5234 3719 5284 contra

2112 5312 2289 5368 sancti
2309 5311 2558 5382 Gregorii
2582 5316 2844 5382 mentem,
2864 5299 3025 5382 cujus
3045 5314 3243 5382 scopas
3258 5299 3543 5382 estdicere
3566 5314 3718 5382 euin-

2113 5382 2238 5439 dem
2268 5380 2371 5438 Job
2395 5370 2558 5454 quem
2586 5382 2734 5436 Deus
2746 5370 2915 5448 justis
2934 5370 3191 5453 omnibus
3219 5371 3463 5453 praetulit
3488 5370 3559 5427 ab
3586 5371 3719 5427 Elin

2113 5454 2429 5498 inimmmm
2462 5451 2713 5498 nmninm
2743 5446 3145 5498 nequissimum
3175 5441 3502 5498 Iudicatum.

2112 5458 2433 5528 iniquorum
2462 5458 2715 5508 omnium
2743 5461 3154 5530 nequissimum.
3169 5458 3502 5525 judicatum.

2186 5528 2207 5564 ⁷
2238 5526 2453 5594 Norm.,
2478 5522 2649 5580 Vind.
2672 5528 2729 5577 et
2754 5519 2874 5589 a111,
2903 5535 2952 5574 ει
2980 5517 3153 5594 uider}
3182 5513 3502 5594 desiderant.

2188 5600 2210 5635 ⁸
2240 5597 2381 5655 Male
2408 5588 2468 5653 in
2495 5594 2647 5652 Edit.
2678 5594 2839 5650 Bom.
2860 5588 2925 5647 et
2952 5589 3098 5659 aliis,
3119 5589 3195 5644 ita
3220 5588 3404 5644 elevat.

2184 5674 2206 5709 θ
2243 5671 2373 5728 Haec
2400 5667 2738 5725 omittuntur
2764 5663 2824 5720 in
2854 5662 3043 5722 Baluz.
