4162 6184
514 263 628 322 3η

1740 248 1992 310 ωειι
2029 251 2370 315 GBEGORII
2405 251 2641 312 MAGNI

515 385 562 442 Ο
587 377 841 438 insensati
879 377 1104 444 Galatia,
1124 375 1247 448 quis
1263 391 1357 432 vos
1369 373 1656 448 fascinavit
1673 374 1890 445 (Galat.
1917 391 2002 444 ιιι,
2021 376 2076 447 1)
2098 376 2126 433 ?
2153 381 2208 443 Α
2235 377 2256 411 ³
2287 376 2526 436 districti
2542 378 2749 451 vigoris
2772 390 3078 452 assumunt,
3105 381 3204 440 sed
3223 383 3377 442 intus
3395 383 3684 446 charitatis
3709 387 3827 460 igne

514 473 588 528 Et
616 484 834 526 rursum
852 483 978 525 cum
996 465 1303 526 Corinthiis
1317 466 1522 524 diceret
1551 484 1564 523 :
1603 465 1735 522 Cum
1749 461 1887 520 enim
1905 465 1976 520 sit
1989 465 2126 521 inter

516 579 607 618 vos
635 561 780 620 zeius
809 565 857 614 et
881 558 1158 624 contentio,
1191 575 1364 613 nonne
1409 557 1651 612 carnales
1688 557 1832 622 estis,
1856 561 1906 611 et
1931 572 2124 612 secun-

516 652 644 708 dum
669 650 928 707 hominm
951 649 1236 704 ambulatis
1256 649 1323 718 (Ι
1351 647 1476 704 Cor.
1511 662 1597 714 ιιι,
1626 645 1682 718 3)
1717 646 1744 702 εἰ
1773 645 1878 701 Sed
1905 662 2126 702 necesse

517 751 600 800 est
637 751 700 799 ut
727 748 884 799 caute
916 739 1201 797 videamus
1228 740 1360 814 quia
1388 737 1772 812 praedicatores
1789 738 1926 812 justi
1957 741 2012 798 in
2043 742 2126 816 ip-

518 833 595 890 sis
624 849 761 906 quos
789 833 1093 904 corrigunt,
1115 847 1241 887 cum
1267 845 1335 885 ex
1365 837 1517 902 parte
1537 829 1644 884 alia
1665 829 1892 887 fortasse
1912 831 2124 906 aliquid

516 923 677 980 bonae
697 923 1034 996 operationis
1063 921 1380 989 inveniunt,
1402 919 1472 974 ad
1501 920 1692 976 eadem
1723 919 2126 995 objurgatiouis

519 1014 687 1070 verba
714 1029 838 1070 cum
885 1018 1089 1085 quanta
1129 1008 1536 1084 dispensatione
1583 1010 1943 1070 descendunt.
1983 1013 2126 1072 Ecce

519 1106 722 1163 Paulus
741 1103 1060 1162 Corinthios
1077 1101 1302 1172 docens,
1331 1118 1533 1176 eosque
1561 1103 1620 1158 in
1641 1104 1804 1176 culpa
1829 1103 2126 1162 divisionis

517 1195 789 1267 aspiciens
815 1208 1045 1248 exorsus
1073 1199 1174 1260 est,
1205 1192 1396 1250 dicens
1429 1210 1441 1248 :
1470 1193 1685 1250 Gratias
1729 1209 1828 1265 ago
1861 1194 1967 1252 Deo
2012 1210 2126 1252 meo

519 1301 721 1354 semper
735 1299 842 1353 pro
866 1281 1033 1348 vobis,
1065 1281 1123 1336 in
1148 1283 1327 1352 gratia
1357 1283 1476 1350 Dei,
1507 1299 1624 1354 qua
1646 1283 1775 1340 data
1801 1289 1878 1339 est
1897 1285 2044 1340 vobis
2068 1283 2126 1339 in

523 1373 733 1432 Christo
758 1372 902 1440 Iesu,
931 1372 1058 1442 quia
1083 1373 1134 1425 in
1165 1373 1403 1429 omnibus
1433 1374 1616 1428 divites
1639 1373 1771 1444 facti
1794 1375 1916 1430 estis
1942 1375 2001 1428 in
2029 1375 2125 1431 illo

515 1464 581 1536 (Ι
621 1463 748 1520 Cor.
781 1480 822 1531 1,
854 1461 909 1528 b,
934 1461 1016 1535 5).
1047 1461 1282 1519 Multum
1335 1463 1578 1535 profecto
1609 1463 1858 1520 laudavit
1898 1481 2036 1537 quos
2065 1464 2126 1520 in

524 1555 747 1613 Christo
794 1553 996 1610 divites
1028 1553 1086 1610 in
1132 1553 1394 1610 omnibus
1445 1555 1612 1611 dixit.
1664 1556 1735 1610 Et
1782 1570 1910 1612 ecce
1944 1555 2128 1612 adhuc

519 1645 898 1702 blandimenta
927 1644 1281 1716 multiplicat,
1303 1643 1494 1700 dicens
1526 1661 1538 1699 :
1571 1645 1638 1700 In
1665 1645 1809 1702 omni
1836 1645 1990 1700 uerbo
2007 1644 2128 1700 etin

2233 465 2543 541 liqueﬁunt,
2565 473 2728 543 atque
2747 485 2934 528 eorum
2963 487 3147 530 amore
3175 471 3390 544 ardent,
3421 474 3480 531 iu
3511 492 3649 549 quos
3676 492 3830 549 aspe-

2233 573 2294 612 ra
2320 559 2661 630 correptione
2690 559 2965 628 saeviunt;
2999 578 3163 636 seque
3195 564 3364 620 etiam
3394 565 3476 622 eis
3503 565 3832 622 intrinsecus

2235 646 2292 703 in
2321 657 2528 706 secreto
2557 649 2738 707 cordis
2763 650 3080 722 humiliant,
3103 669 3239 726 quos
3258 654 3392 710 foris
3413 655 3571 712 duris
3589 647 3834 711 animad-

2233 739 2550 798 versionum
2575 741 2818 799 stimulis
2839 744 2993 816 quasi
3013 741 3366 816 despiciendo
3392 745 3684 816 castigant.
3716 743 3836 799 Ple-

2233 847 2465 905 rumque
2485 840 2668 888 autem
2695 841 2748 888 et
2768 849 2879 888 nou
2900 832 3252 905 despiciendo
3279 826 3612 906 despiciunt,
3641 841 3696 890 et
3723 848 3835 888 non

2233 919 2569 994 desperando
2585 922 2962 994 desperant,ut
2971 929 3123 979 tanto
3139 938 3232 979 eos
3244 923 3476 979 celerius
3490 941 3522 979 a
3533 924 3696 996 culpa
3712 925 3732 958 ⁸
3749 937 3838 996 pa-

2234 1028 2452 1071 vescere
2473 1030 2538 1072 ec
2564 1015 2776 1070 resilire
2805 1014 3032 1084 faciant,
3063 1013 3397 1087 quantojam
3420 1015 3575 1087 quasi
3596 1014 3840 1069 vicinius

2234 1103 2426 1160 mortis
2457 1103 2676 1160 foveam
2703 1111 3000 1160 ostentant.
3040 1104 3192 1176 Saepe
3235 1104 3402 1162 etiam
3450 1102 3692 1176 quodam
3738 1101 3840 1159 de—

2232 1204 2380 1259 centi
2409 1204 2786 1262 moderamine
2816 1201 2952 1259 781
2990 1218 3116 1260 suas
3143 1204 3332 1277 culpas
3355 1219 3543 1260 coram
3588 1202 3840 1274 discipu—

2235 1290 2304 1348 lis
2325 1291 2594 1363 iudicant,
2617 1302 2680 1350 ut
2698 1293 2783 1350 illi
2803 1293 3088 1351 audientes
3107 1292 3327 1351 discant
3347 1292 3630 1366 quomodo
3649 1297 3840 1348 semet-

2235 1381 2384 1454 ipsos
2429 1383 2497 1439 de
2546 1385 2662 1441 suis
2717 1384 3028 1442 actionibus
3079 1383 3360 1442 subtiliter
3413 1382 3838 1456 reprehendant.

2236 1469 2411 1528 Tanta
2437 1481 2620 1529 autem
2649 1473 3056 1547 dispensatione
3097 1487 3154 1530 se
3183 1480 3511 1546 temperant,
3561 1481 3624 1529 ut
3666 1487 3844 1544 neque

2235 1575 2366 1617 cum
2395 1577 2454 1618 se
2482 1563 2704 1635 erigunt
2731 1563 3064 1619 intrinsecus
3081 1561 3248 1634 rigidi
3269 1563 3402 1632 sint,
3424 1575 3600 1636 neque
3621 1574 3842 1616 rursum

2234 1667 2362 1707 cum
2388 1668 2445 1707 se
2475 1652 2775 1708 humiliant
2798 1652 3142 1710 extrinsecus
3170 1651 3407 1720 remissi,
3438 1650 3568 1722 quia
3595 1658 3648 1704 et
3679 1651 3736 1704 in
3757 1649 3840 1704 di-

518 1735 663 1791 omni
689 1734 931 1800 scientia,
968 1735 1104 1789 sicut
1133 1733 1483 1789 testimonium
1521 1733 1727 1790 Christi
1757 1734 2127 1804 conﬁrmatum

2241 1739 2472 1811 scipliua
2499 1739 2871 1797 humilitatem
2901 1740 3243 1809 custodiunt,
3272 1747 3328 1794 et
3354 1741 3412 1798 in
3433 1737 3746 1796 humilitate
3766 1736 3840 1793 di-

518 1831 596 1883 est
613 1824 669 1879 in
687 1824 831 1880 vobis
845 1823 1180 1895 (Ibid.,5,6).
1201 1822 1601 1878 Testimonium
1618 1821 1823 1880 Christi
1839 1821 2128 1880 conﬁrma-

519 1922 640 1972 tum
671 1923 754 1972 est
778 1915 840 1971 iu
870 1914 1051 1984 vobis,
1077 1913 1246 1982 dixit,
1270 1929 1334 1970 ac
1360 1912 1409 1969 si
1433 1929 1597 1986 opere
1627 1914 1962 1987 peregissent
1981 1915 2130 1988 quod

524 2005 780 2062 doctrina
805 2004 1136 2062 didicerant.
1159 2003 1232 2060 Et
1251 2019 1384 2059 mox
1413 2004 1474 2060 in
1501 2001 1682 2059 laudis
1701 2005 2130 2062 consummatio-

523 2119 593 2161 ne
617 2103 911 2176 subjunxit
943 2119 955 2158 :
987 2102 1076 2158 Ita
1101 2107 1159 2156 ut
1187 2100 1324 2156 nihil
1368 2099 1514 2154 vobis
1542 2099 1675 2155 desit
1700 2100 1763 2156 in
1785 2101 1902 2156 ulla
1929 2101 2128 2172 gratia,

522 2199 937 2272 exspectantibus
949 2197 1322 2253 reuelationem
1339 2195 1558 2251 Domini
1570 2193 1742 2248 nostri
1760 2195 1884 2249 Iesu
1908 2193 2128 2251 Christi.

523 2289 718 2358 Quaeso
745 2296 821 2358 te,
851 2287 1037 2356 Paule,
1069 2287 1188 2342 istis
1215 2292 1299 2341 tot
1327 2283 1608 2340 favoribus
1630 2281 1746 2354 jam
1777 2299 1887 2355 quo
1941 2281 2151 2338 tendss'

522 2379 790 2435 insinues.
821 2378 895 2434 Et
934 2392 1059 2435 ecce
1087 2376 1252 2449 paulo
1293 2380 1418 2446 post
1462 2373 1712 2446 sequitur
1743 2390 1756 2428 :
1793 2371 2014 2428 Obsecro
2040 2389 2133 2428 cos

468 2491 478 2499 ’
523 2475 721 2535 autem,
753 2467 976 2539 fratres,
997 2481 1096 2538 per
1118 2462 1544 2521 misericordiam
1562 2462 1782 2518 Domini
1805 2462 1980 2518 nostri
2009 2463 2135 2518 Iesu

529 2559 752 2626 Christi,
782 2563 844 2612 ut
865 2556 1097 2627 idipsum
1112 2556 1302 2610 dicatis
1329 2568 1526 2618 omnes,
1549 2559 1600 2607 et
1624 2568 1734 2610 non
1762 2553 1870 2608 sint
1896 2553 1956 2608 in
1991 2553 2135 2610 vobis

525 2647 828 2702 schismata.
869 2643 1234 2715 Signiﬁcatum
1259 2649 1336 2697 est
1353 2643 1492 2697 enim
1509 2641 1642 2696 mihi
1661 2642 1725 2697 de
1747 2643 1914 2709 vobis,
1933 2643 2135 2713 fratres

525 2734 650 2798 mei,
676 2733 743 2787 ab
771 2734 851 2787 his
879 2733 971 2802 qui
989 2738 1114 2786 sunt
1135 2731 1342 2798 Chloes,
1359 2731 1488 2802 quia
1513 2731 1862 2787 contentiones
1887 2731 2032 2786 inter
2043 2746 2134 2788 vos

527 2826 655 2875 sunt
705 2818 894 2892 (Ibid,
944 2819 1059 2892 10).
1114 2821 1192 2876 De
1238 2820 1439 2895 quibus
1477 2820 1927 2878 contentionibus
1968 2821 2132 2894 paulo

527 2916 651 2984 post
678 2907 947 2980 subdidit,
977 2909 1168 2968 dicens
1194 2931 1204 2968 :
1243 2912 1376 2969 Cum
1389 2914 1528 2968 enim
1545 2913 1617 2967 sit
1637 2912 1776 2966 inter
1803 2927 1894 2967 eos
1920 2913 2067 2969 zelus
2083 2919 2137 2969 et

528 3001 805 3068 contentio,
832 3017 1004 3057 nonne
1029 3003 1272 3057 carnales
1308 3003 1452 3070 estis,
1489 3009 1539 3058 et
1565 3003 1846 3060 secundum
1875 3003 2134 3058 hominem

2236 1831 2549 1903 sciplinsm.
2573 1833 2775 1888 Paulus
2795 1831 3146 1904 disciplinam
3169 1831 3369 1899 tenuit,
3388 1843 3514 1888 cum
3533 1827 3842 1886 Corinthiis

2237 1929 2481 1986 diceret:
2517 1928 2648 1984 Cum
2687 1927 2824 1982 enim
2869 1928 2938 1982 sit
2976 1928 3117 1983 inter
3160 1943 3252 1982 vos
3290 1928 3438 1984 zelus
3479 1931 3528 1980 et
3565 1925 3844 1992 contentio,

2235 2035 2409 2076 nonne
2429 2019 2671 2074 carnales
2703 2017 2846 2084 estis,
2875 2024 2925 2072 et
2949 2017 3234 2072 secundum
3274 2016 3534 2072 hominem
3557 2015 3847 2072 ambulatis

2241 2109 2300 2182 (Ι
2319 2110 2445 2166 Cor.
2476 2123 2563 2177 ιιι,
2590 2106 2696 2179 3)?
2722 2104 2830 2164 Sed
2870 2103 3242 2161 humilitatem
3289 2105 3348 2160 in
3394 2104 3691 2176 disciplina
3731 2119 3847 2160 non

2239 2199 2502 2272 perdidit,
2550 2197 2680 2273 quis
2725 2195 3068 2268 deprecando
3096 2194 3388 2266 pratmisit,
3416 2193 3641 2252 dicens:
3674 2195 3697 2230 ⁵
3731 2193 3849 2251 0b-

2238 2304 2384 2346 secro
2411 2305 2524 2358 vos,
2561 2287 2781 2358 fratres,
2806 2303 2906 2359 per
2929 2284 3353 2342 misericordiam
3379 2283 3500 2352 Dei,
3529 2290 3589 2338 ut
3615 2282 3850 2354 idipsum

2240 2378 2433 2436 dicatis
2457 2391 2654 2443 omnes,
2683 2382 2732 2432 et
2749 2392 2859 2431 non
2883 2375 2994 2430 sint
3017 2375 3075 2431 in
3102 2373 3246 2430 uobis
3263 2373 3546 2430 schismata
3576 2371 3635 2444 (Ι
3653 2371 3783 2428 Cor.
3805 2385 3846 2440 ι,

2244 2471 2362 2544 10).
2405 2469 2644 2527 Rursum
2682 2466 3055 2524 humilitatem
3086 2466 3288 2533 tenuit,
3323 2479 3451 2520 cum
3487 2461 3692 2519 eisdem
3731 2460 3852 2518 Co—

2243 2559 2474 2618 rinthiis
2501 2561 2732 2635 loquens
2757 2562 2922 2634 paulo
2948 2560 3116 2617 latius
3139 2559 3369 2616 fortasse
3395 2567 3558 2630 quam
3573 2556 3850 2625 voluerat,

2241 2648 2599 2723 semetipsum
2649 2649 3026 2723 reprehendit,
3054 2649 3280 2706 dicens:
3321 2648 3514 2704 Factus
3558 2660 3672 2701 sum
3721 2644 3848 2700 insi-

2235 2739 2388 2812 piens
2411 2739 2504 2811 (ΙΙ
2529 2740 2656 2796 Cor.
2689 2753 2792 2806 xu,
2826 2740 2939 2808 11).
2973 2737 3080 2793 Sed
3098 2736 3450 2807 disciplinam
3469 2735 3528 2790 in
3543 2733 3648 2790 hec
3666 2733 3848 2790 humi-

2243 2830 2396 2887 litate
2424 2842 2536 2886 non
2564 2827 2826 2902 perdidit,
2859 2828 2988 2900 quia
3013 2827 3168 2882 illico
3197 2825 3492 2896 adjunxit:
3530 2825 3725 2883 Vosme
3743 2839 3848 2879 coe-

2238 2915 2407 2992 pistis.
2437 2918 2770 2990 Exemplum
2801 2929 3010 2988 magnai
3042 2915 3377 2972 humilitatis
3403 2911 3684 2980 exhibuit,
3717 2928 3850 2970 cum

2237 3010 2527 3084 discipulis
2553 3009 2732 3066 dixit:
2778 3007 2899 3065 Non
2939 3007 3078 3062 enim
3106 3005 3447 3077 nosmetipsos
3467 3001 3850 3075 pradicamus,

527 3093 812 3148 ambulatis
839 3095 904 3163 (Ι
930 3092 1050 3151 Cor.
1082 3109 1168 3163 In,
1197 3093 1263 3165 3)
1285 3093 1315 3152 Τ
1347 3097 1363 3129 ¹
1395 3095 1538 3151 Ecce
1557 3093 1761 3166 quibus
1788 3094 2045 3151 laudibus
2063 3093 2133 3150 ad
2161 3115 2206 3177 ο
2239 3101 2329 3156 sed
2373 3102 2552 3157 Iesum
2593 3099 2862 3156 Christum
2900 3096 3186 3154 Dominum
3229 3099 3490 3161 nostrum,
3536 3103 3632 3146 nos
3671 3095 3853 3146 autem

529 3187 715 3251 aperta
757 3181 1122 3253 correptionis
1162 3181 1328 3238 verbs
1369 3181 1654 3236 descendit
1687 3198 1700 3247 ;
1731 3195 1858 3238 ecce
1883 3183 1942 3236 in
1965 3181 2130 3237 corde
2238 3205 2416 3247 σογυοε
2441 3197 2639 3246 cum;
2662 3203 2761 3262 per
2792 3187 3060 3245 Christum
3083 3185 3172 3256 (ΙΙ
3187 3186 3314 3242 Cor.
3341 3180 3523 3255 mli).
3545 3181 3730 3238 Sedin
3747 3179 3853 3237 hac

531 3269 873 3327 audientium
900 3283 1066 3344 quam
1095 3270 1298 3328 blande
1325 3269 1716 3326 tavorismauu
1732 3269 1879 3326 viam
1908 3269 2130 3328 distric-

531 3363 602 3414 ta
631 3358 1020 3432 increpationis
1050 3361 1286 3433 aperuit.
1316 3357 1476 3414 Prius
1502 3372 1739 3433 namque
1767 3358 2129 3430 superborum

531 3448 759 3506 brachia
776 3448 988 3507 studuit
1004 3467 1099 3522 per
1116 3449 1624 3507 blandimentorum
1639 3449 1862 3506 vincula
1878 3450 2127 3522 religare,

531 3548 596 3596 ut
625 3539 974 3611 postmodum
1006 3541 1274 3612 potuisset
1302 3541 1506 3596 vulnus
1529 3538 1798 3613 superbiai
1825 3539 1973 3596 ferro
1997 3551 2132 3596 cor—

533 3629 800 3700 reptionis
833 3629 1094 3686 incidere.
1127 3631 1300 3686 Erant
1348 3631 1595 3702 profecto
1639 3631 1696 3685 in
1741 3628 2048 3686 Corinthiis
2076 3637 2132 3684 et

535 3735 656 3792 quae
691 3719 902 3776 laudari
931 3719 1271 3790 debuissent,
1301 3729 1458 3778 erant
1479 3728 1678 3794 etquae
1707 3720 1885 3792 argui.
1917 3719 2134 3776 Peritus

535 3811 720 3886 itaque
749 3811 996 3870 medicus
1011 3813 1165 3886 prius
1188 3829 1322 3870 sana
1337 3812 1602 3882 membra,
1620 3829 1742 3886 quae
1763 3813 1909 3872 circa
1929 3812 2133 3870 vulnus

536 3911 713 3972 erant,
732 3902 1009 3960 laudando
1023 3903 1287 3976 palpavit,
1306 3911 1360 3958 et
1380 3902 1729 3976 postmodum
1753 3902 2037 3976 putridum
2063 3902 2134 3958 si-

537 4009 672 4049 num
703 3994 953 4048 vulneris
974 3993 1223 4048 feriendo
1242 3991 1539 4050 transﬁxit.
1561 3993 1736 4050 Habet
1754 4008 1882 4064 ergo
1904 3991 1963 4049 in
1983 4008 2133 4050 sauc-

537 4081 611 4135 tis
640 4078 1089 4150 praedicatoribus
1115 4081 1186 4137 ad
1205 4088 1434 4154 utraque
1447 4089 1637 4154 aptum
1665 4081 1933 4138 doctrinis
1949 4077 2139 4154 regula

539 4169 756 4245 pondus
796 4185 981 4240 suum,
1023 4180 1086 4228 ut
1131 4181 1186 4229 et
1230 4181 1379 4232 recte
1415 4174 1436 4209 ³
1481 4174 1731 4231 faventes
1771 4174 2039 4241 nutriant.
2083 4180 2138 4228 et

539 4278 796 4335 perversa
824 4263 1324 4322 animadvertentes
1358 4264 1704 4322 abscindunt.

615 4353 753 4430 [Vet.
777 4355 978 4420 XXIV,
1003 4356 1124 4414 Rea.
1171 4353 1267 4430 X.]
1305 4355 1395 4413 b2.
1434 4355 1606 4414 Aliud
1630 4360 1706 4410 est
1727 4358 1998 4426 percutere
2025 4369 2144 4410 cum

2238 3277 2556 3335 humilitate
2584 3279 2607 3314 ⁸
2635 3273 2942 3348 disciplinae
2955 3273 3230 3346 justitiam
3259 3285 3371 3328 non
3400 3271 3610 3339 amisit,
3627 3269 3724 3343 qui
3745 3268 3850 3324 eis-

2236 3368 2360 3426 dem
2381 3365 2828 3442 delinquentibus
2847 3363 3014 3420 dicit:
3037 3361 3177 3430 Quid
3191 3361 3376 3428 cultis,
3394 3361 3620 3432 inoirga
3639 3357 3854 3416 veniam

2237 3459 2310 3515 ad
2335 3475 2426 3514 cos
2454 3459 2512 3531 (Ι
2537 3457 2662 3514 Cor.
2697 3471 2776 3524 ιν,
2805 3455 2897 3526 il)
2923 3453 2951 3510 ?
2983 3459 3038 3508 et
3055 3452 3491 3510 cmtera.Sciunt
3506 3463 3636 3521 ergo
3655 3446 3856 3520 praedit

2237 3557 2450 3606 catores
2472 3545 2650 3605 sancti
2680 3553 2911 3618 utroque
2937 3541 3312 3600 moderamine
3339 3545 3513 3598 artem
3545 3536 3852 3610 magisteri-

2237 3645 2562 3712 temperare,
2593 3643 2649 3692 et
2676 3647 2799 3693 cum
2830 3633 3276 3706 delinquentium
3305 3640 3490 3688 reatus
3521 3627 3852 3698 inveniunt,

2239 3728 2429 3786 sciunt
2455 3727 2620 3784 modo
2650 3739 2838 3783 severe
2863 3723 3162 3795 corripere,
3211 3721 3376 3778 modo
3416 3719 3706 3776 humiliter
3753 3719 3852 3776 de-

2242 3818 2474 3890 precari.
2521 3816 2626 3874 Sed
2668 3830 2793 3873 cum
2834 3818 3154 3884 arrogantes
3180 3811 3288 3866 viri
3317 3826 3409 3867 eos
3439 3809 3646 3868 imitari
3675 3819 3855 3880 appe-

2241 3914 2390 3978 tunt,
2447 3913 2676 3962 sumunt
2723 3904 2793 3959 ab
2833 3903 2913 3958 eis
2943 3916 3137 3974 aspera
3163 3898 3334 3956 verba
3373 3897 3761 3972 correptionis,
3799 3903 3855 3952 et

2243 4011 2457 4054 sumere
2482 3995 2554 4050 ab
2584 3994 2664 4050 eis
2699 3993 2968 4050 veraciter
2998 3989 3253 4048 nesciunt
3279 4003 3464 4060 preces
3495 3987 3850 4044 humilitatis.

2243 4087 2417 4160 Magis
2443 4086 2592 4144 enim
2621 4084 2898 4142 terribiles
2925 4085 2945 4118 ⁷
2974 4087 3206 4156 possunt
3235 4094 3350 4138 esse
3377 4095 3545 4150 quam
3575 4078 3765 4143 mites;
3799 4081 3856 4132 et

2249 4177 2456 4234 idcirco
2480 4176 2702 4232 discunt
2728 4173 2874 4230 unde
2903 4189 2960 4228 se
2985 4172 3217 4246 erigant,
3232 4177 3286 4225 et
3304 4167 3514 4226 discere
3541 4165 3852 4239 negligant,

2248 4275 2312 4325 ut
2353 4266 2604 4322 animum
2651 4263 3002 4322 submittant.
3049 4261 3294 4334 Cumque
3338 4257 3634 4314 admouere
3673 4255 3856 4312 delin-

2249 4365 2479 4430 quentes
2506 4354 2719 4428 placide
2745 4351 3021 4422 nesciunt,
3047 4351 3224 4408 nimio
3251 4348 3446 4422 rigoris
3485 4363 3591 4404 usu
3631 4361 3728 4418 per
3757 4345 3858 4401 in-

531 4444 749 4516 justitia
796 4447 1056 4512 stimulat,
1085 4445 1240 4502 aliud
1267 4462 1385 4508 cum
1418 4445 1577 4516 inﬂat
1612 4444 1880 4516 superbia.
1919 4443 2051 4512 Quis
2085 4442 2145 4500 in
2178 4478 2230 4538 Β
2257 4444 2529 4503 vectionis
2581 4443 2946 4511 iracundiam,
2999 4441 3165 4497 etiam
3219 4445 3412 4538 contra
3449 4442 3596 4496 recte
3639 4441 3861 4538 ageptes

541 4539 866 4608 correptione
879 4538 1168 4594 servandus
1189 4538 1388 4595 modus.
1410 4538 1563 4595 Hunc
1575 4537 1826 4608 ignorant
1839 4535 2146 4608 superbi.-—
2181 4522 2228 4538 ³³
2252 4535 2605 4596 etfrenantur.
2651 4533 2895 4600 Quorum
2938 4531 3043 4586 iste
3071 4530 3199 4586 Elin
3227 4529 3466 4602 speciem
3495 4533 3708 4594 tenens,
3735 4522 3858 4580 bea-

540 4629 951 4702 Nonnunquam
984 4645 1115 4687 vero
1161 4631 1328 4688 etiam
1358 4628 1742 4702 pradicstores
1777 4628 1918 4698 justi
1967 4628 2142 4699 rigide

543 4721 772 4780 feriunt.
801 4719 908 4776 Sed
954 4721 1106 4779 aliud
1155 4731 1237 4779 est
1264 4738 1391 4778 cum
1437 4718 1656 4791 justitia
1687 4717 1957 4782 stimulat,
1991 4717 2145 4774 aliud

542 4827 670 4872 cum
702 4812 957 4886 superbia
984 4813 1160 4870 inﬂat.
1191 4811 1334 4868 Justi
1362 4823 1490 4868 cum
1519 4825 1706 4868 severe
1731 4807 2037 4881 corrigunt,
2062 4807 2145 4864 iu-

544 4912 714 4961 ternm
742 4903 1058 4961 dulcedinis
1104 4901 1333 4974 gratiam
1385 4913 1497 4957 non
1526 4900 1809 4957 amittunt.
1842 4899 1978 4956 Nam
2005 4911 2147 4970 sape

545 5007 646 5063 pro
695 4990 1084 5067 inquietudine
1149 4987 1476 5046 refrenanda
1527 5004 1825 5062 pravorum
1881 4988 2149 5045 duritiam

624 5168 641 5202 ¹
669 5166 934 5239 Vindoc.,
964 5161 1162 5226 Pratel.
1201 5171 1258 5239 et
1310 5161 1428 5235 alii,
1467 5177 1586 5239 erce
1611 5163 1770 5239 quod
1806 5163 2052 5239 laudibus
2079 5163 2152 5220 ad

548 5245 735 5366 ιᾶιῆια
791 5234 1154 5313 οοννὲρῑὶοηὶε.
1212 5237 1340 5295 Hac
1369 5234 1704 5296 omittuntur
1755 5235 1812 5291 in
1862 5234 2047 5294 Baluz.
2098 5243 2154 5292 et

597 5325 710 5365 0H).

623 5384 646 5417 τι
681 5379 854 5456 Editi,
873 5380 1034 5456 male,
1057 5389 1197 5440 recta
1226 5383 1476 5456 facientes
1490 5383 1771 5446 nutriant;
1794 5393 1985 5456 omnes
2001 5377 2151 5437 enim

549 5451 938 5530 Ms_s._ha_ber_it,
968 5451 1364 5530 [aventes,'aut,
1413 5455 1641 5530 foventes
1682 5453 1944 5530 nutriant:

625 5525 648 5558 ³
678 5523 738 5579 In
771 5523 1040 5605 Vulgatis,
1063 5527 1295 5605 districti
1325 5523 1540 5605 rigoris.
1573 5527 1866 5605 Sequimur
1891 5523 2151 5594 Viudoc.,

553 5595 784 5664 Turon.,
820 5593 1034 5664 Nerm.,
1057 5597 1236 5665 Colb.,
1269 5607 1323 5656 et
1356 5593 1541 5657 Baluz.

625 5665 1602 5750 ξΕᾱιιριυξριιεῄριαςαίιὶοραρεεσειε,
1652 5671 1800 5744 quod
1850 5669 2052 5750 legitur
2093 5668 2153 5723 in

625 5683 648 5704 ο
678 5683 1001 5725 ianitoribus
1045 5683 1269 5792 placuit,
1310 5689 1602 5750 pavescere,
1652 5683 1800 5744 quoa
1852 5683 2052 5742 legitur
2093 5683 2153 5723 1n

553 5740 764 5810 Baluz.,
796 5736 1042 5806 Colb.,E
1081 5753 1240 5805 ronc.,
1261 5741 1522 5808 Vindoc.,
1541 5742 1915 5809 Turon.,etc.,
1939 5747 2154 5796 mutare

2249 4637 2368 4686 tum
2396 4624 2498 4683 Job
2526 4639 2638 4680 non
2666 4623 2897 4690 refovet,
2924 4620 3022 4678 sed
3051 4620 3325 4694 objurgat,
3355 4619 3578 4676 dicens:
3616 4616 3746 4683 Quis
3783 4621 3861 4669 est

2252 4720 2357 4785 vir,
2387 4727 2446 4776 ut
2471 4723 2546 4774 est
2569 4716 2690 4780 Iob,
2720 4712 2815 4785 qui
2839 4713 2967 4769 bibit
2993 4708 3451 4768 subsannationem
3467 4704 3624 4778 quasi
3637 4721 3860 4777 aquam,

2250 4811 2344 4882 qui
2370 4807 2616 4881 graditur
2645 4820 2764 4858 cum
2792 4802 3134 4875 operantibus
3164 4797 3518 4870 iniquitatem,
3544 4799 3593 4850 et
3619 4794 3862 4852 ambulat

2253 4916 2370 4956 cum
2398 4897 2530 4952 viris
2540 4891 2782 4966 impiis?[
2793 4889 3100 4964 Vet.XXV.]
3120 4891 3191 4946 Et
3209 4887 3338 4962 quia
3352 4886 3533 4943 aliena
3547 4900 3765 4958 semper
3780 4891 3862 4940 est

2255 5005 2287 5046 a
2301 4988 2530 5045 veritate
2550 4982 2827 5056 superbia,
2849 4999 2981 5039 mox
3000 4980 3133 5038 etad
3146 4979 3285 5035 falsa
3298 4975 3630 5052 prorumpit,
3649 4974 3856 5030 dicens:

2260 5165 2317 5221 in
2330 5161 2454 5246 regi
2460 5162 2670 5246 viscere.
2686 5235 2703 5246 Δ

2329 5237 2351 5316 ξ
2381 5229 2620 5316 Ῡριιᾶρρ.
2648 5235 2714 5316 et
2727 5230 2872 5314 pler.
2896 5230 3118 5316 .Normq
3146 5227 3358 5284 obsecro
3383 5229 3562 5280 autem
3585 5237 3698 5280 eos.

2331 5310 2353 5344 δ
2382 5308 2496 5377 ΑΙ.⁹
2528 5306 3121 5386 disciplinamjustitiw.

2331 5380 2352 5417 τ
2383 5377 2463 5424 Ita
2487 5377 2705 5424 Elimia-
2724 5382 2778 5424 et
2797 5376 2890 5424 λιιι
2916 5371 3399 5424 Νοηιιηνίῐιὰοϐ..
3421 5368 3607 5424 Bal”.
3629 5373 3687 5424 et
3701 5363 3838 5424 Colb

2331 5380 2352 5417 "
2383 5377 2465 5436 Ita
2481 5369 2705 5436 Ebroic.
2724 5382 2778 5430 et
2797 5369 2892 5431 alii
2913 5371 3399 5442 Norm.,Vlndoc.,
3421 5369 3607 5425 Baluz.
3629 5373 3687 5424 et
3701 5369 3865 5448 (1011)ἒ

2259 5452 2321 5509 In
2351 5450 2498 5507 Edit.
2537 5449 2706 5504 Paris.
2743 5446 2879 5502 1495
2907 5447 3110 5520 legitur
3127 5444 3306 5520 magi!
3333 5443 3473 5520 enim
3503 5439 3786 5520 «nubite,
3814 5453 3864 5492 τι

2254 5529 2498 5604 pessum,
2528 5522 2712 5604 υριεινιι
2744 5531 2849 5604 esse
2875 5508 3033 5604 uim
3061 5508 3495 5604 u‘ta'fﬂPEI'a‘:
3511 5513 3715 5604 8:92.“
3729 5508 3860 5604 lit”.-

2260 5579 2460 5653 'addere
2480 5579 2578 5650 aut
2604 5579 2900 5650 detrahere.
2919 5590 3124 5650 liceret.
3155 5579 3502 5656 Corruptela
3525 5581 3693 5640 Bull.
3726 5579 3862 5639 ista

2260 5675 2316 5712 ιι
2341 5666 2504 5712 Parte,
2543 5663 2700 5712 mm-
2743 5661 3002 5712 ten-ibim
3047 5676 3194 5712 ams-
3221 5663 3462 5712 possunt.
3506 5656 3713 5712 colunt.
3753 5660 3860 5709 etc.

2259 5666 2507 5724 etParls.
2543 5663 2701 5733 1518,
2743 5661 3002 5722 terribiles
3047 5676 3194 5736 quos
3218 5663 3462 5731 possunt,
3506 5660 3713 5725 colunt,
3753 5660 3860 5709 etc.

2261 5740 2322 5794 In
2355 5738 2480 5794 aliis
2499 5737 2772 5810 Vulgatis,
2801 5737 3058 5793 terribiles
3085 5733 3271 5789 volunt
3295 5746 3402 5785 esse
3427 5741 3611 5800 quam.
