4162 6184
358 262 469 321 313

955 395 1184 456 CAPUT
1220 396 1400 459 XVII.

427 481 602 547 Vnus.
620 484 911 547 9.—Diait
929 491 1101 547 enim:
1121 488 1243 549 Non
1255 490 1489 566 placebit
1504 492 1590 551 vir
1608 491 1739 567 Deo,
1757 495 1971 559 etiamsi

356 576 661 635 cucurrerit
683 597 804 635 cum
832 598 908 637 eo.

432 663 519 725 43.
551 666 747 725 Aliena
776 682 979 742 semper
1006 676 1083 727 est
1107 688 1143 727 a
1174 668 1394 728 veritate
1423 672 1691 746 superbia.
1712 708 1783 720 —
1806 677 1967 748 Quod

354 757 606 833 profecto
624 753 755 831 quia
775 757 1007 816 minime
1024 758 1512 836 dixerit,qnisquis
1527 762 1669 822 beati
1688 765 1789 825 Job
1802 768 1969 827 verba

354 843 487 919 legit
501 844 886 918 agnoscit.Sed
906 849 1001 922 qui
1019 848 1228 907 idcirco
1252 851 1516 924 loquitur,
1533 862 1595 910 ut
1614 856 1967 931 semetipsum

357 932 706 1020 Ostendendo
732 938 1044 1010 superbiat,
1079 938 1213 1012 quid
1239 940 1439 997 mirum
1465 940 1510 998 si
1537 941 1595 998 in
1616 943 1788 1002 altero
1808 944 1969 1020 ﬁngit

356 1021 504 1097 quod
534 1018 947 1096 reprehendat?
968 1025 1266 1094 Quomodo
1300 1026 1448 1085 enim
1462 1028 1681 1087 veritati
1698 1018 1971 1091 cohaereat

354 1105 413 1168 in
434 1110 623 1169 verbis
640 1112 1059 1187 increpationis,
1081 1132 1245 1189 quem
1268 1116 1413 1175 intra
1431 1122 1783 1194 semetipsum
1806 1118 1967 1198 longe

351 1195 421 1257 ab
449 1200 638 1259 eadem
668 1202 901 1260 veritate
930 1202 1151 1262 dirimit
1179 1214 1367 1264 tumor
1394 1209 1595 1267 mentis
1613 1212 1642 1269 ‘l
1663 1195 1957 1287 Sequitur:

427 1293 599 1349 Vens.
635 1291 721 1350 10.
753 1322 824 1337 —-
862 1294 990 1351 Ideo
1016 1295 1125 1351 viri
1154 1296 1365 1353 cordati
1398 1299 1579 1357 audite
1605 1319 1704 1358 me.

424 1384 569 1439 Ecce
598 1384 802 1440 iterum
834 1384 979 1442 fastu
1011 1385 1283 1459 superbiae
1312 1386 1559 1457 inﬂatus,
1587 1407 1682 1448 eos
1706 1398 1966 1451 tantum-

356 1471 546 1543 modo,
577 1472 673 1548 qui
706 1472 862 1549 qnasi
903 1475 1069 1548 digne
1098 1475 1481 1552 intelligendo,
1521 1496 1578 1537 se
1611 1480 1828 1556 assequi
1856 1499 1965 1540 va-

356 1558 509 1619 leant
537 1562 761 1638 quaerit,
782 1570 836 1619 et
864 1562 944 1621 sic
969 1562 1117 1638 quod
1147 1564 1419 1626 sentiebat
1446 1569 1710 1644 erumpit,
1739 1572 1962 1630 dicens:

917 1681 1147 1741 CAPUT
1199 1684 1405 1743 XVIII.

1108 264 1484 328 MOBALIUM
1518 269 1655 335 LIB.
1695 270 1905 337 XXIV.
1943 307 2015 323 —
2050 279 2127 340 IN
2157 280 2387 343 CAPUT
2422 286 2667 359 XXXIV
2704 290 2768 348 B.
2807 291 2951 351 JOB.

3570 304 3678 365 3M

1996 410 2051 473 Α
2076 409 2207 469 dare
2234 410 2399 475 dictis
2429 415 2697 475 Veritatis
2721 418 2987 491 creditur,
3023 423 3135 485 nisi
3154 427 3346 491 subtili
3368 431 3678 497 considera-

2075 500 2226 560 tione
2270 506 2546 593 pensetur.
2596 502 2766 565 Aliud
2811 525 3050 588 namque
3090 522 3173 571 est
3212 514 3493 593 damnare,
3526 523 3678 582 aliud

2075 593 2335 665 afﬂigere.
2365 592 2581 668 Aﬂligit
2604 613 2731 671 ergo
2753 594 2915 670 juxta
2945 601 3157 678 aliquid
3186 606 3411 679 frustra,
3442 592 3538 670 sed
3564 614 3679 673 fru-

2075 690 2187 740 stra
2216 699 2329 741 non
2359 679 2605 741 damnat.
2641 684 2843 745 Annon
2881 687 3045 762 juxta
3084 692 3297 768 aliquid
3328 696 3533 757 frustra
3574 703 3678 761 Job

2076 768 2366 844 aﬁlixerat,
2390 769 2412 808 ²
2430 788 2557 832 cum
2581 793 2693 833 non
2722 771 3010 836 delebatur
3041 776 3262 853 vitium,
3293 785 3387 842 sed
3419 789 3677 848 meritum

2076 860 2420 951 augebatur?
2466 860 2694 924 Frustra
2733 865 2882 925 enim
2914 866 3282 930 condemnare
3321 892 3434 932 non
3476 884 3676 951 potest,

2075 949 2206 1029 quia
2234 949 2515 1012 damnatio
2546 951 2665 1012 ﬁeri
2696 973 2807 1014 non
2844 975 2915 1014 ex
2952 969 3104 1034 parte
3135 957 3203 1019 ad
3234 960 3442 1041 aliquid
3476 949 3675 1040 potest,

2076 1061 2196 1117 quae
2216 1044 2489 1132 Avidelicet
2517 1042 2575 1103 in
2604 1054 2853 1106 extremo
2878 1048 3040 1123 punit
3064 1070 3228 1112 omne
3249 1056 3395 1130 quod
3416 1050 3509 1113 hic
3529 1051 3678 1132 Quis-

2076 1150 2181 1208 que
2210 1128 2400 1207 inique
2430 1134 2791 1195 commiserit.
2841 1140 2952 1198 Nec
2981 1128 3331 1214 omnipotens
3363 1140 3509 1202 Deus
3536 1128 3679 1203 sub-

2074 1216 2241 1279 vertit
2263 1221 2563 1295 judicium,
2599 1222 2730 1301 quia
2757 1226 2860 1285 etsi
2893 1231 3078 1287 minus
3106 1239 3253 1289 recta
3280 1228 3542 1291 videntur
3560 1250 3677 1291 esse

2074 1329 2195 1387 quae
2224 1314 2485 1386 patimur,
2519 1324 2664 1371 recte
2694 1325 2877 1375 tamen
2902 1321 2923 1354 ³
2955 1319 3013 1376 in
3042 1322 3260 1380 occulto
3290 1323 3545 1381 examine
3571 1318 3677 1381 de-

2072 1410 2399 1462 cernuntur.
2438 1404 2699 1478 Sequitur
2730 1424 2742 1461 :

2501 1496 2730 1555 CAPUT
2768 1500 2879 1558 XX
2920 1498 3064 1575 [Rea
3105 1501 3236 1577 XI].

2145 1589 2317 1646 Vnus.
2348 1588 2436 1644 I3.
2468 1618 2539 1630 —
2570 1590 2732 1657 Quem
2751 1589 3020 1645 constituit
3054 1592 3225 1649 alium
3261 1609 3422 1667 super
3452 1600 3674 1668 terram,

2071 1688 2171 1739 aut
2192 1698 2345 1754 quem
2366 1681 2549 1754 posuit
2574 1698 2733 1755 super
2760 1683 2958 1753 orbem,
2991 1700 3142 1756 quem
3168 1685 3467 1757 fabricatus
3488 1692 3603 1747 est?

428 1798 600 1856 Vnus.
633 1798 702 1856 10
728 1806 782 1856 et
813 1799 976 1857 IL—
1002 1800 1159 1857 Absit
1184 1816 1221 1857 a
1248 1800 1357 1858 Deo
1388 1802 1653 1875 impietas,
1675 1809 1725 1860 et
1747 1800 1815 1860 ab
1843 1806 1964 1861 0m-

2142 1771 2234 1827 46.
2287 1773 2450 1839 Quem
2477 1788 2575 1842 per
2601 1789 2653 1826 se
2697 1773 2932 1829 condidit
2960 1775 3237 1843 mundum,
3262 1794 3362 1849 per
3389 1795 3442 1834 se
3472 1796 3678 1853 quoque

349 1888 621 1961 nipotente
664 1891 934 1962 iniquitas.
976 1893 1121 1964 Opus
1155 1894 1295 1949 enim
1336 1895 1569 1951 hominis
1608 1891 1792 1953 reddet
1816 1896 1888 1965 ei,
1917 1902 1968 1952 et

345 1977 526 2047 juxta
550 1979 668 2035 vias
696 1979 1022 2051 singulorum
1048 1982 1287 2040 restituet
1309 1984 1402 2043 eis.

441 2071 587 2131 789
612 2067 699 2126 44.
745 2069 887 2126 Deus
910 2068 971 2127 in
995 2072 1093 2128 hac
1119 2072 1230 2129 vita
1261 2086 1371 2129 non
1405 2086 1609 2146 semper
1633 2074 1815 2131 reddit
1839 2075 1964 2131 sin-

362 2164 500 2235 gulis
518 2160 686 2235 juata
711 2168 1121 2241 opera.—Bene
1142 2169 1311 2240 dixit,
1341 2170 1473 2244 quis.
1500 2171 1559 2227 in
1587 2168 1965 2245 omnipotente

360 2252 475 2309 Deo
498 2252 766 2329 iniquitas
792 2256 883 2314 vel
913 2256 1169 2331 impietas
1197 2274 1309 2317 non
1336 2266 1441 2317 est.
1490 2258 1599 2316 Sed
1628 2260 1687 2315 in
1717 2260 1821 2318 hac
1849 2256 1966 2318 vita

359 2352 707 2418 nequaquam
738 2360 955 2420 semper
983 2348 1090 2407 hoc
1110 2351 1312 2423 agitur,
1329 2349 1478 2424 quod
1499 2347 1811 2422 subjunxit,
1835 2351 1966 2425 quia

352 2430 513 2503 juxta
531 2448 673 2508 opus
701 2449 865 2495 suum
894 2438 1129 2511 singulis
1151 2446 1208 2496 et
1230 2440 1394 2512 juxta
1422 2440 1542 2495 vias
1567 2439 1818 2512 proprias
1843 2439 1964 2496 red-

358 2520 462 2580 dit.
494 2525 634 2582 Nam
661 2530 721 2582 et
747 2528 953 2582 multos
980 2524 1180 2583 illicita
1216 2534 1273 2583 et
1300 2540 1562 2598 perversa
1587 2536 1964 2600 perpetrantes

350 2614 606 2684 gratuito
632 2615 926 2684 praevenit,
956 2620 1124 2687 atque
1149 2615 1219 2670 ad
1257 2628 1422 2687 opera
1449 2622 1641 2672 sancta
1669 2616 1963 2688 convertit,

347 2708 413 2757 et
442 2700 755 2758 nonnullos
782 2703 947 2759 rectis
974 2703 1193 2760 actibus
1229 2700 1446 2761 deditos
1472 2703 1688 2777 ﬂagello
1714 2707 1966 2765 interve-

351 2791 549 2847 niente
578 2790 830 2863 corripit,
876 2792 891 2827 ί
929 2803 994 2849 ac
1037 2792 1118 2849 sic
1144 2793 1425 2866 placentes
1451 2793 1605 2867 quasi
1638 2794 1966 2869 displiceant

355 2876 576 2951 adtigit,
602 2874 895 2936 Salomone
915 2885 1226 2951 attestante,
1256 2882 1350 2956 qui
1380 2882 1459 2939 sit
1488 2900 1500 2939 :
1536 2884 1673 2941 Sunt
1689 2884 1830 2954 justi
1846 2887 1960 2958 qui-

356 2964 453 3023 bus
477 2967 647 3024 multa
674 2967 938 3037 eveniunt,
967 2968 1124 3041 quasi
1150 2984 1312 3042 opera
1339 2971 1541 3044 egerint
1562 2973 1850 3046 impiorum
1863 2991 1883 3042 ;
1914 2983 1966 3033 et

357 3060 478 3112 sunt
494 3057 648 3129 impii
666 3057 761 3128 qui
780 3060 858 3115 ita
883 3058 1055 3115 securi
1076 3064 1219 3127 sunt,
1246 3074 1310 3117 ac
1337 3061 1385 3117 si
1398 3061 1671 3132 justorum
1700 3064 1844 3135 facta
1869 3063 1960 3121 ha-

2072 1860 2375 1934 regit.—Ut
2402 1860 2665 1917 videlicet
2695 1861 2991 1919 subaudias
3012 1865 3253 1923 nullum.
3271 1866 3373 1922 Per
3395 1884 3453 1924 se
3473 1869 3676 1943 quippe

2072 1950 2346 2027 mundum
2376 1951 2535 2023 regit,
2572 1968 2735 2027 quem
2756 1969 2852 2024 per
2879 1969 2936 2009 se
2965 1952 3248 2022 condidit;
3280 1971 3384 2012 nec
3406 1964 3528 2029 eget
3545 1956 3676 2015 aiis-

2072 2040 2161 2097 nis
2189 2037 2481 2112 adjutoriis
2510 2039 2576 2095 ad
2612 2041 2933 2113 regendum,
2959 2041 3056 2114 qui
3081 2057 3192 2099 non
3214 2044 3367 2117 eguit
3386 2043 3455 2101 ad
3473 2045 3677 2105 facien-

2072 2132 2229 2189 dum.
2256 2128 2362 2186 Sed
2391 2128 2510 2186 hinc
2541 2128 2749 2186 idcirco
2768 2130 3128 2204 colliguntur,
3152 2140 3214 2189 ut
3233 2132 3449 2206 liquido
3468 2134 3677 2194 indicet

2073 2219 2205 2293 quia
2247 2217 2599 2290 omnipotens
2642 2221 2807 2289 Deus,
2856 2221 2904 2277 si
2946 2237 3043 2293 per
3083 2222 3441 2295 semetipsum
3488 2240 3675 2298 regere

2073 2324 2187 2367 non
2221 2308 2452 2381 negligit
2479 2308 2625 2382 quod
2654 2309 2882 2378 creavit,
2912 2310 3060 2385 quod
3088 2309 3226 2368 bene
3255 2311 3466 2370 creavit
3484 2315 3675 2387 utique
3794 2322 3807 2337 ‘

2070 2397 2214 2456 bene
2244 2399 2406 2471 regit,
2435 2398 2566 2471 quia
2588 2398 2747 2470 quod.
2764 2399 2853 2471 pie
2885 2399 3138 2458 condidit
3166 2399 3337 2474 impie
3364 2417 3478 2459 non
3492 2401 3675 2476 dispo-

2072 2490 2190 2557 nit;
2218 2496 2274 2545 et
2297 2488 2394 2562 qui
2419 2488 2655 2547 necdum
2684 2490 2826 2546 facta
2850 2490 3069 2548 curavit
3090 2498 3155 2548 ut
3182 2500 3517 2566 essent,qua
3543 2500 3677 2551 sunt

2072 2580 2219 2638 facta
2246 2595 2358 2637 non
2388 2581 2610 2638 deserit.
2637 2579 2779 2650 Quia
2796 2597 2925 2654 ergo
2946 2598 3185 2655 praesens
3207 2591 3291 2640 est
3317 2582 3377 2640 in
3405 2584 3672 2658 regimine

2073 2671 2167 2745 qui
2197 2678 2391 2729 auctor
2429 2670 2647 2729 exstitit
2674 2669 2733 2728 in
2761 2671 3058 2742 creatione,
3102 2671 3228 2731 ideo
3270 2689 3461 2732 curam
3488 2673 3669 2733 nostri

2070 2777 2184 2819 non
2213 2761 2477 2835 praeterit.
2519 2759 2674 2819 Unde
2703 2768 2759 2817 et
2786 2769 2911 2835 apte
2938 2761 3224 2836 subjungit
3251 2779 3263 2820 :

2666 2848 2896 2909 CAPUT
2935 2852 3090 2910 XXI.

2142 2942 2318 3000 Vnus.
2351 2942 2578 3000 ib.—-Si
2603 2939 2863 2998 direxerit
2887 2943 2961 2999 ad
2986 2958 3104 2998 eum
3121 2958 3213 2998 cor
3229 2957 3408 3008 suum,
3419 2940 3674 3015 spiritum

2069 3031 2223 3089 illius
2250 3039 2300 3088 et
2322 3034 2512 3103 [latrem
2537 3032 2614 3087 ad
2632 3048 2687 3087 se
2715 3033 2903 3088 trahet.

358 3146 512 3202 beant
552 3122 745 3219 (male.
794 3160 919 3217 vm,
968 3148 1080 3221 lli).
1122 3122 1283 3218 Quod
1313 3122 1581 3208 nimirum
1611 3122 1962 3227 omnipotens

2152 3128 2297 3188 788
2335 3123 2425 3180 L7.
2475 3122 2659 3181 Curva
2684 3123 2954 3179 hominum
2980 3122 3165 3191 corda,
3197 3138 3316 3179 cum
3354 3123 3492 3194 vult,
3520 3122 3595 3180 ad
3618 3140 3673 3181 se

356 3234 505 3292 Deus
532 3236 909 3294 inaestimabili
940 3238 1142 3311 pietate
1168 3239 1469 3313 dispensat,
1500 3246 1564 3298 ut
1592 3247 1646 3298 et
1665 3242 1846 3315 justos
1865 3243 1959 3301 ﬂa-

358 3324 499 3395 gella
524 3323 794 3395 cruciant,
825 3337 894 3381 ne
925 3338 1089 3398 opera
1114 3322 1417 3396 extollant;
1448 3332 1504 3385 et
1532 3328 1728 3401 injusti
1765 3332 1958 3388 saltem

354 3414 477 3470 sine
516 3423 673 3487 plene.
715 3414 861 3472 hanc
901 3409 1073 3471 vitam
1104 3425 1385 3489 peragant,
1432 3419 1561 3491 quia
1587 3419 1656 3475 ad
1684 3420 1962 3477 tormenta

354 3513 480 3576 ques
506 3503 624 3559 sine
648 3504 759 3560 line
788 3506 918 3561 sunt
948 3505 1091 3561 male
1118 3505 1330 3578 agendo
1359 3506 1647 3565 festinant.
1664 3508 1800 3565 Nam
1830 3509 1962 3582 quia

354 3590 655 3665 aliquando
679 3593 812 3665 justi
833 3606 1181 3669 nequaquam
1205 3594 1372 3668 juxta
1400 3610 1564 3670 opera
1592 3598 1958 3671 ﬂagellantnr,

354 3683 470 3739 hac
502 3682 619 3754 ipsa
645 3681 871 3741 histeria
900 3696 1064 3759 quam
1090 3693 1392 3743 tractamus
1420 3687 1747 3744 ostenditur.
1775 3690 1962 3762 Neque

352 3770 514 3827 enim
546 3770 691 3827 idem
734 3772 925 3830 beatus
967 3774 1069 3831 Job
1102 3788 1203 3847 pro
1241 3776 1403 3847 culpa
1432 3774 1611 3831 fuerat
1637 3775 1959 3848 ﬂagellatus,

250 3934 255 3937 ν
354 3860 457 3935 qui
477 3866 604 3917 ante
631 3858 831 3934 ﬂagelli
861 3858 1150 3921 stimulum
1182 3864 1302 3937 ipso
1324 3863 1517 3937 judice
1537 3870 1828 3921 attestante
1848 3866 1962 3923 lau-

352 3949 516 4006 datus
543 3952 643 4007 est.
671 3950 872 4009 Verius
898 3962 1029 4026 ergo
1054 3953 1183 4010 Elin
1208 3953 1437 4023 diceret,
1463 3954 1510 4012 si
1531 3953 1764 4012 dixisset
1786 3971 1799 4013 :
1822 3954 1963 4024 Quia

353 4040 413 4096 in
445 4042 823 4115 omnipotente
852 4043 968 4100 Deo
988 4043 1241 4116 impietas
1260 4051 1424 4119 atque
1445 4044 1713 4120 iniquitas
1730 4058 1840 4104 non
1857 4056 1959 4119 est,

351 4129 520 4186 etiam
548 4142 677 4187 cum
720 4130 885 4205 juxta
927 4132 1044 4189 vias
1072 4133 1321 4207 prOprias
1368 4132 1690 4193 hominibus
1736 4136 1961 4194 reddere

354 4228 471 4275 non
508 4221 752 4278 videtur.
787 4222 925 4279 Nam
956 4226 1010 4280 et
1038 4224 1185 4298 quod
1214 4240 1245 4280 a
1273 4225 1435 4283 nobis
1462 4238 1575 4284 non
1606 4226 1959 4300 intelligitur,

354 4319 428 4365 ex
458 4311 663 4367 occulti
689 4310 893 4383 judicii
921 4324 1033 4370 non
1064 4313 1271 4386 injuste
1299 4312 1454 4371 lance
1484 4315 1781 4388 profertur.
1822 4316 1963 4386 Quia

351 4410 485 4456 vero
536 4402 926 4474 prmdlctstores
979 4411 1314 4476 arrogantes,
1371 4403 1503 4461 dum
1552 4407 1725 4462 multa
1777 4407 1965 4464 inania

2065 3223 2334 3297 erigenda,
2362 3221 2893 3295 dirigit.--Curvnm
2924 3238 3020 3279 cor
3045 3229 3130 3280 est
3153 3238 3281 3280 cum
3310 3221 3424 3281 ima
3441 3223 3669 3297 appetit,

2067 3314 2331 3387 dirigitur
2355 3329 2483 3371 cum
2515 3311 2585 3370 sd
2612 3329 2850 3387 superna
2877 3312 3219 3374 sublevatur.
3255 3312 3315 3370 Si
3343 3328 3472 3386 ergo
3503 3312 3671 3372 homo

2068 3421 2167 3464 cor
2193 3421 2360 3462 suum
2400 3404 2470 3462 sd
2515 3405 2819 3465 Dominum
2860 3403 3076 3479 dirigit,
3105 3403 3365 3475 spiritum
3392 3412 3448 3463 et
3477 3403 3670 3463 ﬂatum

2070 3495 2224 3551 illius
2258 3495 2529 3552 Dominus
2558 3494 2627 3553 ad
2659 3512 2718 3552 se
2755 3494 2947 3553 trahit.
2982 3492 3253 3567 Spiritum
3283 3491 3546 3551 videlicet
3572 3509 3670 3566 pro

2069 3583 2309 3641 internis
2337 3583 2791 3657 cogitationibus,
2838 3583 3032 3641 ﬂatum
3064 3598 3196 3640 vero
3224 3582 3319 3655 qui
3350 3598 3447 3655 per
3471 3596 3671 3656 corpus

2068 3673 2333 3743 trahitur,
2367 3674 2390 3710 ⁴
2437 3690 2538 3747 pro
2574 3672 2820 3731 externis
2848 3671 3159 3730 actionibus
3187 3671 3364 3744 ponit.
3396 3673 3512 3730 Deo
3541 3688 3670 3744 ergo

2070 3765 2331 3836 spiritum
2358 3764 2605 3821 hominis
2626 3772 2683 3820 et
2708 3763 2900 3820 ﬂatum
2928 3780 2962 3821 ι
2987 3779 3047 3819 se
3073 3762 3293 3820 trahere
3320 3770 3404 3819 est
3429 3762 3500 3820 sd
3525 3779 3671 3821 oon-

2069 3854 2383 3909 versionem
2429 3852 2516 3908 sui
2545 3851 2807 3908 desiderii
2837 3860 2894 3909 et
2920 3851 3187 3908 interiora
3213 3857 3403 3907 nostra
3428 3857 3483 3907 et
3506 3856 3673 3907 exte-

2070 3942 2219 4001 ri0ra
2247 3948 2612 4008 commutare,
2631 3947 2697 3996 ut
2722 3938 2866 3996 nihil
2888 3938 3003 4010 jam
3023 3938 3197 3995 menti
3217 3938 3464 3995 exterius
3481 3938 3668 4010 libeat,

2071 4031 2216 4089 nihil
2259 4040 2388 4089 caro
2430 4029 2685 4098 inferius,
2716 4029 2800 4087 vel
2826 4028 2874 4086 si
2892 4026 3121 4101 appetit,
3142 4025 3378 4098 adipisci
3403 4033 3667 4097 conetur;

2068 4123 2165 4182 sed
2193 4133 2358 4179 omne
2381 4119 2532 4195 quod
2562 4119 2732 4178 homo
2754 4129 2839 4178 est
2864 4119 2936 4177 ad
2954 4135 3082 4178 eum
3107 4118 3369 4176 videlicet
3395 4135 3428 4178 ι
3454 4135 3565 4192 quo
3587 4127 3672 4178 est

2070 4222 2127 4272 et
2155 4214 2390 4272 interius
2417 4212 2781 4270 desiderando
2808 4213 3039 4281 ferveat,
3068 4218 3127 4268 et
3169 4211 3414 4269 exterius
3439 4220 3501 4269 ss
3524 4209 3670 4269 cdo-

2070 4305 2275 4363 msndo
2302 4304 2662 4376 constringat.
2686 4302 2840 4361 Unde
2868 4308 2925 4359 et
2949 4308 3075 4373 apte
3098 4298 3417 4372 subiungit:

2457 4390 2687 4451 CAPUT
2734 4391 2893 4447 χχιι
2932 4388 3077 4463 (nos.
3118 4386 3277 4462 XII].

352 4500 646 4564 spargunt,
676 4494 842 4550 etiam
870 4508 1014 4568 saepe
1056 4506 1188 4552 vera
1206 4510 1271 4552 ac
1298 4495 1476 4553 solida
1504 4495 1813 4569 proferunt,
1832 4497 1963 4555 Elin

2142 4484 2316 4542 Vnus.
2347 4482 2436 4540 ili.
2456 4508 2529 4525 -—
2545 4482 2765 4552 Deﬁciet
2789 4482 2960 4539 omnis
2984 4494 3114 4537 caro
3139 4480 3324 4547 eiussu,
3351 4485 3404 4538 et
3427 4478 3578 4536 homo
3609 4476 3670 4534 in

357 4589 506 4636 recte
536 4581 823 4655 subjungit
855 4598 869 4640 :

730 4697 963 4755 CAPUT
1000 4697 1135 4755 xxx
1174 4696 1314 4773 [γει.
1355 4694 1580 4771 XXVI].

429 4784 598 4843 Vnus.
635 4787 799 4845 ηρ-
826 4790 952 4848 Vere
981 4789 1119 4845 enim
1145 4789 1287 4845 Deus
1311 4802 1419 4845 non
1452 4787 1818 4845 condemaabit
1843 4789 1961 4860 fru-

351 4880 491 4942 stra,
520 4894 612 4932 nec
643 4878 982 4951 Omnipotens
1007 4879 1268 4935 subvertet
1282 4879 1572 4950 judicium.

421 4963 514 5022 46.
545 4965 705 5021 Iusta
732 4963 832 5023 Dei
843 4963 1077 5038 judicia,
1108 4968 1203 5025 etsi
1229 4969 1451 5025 occulta.
1474 4966 1646 5024 -Αᾶ
1678 4960 1960 5027 diabolum

350 5053 630 5112 Dominus
655 5055 827 5114 dicit:
866 5059 1204 5116 ϐοωπισυὶεεί
1218 5059 1567 5116 madversus
1584 5072 1722 5125 eum,
1742 5065 1803 5114 ut
1828 5060 1960 5133 afﬂi-

349 5154 658 5213 geremesmt
676 5140 888 5217 frustra
906 5148 1034 5219 (Job
1054 5164 1117 5217 ιι,
1139 5148 1217 5223 3).
1241 5149 1374 5205 Elin
1412 5155 1599 5205 autem
1620 5146 1789 5205 dicit:
1819 5149 1961 5217 Quia

350 5243 462 5289 non
477 5236 844 5293 conderitth
856 5237 1115 5295 Dominus
1132 5238 1529 5311 [metraQuod
1548 5238 1740 5312 utique
1753 5238 1956 5297 discor-

429 5479 442 5512 ¹
473 5478 735 5535 Mendose
763 5480 819 5535 in
850 5480 1108 5548 Excusis,
1138 5495 1200 5535 ac
1225 5480 1290 5536 si.

421 5551 446 5586 ²
474 5550 617 5606 Pler.
651 5552 837 5607 Norm.
871 5559 925 5607 et
966 5550 1224 5617 Vindoc.,
1264 5551 1481 5607 cuinon
1508 5552 1711 5609 delebat
1737 5551 1952 5620 citium,

347 5620 439 5696 sed
464 5622 731 5696 _meritum
771 5624 1009 5696 augebat.
1032 5622 1308 5696 Corrupte
1338 5624 1396 5677 in
1427 5624 1636 5693 Baluz.,
1675 5625 1819 5696 quod
1841 5638 1955 5680 non

346 5691 616 5766 delebat...
663 5691 902 5766 augebat.
938 5694 1088 5766 Huic,
1128 5691 1313 5753 unus
1364 5691 1643 5753 consentit
1683 5691 1948 5754 Colbert.

349 5761 514 5833 Cod.,
540 5780 707 5838 quem
740 5761 823 5821 'ex
862 5767 1033 5838 priori
1060 5765 1396 5839 descriptum
1426 5766 1797 5836 crederemus,
1830 5767 1948 5825 nisi
2034 5800 2047 5806 ο

2068 4573 2294 4629 cinerem
2319 4578 2628 4629 revertetur.

2139 4661 2229 4720 48.
2262 4663 2406 4719 Time
2431 4678 2559 4719 caro
2585 4660 2872 4734 deﬁciet,“
2896 4661 3048 4718 homo
3073 4658 3671 4733 ἀιδίων-ωρονλωί-

2073 4754 2272 4814 lituum
2297 4754 2603 4810 reuertitur.
2621 4778 2693 4797 α·-
2711 4752 2890 4809 Simul
2918 4753 3071 4810 enim
3093 4753 3279 4810 omnis
3302 4767 3431 4810 coro
3458 4748 3666 4816 deﬁcit,

2071 4844 2294 4917 quando
2315 4842 2429 4915 jam
2460 4842 2632 4899 nullis
2658 4840 2777 4899 suis
2803 4840 3050 4899 moribus
3078 4841 3271 4908 servit,
3307 4838 3439 4912 quis
3467 4835 3670 4908 prmi-

2069 4934 2205 4991 dens
2234 4934 2464 5007 spiritus
2491 4942 2695 4993 cuncta
2710 4933 2830 5006 ejus
2849 4932 3000 4990 ﬂuxa
3018 4930 3321 5003 restringit,
3345 4935 3400 4983 et
3427 4923 3669 5000 quodam

2069 5022 2440 5081 districtionis
2454 5040 2566 5081 sum
2586 5023 2769 5097 gladio
2796 5038 2961 5078 omne
2981 5014 3129 5095 quod
3148 5018 3207 5073 in
3228 5012 3324 5072 illa
3352 5014 3493 5071 male
3513 5012 3667 5069 vive-

2067 5112 2183 5182 bat,
2213 5111 2492 5170 interﬁcit.
2527 5113 2643 5171 Hoc
2658 5110 2926 5170 nimirum
2943 5101 3250 5182 disciplinae
3272 5098 3457 5176 gladio
3471 5107 3668 5159 semet-

2065 5202 2250 5277 ipsum
2275 5200 2538 5260 .leremias
2564 5200 2936 5268 interiecerat,
2952 5213 3078 5256 cum
3108 5189 3324 5251 dicebat
3343 5210 3355 5250 :
3376 5190 3668 5266 Postquam

2064 5297 2368 5357 concertisti
2388 5315 2491 5370 nte,
2517 5298 2600 5370 egi
2623 5295 3007 5371 penitentiam;
3043 5300 3094 5351 et
3117 5298 3402 5370 postquam
3426 5284 3667 5351 ostendi-

2063 5545 2124 5602 in
2150 5540 2501 5617 quibusdam,
2533 5538 2662 5598 licet
2689 5536 2878 5612 paucis
2914 5544 2970 5594 et
3005 5533 3416 5605 minutissimis,
3446 5532 3662 5592 discre-

2134 5622 2313 5756 gekl“
2338 5684 2397 5743 iis
2423 5680 2657 5755 occultis.

2132 5762 2157 5798 ⁴
2184 5742 2398 5824 Vitiosi:
2428 5757 2495 5821 in
2514 5750 2679 5823 Rom.
2707 5744 2843 5826 Ed..
2864 5751 3199 5837 praeteritis
3235 5742 3548 5828 actiaaitus.
