4162 6184
565 305 673 362 315

1782 294 2034 353 SANCTI
2071 293 2413 355 GREGOBII
2449 293 2680 354 MAGNI

3779 309 3880 368 316

565 429 636 485 si;
659 425 794 483 mihi
815 421 1058 498 percussi
1073 423 1251 496 femur
1274 439 1446 480 meum
1462 389 1879 498 (Jerem.xxxr,
1904 421 1971 478 10
1978 421 2173 491 ).Quid
2200 426 2252 486 Α
2280 430 2425 480 tasse
2451 430 2675 480 acutum
2702 422 2914 498 aliquid
2941 426 3209 495 sentiunt,
3255 425 3388 483 inde
3422 445 3558 485 mox
3587 430 3657 486 ad
3685 432 3876 492 vitium

564 515 714 572 enim
744 514 803 571 in
831 513 1060 584 femore,
1090 513 1200 570 nisi
1229 514 1484 585 voluptas
1519 510 1700 568 carnis
1737 510 2007 583 accipitur
2025 511 2054 568 ?
2097 513 2172 568 Et

565 603 702 678 quid
725 611 809 661 est
835 603 982 677 quod
1010 603 1091 660 ait
1122 621 1134 660 :
1163 604 1456 674 Postquam
1469 599 1742 655 ostendisti
1767 600 1921 666 mihi,
1933 600 2172 672 percussi

563 695 742 768 femur
767 713 960 763 meum,
987 695 1097 752 nisi
1125 694 1273 768 quod
1293 701 1581 766 postquam
1599 707 1836 765 superna
1851 693 2172 766 spiritaliter

565 785 732 856 vidit,
763 802 926 842 omne
952 784 1100 858 quod
1122 784 1180 839 in
1195 799 1251 840 se
1272 781 1506 838 inferius
1524 781 1818 837 carnaliter
1837 781 2061 837 vivebat
2078 797 2170 836 ex-

565 874 787 944 stinxit,
815 881 878 930 ut
902 880 1109 947 quanto
1139 871 1312 944 magis
1340 886 1558 926 summa
1606 877 1968 942 patescerent,
2016 877 2172 926 tanto

566 964 808 1038 amplius
835 963 949 1019 ima
963 978 1085 1035 quae
1100 968 1354 1017 tenuerat
1373 975 1485 1014 non
1508 957 1744 1016 liberent
1758 959 1786 1016 ?
1804 960 1941 1036 Nam
1964 965 2171 1032 quanto

567 1053 767 1127 incipit
809 1053 1041 1126 quisque
1079 1051 1330 1124 superius
1365 1050 1576 1118 vivere,
1629 1055 1785 1105 tanto
1839 1057 1893 1104 et
1947 1048 2172 1106 inchoat

568 1143 802 1198 inferius
849 1141 1096 1198 interire.
1143 1139 1310 1196 Juxta
1343 1138 1597 1194 affectum
1652 1154 1887 1209 namque
1937 1137 2173 1194 carnalis

569 1228 902 1302 operationis
930 1228 1113 1284 omnis
1140 1243 1267 1284 caro
1295 1226 1451 1282 Pauli
1481 1224 1647 1282 simul
1697 1225 2000 1294 interierat,
2043 1241 2170 1282 cum

567 1318 784 1375 dicebat
814 1336 826 1376 :
868 1318 992 1377 Vivo
1020 1326 1196 1375 autem
1221 1318 1342 1387 jam
1389 1332 1496 1371 non
1531 1333 1644 1386 ego,
1674 1314 1802 1370 vivit
1829 1331 1951 1370 vero
1995 1314 2055 1370 in
2093 1332 2174 1370 me

571 1406 816 1464 Christus
840 1407 1056 1477 (Galat.
1087 1425 1151 1476 ιι,
1174 1407 1291 1479 20).

639 1493 779 1568 [νει.
803 1497 908 1552 XX
913 1497 1019 1554 VII
1019 1496 1061 1570 .]
1105 1496 1193 1552 49.
1225 1496 1474 1552 Peccator
1500 1493 1848 1550 mortalitatis
1866 1511 1975 1550 sua:
1987 1494 2174 1551 oblivi-

569 1584 760 1650 scitur,
807 1602 952 1640 secus
997 1585 1201 1654 justus.
1257 1615 1327 1626 —
1373 1585 1520 1640 Bene
1566 1584 1733 1640 etiam
1763 1583 1894 1640 Eliu
1921 1583 2027 1640 hoc
2055 1584 2175 1640 loco

565 1671 814 1729 subdidit
845 1689 858 1727 :
893 1674 966 1728 Et
993 1673 1142 1727 homo
1165 1673 1223 1726 in
1249 1671 1476 1726 cinerem
1501 1677 1812 1728 revertetur.
1859 1672 1921 1727 In
1951 1679 2174 1744 peccato

2282 513 2535 569 elationis
2549 521 2858 585 erumpant,
2890 529 3188 587 sensusque
3207 516 3463 573 omnium
3491 519 3548 573 in
3564 520 3649 575 sui
3667 537 3878 594 compa-

2282 601 2493 657 ratione
2522 601 2846 672 despiciant,
2880 618 3043 676 seque
3073 603 3131 658 in
3149 621 3250 661 suo
3271 605 3488 676 judicio
3503 607 3743 666 aliorum
3778 628 3881 667 me-

2282 689 2405 744 ritis
2431 696 2787 762 anteponant.
2821 692 3031 760 Quibus
3078 694 3354 767 contingit
3398 696 3614 754 miseris
3660 707 3723 756 ut
3761 701 3884 772 plus

2283 778 2524 835 videndo
2554 781 2949 851 tenebrescant,
2975 783 3106 856 quia
3135 783 3268 840 dum
3313 784 3541 842 subtilia
3567 789 3885 859 attendunt,

2280 869 2604 940 semetipsos
2647 869 2852 926 intueri
2900 872 3186 939 nesciunt;
3219 879 3274 928 et
3316 889 3423 946 quo
3461 875 3886 948 intelligentiam

2285 957 2306 1024 ξ
2333 957 2551 1014 acutius
2579 959 2908 1031 percipiunt,
2941 976 3006 1015 eo
3039 976 3136 1033 per
3166 961 3479 1034 superbiam
3510 963 3755 1022 deterius
3791 985 3889 1024 ca-

2283 1046 2442 1104 dunt.
2474 1047 2584 1115 Qui
2613 1047 2752 1104 bene
2768 1049 2990 1122 quidem
3013 1049 3240 1106 subtilia
3261 1053 3668 1124 conspicerent,
3691 1056 3737 1111 si
3759 1058 3890 1114 ineo

2285 1139 2430 1212 quod
2459 1141 2748 1212 proferunt
2776 1158 2833 1197 se
2863 1141 3133 1199 viderent.
3181 1143 3447 1216 Superius
3488 1161 3734 1219 namque
3764 1148 3890 1204 Eliu

2284 1227 2501 1285 dixerat
2532 1247 2546 1287 :
2581 1231 2640 1288 Si
2662 1231 2817 1287 habes
2842 1233 2983 1303 quod
3010 1233 3274 1303 loquaris,
3304 1236 3561 1306 responde
3587 1237 3722 1292 mihi
3751 1255 3767 1292 :
3799 1239 3887 1293 lo-

2283 1335 2460 1389 quere,
2488 1322 2608 1376 volo
2633 1321 2770 1377 enim
2800 1328 2844 1378 te
2867 1339 3128 1394 apparere
3146 1322 3356 1392 justum
3373 1325 3504 1394 (Job
3532 1343 3744 1393 χχχιιι,
3774 1326 3890 1400 32).

2283 1407 2444 1464 Nunc
2470 1416 2654 1464 autem
2686 1410 2765 1465 ait
2796 1429 2809 1467 :
2837 1411 2896 1468 Si
2922 1411 3079 1466 habes
3092 1411 3431 1480 intellectum,
3461 1415 3591 1470 audi
3611 1416 3755 1486 quod
3769 1415 3892 1471 dici-

2288 1500 2397 1552 tur.
2455 1497 2598 1554 Ecce
2649 1499 2927 1571 quomodo
2955 1501 3237 1573 paulisper
3269 1503 3436 1559 elatio
3464 1520 3562 1576 per
3591 1505 3888 1561 verborum

2287 1583 2629 1642 incrementa
2684 1588 2924 1659 proﬁcit.
2980 1589 3244 1663 Superius
3297 1591 3574 1648 dubitavit
3609 1594 3658 1649 si
3714 1600 3895 1666 posset

2284 1673 2478 1732 beatus
2505 1677 2608 1732 Job
2639 1678 2882 1749 proferre
2903 1679 3051 1753 quod
3071 1680 3284 1753 justum
3317 1689 3432 1749 est;
3466 1699 3616 1739 nunc
3645 1699 3775 1739 vero
3803 1682 3889 1738 di-

565 1761 715 1817 enim
737 1761 968 1832 quisque
994 1760 1207 1832 positus
1233 1760 1586 1817 mortalitatis
1601 1777 1713 1816 suae
1728 1759 2096 1830 obliviscitur,
2121 1768 2177 1817 et
2199 1783 2246 1844 Β
2285 1765 2451 1820 sentit
2477 1765 2526 1821 si
2556 1765 2663 1822 hoc
2701 1769 2850 1839 quod
2878 1769 3090 1827 dicitur
3113 1772 3305 1828 saltem
3341 1772 3514 1844 possit
3557 1771 3773 1828 audire.
3807 1771 3893 1829 Ibi

565 1857 770 1906 terram
789 1865 847 1904 se
875 1864 990 1904 esse
1015 1865 1129 1904 non
1161 1849 1437 1914 meminit,
1467 1847 1603 1905 dum
1632 1846 1817 1906 adhuc
1844 1865 1940 1922 per
1972 1866 2174 1923 super-

565 1937 716 1994 biam
746 1938 991 1994 inﬂatur.
1022 1938 1152 1993 Post
1178 1937 1556 1994 conversionis
1582 1953 1715 1993 vero
1761 1954 1872 1994 suas
1920 1938 2173 2011 gratiam,

567 2041 694 2083 cum
725 2025 1059 2102 humilitatis
1087 2025 1286 2097 spiritu
1313 2027 1583 2098 tangitur,
1623 2025 1759 2099 quid
1783 2043 1898 2082 esse
1939 2043 1995 2084 se
2021 2026 2176 2084 aliud

566 2132 731 2190 quam
760 2116 1002 2172 cinerem
1031 2114 1401 2171 recordatur?
1447 2116 1566 2172 Jam
1598 2116 1656 2171 in
1701 2114 1943 2172 cinerem
1997 2114 2177 2172 David

566 2221 820 2263 reversus
867 2207 1066 2276 fuerat,
1115 2222 1242 2263 cum
1283 2206 1502 2263 dicebat
1543 2225 1556 2264 :
1613 2209 1894 2274 Memento,
1931 2207 2176 2274 Domine,

566 2297 709 2368 quod
731 2297 912 2368 pulvis
939 2313 1122 2351 sumus
1146 2297 1328 2368 (Psal.
1358 2313 1454 2365 cn,
1485 2295 1599 2369 14).
1631 2294 1912 2352 Abraham
1941 2297 1999 2352 in
2029 2296 2177 2353 cine-

566 2399 685 2442 rem
722 2400 976 2442 reversus
1008 2385 1209 2454 fuerat,
1241 2384 1433 2442 dicens
1465 2402 1477 2440 :
1525 2385 1744 2456 Loquar
1783 2386 1856 2441 ad
1892 2385 2180 2442 Dominum

566 2493 758 2546 meum,
779 2493 896 2532 cum
922 2478 1022 2532 sim
1049 2476 1226 2548 pulvis
1243 2482 1295 2532 et
1316 2477 1451 2532 cinis
1473 2477 1682 2551 (Genes.
1714 2493 1880 2546 xvm,
1902 2477 2022 2547 27).
2045 2473 2178 2531 Etsi

566 2569 848 2625 viventem
867 2583 1087 2625 carnem
1118 2585 1334 2627 necnon
1364 2569 1422 2626 in
1445 2577 1590 2626 terra
1619 2586 1767 2626 mors
1793 2569 2053 2637 solverat,
2071 2566 2179 2622 hoc

567 2666 753 2714 tamen
779 2657 927 2731 apud
964 2675 1021 2714 se
1049 2667 1228 2728 erant,
1260 2659 1408 2733 quod
1432 2675 1489 2716 se
1527 2659 1746 2715 futuros
1772 2657 1975 2731 absque
2003 2655 2178 2712 dubi-

569 2748 800 2818 tatione,
849 2747 1246 2822 praevidebant.
1281 2749 1422 2804 Hinc
1464 2749 1599 2804 alias
1652 2747 1902 2804 dicitur:
1949 2745 2177 2816 Auferes

567 2837 818 2910 spiritum
837 2854 1041 2904 eorum,
1073 2844 1122 2892 et
1152 2837 1410 2910 deﬁcient,
1438 2837 1562 2893 etin
1583 2838 1853 2909 pulverem
1898 2851 2054 2891 suum
2079 2852 2178 2890 re-

565 2935 851 2985 vertuntur
878 2929 1066 3002 (Psal.
1098 2944 1215 2996 cm,
1257 2928 1375 2999 29).
1415 2927 1523 2996 Qui
1547 2935 1730 2984 autem
1767 2926 2012 3000 spiritus,
2068 2925 2177 2983 nisi

566 3019 794 3094 spiritus
821 3018 1092 3092 superbiae
1122 3017 1444 3074 nominatur
1463 3018 1492 3075 ?
1510 3018 1759 3074 Tollatur
1799 3034 1927 3090 ergo
1951 3017 2178 3090 spiritus

566 3125 757 3165 eorum
777 3117 840 3165 ut
854 3108 1134 3201 deﬁciant,
1165 3105 1225 3163 id
1252 3114 1334 3163 est
1365 3107 1639 3164 subducto
1659 3107 1928 3179 superbia;
1955 3105 2176 3201 spiritu,
2207 3141 2251 3201 Ο

566 3196 711 3252 nihil
765 3211 824 3251 se
851 3195 918 3250 de
949 3211 1005 3251 se
1034 3211 1150 3252 esse
1195 3203 1548 3269 cognoscant.
1590 3197 1662 3251 Et
1711 3201 2060 3250 revertantur
2113 3193 2173 3249 in

567 3287 870 3362 pulverem,
903 3286 960 3343 id
989 3294 1072 3343 est
1098 3286 1466 3344 humilientur
1491 3303 1561 3342 ex
1591 3284 1813 3342 inﬁrma
1831 3283 2172 3342 conditione.

565 3380 795 3454 Propter
824 3379 975 3436 hunc
995 3381 1301 3453 pulverem,
1331 3379 1401 3435 ad
1428 3379 1588 3450 cujus
1604 3375 1926 3434 memoriam
1953 3374 2050 3448 qui
2078 3390 2176 3431 se-

566 3471 829 3543 metipsos
873 3469 1230 3527 considerant
1269 3477 1626 3537 revocantur,
1683 3482 1782 3540 per
1835 3464 2173 3538 Sapientiam

567 3559 774 3616 dicitur
807 3578 818 3617 :
850 3561 995 3617 Justi
1019 3559 1321 3632 fulgebunt,
1350 3566 1398 3615 et
1424 3559 1561 3614 sicut
1593 3556 1837 3613 scintilla:
1875 3556 1936 3611 in
1955 3555 2176 3612 arundi-

565 3653 683 3703 neto
730 3648 1031 3705 discurrent
1075 3649 1236 3720 (Sap.
1269 3664 1352 3715 ιιι,
1388 3647 1466 3719 7).
1489 3645 1674 3702 Sancti
1704 3643 1854 3700 enim
1884 3642 1992 3698 viri
2040 3642 2174 3698 dum

453 3787 456 3793 .
566 3736 946 3809 peccatoribus
975 3736 1394 3811 permiscentur,
1418 3751 1512 3791 eos
1538 3732 1921 3805 exemplorum
1947 3747 2174 3789 suorum

569 3827 696 3901 igne
724 3829 1087 3898 succendunt,
1123 3829 1139 3863 ¹
1170 3832 1336 3899 atque
1356 3841 1521 3882 omne
1549 3823 1697 3898 quod
1725 3822 1925 3891 nitent,
1940 3821 1998 3877 in
2028 3821 2174 3878 cine-

565 3933 682 3974 rem
711 3916 994 3992 redigunt,
1027 3917 1158 3990 quia
1187 3915 1409 3989 pietatis
1426 3914 1649 3972 ﬂamma
1671 3911 2007 3984 consumpti,
2040 3909 2173 3966 dum

564 4009 946 4066 inﬁrmitatem
975 4009 1314 4064 conditionis
1343 4026 1456 4064 sum
1470 4007 1842 4080 conspiciunt,
1860 4005 2004 4060 nihil
2021 4003 2174 4060 aliud

564 4111 730 4170 quam
759 4096 1008 4150 favillam
1036 4111 1093 4150 se
1122 4109 1238 4151 esse
1263 4103 1690 4166 cognoscunt,ut
1715 4112 1748 4151 a
1765 4093 2033 4168 superbiae
2061 4109 2174 4149 suat

565 4184 773 4242 duritia
800 4184 1051 4251 resoluti,
1074 4199 1172 4255 per
1198 4184 1587 4255 paenitentiam
1618 4185 1808 4242 dicant
1834 4185 1892 4241 id
1909 4183 2057 4257 quod
2084 4198 2172 4238 su-

565 4287 664 4345 pra
692 4271 1026 4344 protulimus
1049 4270 1360 4338 :Memento,
1380 4271 1622 4338 Domine,
1647 4274 1776 4342 quia
1790 4272 1969 4346 pulvis
1993 4286 2174 4325 sumus

562 4367 745 4441 (Psal.
778 4384 872 4436 cn,
899 4366 1015 4439 14).
1049 4363 1196 4423 ’784
1224 4367 1370 4423 Bene
1403 4384 1530 4440 ergo
1559 4367 1764 4426 dicitur
1787 4369 1919 4443 quia
1947 4383 2072 4424 cum
2103 4363 2172 4421 ad

564 4477 622 4516 se
649 4453 908 4531 spiritum
935 4458 1182 4517 hominis
1206 4457 1476 4514 Dominus
1509 4457 1696 4528 trahit,
1725 4457 1946 4518 deﬁciet
1983 4455 2166 4512 omnis

563 4565 692 4605 caro
718 4548 905 4617 simul,
951 4557 1006 4606 et
1052 4549 1220 4605 homo
1266 4548 1325 4604 in
1357 4549 1598 4606 cinerem
1645 4554 1987 4604 revertetur.
2016 4543 2161 4618 [Rec.

562 4635 755 4711 XIII.]
782 4637 909 4695 Haec
935 4638 1066 4694 Eliu
1094 4645 1150 4694 et
1174 4653 1306 4694 vera
1329 4645 1462 4694 sunt
1493 4645 1549 4694 et
1577 4652 1795 4708 magna,
1836 4649 1961 4705 quae
1998 4633 2172 4700 dicit;

559 4726 804 4801 sedquia
833 4728 974 4783 male
1001 4743 1133 4783 mox
1160 4742 1230 4782 ex
1259 4743 1323 4784 eo
1353 4726 1500 4800 quod
1527 4725 1667 4782 bene
1685 4722 1857 4780 sensit
1885 4721 2174 4792 intumuit,

561 4815 750 4874 verbis
775 4815 1135 4891 sequentibus
1161 4814 1368 4888 prodit,
1400 4814 1590 4871 dicens
1622 4831 1635 4869 :

926 4933 1157 4992 CAPUT
1177 4931 1366 4988 XXIII
1393 4927 1534 5002 [Vet.
1552 4922 1846 4999 XXVIII].

630 5026 806 5086 Vnus.
841 5028 928 5084 I6.
955 5057 1028 5068 —
1058 5024 1117 5083 Si
1147 5023 1301 5078 habes
1328 5037 1448 5092 ergo
1483 5019 1821 5086 intellectum,
1869 5013 2001 5073 audi
2027 5015 2171 5088 quod

562 5113 781 5183 dicitur,
808 5122 857 5169 et
876 5117 1122 5172 ausculta
1148 5127 1321 5167 vocem
1347 5107 1542 5180 eloquii
1568 5108 1691 5165 mei.

631 5204 722 5260 50.
747 5204 972 5275 Superbi
1005 5207 1132 5277 plus
1150 5201 1372 5260 videndo
1394 5200 1628 5274 caligant
1653 5203 1702 5254 et
1727 5196 2022 5253 cwcutiunt.
2049 5195 2164 5264 Quo

561 5293 729 5362 magis
749 5293 1008 5365 superbia:
1034 5295 1221 5351 vitium
1237 5295 1502 5367 patimur,
1518 5291 1696 5348 minus
1713 5289 2043 5345 videmus.—
2061 5286 2165 5343 Ha-

563 5380 697 5438 bent
723 5381 831 5440 hoc
857 5385 1144 5458 proprium
1190 5401 1384 5442 omnes
1428 5390 1766 5458 arrogantes,
1793 5387 1858 5437 ut
1893 5395 2021 5437 cum
2048 5378 2166 5435 for-

638 5599 655 5633 ¹
688 5597 813 5677 Hic,
841 5599 1270 5677 praelucentibus
1295 5601 1425 5660 Mss.
1455 5600 1638 5677 Qolb.,
1668 5597 1879 5666 Baluz.,
1902 5593 2167 5677 Vindocz,

562 5669 786 5741 Ebroic.
817 5677 873 5727 et
899 5669 1025 5726 aliis
1050 5673 1264 5741 Norm.,
1285 5669 1700 5729 emendavimus
1715 5684 1946 5741 excuses
1974 5669 2034 5722 in
2049 5669 2170 5739 qui-

561 5740 1068 5818 buslegitur:per
1111 5740 1261 5800 omne
1304 5743 1448 5814 quod
1488 5744 1658 5798 nitent
1699 5743 1760 5797 in
1811 5740 2173 5796 catmu-

2284 1853 2404 1910 dixi
2436 1871 2450 1912 :
2482 1853 2542 1911 Si
2587 1855 2743 1912 habes
2770 1859 2913 1928 quod
2941 1860 3202 1931 loquaris,
3243 1863 3497 1933 responde
3526 1861 3679 1918 mihi.
3735 1863 3818 1918 Ac
3845 1861 3892 1917 si

2283 1941 2489 2000 diceret
2521 1944 2669 2001 :'Dic
2706 1945 2941 2019 aliquid,
2989 1949 3038 2005 si
3065 1957 3250 2006 tamen
3290 1949 3492 2023 dignus
3530 1950 3739 2023 poteris
3777 1966 3894 2007 esse

2285 2033 2380 2106 qui
2409 2032 2579 2090 dicas.
2613 2034 2716 2090 Hic
2741 2041 2922 2092 autem
2951 2038 3031 2093 ait
3063 2056 3076 2093 :
3111 2039 3171 2095 Si
3196 2039 3352 2093 habes
3385 2039 3727 2106 intellectum,
3763 2038 3897 2094 audi

2284 2123 2426 2194 quod
2452 2124 2667 2181 dicitur.
2699 2127 2782 2183 Ac
2807 2125 2853 2182 si
2882 2134 3066 2200 aperte
3093 2127 3242 2185 dicat
3272 2127 3453 2184 :Audi
3485 2145 3595 2198 me,
3627 2130 3675 2184 si
3705 2136 3897 2185 tamen

2287 2212 2488 2285 dignus
2533 2215 2738 2286 poteris
2763 2231 2878 2272 esse
2907 2218 3005 2290 qui
3033 2217 3243 2273 audias.
3275 2219 3373 2273 Isti
3403 2225 3537 2274 sunt
3575 2217 3895 2291 quotidiani

2287 2302 2555 2372 defectus,
2587 2304 2681 2377 qui
2712 2304 2770 2360 in
2799 2305 3060 2362 cordibus
3087 2305 3448 2378 reproborum
3496 2305 3661 2375 ﬁunt,
3692 2305 3898 2379 quibus

2287 2391 2662 2448 indesinenter
2689 2393 2759 2449 ad
2789 2393 3062 2450 deteriora
3085 2394 3447 2464 descendunt,
3479 2396 3609 2468 quia
3627 2394 3768 2451 dum
3796 2395 3898 2450 mi-

2286 2495 2423 2536 nora
2451 2481 2671 2538 incaute
2698 2483 3008 2555 negligunt,
3043 2483 3113 2540 ad
3155 2482 3364 2555 majora
3399 2483 3711 2555 perniciose
3758 2499 3900 2555 pro-

2287 2579 2574 2642 rumpunt.
2606 2571 2726 2626 Jam
2755 2579 2810 2628 et
2837 2571 2945 2629 hoc
2973 2571 3042 2628 de
3070 2572 3326 2644 superbia
3353 2574 3550 2643 fuerat,
3580 2572 3730 2646 quod
3758 2572 3898 2628 bea-

2287 2665 2405 2714 tum
2431 2660 2533 2715 Job
2584 2661 2641 2717 id
2670 2661 2819 2733 quod
2861 2661 3074 2734 justum
3104 2671 3185 2719 est
3215 2663 3366 2736 loqui
3400 2679 3557 2735 posse
3585 2662 3896 2719 dubitabat.

2285 2747 2390 2803 Sed
2420 2747 2554 2803 dum
2587 2747 2730 2805 hanc
2755 2751 2813 2804 in
2838 2751 3134 2821 semetipso
3165 2751 3514 2807 considerare
3543 2752 3800 2825 negligit,
3830 2749 3898 2805 ad

2284 2837 2549 2910 nequiora
2577 2839 2850 2909 pervenit,
2881 2846 2944 2893 ut
2996 2853 3109 2894 non
3143 2839 3322 2894 solum
3365 2854 3523 2911 posse
3551 2839 3621 2894 ab
3670 2856 3739 2896 eo
3785 2839 3897 2896 dici

2285 2924 2433 2998 quod
2455 2925 2666 2997 justum
2696 2933 2779 2982 est
2805 2925 3040 2994 dubitet,
3070 2925 3165 2982 sed
3193 2926 3360 2982 etiam
3375 2925 3651 2983 dicentem
3669 2945 3728 2983 se
3749 2928 3903 3000 justa

2285 3014 2353 3071 ab
2381 3031 2446 3072 eo
2479 3015 2714 3088 intelligi
2742 3031 2899 3088 posse
2927 3015 3194 3089 desperet.
3213 3016 3369 3074 Unde
3390 3017 3589 3074 vitium
3619 3018 3902 3090 superbia:

2284 3105 2354 3160 ab
2387 3107 2503 3178 ipsa
2542 3121 2674 3162 mox
2697 3105 2882 3162 radice
2908 3104 3205 3162 secandum
3247 3113 3350 3176 est,
3387 3113 3451 3162 ut
3494 3122 3621 3164 cum
3654 3108 3902 3166 latenter

2285 3197 2620 3264 oritur,tunc
2639 3195 2933 3266 vigilanter
2951 3194 3360 3264 abscidatur,ne
3388 3205 3656 3269 provectu
3687 3198 3898 3270 vigeat,

2281 3301 2350 3340 ne
2379 3301 2484 3341 usu
2507 3284 2815 3341 roboretur.
2843 3283 3084 3341 Difﬁcile
3110 3284 3260 3340 enim
3300 3285 3359 3341 in
3389 3301 3446 3341 se
3475 3287 3708 3360 quisque
3741 3287 3899 3343 inve-

2281 3380 2509 3429 teratam
2538 3372 2851 3446 superbiam
2900 3371 3286 3444 deprehendit,
3316 3373 3448 3447 quia
3476 3374 3748 3431 nimirum
3787 3376 3896 3434 hoc

2282 3463 2482 3518 vitium
2511 3470 2718 3535 quanto
2738 3461 2912 3534 magis
2941 3463 3202 3534 patimur,
3231 3469 3390 3518 tanto
3409 3462 3595 3518 minus
3617 3462 3902 3521 videmus.

2283 3552 2375 3609 Sic
2396 3553 2597 3626 quippe
2629 3553 2686 3607 in
2718 3559 2900 3608 mente
2931 3552 3208 3626 superbia,
3237 3553 3380 3609 sicut
3407 3552 3467 3608 in
3494 3551 3674 3608 oculis
3701 3553 3891 3626 caligo

2284 3641 2727 3714 generatur.Quo
2755 3657 2812 3698 se
2838 3641 2958 3698 hac
2984 3642 3152 3698 latius
3166 3641 3382 3709 dilatat,
3409 3655 3476 3697 eo
3495 3641 3888 3700 vehementius

2284 3732 2472 3789 lumen
2504 3738 2781 3804 angustat.
2825 3731 3110 3805 Paulisper
3133 3747 3262 3805 ergo
3290 3731 3456 3788 elatio
3485 3731 3543 3787 in
3575 3733 3899 3804 praecordiis

2283 3822 2502 3890 crescit,
2533 3831 2588 3877 et
2614 3837 2741 3878 cum
2767 3836 2825 3876 se
2850 3821 3062 3876 vastius
3081 3819 3415 3889 extenderit,
3439 3835 3712 3894 oppressa:
3743 3838 3897 3878 men-

2282 3911 2355 3965 tis
2373 3910 2596 3964 oculum
2613 3909 2866 3964 funditus
2886 3907 3181 3975 claudit,ut
3195 3909 3449 3980 captivus
3458 3910 3680 3967 animus
3697 3919 3900 3984 typum

2280 3996 2533 4052 elationis
2563 4004 2618 4051 et
2655 3998 2770 4068 pati
2799 3998 2990 4069 possit,
3023 4004 3077 4052 et
3102 4004 3291 4052 tamen
3322 3997 3380 4052 id
3412 3999 3560 4071 quod
3578 4000 3794 4072 patitur
3819 4000 3901 4055 vi-

2280 4085 2407 4142 dere
2435 4101 2546 4141 non
2576 4085 2768 4156 possit.
2800 4084 2906 4141 Sed
2934 4085 3064 4157 quia
3085 4092 3404 4157 arrogantes
3431 4087 3540 4141 viri
3569 4087 3902 4162 aliquando,

2280 4182 2344 4232 ut
2370 4174 2635 4241 diximus,
2653 4181 2803 4230 recta
2820 4189 2932 4229 non
2952 4181 3098 4231 recte
3118 4174 3453 4244 sentiunt,et
3467 4174 3613 4231 bona
3633 4177 3902 4233 invenire

2281 4275 2576 4334 noverunt,
2617 4266 2711 4323 sed
2739 4265 2858 4322 haec
2883 4265 3022 4322 bene
3054 4265 3297 4338 proferre
3327 4272 3714 4336 contemnunt,
3763 4268 3904 4325 Eliu

2283 4365 2405 4430 post
2431 4357 2686 4413 elationis
2713 4364 2931 4429 typum,
2964 4372 3074 4428 quo
3101 4354 3320 4411 dixerat
3347 4373 3361 4411 :
3399 4356 3458 4413 Si
3482 4356 3637 4413 habes
3660 4357 3894 4415 intelle-

2281 4453 2441 4514 ctum,
2466 4447 2759 4518 audiqu
2788 4445 3008 4513 dicitur,
3033 4443 3224 4501 subdit
3260 4444 3454 4502 dicens
3487 4463 3500 4503 :

2635 4561 2864 4620 CAPUT
2895 4561 3082 4619 xx1v
3113 4559 3257 4636 [Vet.
3303 4563 3535 4639 XXIX].

2359 4653 2532 4712 Vsus.
2557 4655 2644 4711 17.
2662 4685 2733 4696 -
2746 4653 3003 4725 Nunquid
3017 4653 3111 4724 qui
3127 4670 3235 4708 non
3249 4661 3396 4709 amat
3408 4653 3673 4722 judicium
3701 4655 3904 4712 sanari

2279 4751 2494 4821 potest?
2541 4749 2811 4815 Quomodo
2859 4754 2915 4803 tu
2941 4763 3058 4802 eum
3086 4746 3206 4818 {qui
3241 4746 3422 4816 justus
3467 4752 3542 4801 est
3580 4747 3641 4802 in
3685 4753 3899 4805 tantum

2281 4839 2596 4893 condemnas
2615 4839 2644 4892 Ῡ

2350 4927 2439 4983 51.
2471 4925 2538 4982 Ῑη
2565 4923 2807 4979 omnibus
2853 4940 2972 4994 qua:
3011 4923 3238 4980 dicimus
3282 4923 3692 4994 attendendum;
3737 4927 3897 4999 quid,

2276 5016 2381 5084 cui,
2409 5014 2622 5085 quando
2647 5019 2695 5067 et
2743 5012 3004 5082 quomodo
3034 5012 3266 5070 dicatur.
3320 5043 3392 5055 —
3420 5013 3632 5070 Bonam
3661 5014 3897 5089 quidem

2274 5101 2603 5159 sententiam
2633 5099 2885 5173 protulit,
2922 5099 3017 5155 sed
3046 5099 3208 5157 beato
3240 5099 3343 5157 Job
3393 5099 3723 5173 proferenda
3775 5118 3896 5159 non

2273 5192 2400 5249 fuit.
2434 5194 2497 5250 In
2516 5189 2670 5248 omni
2699 5187 2847 5246 enim
2878 5188 3026 5261 quod
3055 5189 3264 5247 dicitur
3294 5190 3898 5263 summopereintuen—

2275 5283 2409 5339 dum
2438 5289 2520 5338 est
2549 5279 2682 5355 quid
2709 5279 2948 5348 dicatur,
2978 5279 3068 5336 cui
3111 5277 3358 5350 dicatur,
3402 5279 3624 5354 quando
3649 5279 3894 5352 dicatur,

2277 5371 2556 5446 quomodo
2585 5369 2823 5427 dicatur.
2855 5367 2988 5424 Eliu
3015 5375 3199 5425 autem
3229 5368 3467 5426 attendit
3491 5368 3628 5443 quid
3655 5369 3891 5428 diceret.

2277 5591 2638 5730 ιίωέπ’ἰῆιι-οιιη
2671 5657 2880 5718 cautius
2895 5656 3220 5732 percipiunt.
