4162 6184
318 332 422 391 317

1047 323 1422 386 MORALIUM
1461 323 1598 384 LIB.
1632 321 1843 384 XXIV.
1879 320 1955 369 '—
1990 324 2064 385 IN
2099 324 2330 386 CAPUT
2367 326 2612 386 XXXIV
2648 328 2711 385 Β.
2752 327 2896 386 JOB.

3544 331 3652 391 318

317 461 420 520 sed
447 460 544 518 cui
569 458 773 516 diceret
800 470 913 512 non
933 453 1190 511 attendit.
1224 454 1421 510 Beatus
1435 454 1638 526 quippe
1659 452 1762 509 Job
1793 469 1936 509 ama-
1975 456 2028 516 A
2055 457 2315 528 exemplo,
2344 454 2577 510 subditos
2597 470 2656 508 in
2679 470 2909 526 praeceps
2938 455 3354 526 trahat—Quia
3371 475 3504 516 vero
3521 475 3650 517 cum

318 551 422 609 bat
457 547 760 623 judicium,
798 550 943 608 785
972 545 1105 620 quia
1143 559 1334 600 causas
1369 559 1494 599 suas
1523 558 1650 599 cum
1694 542 1937 598 Domino

320 661 557 720 pensare
584 643 871 700 subtiliter
897 651 1145 699 noverat.
1178 643 1291 699 Nec
1316 640 1783 699 condemnaverat
1811 655 1937 695 eum

322 736 420 810 qui
442 734 634 808 justus
659 740 764 801 est,
805 732 904 789 sed
931 748 1030 789 cur
1059 731 1179 787 sine
1200 738 1420 804 peccato
1440 745 1728 802 percussus
1757 727 1941 784 fuerat

331 825 392 881 in
423 823 618 879 dolore
645 823 863 895 positus
890 838 1016 878 cum
1055 822 1370 878 humilitate
1397 819 1733 894 requirebat.
1775 821 1941 873 Amat

319 911 604 984 judicium
637 910 892 984 quisquis
914 910 1032 966 vias
1059 926 1185 965 suas
1205 909 1486 966 subtiliter
1512 909 1768 977 discutit,
1787 917 1841 964 et
1860 924 1938 964 se-

325 1005 626 1061 cretarium
656 1002 844 1060 cordis
871 1002 1173 1074 ingressus,
1206 1000 1340 1075 quid
1388 1000 1661 1056 Dominus
1689 999 1796 1071 ipsi
1828 1000 1941 1053 tri-

325 1093 484 1162 buat,
513 1091 651 1166 quid
683 1091 800 1164 ipse
829 1091 1071 1148 Domino
1091 1090 1285 1147 debeat
1313 1097 1524 1163 pensat.
1558 1089 1716 1157 Quod
1749 1088 1941 1144 beatus

325 1185 433 1241 Job
469 1181 752 1256 quomodo
782 1197 896 1237 non
925 1181 1150 1248 fecerat,
1182 1181 1277 1253 qui
1310 1187 1424 1236 tam
1455 1179 1645 1237 crebra
1672 1177 1942 1235 sacriﬁcia

338 1277 354 1310 ¹
399 1275 459 1330 in
489 1273 810 1346 expiatione
826 1271 1071 1327 ﬁliorum
1101 1271 1266 1327 etiam
1297 1287 1397 1343 pro
1415 1268 1843 1342 cogitationibus
1862 1267 1939 1323 of-

340 1363 598 1420 ferebat?
627 1362 771 1431 Quia
800 1377 930 1433 ergo
958 1362 1088 1418 Eliu
1117 1361 1263 1417 dixit
1293 1360 1441 1434 quod
1468 1361 1516 1417 is
1544 1361 1638 1434 qui
1665 1359 1940 1432 judicium

342 1469 458 1511 non
505 1460 656 1509 amat
683 1452 866 1509 sanari
911 1468 1022 1508 non
1060 1451 1254 1524 possit,
1295 1466 1528 1522 arguens
1572 1450 1794 1506 beatum
1841 1447 1942 1503 Job

337 1542 491 1616 quod
514 1541 793 1614 judicium
833 1557 948 1598 non
978 1548 1208 1609 amaret,
1241 1548 1296 1596 et
1326 1540 1456 1613 quia
1484 1555 1610 1596 eum
1641 1539 1735 1612 qui
1759 1537 1943 1609 justus

333 1639 419 1688 est
447 1631 888 1699 condemnasset,
913 1631 1062 1687 illico
1090 1630 1336 1703 ejusdem
1352 1628 1513 1701 justi,
1535 1627 1592 1684 id
1613 1635 1695 1684 est
1718 1627 1942 1684 Domini

329 1718 612 1793 justitiam
640 1720 850 1786 subdit,
881 1719 1102 1777 dicens:

731 1809 958 1868 CAPUT
988 1808 1150 1867 XXV
1189 1807 1335 1883 [Rec.
1369 1807 1547 1882 XIV].

409 1895 587 1954 Vnus.
620 1896 709 1955 18.
744 1926 814 1940 -
861 1896 964 1965 Qui
1011 1896 1139 1951 dicit
1187 1898 1319 1968 regi,
1347 1901 1591 1969 apostata
1613 1914 1633 1960 ;
1673 1895 1766 1966 qui
1792 1907 1944 1956 vocat

336 1984 502 2040 duces
527 1985 734 2058 impios.

413 2073 504 2130 52.
532 2074 793 2146 Apostata
818 2081 894 2132 est
918 2075 1014 2148 qui
1036 2075 1163 2132 aliis
1185 2081 1382 2150 praeest
1405 2092 1516 2130 non
1543 2081 1604 2130 ut
1632 2074 1830 2146 prosit,
1855 2074 1945 2128 sed

337 2169 404 2219 ut
429 2164 746 2225 dominetur.
775 2199 848 2211 —
874 2170 1028 2241 Sape
1067 2170 1329 2226 novimus
1373 2168 1522 2243 quod
1553 2168 1801 2241 plerique
1847 2166 1941 2238 qui

338 2264 586 2326 prasunt
603 2257 982 2316 inordinatum
1013 2259 1120 2316 sibi
1141 2268 1352 2316 metum
1373 2260 1419 2314 a'
1433 2257 1671 2314 subditis
1691 2257 1941 2328 exigunt,

339 2350 398 2398 et
422 2359 530 2400 non
557 2353 669 2402 tam
690 2355 915 2420 propter
942 2349 1242 2405 Dominum
1274 2365 1438 2422 quam
1468 2363 1568 2421 pro
1583 2347 1822 2403 Domino
1852 2359 1941 2400 ve-

337 2435 522 2490 nerari
537 2436 756 2493 volunt.
778 2439 931 2493 Intus
956 2439 1106 2494 enim
1134 2455 1192 2493 se
1206 2445 1426 2493 tumore
1445 2437 1627 2492 cordis
1641 2435 1940 2502 extollunt,

340 2531 688 2596 cunctosque
717 2525 968 2580 subditos
988 2527 1046 2581 in
1066 2527 1153 2581 sui
1173 2527 1582 2596 comparatione
1611 2524 1940 2595 despiciunt,

333 2627 446 2669 nec
492 2612 988 2670 condescendendo
1019 2615 1044 2652 ²
1089 2615 1410 2681 consulunt,
1464 2613 1559 2669 sed
1610 2611 1944 2670 dominando

332 2702 360 2735 ³
383 2701 811 2773 premunt,quia
831 2701 1088 2760 videlicet
1102 2703 1211 2760 alta
1226 2703 1555 2775 cogitatione
1573 2719 1629 2758 se
1649 2703 1943 2773 erigunt,et

343 2789 592 2861 aquales
633 2805 692 2845 se
732 2791 844 2847 illis
893 2791 1095 2863 quibus
1141 2808 1233 2848 eos
1268 2808 1500 2864 praesse
1528 2791 1803 2864 contingit
1830 2808 1942 2846 non

336 2885 665 2951 agnoscunt.
690 2878 894 2936 Contra
916 2880 1064 2938 hunc
1078 2889 1350 2938 tumorem
1373 2897 1471 2954 per
1489 2881 1939 2938 Ecclesiasticum

338 2967 542 3022 librum
567 2965 810 3025 dicitur:
841 2970 1036 3025 Ducem
1063 2977 1108 3026 te
1144 2972 1527 3026 constituerunt
1547 2989 1568 3035 ;
1593 2971 1706 3025 noli
1733 2970 1936 3036 extolli,

343 3057 436 3111 sed
462 3061 568 3111 esto
595 3055 655 3110 in
673 3056 788 3112 illis
815 3060 970 3128 quasi
997 3075 1134 3114 unus
1163 3077 1228 3115 ea:
1269 3059 1382 3115 illis
1416 3059 1608 3130 (Eccli.
1636 3076 1823 3124 xxxn,
1856 3061 1937 3129 1).

2049 545 2388 602 dominando
2417 551 2684 616 praesunt,
2715 545 2972 615 exemplo
2989 562 3100 600 sua
3119 548 3387 619 superbia
3399 549 3651 606 subditos

2048 633 2115 689 ad
2147 633 2486 705 impietatem
2516 631 2770 697 trahunt,
2801 639 2924 704 apte
2953 632 3312 705 subjungitur
3335 652 3347 690 ε
3371 637 3474 702 Qui
3502 644 3653 694 vocat

2049 722 2200 778 duces
2235 722 2445 793 impios.
2478 721 2564 776 Ad
2594 721 2742 776 viam
2772 736 3010 794 namque
3038 722 3259 794 pietatis
3287 723 3571 792 ducerent,
3602 727 3650 782 si

2048 811 2398 868 subditorum
2421 810 2598 866 oculis
2618 809 2954 878 humilitatis
2983 811 3238 883 exempla
3257 821 3647 870 monstrarent.

2050 899 2196 975 [Rec.
2235 899 2383 974 XV.]
2408 902 2535 956 Dux
2571 906 2756 954 autem
2786 906 2870 954 est
2897 899 3226 972 impius,qui
3253 917 3286 954 a
3311 900 3532 956 tramite
3560 915 3650 956 ve-

2049 989 2229 1046 ritatis
2276 989 2586 1054 exorbitat;
2630 995 2684 1043 et
2730 987 2863 1044 dum
2907 989 3022 1061 ipse
3050 989 3108 1044 in
3147 1005 3384 1063 praceps
3418 989 3552 1058 ruit,
3582 988 3650 1046 ad

2049 1080 2283 1152 abrupta
2328 1085 2618 1150 sequentes
2655 1076 2877 1132 invitat.
2908 1079 3036 1132 Dux
3063 1085 3145 1134 est
3173 1078 3401 1151 impius,
3431 1078 3524 1151 qui
3555 1093 3653 1150 per

2049 1168 2286 1226 tumoris
2312 1167 2566 1238 exempla
2595 1165 2744 1220 viam
2774 1165 3016 1220 ostendit
3042 1167 3261 1224 erroris.
3305 1167 3506 1223 Paulus
3534 1166 3651 1222 dux

2050 1275 2165 1315 esse
2207 1256 2509 1328 impietatis
2550 1254 2852 1320 metuebat,
2881 1271 3008 1310 cum
3039 1256 3323 1328 potestatis
3354 1273 3466 1313 sua
3495 1255 3650 1312 celsi-

2049 1347 2298 1403 tudinem
2321 1341 2876 1416 reprimebat,dicens
2902 1361 2913 1398 :
2935 1345 3050 1414 {Nec
3076 1352 3362 1414 quaerentes
3385 1346 3450 1400 ab
3473 1345 3652 1400 homi-

2048 1439 2206 1493 nibus
2249 1436 2499 1508 gloriam,
2545 1451 2708 1505 neque
2734 1451 2770 1488 a
2800 1432 2968 1499 vobis,
2996 1450 3162 1503 neque
3193 1436 3259 1490 ab
3287 1437 3438 1502 aliis,
3470 1436 3492 1470 ⁴
3531 1451 3651 1490 cum
3734 1490 3736 1492 ,

2046 1537 2310 1608 possimus
2340 1536 2493 1590 one-ri
2511 1549 2636 1599 esse,
2676 1528 2819 1587 786
2855 1541 2915 1589 ut
2978 1536 3178 1594 Christi
3231 1534 3505 1608 apostoli,
3563 1533 3652 1589 sed

2050 1628 2185 1699 facti
2211 1645 2391 1683 sumus
2404 1629 2462 1682 in
2471 1627 2642 1683 medio
2662 1635 2891 1684 vestrum
2901 1629 3124 1700 paruuli
3143 1628 3202 1698 (Ι
3218 1626 3452 1682 Thessal.
3481 1641 3545 1693 II,
3566 1623 3648 1691 6).

2051 1720 2322 1775 Parvulus
2348 1720 2409 1774 in
2430 1719 2613 1775 medio
2642 1735 2834 1775 eorum
2851 1719 3028 1775 factus
3047 1718 3244 1785 fuerat,
3269 1717 3398 1791 quia
3418 1714 3652 1772 timebat

1977 1819 2026 1879 Β
2056 1822 2125 1862 ne
2153 1807 2200 1862 si
2230 1808 2374 1863 inter
2398 1805 2706 1879 discipulos
2732 1808 2998 1864 honorem
3018 1824 3131 1864 sua
3162 1804 3510 1864 celsitudinis
3529 1802 3651 1858 vin-

2053 1895 2282 1966 dicaret,
2303 1898 2556 1970 exempla
2579 1897 2834 1953 elationis
2863 1897 3191 1952 ostenderet.
3210 1895 3458 1951 Timebat
3487 1892 3650 1949 nimi-

2053 2003 2176 2042 rum
2225 2003 2294 2043 ne
2322 1987 2455 2043 dum
2485 1987 2600 2058 ipse
2629 1987 2735 2043 sibi
2776 1993 3097 2059 potestatem
3127 1983 3416 2057 pastoralis
3444 1988 3653 2054 poten-

2052 2076 2145 2133 tia
2174 2084 2465 2150 quareret,
2495 2092 2628 2148 grex
2657 2075 2914 2131 subditus
2942 2091 3038 2148 per
3058 2074 3292 2146 abrupta
3310 2078 3650 2144 sequeretur,

2053 2174 2107 2222 et
2152 2166 2223 2222 ad
2269 2166 2606 2239 impietatem
2655 2172 2946 2239 sequentes
2991 2165 3234 2234 duceret,
3289 2161 3385 2235 qui
3431 2159 3653 2234 pietatis

2053 2255 2296 2313 ofﬁcium
2333 2255 2678 2328 suscepisset.

2122 2345 2212 2403 54.
2239 2345 2352 2402 Sibi
2388 2345 2610 2401 subditis
2627 2344 2886 2401 virtutum
2903 2343 3180 2415 splendore
3192 2341 3500 2414 praeluceat.
3531 2338 3653 2394 Eo-

2049 2451 2176 2490 rum
2203 2437 2388 2506 culpas
2415 2436 2706 2508 prudenter
2730 2441 2782 2490 et
2806 2433 3076 2489 humiliter
3111 2431 3366 2502 corrigat.
3395 2460 3468 2472 —
3495 2427 3652 2485 Unde

2051 2541 2273 2582 necesse
2321 2532 2406 2581 est
2448 2532 2512 2580 ut
2557 2524 2605 2580 is
2633 2524 2729 2597 qui
2760 2531 2955 2597 praest
2984 2539 3104 2596 qua
3132 2520 3385 2593 exempla
3413 2517 3651 2576 subditis

2051 2613 2291 2689 prabeat
2325 2614 2552 2670 solerter
2597 2612 2878 2680 attendat;
2909 2619 2964 2668 et
2993 2611 3166 2668 tantis
3192 2626 3250 2667 se
3275 2608 3414 2666 sciat
3439 2607 3650 2674 vivere,

2051 2706 2073 2739 ⁵
2091 2703 2313 2777 quantis
2326 2718 2644 2775 praeesse;ac
2659 2702 2954 2774 vigilanter
2973 2701 3231 2774 inspiciat
3251 2713 3319 2755 ne
3341 2698 3400 2754 in
3420 2713 3485 2753 eo
3505 2695 3654 2770 quod

2051 2794 2312 2867 pralatus
2357 2801 2440 2850 est
2483 2793 2852 2860 intumescat;
2895 2807 2964 2848 ne
2987 2789 3113 2864 jura
3139 2789 3339 2847 debita
3365 2784 3653 2860 potestatis

2052 2881 2471 2939 immoderatius
2499 2881 2715 2954 exigat;
2766 2897 2835 2937 ne
2855 2880 3165 2953 disciplina
3189 2878 3284 2950 jus
3320 2883 3566 2932 mutetur
3592 2873 3653 2929 in

2050 2973 2287 3043 rigorem
2335 2971 2624 3043 superbia;
2677 2977 2730 3026 et
2759 2969 2904 3026 unde
2940 2985 2972 3024 a
3001 2966 3358 3041 perversitate
3401 2961 3653 3020 subditos

2049 3058 2379 3131 restringere
2389 3067 2624 3131 poterat,
2644 3058 2773 3114 inde
2803 3057 2976 3128 magis
2995 3055 3333 3111 intuentium
3350 3052 3517 3109 corda
3529 3067 3652 3124 per-

339 3146 503 3236 ilunc
515 3152 791 3236 tumorem
813 3147 1084 3204 Dominus
1101 3164 1197 3220 per
1212 3147 1536 3220 prophetam
1553 3148 1611 3202 in
1631 3145 1940 3218 pastoribus
1970 3175 2014 3236 ο
2047 3158 2258 3217 vertat;
2284 3165 2372 3218 ne,
2395 3159 2458 3205 ut
2477 3148 2686 3205 dictum
2701 3155 2805 3214 est,
2827 3143 3126 3218 impietatis
3147 3142 3264 3200 dux
3293 3158 3388 3215 per
3407 3140 3653 3198 ofﬁcium

339 3234 628 3307 increpans
647 3235 756 3290 ait:
799 3236 896 3294 Vos
925 3243 1100 3292 autem
1128 3254 1245 3293 cum
1273 3237 1578 3293 austeritate
1596 3237 1940 3308 imperabatis

337 3322 434 3388 eis,
481 3330 531 3377 et
577 3340 690 3379 cum
728 3326 966 3396 potentia
1015 3328 1463 3398 (Ezech.xxx1v,
1492 3326 1573 3399 4).
1615 3327 1736 3398 Ipsa
1789 3327 1937 3382 enim

337 3413 486 3470 bona
514 3431 635 3487 qua
672 3415 909 3472 subditis
943 3417 1138 3474 dicunt
1184 3417 1522 3474 dominando
1551 3418 1736 3489 potius
1772 3433 1937 3489 quam

337 3503 680 3560 consulendo
725 3505 1030 3577 proferunt,
1069 3507 1199 3580 quia
1240 3507 1500 3563 videlicet
1529 3506 1828 3579 quidquam
1860 3507 1939 3562 eis

337 3594 501 3666 quasi
520 3609 746 3666 exaquo
761 3594 944 3652 dicere
961 3597 1282 3668 semetipsos
1303 3595 1625 3652 existimant
1653 3595 1935 3666 dejecisse.

338 3682 738 3754 Singularitate
755 3685 899 3740 enim
929 3685 1170 3757 gaudent
1193 3685 1474 3752 culminis,
1494 3691 1547 3739 et
1576 3700 1689 3739 non
1718 3685 1939 3756 aquali-

335 3778 458 3827 tate
488 3770 839 3831 conditionis.
861 3773 967 3830 Sed
994 3775 1127 3846 quia
1146 3773 1264 3830 hac
1281 3773 1552 3828 tumentia
1579 3771 1746 3828 corda
1769 3779 1940 3828 recto-

335 3875 466 3916 rum
496 3859 774 3917 subtiliter
800 3864 1071 3920 Dominus
1088 3869 1302 3936 pensat,
1319 3861 1458 3918 bene
1487 3867 1678 3918 contra
1694 3876 1786 3916 eos
1807 3859 1940 3917 dici-

337 3957 461 4006 tur:
497 3951 603 4017 Qui
639 3951 770 4007 dicit
806 3952 1208 4025 regi,apostata.
1241 3951 1629 4025 Unusquisque
1657 3951 1803 4007 enim
1837 3969 1940 4008 su-

338 4038 543 4111 perbus
573 4046 756 4096 rector
783 4041 951 4097 toties
978 4041 1048 4097 ad
1088 4041 1307 4114 culpam
1333 4040 1622 4112 apostasia
1650 4039 1938 4109 dilabitur,

340 4128 580 4201 quoties,
610 4145 842 4201 praesse
870 4129 1192 4186 hominibus
1224 4129 1545 4198 delectatus,
1582 4128 1810 4186 honoris
1853 4129 1940 4186 sui

340 4219 725 4291 singularitate
751 4221 988 4278 latatur.
1019 4220 1130 4278 Sub
1146 4237 1258 4294 quo
1273 4219 1422 4278 enim
1448 4220 1520 4276 sit
1549 4236 1658 4275 non
1680 4219 1942 4278 conside-

340 4318 449 4379 rat,
475 4318 531 4367 et
557 4310 704 4384 quod
721 4311 1025 4385 aqualibus
1039 4312 1196 4384 quasi
1216 4327 1326 4367 non
1343 4310 1416 4366 sit
1435 4311 1660 4382 aqualis
1679 4310 1938 4367 exsultat.

341 4399 499 4457 Unde
519 4409 702 4456 autem
725 4400 843 4458 hac
861 4401 1128 4457 vitiorum
1148 4400 1308 4456 radix
1336 4399 1574 4472 pullulat
1598 4399 1656 4454 in
1674 4400 1838 4456 corde
1861 4415 1940 4455 re-

342 4489 619 4562 gentium,
639 4491 746 4547 nisi
774 4507 845 4546 ex
867 4491 1177 4547 imitatione
1208 4489 1360 4546 illius
1389 4489 1507 4562 qui,
1537 4488 1807 4560 despectis
1835 4505 1943 4544 an-

346 4579 598 4649 gelorum
628 4578 1004 4646 societatibus,
1037 4576 1218 4632 dixit:
1251 4577 1546 4632 Ascendam
1578 4592 1740 4648 super
1765 4577 1945 4632 altitu-

346 4667 520 4722 dinem
540 4669 782 4734 nubium,
797 4675 847 4725 et
863 4668 1056 4724 similis
1077 4684 1166 4722 ero
1186 4666 1460 4722 Altissimo
1485 4665 1640 4737 (Isai.
1674 4683 1792 4733 xrv,
1823 4667 1946 4738 id)?

344 4755 491 4824 Quia
509 4773 636 4830 ergo
664 4758 1047 4832 unusquisque
1066 4765 1250 4814 rector
1277 4756 1492 4829 quoties
1512 4756 1868 4812 extolliturin
1882 4772 1946 4813 eo

344 4849 495 4922 quod
511 4857 736 4908 cateros
756 4853 915 4926 regit,
939 4852 1102 4908 toties
1122 4867 1216 4924 per
1237 4851 1449 4923 lapsum
1471 4849 1738 4921 superbia
1753 4866 1785 4904 a
1800 4865 1946 4905 sum-

345 4939 427 4995 mi
463 4943 695 5000 rectoris
723 4943 954 5000 servitio
981 4950 1294 5016 separatur;
1327 4949 1380 4997 et
1411 4957 1537 4998 cum
1573 4941 1807 5013 aequales
1838 4940 1944 4996 sibi

345 5029 605 5089 subditos
633 5031 890 5105 despicit,
923 5031 1042 5105 ejus
1070 5049 1232 5106 super
1271 5047 1327 5088 se
1356 5030 1668 5087 dominium
1704 5029 1807 5086 sub
1836 5045 1945 5103 quo

346 5135 543 5176 omnes
562 5123 798 5196 aequales
817 5129 949 5179 sunt
974 5139 1085 5178 non
1101 5123 1366 5196 agnoscit,
1396 5128 1541 5178 recte
1569 5120 1806 5178 dicitur:
1844 5119 1948 5188 Qui

344 5208 476 5265 dicit
501 5212 638 5284 regi,
660 5218 926 5284 apostata.

423 5299 567 5374 [γει.
619 5302 820 5379 XXX]
875 5302 966 5361 53.
1020 5302 1225 5375 Impius
1281 5308 1376 5369 est,
1436 5301 1484 5357 si
1536 5316 1645 5357 sua
1690 5298 1948 5372 superbia

427 5519 445 5550 ¹
474 5518 591 5586 AL,
620 5519 681 5574 in
701 5518 1075 5592 expiationem.

424 5587 449 5661 ?
476 5588 713 5661 :l‘uron.,
742 5590 1103 5646 consolantur.

423 5660 448 5695 ³
474 5659 662 5733 Baluz.
695 5659 752 5719 et
779 5661 960 5731 Colb.,
984 5661 1336 5733 prasumunt.

423 5733 449 5804 ἔ
476 5731 705 5804 Pratel.,
733 5749 852 5789 cum
863 5731 1174 5804 possumus.

425 5803 450 5840 ⁸
477 5802 564 5862 Ita
603 5800 814 5876 Baluz.,
844 5800 1003 5865 Colb.
1032 5810 1089 5862 et
1112 5802 1331 5875 Norm.,
1354 5816 1494 5878 quos
1529 5811 1650 5866 vet.
1696 5800 1804 5862 Ed.
1848 5816 1947 5859 se-

2051 3241 2270 3314 pietatis
2290 3241 2510 3298 existat.
2534 3240 2656 3296 Non
2675 3245 2857 3294 autem
2887 3236 3050 3292 debet
3078 3232 3369 3291 hominum
3390 3231 3653 3288 ducatum

2051 3331 2349 3403 suscipere,
2383 3329 2477 3402 qui
2513 3329 2690 3386 nescit
2718 3328 2972 3385 homines
2999 3327 3139 3383 bene
3157 3321 3404 3380 vivendo
3423 3320 3649 3394 praire;

2051 3436 2121 3476 ne
2158 3421 2255 3494 qui
2302 3420 2372 3476 ad
2413 3419 2520 3477 hoc
2562 3419 2785 3492 eligitur
2814 3426 2879 3475 ut
2907 3417 3142 3474 aliorum
3172 3415 3362 3487 culpas
3389 3411 3652 3482 corrigat,

2050 3508 2202 3581 quod
2226 3524 2469 3564 resecare
2485 3508 2695 3575 debuit,
2721 3508 2836 3580 ipse
2859 3506 3189 3564 committat.
3212 3503 3356 3559 Hinc
3376 3500 3506 3556 inde
3525 3512 3654 3569 ergo

2052 3611 2110 3653 se
2137 3596 2233 3669 qui
2266 3607 2510 3668 prasunt
2550 3599 2571 3632 °
2601 3595 3072 3666 circumspiciant,
3105 3601 3168 3649 ut
3196 3591 3304 3648 sibi
3332 3600 3388 3648 et
3413 3586 3653 3647 subditis

2051 3687 2338 3756 vivant,ut
2360 3687 2569 3743 bonum
2587 3685 2735 3760 quod
2757 3685 2989 3754 faciunt,
3006 3693 3060 3741 et
3080 3685 3227 3740 intra
3243 3684 3427 3740 sinum
3451 3676 3655 3735 mentis

2053 3776 2413 3841 abscondant,
2453 3785 2507 3830 et
2534 3783 2718 3830 tamen
2745 3789 2814 3827 ex
2845 3790 2908 3828 eo
2939 3773 3008 3828 ad
3045 3778 3369 3844 provectum
3423 3783 3654 3839 sequen-

2049 3864 2194 3920 tium
2223 3864 2478 3934 exempla
2488 3868 2647 3916 recta
2667 3859 3003 3933 operationis
3023 3857 3367 3929 impartiant,
3384 3865 3446 3912 ut
3465 3854 3654 3910 subdi-

2051 3962 2236 4011 torum
2257 3949 2762 4009 animadvertentes
2791 3948 2980 4020 culpas
3002 3947 3308 4018 corrigant,
3339 3960 3442 4001 nec
3467 3952 3655 4001 tamen

2052 4060 2151 4118 per
2195 4043 2310 4098 vim
2358 4039 2604 4114 ejusdem
2641 4036 3139 4096 animadversionis
3165 4036 3560 4102 intumescant,
3590 4040 3655 4091 ut

2053 4132 2305 4206 quadam
2347 4130 2548 4188 leniter
2575 4137 2824 4203 correpta
2855 4130 3113 4198 tolerent,
3143 4142 3247 4184 nec
3272 4132 3460 4183 tamen
3488 4122 3654 4182 disci-

2053 4224 2219 4298 plina
2249 4223 2473 4280 vincula
2500 4222 2690 4279 eadem
2709 4220 2937 4278 lenitate
2951 4218 3280 4287 dissolvant,
3308 4225 3374 4273 ut
3403 4213 3653 4289 quadam

2049 4311 2338 4369 tolerando
2382 4309 2755 4378 dissimulent,
2794 4325 2898 4366 nec
2919 4317 3104 4365 tamen
3135 4323 3198 4364 ea
3224 4320 3466 4363 crescere
3494 4302 3655 4360 dissi-

2053 4401 2320 4458 mulando
2365 4399 2710 4473 permittant.
2754 4399 3057 4456 Laboriosa
3091 4406 3222 4454 sunt
3266 4397 3393 4466 ista,
3441 4405 3498 4452 et
3541 4392 3653 4450 nisi

2061 4490 2254 4548 divina
2269 4489 2441 4563 gratia
2456 4489 2669 4558 fulciat,
2681 4488 2750 4545 ad
2769 4487 3196 4546 custodiendum
3213 4484 3656 4544 diﬁicilia.Recte

2061 4596 2193 4638 vero
2207 4579 2274 4636 de
2293 4579 2535 4635 adventu
2549 4577 2788 4635 districti
2797 4577 3004 4651 judicis
3023 4592 3120 4650 per
3136 4574 3430 4648 Sapientia
3447 4572 3653 4630 librum

2055 4669 2261 4727 dicitur
2281 4688 2291 4726 :
2311 4669 2589 4726 Horrcnde
2615 4676 2663 4724 et
2687 4668 2787 4724 cito
2801 4667 3099 4741 apparebit,
3116 4667 3369 4740 quoniam
3382 4665 3655 4736 judicium

2054 4760 2400 4817 durissimum
2428 4760 2448 4794 ’³
2478 4759 2562 4816 his
2585 4759 2678 4831 qui
2707 4766 2949 4832 prasunt
2975 4760 3066 4833 ﬁet
3096 4758 3250 4831 (Sap.
3288 4775 3369 4826 vr,
3403 4756 3485 4827 6).
3512 4752 3654 4819 Quia

2054 4865 2182 4923 ergo
2211 4851 2533 4923 plerumque
2549 4866 2645 4924 per
2663 4855 2989 4922 potestatem
3018 4847 3307 4922 regiminis
3333 4842 3404 4899 ad
3431 4840 3653 4914 culpam

2054 4942 2434 5015 prorumpitur
2444 4941 2722 5010 elationis,
2741 4949 2904 5015 atque
2919 4939 3065 5014 apud
3079 4937 3395 4994 districtum
3405 4929 3652 5003 judicem

2054 5031 2174 5102 ipsa
2200 5031 2370 5086 elatio
2398 5029 2656 5101 impietas
2683 5030 3010 5096 astimatur,
3040 5025 3179 5081 bene
3207 5023 3274 5080 de
3295 5018 3536 5077 Domino
3555 5032 3653 5090 per

2054 5118 2185 5177 Eliu
2204 5117 2412 5175 dicitur
2436 5135 2449 5175 :
2475 5118 2578 5186 Qui
2613 5123 2764 5173 vocat
2791 5117 2946 5172 duces
2976 5113 3188 5185 impios.
3206 5111 3286 5166 De
3306 5108 3425 5181 ipso
3451 5107 3653 5182 quippe

2053 5207 2260 5264 ducatu
2298 5208 2433 5265 dum
2473 5206 2820 5280 superbiunt,
2867 5200 3124 5272 exemplo
3166 5213 3268 5257 suo
3307 5195 3558 5255 subditos
3580 5193 3653 5252 ad

2055 5295 2396 5368 impietatem
2425 5294 2676 5351 trahunt.

2055 5519 2322 5595 quuntur.
2382 5505 2799 5595 Recentioribus
2827 5506 3153 5567 Editoribus
3208 5507 3384 5582 magis
3440 5506 3651 5582 placuit

2056 5589 2269 5658 quantis
2290 5589 2502 5658 praeest.

2128 5658 2152 5694 ⁸
2178 5651 2312 5727 AL,-

2126 5729 2150 5769 ⁷
2171 5724 2374 5787 Pratel.
2394 5733 2451 5784 et
2474 5724 2684 5797 alii,’in
2711 5724 2784 5783 iis
2812 5725 2925 5798 qui.
