4162 6184
559 292 677 352 ³19

1778 280 2029 341 SANCTI
2065 279 2409 340 caseonu
2445 277 2677 360 unum

3767 286 3872 344 320

633 416 728 476 δῦ.
746 411 1196 484 Αιίοήιιὰἰωηε,
1223 427 1448 485 superno
1467 409 1644 484 judici
1668 409 1882 468 assidue
1905 427 1958 466 se
1985 411 2158 466 sistat.
2193 463 2197 470 .

2282 407 2385 464 lux
2408 405 2943 480 impiusvocabitur,
2975 411 3182 482 quanto
3201 407 3252 464 ei
3273 409 3614 483 cogitatione
3643 413 3876 472 sollicita

563 507 802 566 Potestas
827 511 1037 578 accepta
1061 521 1171 560 non
1195 505 1386 572 honor,
1413 501 1503 560 sed
1529 521 1663 560 onus
1691 501 2023 560 astimanda.
2045 501 2174 558 Am-

565 597 704 656 bitus
732 596 944 670 inﬁnita
991 597 1158 654 mata.
1209 595 1354 652 Cura
1397 597 1693 670 pastoralis
1745 611 1836 650 nec
1888 593 2174 666 cupiditate

562 685 946 760 amptsctsnda,
975 701 1066 742 nec
1107 683 1394 756 formidine
1426 683 1728 755 deferenda.
1761 713 1832 726 —
1859 682 2015 740 Unde
2045 697 2173 738 ma-

565 791 804 852 gnopere
830 775 1140 833 curandum
1157 783 1240 832 est
1250 783 1312 831 ut
1325 776 1418 848 qui
1431 775 1684 847 regendis
1703 773 2026 831 hominibus
2041 789 2174 844 prae-

564 865 762 936 fertur,
791 865 936 939 apud
963 881 1020 922 se
1043 865 1190 921 intra
1219 863 1574 920 secretarium
1606 864 1807 918 mentis
1827 863 1886 919 in
1915 861 2175 920 cathedra

565 956 854 1032 prasideat
877 955 1231 1014 humilitatis.
1264 955 1511 1026 Cumque
1527 953 1802 1026 judicsnti
1831 955 1882 1009 ei
1909 971 1941 1009 a
1964 951 2175 1010 caneris

569 1052 586 1086 ¹
609 1048 748 1106 foris
774 1045 1071 1114 assistitur,
1103 1043 1359 1116 vigilanti
1387 1043 1549 1098 oculo
1569 1042 1904 1099 incessanter
1921 1043 2172 1114 aspiciat,

563 1138 658 1197 cui
686 1134 1016 1210 quandoque
1031 1132 1210 1205 judicl
1242 1132 1358 1204 ipse
1378 1130 1446 1188 de
1467 1130 1559 1188 his
1581 1131 1917 1204 judicandus
1934 1132 2170 1200 assistat,

563 1236 631 1300 ut
656 1233 864 1300 quanto
880 1236 1033 1280 nunc
1062 1229 1189 1278 ante
1202 1238 1328 1278 eum
1346 1235 1508 1296 quem
1539 1239 1650 1279 non
1680 1223 1850 1290 videt,
1881 1221 2176 1280 sollicitius

564 1293 826 1387 trepidat,
848 1320 1002 1370 tanto
1021 1329 1148 1370 eum
1165 1325 1291 1371 cum
1315 1293 1516 1371 viderit
1539 1312 1784 1370 securior
1795 1321 2001 1369 cernat.
2027 1312 2170 1386 [Rea

563 1403 742 1478 IVL]
769 1404 967 1462 Penset
992 1419 1122 1476 ergo
1157 1404 1254 1476 qui
1306 1403 1378 1460 ad
1427 1402 1878 1460 satisfaciendum
1922 1403 2175 1460 districto

559 1493 742 1568 judici
771 1493 840 1550 de
853 1509 952 1550 sua
978 1491 1368 1550 tantummodo
1383 1493 1568 1548 anima
1583 1493 1811 1548 fortasse
1827 1493 1925 1547 vix
1950 1491 2171 1560 suﬂicit,

567 1584 700 1657 quia
727 1590 862 1655 quot
891 1583 1147 1655 regendis
1177 1582 1420 1640 subditis
1459 1591 1677 1654 praeest,
1707 1582 1998 1638 reddenda
2031 1582 2175 1656 apud

567 1689 693 1730 eum
723 1673 954 1728 rationis
982 1680 1249 1746 tempore,
1281 1679 1344 1727 ut
1369 1671 1446 1728 ita
1475 1671 1676 1741 dicam,
1707 1675 1729 1708 ³
1759 1681 1841 1730 tot
1867 1674 2017 1730 solus
2045 1669 2176 1729 ani-

2282 505 2520 571 potestas
2549 515 2670 572 quae
2698 505 2922 571 accepta
2939 505 3042 568 est,
3073 516 3184 556 non
3217 499 3414 570 honor,
3446 501 3541 558 sed
3570 519 3714 560 onus
3739 505 3876 560 aesti-

2283 597 2482 646 matur.
2512 589 2650 646 Nam
2671 588 2762 646 cui
2791 605 2905 646 esse
2926 605 3074 646 nunc
3087 589 3330 662 judicem
3355 591 3508 662 libet,
3539 593 3672 650 huic
3692 583 3879 651 videre

2280 687 2418 736 tunc
2439 679 2686 751 judicem
2715 695 2829 735 non
2859 677 3014 736 libet.
3044 681 3334 736 Numerari
3370 682 3516 738 enim
3558 685 3738 756 culpre
3771 699 3880 740 ne-

2283 777 2513 842 queunt,
2541 785 2662 842 quas
2683 768 2948 824 habendae
2969 769 3254 841 potestatis
3273 787 3454 827 amore
3471 760 3880 844 perpetrantur.

2282 857 2438 914 Tunc
2474 857 2657 915 solum
2705 875 2836 914 vero
2870 863 3011 922 787
3042 867 3280 931 potestas
3317 859 3456 916 bene
3493 861 3724 932 geritur,
3753 877 3883 918 cum

2283 970 2395 1011 non
2423 955 2681 1025 amando,
2725 955 2820 1012 sed
2848 955 3098 1012 timendo
3127 955 3415 1013 retinetur.
3455 957 3587 1024 Quae
3609 965 3674 1014 ut
3705 957 3886 1014 mini-

2283 1045 2444 1101 strari
2475 1053 2622 1102 recte
2664 1047 2864 1114 valeat,
2889 1054 3104 1119 oportet
3125 1047 3369 1119 primum
3398 1055 3461 1102 nt
3489 1046 3632 1104 hanc
3647 1063 3763 1104 non
3794 1064 3885 1104 cu-

2281 1133 2508 1205 piditas,
2537 1133 2630 1190 sed
2661 1131 2956 1191 necessitas
2982 1135 3249 1207 imponat.
3281 1136 3540 1207 Percepta
3567 1142 3754 1192 autem
3783 1151 3884 1192 nec

2282 1237 2382 1294 pro
2410 1221 2709 1278 formidine
2739 1222 2902 1280 debet
2921 1223 3228 1292 deseri,nec
3247 1241 3317 1280 ex
3347 1223 3582 1280 libidine
3599 1224 3878 1296 amplecti;

2282 1327 2353 1368 ne
2380 1320 2476 1368 aut
2510 1313 2665 1384 pejus
2698 1315 2822 1386 quis
2863 1313 3020 1387 quasi
3050 1331 3120 1371 ex
3148 1314 3467 1371 humilitate
3504 1315 3810 1386 superbiat,
3835 1315 3882 1372 si

2283 1399 2490 1458 divinae
2520 1403 2946 1476 dispensationis
2969 1393 3228 1460 ordinem
3257 1403 3524 1475 fugiendo
3544 1411 3881 1472 contemnat;

2283 1497 2382 1546 aut
2417 1507 2482 1548 eo
2523 1491 2718 1564 jugum
2770 1497 2913 1556 788
2959 1493 3183 1568 superni
3231 1494 3459 1552 rectoris
3491 1493 3736 1566 abjiciat,
3773 1509 3885 1566 quo

2285 1603 2414 1646 eum
2444 1606 2611 1664 super
2627 1599 2853 1650 caeteros
2873 1591 3152 1664 privatum
3177 1591 3419 1663 regimen
3439 1592 3691 1648 delectat.
3723 1591 3882 1648 Pote-

2283 1686 2396 1735 stas
2414 1695 2544 1752 ergo
2563 1697 2689 1736 cum
2711 1683 3034 1754 percipitur,
3057 1697 3168 1736 non
3187 1697 3256 1736 ex
3278 1679 3506 1737 libidine
3523 1679 3758 1738 amanda
3775 1686 3883 1744 eet,

569 1777 687 1818 mas
701 1761 885 1820 habet.
907 1760 1039 1830 Quae
1059 1761 1327 1817 nimirum
1343 1761 1679 1833 cogitatio,si
1700 1761 1917 1818 assidue
1929 1771 2168 1820 mentem
2197 1773 2244 1833 Β
2277 1768 2372 1826 sed
2401 1785 2471 1826 ex
2501 1771 2920 1842 longanimitate
2949 1771 3256 1841 toleranda,
3284 1777 3347 1826 ut
3373 1770 3503 1826 inde
3533 1778 3668 1827 tunc
3695 1770 3768 1826 ad
3791 1769 3882 1840 ju-

568 1851 848 1926 excoquit,
879 1867 1102 1908 omnem
1130 1849 1401 1924 superbiae
1429 1858 1704 1908 tumorem
1739 1853 1962 1924 premit.
1984 1853 2056 1908 Et
2090 1870 2170 1910 re-

569 1949 689 1999 ctor
716 1939 982 2014 providus
1007 1947 1165 1997 tanto
1204 1938 1320 2012 jam
1349 1955 1526 2014 neque
1553 1956 1652 1997 rex
1699 1949 1964 2015 apostata,
1995 1958 2173 2016 neque

645 2125 662 2195 ξ
694 2125 857 2195 Deest
883 2122 1104 2195 {crisin
1134 2119 1330 2195 iisdem
1361 2121 1496 2195 Cod.

644 2191 666 2230 ³
943 2202 998 2250 et
1024 2191 1246 2262 Pratel.,
1279 2193 1483 2268 aliique
1510 2193 1726 2265 Norm.,
1758 2199 1838 2252 tot
1870 2197 2014 2254 solus
2042 2198 2174 2255 ani-

569 2283 684 2323 mas
807 2285 831 2320 ρ
860 2311 871 2323 .

641 2339 666 2374 ³
694 2332 757 2394 In
784 2331 890 2395 Ed.
918 2338 1212 2408 Gnsssnv.,
1241 2338 1531 2396 salubriter
1551 2339 1702 2405 lenis,
1733 2335 1880 2432 quod
1913 2341 2173 2399 mendum

2280 1859 2489 1916 dicinm
2515 1862 2535 1894 ³
2565 1861 2863 1918 salubriter
2893 1862 3034 1919 levis
3055 1863 3150 1932 sit,
3180 1861 3328 1918 unde
3355 1877 3507 1922 nunc
3533 1860 3611 1920 ad
3633 1860 3882 1916 ministe-

2280 1949 2423 2004 rium
2455 1949 2725 2022 patienter
2744 1951 2925 2022 gravis
2954 1952 3270 2008 innotescit.

2280 2128 2738 2212 typographicum
2765 2146 2880 2186 esse
2900 2137 3176 2212 putamus.
3197 2129 3442 2212 Legitur;
3451 2129 3602 2210 enim
3621 2129 3682 2184 in
3701 2130 3887 2212 omni:

2413 2198 2578 2284 libris
2599 2209 2708 2284 tam
2741 2198 2916 2258 manu
2935 2201 3172 2284 exaratis
3201 2198 3369 2284 quam
3397 2199 3657 2270 Excusis,
3687 2207 3744 2256 et
3777 2201 3885 2274 legi

2283 2270 2445 2330 debet
2477 2273 2622 2343 levis,
2653 2279 2715 2330 ut
2742 2279 3050 2348 opponatur
3079 2270 3252 2347 gravi.

1429 2621 1768 2714 LIBER
1820 2621 2435 2718 VIGESIMUS
2501 2629 3032 2732 QUINTUS.

689 2783 769 2848 In
797 2781 1234 2869 sapitcatione
1263 2787 1502 2888 capitis
1526 2801 1740 2865 xxxrv,
1777 2800 1822 2850 α
1855 2788 2152 2950 ἔ
2181 2809 2197 2852 ι

2186 2895 2197 2934 t

2290 2789 2960 2935 aZy’setz‘hderreproborum
2986 2805 3186 2872 paena
3215 2783 3608 2871 occultisque
3642 2783 3756 2854 Det

2282 2889 2290 2926 τ
2448 2890 2490 2933 u
2533 2916 2549 2932 .

1097 2999 1326 3064 CAPUT
1361 2999 1655 3064 PRIMUM.

641 3093 694 3155 ι.
728 3097 912 3156 Error
938 3093 1157 3152 illorum
1185 3093 1280 3168 qui
1296 3095 1356 3152 in
1368 3092 1668 3152 hominibus
1687 3093 1829 3168 quod
1842 3088 2050 3166 habent,
2063 3110 2172 3152 non

568 3186 710 3260 quod
737 3191 880 3252 sunt,
909 3185 1202 3242 attendunt.
1234 3215 1306 3228 —
1333 3186 1454 3257 Ipsa
1491 3181 1746 3240 humanae
1779 3187 1795 3219 ¹
1828 3183 2171 3244 conditionis

567 3277 804 3352 qualitas
835 3275 1048 3334 indicat
1075 3292 1237 3350 quam
1286 3274 1446 3348 longe
1485 3271 1648 3330 rebus
1687 3273 1899 3330 ceteris
1927 3281 2168 3348 praestat.

565 3366 703 3428 Nam
725 3367 926 3424 collata
945 3365 1162 3424 homini
1182 3360 1324 3422 ratio
1338 3362 1531 3422 asserit
1551 3370 1816 3436 quantum
1843 3362 2031 3419 omnia
2051 3378 2172 3436 quae

569 3449 663 3516 vel
693 3457 832 3526 vita,
862 3455 950 3512 vel
981 3471 1166 3524 sensu,
1195 3453 1284 3511 vel
1313 3453 1528 3511 ratione
1551 3459 1762 3521 carent,
1783 3461 1981 3510 natura
2009 3453 2174 3510 ratio-

566 3547 712 3606 nalis
739 3543 1036 3602 antecedit.
1053 3545 1125 3600 Et
1151 3551 1358 3613 tamen,
1389 3541 1521 3617 quia
1546 3537 1615 3600 ab
1643 3541 1878 3598 internis
1892 3549 2055 3616 atque
2076 3543 2174 3598 in—

566 3632 886 3692 visibilibus
909 3633 1102 3690 oculos
1115 3633 1450 3704 claudimus,
1471 3640 1526 3690 et
1540 3631 1856 3690 visibilibus
1875 3632 2170 3705 pascimus,

566 3725 892 3804 plerumque
918 3723 1204 3782 hominem
1235 3741 1347 3782 non
1377 3741 1448 3782 ex
1477 3742 1542 3784 eo
1571 3723 1719 3800 quod
1734 3724 1849 3796 ipse
1868 3727 1972 3792 est,
1999 3721 2174 3782 sedex

567 3816 658 3880 his
689 3834 812 3894 qua
840 3818 989 3876 circa
1033 3817 1216 3892 ipsum
1245 3823 1376 3876 sunt
1405 3833 1755 3876 veneramur.
1787 3813 2034 3888 Cumque
2061 3829 2176 3870 non

566 3914 852 3975 intuemur
881 3913 1018 3991 quid
1048 3915 1164 3991 ipse
1191 3915 1285 3984 sit,
1303 3913 1401 3972 sed
1429 3913 1565 3988 quid
1585 3913 1759 3987 possit
1783 3911 1841 3970 in
1861 3909 2177 3984 acceptione

565 4019 948 4077 personarum,
990 4022 1104 4062 non
1133 4021 1204 4061 ex
1233 4003 1502 4075 personis,
1535 4001 1712 4056 sede:
1723 4001 1886 4056 rebus
1912 3998 2180 4070 adjacen—

566 4088 719 4148 tibus
747 4091 1027 4150 ducimur.
1059 4093 1258 4164 Sicque
1287 4089 1351 4145 ﬁt
1377 4094 1442 4146 ut
1467 4089 1514 4144 is
1543 4102 1760 4161 quoque
1779 4085 1922 4160 apud
1951 4102 2051 4144 nos
2080 4088 2180 4146 in-
2207 4127 2214 4132 -

568 4185 660 4236 tus
673 4179 734 4235 in
760 4177 1168 4253 despectionem
1186 4179 1396 4247 veniat,
1418 4177 1516 4250 qui
1545 4175 1682 4233 foris
1707 4176 2034 4248 honoratur,
2049 4179 2180 4252 quia

569 4264 704 4324 dum
731 4281 834 4340 pro
861 4266 950 4326 his
975 4283 1098 4342 quae
1126 4265 1276 4325 circa
1299 4265 1460 4322 illum
1489 4269 1620 4320 sunt
1645 4263 1988 4322 honorabilis
2016 4262 2180 4325 habe-

2211 3005 2256 3068 G
2277 3005 2606 3080 principum,
2648 3022 2741 3062 nec
2798 3005 3035 3079 cognovit
3083 3011 3370 3078 tyrannum
3413 3022 3530 3062 cum
3570 3006 3889 3078 disceptaret

2281 3103 2469 3154 contra
2493 3113 2804 3170 pauperem.

2353 3186 2406 3243 2.
2449 3187 2569 3246 Non
2612 3191 2690 3242 est
2727 3185 2952 3258 acceptio
2992 3201 3349 3258 personarum
3389 3186 3537 3259 apud
3579 3187 3772 3250 Deum.
3816 3219 3887 3234 -

2279 3275 2464 3333 Potest
2480 3285 2660 3333 autem
2679 3293 2774 3349 per
2794 3275 3098 3350 principem
3120 3274 3208 3332 vel
3229 3283 3529 3349 tyrannum
3547 3278 3785 3352 quisque
3799 3295 3888 3337 su-

2280 3365 2479 3439 perbus
2507 3361 2774 3439 intelligi;
2820 3381 2916 3439 per
2965 3381 3260 3440 pauperem
3293 3382 3424 3422 vero
3456 3366 3692 3424 humilis
3729 3369 3889 3426 desi—

2281 3457 2454 3530 gnari.
2472 3456 2794 3529 Tyrannum
2813 3471 2940 3528 ergo
2961 3455 3357 3529 disceptantem
3378 3464 3569 3514 contra
3589 3473 3888 3530 pauperem

2283 3562 2396 3602 non
2424 3545 2722 3617 cognoscit,
2745 3545 2874 3619 quia
2901 3544 3167 3617 superbos
3187 3561 3382 3601 omnes
3408 3541 3582 3601 vitam
3603 3562 3756 3604 nunc
3783 3547 3888 3604 hu-

2284 3635 2501 3692 milium
2531 3635 2922 3707 deprimentes,
2959 3633 3018 3688 in
3041 3632 3258 3706 judicio
3286 3635 3497 3690 nescire
3525 3651 3582 3690 se
3611 3635 3884 3707 perhibet,
3947 3633 3956 3642 ’

2285 3723 2505 3782 dicens:
2539 3723 2722 3780 Nescio
2752 3741 2844 3778 cos
2871 3724 3010 3778 unde
3039 3721 3155 3778 sitis
3188 3722 3340 3795 (Luc.
3375 3725 3634 3796 1011,25).
3667 3725 3738 3782 Et
3759 3725 3885 3800 quia

2284 3814 2367 3870 sic
2393 3821 2644 3887 potenter
2671 3830 2798 3871 cum
2828 3812 2952 3868 vult
2978 3807 3237 3880 destruit,
3255 3813 3400 3869 sicut
3428 3829 3552 3869 cum
3583 3814 3765 3872 voluit
3792 3831 3883 3888 po-

2286 3911 2466 3958 tenter
2491 3903 2720 3972 creavit,
2750 3910 2874 3976 apte
2903 3899 3284 3960 ratiocinando
3311 3900 3705 3974 subiungitur:
3739 3965 3744 3972 ,

2356 3992 2494 4048 ΙΒω.
2526 4023 2598 4032 -
2629 3991 2772 4063 Opus
2812 3993 2950 4048 enim
2977 4008 3230 4048 mnuum
3262 3989 3374 4061 ejus
3403 3998 3527 4048 sunt
3553 3991 3816 4052 uniuersi.

2359 4079 2504 4155 [Rea
2534 4081 2600 4138 II
2602 4078 2644 4154 .]
2665 4083 2845 4154 Atque
2871 4097 3006 4138 mox
3032 4079 3320 4136 subditur:

2891 4169 3120 4226 CAPUT
3159 4169 3256 4226 ΙΙΙ.

2357 4257 2529 4317 Vens.
2579 4257 2772 4316 20.'—
2802 4258 2982 4315 Subito
3009 4258 3330 4327 morientur,
3355 4263 3406 4314 st
3439 4256 3498 4314 in
3530 4257 3706 4314 media
3736 4265 3884 4315 nocte

567 4361 685 4425 tur,
713 4354 879 4416 rebus
904 4358 1021 4416 suis
1047 4359 1108 4416 in
1149 4355 1407 4416 examine
1436 4362 1628 4430 nostro
1666 4355 2038 4429 postponitur.
2071 4359 2177 4416 Sed
2201 4375 2251 4434 ι)
2287 4350 2652 4406 curvabuntur
2673 4349 2884 4422 poputi,
2905 4355 2954 4403 et
2971 4348 3400 4420 pertransibunt.

569 4443 924 4518 omnipotens
957 4449 1103 4505 Deus
1144 4447 1315 4504 vitam
1346 4445 1639 4505 hominum
1669 4461 1738 4503 ex
1767 4447 1886 4504 sola
1913 4448 2178 4522 qualitate

570 4535 876 4609 interrogat
887 4538 1214 4596 meritorum
1243 4553 1258 4605 ;
1291 4544 1347 4594 et
1372 4553 1514 4610 sape
1543 4535 1671 4594 inde
1687 4537 1812 4609 plus
1831 4537 2014 4610 punit,
2027 4537 2176 4596 unde

570 4624 670 4684 hic
695 4623 905 4698 majora
929 4623 1000 4688 ad
1041 4625 1411 4685 ministerium
1457 4627 1714 4696 contulit,
1757 4627 2002 4684 Veritate
2029 4637 2179 4686 atte-

570 4719 773 4790 stante,
824 4731 946 4790 quae
975 4717 1056 4774 ait
1092 4733 1104 4776 ε
1141 4714 1243 4772 Cui
1288 4717 1517 4772 multum
1568 4715 1750 4771 datum
1778 4720 1874 4780 est,
1906 4715 1928 4749 ³
1954 4716 2179 4772 multum

572 4811 844 4880 queretur
869 4806 938 4863 ab
964 4825 1021 4864 so
1049 4804 1208 4880 (Luc.
1241 4821 1346 4876 an,
1387 4803 1504 4878 48).
1557 4797 1714 4862 Unde
1740 4801 1880 4860 bene
1906 4819 2056 4863 nunc
2083 4820 2180 4878 per

572 4894 706 4957 Elin
735 4895 945 4956 dicitur
983 4914 998 4955 :

1206 4977 1436 5044 CAPUT
1485 4980 1556 5042 II.

575 5071 709 5134 Car.
735 5092 934 5152 mw,
980 5075 1155 5137 Vnus.
1207 5073 1294 5132 19.
1327 5099 1400 5120 -·-
1429 5073 1534 5146 Qui
1557 5091 1666 5132 non
1691 5073 1882 5148 accipit
1899 5090 2182 5147 personam

649 5251 668 5284 ¹
699 5249 763 5325 In
790 5249 1014 5325 Re_cent.
1067 5252 1326 5322 Excusis,
1373 5251 1804 5325 computationis.
1834 5251 2062 5325 Nostras.
2093 5251 2184 5310 le-

574 5317 749 5402 ctioni
776 5316 1395 5402 sngraganturnprzeter
1451 5316 1562 5402 vet.
1603 5316 1753 5402 Edit.
1809 5340 1936 5381 mss.
1969 5319 2182 5402 Baluz.,

576 5388 823 5478 fingens,
857 5388 1336 5478 Yindocu‘Norm.
1369 5405 1432 5478 et
1461 5397 1948 5478 Lo_ng_ipontanus_,_
1971 5397 2028 5452 in
2059 5388 2182 5478 quo

574 5459 994 5542 undecim‘libri
1023 5459 1352 5542 posteriores
1379 5459 1872 5542 Moml."leguntur.
1908 5459 2076 5542 lj‘avet
2089 5459 2178 5524 in-

577 5546 742 5604 super
771 5533 944 5613 ratio;
981 5533 1257 5606 agitenim
1269 5543 1490 5596 sanctus
1515 5533 1811 5612 Gregorius
1823 5539 1889 5597 de
1919 5537 2173 5598 humanae

577 5603 916 5678 conditionis
943 5603 1233 5678 dignitate,
1263 5619 1320 5666 at
1346 5609 1416 5670 ds
1443 5608 1871 5678 conpunctione
1897 5607 2046 5672 nihil
2081 5602 2173 5668 dl-

577 5625 916 5733 cptnuluunis
943 5625 1233 5678 dignitate,
1263 5625 1320 5666 at
1346 5625 1416 5690 αθ
1443 5625 1764 5690 compunctt

575 5693 630 5735 c1
661 5720 672 5734 .

647 5747 672 5785 ³
700 5747 926 5817 Pratel.,
963 5749 1193 5805 multum
1217 5745 1502 5821 quatitur.

2361 4439 2415 4496 3.
2445 4439 2763 4510 Iniquorum
2790 4437 3023 4493 omnium
3050 4455 3195 4493 mors
3227 4438 3425 4504 subita,
3453 4436 3581 4510 quia
3608 4454 3717 4493 non
3739 4453 3880 4510 prse—

2285 4529 2422 4586 uisa.
2443 4527 2836 4597 —Quamlibet
2857 4543 2980 4584 sero
3009 4527 3076 4584 de
3105 4527 3210 4586 hac
3241 4527 3359 4586 vita
3385 4528 3652 4584 tollantur
3680 4525 3880 4599 iniqui,

2289 4619 2474 4675 subito
2503 4625 2556 4674 et
2592 4625 2813 4692 repente
2841 4617 3136 4687 tolluntur,
3169 4617 3298 4690 quia
3327 4615 3493 4674 ﬁnem
3535 4630 3694 4670 suum
3723 4613 3885 4686 cogi-

2288 4707 2456 4766 tando
2484 4709 2784 4784 praevidere
2803 4709 3077 4766 nesciunt.
3099 4706 3352 4764 Subitum
3371 4712 3453 4760 est
3472 4703 3710 4772 homini,
3739 4701 3886 4776 quod

2289 4806 2414 4855 ante
2435 4797 2673 4871 cogitare
2689 4814 2798 4854 non
2817 4797 3017 4872 potuit.
3044 4797 3238 4854 Subito
3256 4797 3275 4830 ³
3293 4794 3450 4850 dives
3467 4792 3564 4848 ille
3587 4792 3766 4848 tultus
3785 4798 3882 4858 est,

2291 4887 2386 4960 qui
2416 4887 2612 4943 horrea
2627 4903 2746 4959 quae
2765 4887 3102 4961 praeparabat
3119 4883 3381 4954 deseruit,
3394 4889 3450 4938 et
3473 4881 3678 4938 inferni
3705 4881 3883 4936 locum

2292 4979 2488 5052 quem‘
2519 4994 2629 5032 non
2661 4977 2998 5050 praevidebat
3024 4974 3262 5034 invenit.
3298 4973 3388 5030 Ad
3413 4971 3569 5030 aliud
3599 4969 3886 5027 exercebat

2292 5067 2534 5126 animam
2582 5083 2680 5140 per
2716 5067 3131 5142 cogitationem,
3173 5061 3271 5121 sed
3299 5061 3369 5120 ad
3396 5055 3550 5120 aliud
3579 5059 3766 5116 emisit
3792 5071 3886 5131 per

2364 5251 2390 5332 ξ’
2417 5249 2677 5332 νὶῃᾶοθε,
2697 5257 2752 5306 et
2786 5249 3184 5332 Bratelwldioes
3202 5227 3320 5332 itte
3343 5239 3882 5332 sgb‘tatusnfsttLYgi:

2292 5317 2423 5390 Ed.,
2453 5331 2582 5391 etc.,
2621 5309 2761 5376 dives
2789 5321 2878 5376 ille
2912 5309 3103 5392 raptus
3140 5327 3232 5376 est.
3266 5319 3328 5376 In
3360 5309 3542 5382 Colb.,
3573 5315 3661 5370 ille
3699 5312 3886 5367 stultus

2292 5401 2480 5442 rauim
2509 5400 2601 5442 est-
2634 5394 2694 5442 In
2714 5400 2916 5442 recent-
2952 5391 3229 5442 Ed--dives
3257 5391 3350 5442 ille
3369 5390 3561 5442 stultus
3589 5391 3775 5442 raptus
3793 5387 3882 5437 est.

2292 5401 2480 5466 raptus
2509 5400 2601 5447 est.
2634 5394 2694 5447 In
2714 5400 2916 5448 recent.
2952 5391 3229 5459 Ed.,dives
3257 5391 3350 5445 ille
3369 5391 3561 5444 stultus
3589 5391 3775 5457 raptus
3793 5391 3882 5437 est.

2298 5467 2396 5523 Ubi
2428 5463 2618 5545 procul
2661 5463 2830 5542 dubio
2857 5463 3112 5545 Editores
3140 5464 3216 5545 in
3261 5461 3392 5545 Mss.
3425 5460 3676 5545 legerunt
3701 5454 3886 5545 stultus

2293 5521 2392 5621 pro
2413 5521 2608 5621 guttus,
2638 5533 2797 5621 cuius
2823 5535 2976 5590 vocis
3016 5521 3507 5621 signiﬁcatio‘nem'
3521 5521 3885 5621 ignescentia

2293 5595 2692 5688 intelligebant.
2705 5595 2802 5664 'Sic
2821 5614 3004 5683 tamen
3021 5595 3222 5738 legitur
3241 5601 3300 5680 in
3319 5595 3513 5664 Belua.
3539 5595 3620 5678 De
3635 5599 3740 5660 hac
3758 5609 3886 5654 voce

2294 5681 2404 5738 iam
2434 5677 2681 5736 dnumus
2712 5679 2750 5736 l.
2785 5695 2869 5738 In.
2900 5695 3056 5736 num.
3121 5669 3178 5736 2.
3318 5735 3322 5738 Α

2288 5681 2404 5754 jam
2418 5669 2681 5754 uiuimus
2712 5679 2751 5754 l_.
2785 5676 3056 5754 I_I_1,'nnm.
3075 5669 3178 5738 Ἦ.

2367 5750 2686 5834 ⁴.Β⁶¹⁰ἕνοβι
2713 5735 3030 5830 Βοιδίιιῃομ
3048 5735 3422 5828 ﬁmpambat.
3511 5743 3520 5750 ’
