4162 6184
546 253 655 312 323

1744 249 1996 308 SANCTl
2033 249 2378 316 GBEGORII
2413 249 2648 312 MAGNI

542 378 682 436 libet
705 369 1074 446 blasphemias
1087 370 1471 444 prasumendo
1485 380 1833 446 prorumpat;
1854 375 1866 407 ¹
1890 371 2140 445 volupta-
2170 377 2226 436 A
2330 376 2523 433 Omnia
2549 375 2709 446 enim,
2725 377 2869 436 sicut
2895 379 3162 452 scriptum
3191 381 3446 451 est,nuda
3463 389 3513 438 et
3530 389 3715 455 aperta
3735 392 3858 442 sunt

541 474 662 522 tum
691 472 916 520 suarum
946 460 1222 534 nequitias
1250 461 1498 536 impleat,
1530 461 1710 518 aliena
1738 460 1936 533 rapiat,
1968 461 2145 519 inno-

541 553 790 613 centium
817 549 1170 626 oppressione
1199 557 1345 615 790
1372 549 1622 619 satietur,
1653 558 1710 606 et
1753 549 1884 624 quia
1911 550 2148 608 necdum

541 652 870 728 percutitur,
898 651 1018 708 vias
1032 666 1159 707 suas
1184 666 1220 706 a
1243 649 1484 707 Domino
1510 656 1608 705 aut
1639 664 1753 706 non
1783 648 1960 706 videri
1991 648 2151 706 εγεῑὶ-

542 750 676 812 met,
706 739 969 814 autquod
983 738 1140 812 pejus
1153 747 1258 807 est,
1277 737 1567 812 approbari
1591 739 1604 796 t
1652 737 1850 796 Veniet
1878 739 2146 810 profecto,

540 832 728 891 veniet
782 837 984 888 interna
1042 837 1098 886 et
1151 826 1440 900 repentina
1493 827 1810 900 percussio;
1853 829 1876 864 ³
1905 837 1960 885 et
2012 837 2150 887 tunc

541 928 832 996 cognoscet
859 937 892 976 a
936 920 1050 974 Deo
1077 924 1278 976 cuncta
1305 915 1573 987 conspici,
1595 916 1816 989 quando
1843 934 1900 973 se
1929 917 2148 990 impro-

541 1011 664 1068 viso
705 1011 862 1066 exitu
889 1006 1094 1064 viderit
1122 1023 1221 1079 pro
1249 1013 1577 1063 cunctorum
1617 1004 1981 1061 retributione
1995 1007 2146 1063 dam-

541 1099 684 1157 nari.
716 1099 871 1154 Tunc
899 1095 957 1151 in
987 1110 1148 1167 paena
1173 1111 1274 1151 sua
1301 1093 1493 1151 oculos
1518 1093 1746 1166 aperiet,
1778 1109 1915 1166 quos
1944 1093 2041 1150 diu
2067 1102 2145 1150 te-

540 1190 666 1246 nuit
701 1189 917 1246 clausos
945 1185 1004 1241 in
1032 1186 1212 1257 culpa.
1236 1184 1392 1242 Tunc
1418 1184 1793 1242 considerasse
1821 1183 2010 1239 omnia
2037 1199 2145 1238 ve-

542 1295 665 1334 rum
678 1275 928 1348 judicem
957 1274 1178 1344 sentiet,
1200 1273 1420 1347 quando
1459 1275 1731 1331 malorum
1763 1289 1992 1328 suorum
2018 1287 2145 1327 me-

539 1367 708 1425 ritum
758 1367 874 1440 jam
923 1363 1155 1422 evadere
1200 1365 1490 1422 sentiendo
1536 1380 1650 1421 non
1679 1363 1873 1436 possit.
1914 1363 2144 1436 Iniquus

538 1472 668 1530 ergo
689 1455 786 1530 qui
809 1455 908 1513 diu
925 1462 1272 1528 exspectatus
1299 1462 1404 1524 est,
1423 1452 1634 1512 idcirco
1663 1459 1746 1508 est
1773 1459 1998 1524 repente
2017 1451 2143 1508 sub-

538 1547 705 1616 latus,
718 1546 850 1621 quia
864 1545 1006 1602 oculi
1023 1545 1241 1601 Domini
1257 1561 1417 1616 super
1434 1543 1554 1600 vias
1580 1543 1874 1609 hominum,
1901 1547 1950 1596 et
1967 1558 2144 1596 omnes

535 1653 748 1709 gressus
774 1653 960 1692 eorum
987 1633 1307 1691 considerat.
1328 1637 1412 1689 Ac
1437 1631 1486 1689 si
1515 1630 1756 1688 diceret:
1777 1629 1920 1697 Quia
1938 1645 2003 1686 ea
2021 1646 2142 1703 quae

2259 465 2424 522 oculis
2473 465 2585 536 ejus
2617 466 2802 539 (Hebr.
2855 485 2935 538 IV,
2997 469 3109 542 13).
3141 469 3297 527 Unde
3343 469 3436 529 hic
3465 489 3683 546 quoque
3733 483 3856 546 apte

2259 554 2612 630 subjungitur
2630 575 2644 614 :

2720 649 2948 708 CAPUT
2976 650 3052 707 VI
3083 649 3226 725 [Rec.
3258 649 3388 724 IV].

2329 734 2500 792 Vnus.
2537 737 2627 795 22.
2659 769 2730 780 —
2766 740 2887 798 Non
2915 745 3040 818 sunt
3067 741 3307 809 tenebras,
3339 747 3388 798 et
3428 759 3535 799 non
3560 749 3636 800 est
3662 745 3860 803 umbra

2255 824 2466 891 mortis,
2487 832 2546 880 ut
2562 827 2954 885 abscondantur
2980 830 3054 886 ibi
3079 829 3174 900 qui
3186 837 3479 902 operantur
3496 833 3855 904 iniquitatem.

2324 913 2379 970 8.
2411 915 2574 972 Nemo
2599 917 2806 987 judicio
2834 919 2935 976 Dei
2969 921 3062 992 qui
3099 921 3236 977 nihil
3281 929 3377 978 aut
3402 923 3732 980 obliviscitur
3761 931 3861 980 aut

2253 1005 2484 1078 ignorat,
2516 1009 2876 1067 absconditur.
2896 1041 2968 1053 —
2993 1010 3138 1078 Quid
3167 1028 3262 1084 per
3274 1013 3547 1082 tenebras,
3579 1014 3688 1070 nisi
3705 1014 3857 1087 igno-

2254 1095 2512 1167 rantiam,
2542 1107 2596 1154 et
2639 1099 2774 1172 quid
2805 1117 2902 1173 per
2931 1101 3185 1158 umbram
3216 1103 3430 1172 mortis,
3466 1103 3576 1159 nisi
3607 1103 3858 1161 oblivio-

2255 1200 2380 1242 nem
2410 1187 2623 1245 studuit
2651 1189 2976 1264 designare?
2995 1194 3073 1248 De
3093 1192 3457 1265 quorumdam
3487 1193 3689 1267 quippe
3703 1195 3852 1267 igno-

2254 1277 2431 1332 rantia
2467 1277 2707 1337 dicitur:
2737 1281 2980 1337 Tenebris
3007 1283 3344 1337 obscuratum
3389 1282 3628 1338 habentes
3656 1282 3854 1339 intelle-

2251 1370 2389 1420 ctum
2414 1367 2634 1440 (Ephes.
2658 1387 2737 1438 IV,
2768 1371 2883 1444 18).
2913 1372 2986 1428 Et
3001 1388 3221 1428 rursum
3241 1370 3310 1428 de
3342 1370 3624 1428 oblivione
3653 1387 3774 1444 quae
3795 1371 3854 1428 in

2254 1463 2429 1511 morte
2485 1459 2758 1532 contingit
2816 1461 3080 1533 scriptum
3109 1469 3193 1518 est
3225 1479 3238 1518 :
3269 1463 3336 1518 In
3363 1461 3468 1517 illa
3495 1461 3580 1517 die
3607 1462 3860 1534 peribunt

2253 1559 2428 1599 omnes
2456 1547 2791 1617 cogitationes
2816 1567 2996 1604 eorum
3031 1550 3206 1620 (Psal.
3241 1566 3407 1619 θην,
3436 1549 3518 1623 4).
3551 1549 3694 1618 Quia
3723 1566 3855 1622 ergo

2253 1637 2392 1695 791
2436 1655 2535 1710 per
2561 1647 2794 1696 mortem
2842 1639 3094 1696 funditus
3122 1638 3391 1696 oblivioni
3414 1638 3650 1694 traditur
3676 1637 3854 1712 quid-

539 1726 639 1786 δίη
678 1727 952 1801 Ρδῒίθῐηθΐ
987 1723 1280 1798 conspicui
1311 1720 1641 1796 quandoque
1689 1720 1870 1777 multa
1897 1736 2010 1776 non
2037 1719 2144 1776 ἀθ-
2170 1735 2217 1795 Β
2247 1729 2378 1805 quid
2403 1729 2645 1785 vivendo
2664 1728 2957 1801 cogitatur,
2986 1728 3140 1802 quasi
3157 1729 3405 1801 quaedam
3435 1727 3633 1784 umbra
3652 1729 3853 1785 mortis

537 1818 692 1877 serit.
739 1819 878 1877 Nam
932 1833 1058 1875 ecce
1102 1814 1286 1872 subito
1323 1814 1631 1870 violentum
1677 1811 1886 1885 rapuit,
1915 1818 1970 1867 et
1998 1810 2144 1866 mala

539 1907 660 1979 ejus
687 1925 808 1981 quae
828 1904 1196 1978 exspectando
1224 1902 1453 1976 pertulit
1479 1900 1972 1958 animadvertendo”
2001 1916 2144 1958 rese-

454 2023 462 2034 -
539 1996 708 2054 cavit.
764 1997 937 2053 Nemo
967 1993 1137 2068 igitur
1178 1992 1327 2050 dicat
1367 1992 1612 2049 humana
1649 1991 1795 2049 facta
1823 1993 1997 2048 Deum
2027 2006 2141 2047 non

539 2099 784 2153 cernere,
839 2099 968 2140 cum
1009 2082 1263 2156 iniquum
1316 2080 1630 2156 quempiam
1659 2079 1980 2153 iniquitates
2015 2094 2141 2136 suas

538 2174 709 2232 libere
739 2171 1006 2246 prospicit
1031 2173 1332 2230 cumulare.
1365 2171 1560 2229 Subito
1588 2169 1737 2227 enim
1766 2168 2004 2239 tollitur,
2043 2166 2140 2242 qui

535 2263 634 2322 diu
680 2263 968 2320 toleratur.

607 2355 661 2411 7.
695 2354 915 2410 Gressus
951 2351 1178 2408 hominis
1204 2369 1334 2424 quos
1361 2353 1504 2410 Deus
1537 2350 1860 2416 considerat,
1888 2349 1982 2421 qui
2007 2348 2136 2406 sint.

533 2473 605 2488 —
635 2443 867 2501 Gressus
895 2457 1028 2499 vero
1056 2441 1346 2498 hominum
1387 2449 1570 2510 vocat,
1600 2441 1688 2496 vel
1718 2439 1965 2512 singulas
1996 2453 2138 2510 ope—

533 2533 773 2590 rationes
799 2530 1002 2605 quibus
1029 2530 1441 2599 innitimur,vel
1463 2532 1800 2587 alternantes
1828 2535 2011 2584 motus
2040 2526 2140 2583 in-

532 2621 686 2678 tima
713 2620 1067 2694 cogitationis
1091 2620 1294 2693 quibus
1321 2619 1475 2692 quasi
1506 2618 1778 2690 passibus,
1811 2617 1898 2672 vel
1928 2617 2089 2687 longe
2105 2630 2138 2670 a

533 2711 773 2768 Domino
803 2709 1132 2778 recedimus,
1164 2711 1253 2766 vel
1283 2709 1372 2780 pie
1399 2707 1638 2766 Domino
1673 2704 2134 2780 propinquamus.

532 2799 622 2858 Ad
647 2803 822 2858 Deum
877 2801 1025 2858 enim
1067 2798 1224 2872 quasi
1253 2805 1338 2855 tot
1365 2797 1642 2871 gressibus
1666 2798 1688 2832 ³
1718 2811 1874 2852 mens
1901 2793 2136 2860 accedit,

532 2897 667 2966 quot
696 2889 858 2949 bonis
886 2889 1128 2948 motibus
1153 2887 1391 2962 proﬁcit.
1415 2890 1488 2944 Et
1506 2903 1726 2945 rursum
1754 2894 1841 2943 tot
1863 2883 2138 2959 gressibus

530 2979 692 3054 longe
712 2981 796 3050 ﬁt,
828 2987 964 3053 quot
991 2976 1153 3035 malis
1178 2976 1608 3051 cogitationibus
1624 2978 1646 3013 ‘
1663 2973 2135 3034 deterescit.Unde

2251 1819 2462 1877 oblivio
2495 1826 2596 1876 est.
2627 1818 2783 1876 Sicut
2811 1818 2964 1874 enim
3003 1819 3116 1892 agit
3144 1834 3293 1874 mors
3337 1817 3709 1874 interveniens
3737 1832 3854 1874 non

2251 1927 2367 1968 esse
2394 1909 2543 1983 quod
2579 1908 2688 1965 fuit
2716 1908 2775 1964 in
2818 1907 2958 1978 vita,
2989 1907 3068 1964 ita
3096 1907 3471 1965 interveniens
3494 1907 3607 1980 agit
3639 1906 3854 1964 oblivio

2249 2015 2362 2055 non
2396 2013 2514 2054 esse
2541 1995 2690 2070 quod
2733 1995 2842 2052 fuit
2889 1995 2948 2051 in
2979 1995 3266 2052 memoria.
3311 1996 3474 2053 Recte
3504 1995 3692 2068 itaque
3735 2011 3853 2052 um-

2248 2085 2346 2144 bra
2372 2085 2489 2158 ejus
2510 2085 2736 2154 dicitur,
2767 2083 2896 2158 quia
2923 2084 3077 2139 velut
3095 2083 3162 2139 de
3189 2084 3310 2155 ipsa
3327 2083 3682 2154 exprimitur,
3715 2083 3854 2140 dum

2248 2177 2364 2232 vim
2395 2165 2546 2232 illius
2569 2174 2832 2247 sopiendo
2851 2190 3041 2231 sensus
3055 2174 3325 2230 imitatur.
3349 2175 3494 2229 Dens
3511 2180 3698 2229 autem
3720 2173 3856 2246 quia

2249 2267 2394 2322 mala
2421 2265 2713 2323 hominum
2743 2281 2844 2322 nec
2869 2265 3108 2336 cogitata
3135 2264 3373 2337 ignorat,
3413 2279 3514 2319 nec
3539 2270 3851 2336 perpetrata

2247 2355 2616 2423 obliviscitur,
2643 2355 2752 2412 nisi
2773 2355 2842 2412 ab
2857 2353 2975 2426 ejus
2993 2353 3170 2412 oculis
3199 2350 3517 2426 pmnitendo
3538 2351 3847 2420 deleantur,

2245 2461 2484 2518 congrue
2499 2444 2710 2502 dictum
2737 2451 2820 2500 est
2853 2461 2864 2499 :
2895 2445 3018 2502 Non
3035 2449 3157 2498 sunt
3179 2443 3400 2498 tenebras
3425 2448 3603 2497 etnon
3629 2447 3704 2496 est
3735 2457 3851 2495 um-

2248 2537 2348 2592 bra
2367 2536 2576 2605 mortis,
2605 2542 2666 2591 ut
2691 2535 3083 2591 abscondantur
3109 2533 3180 2588 ibi
3207 2532 3301 2603 qui
3327 2537 3616 2604 operantur
3640 2529 3850 2602 iniqui-

2249 2631 2425 2681 tatem.
2451 2627 2534 2684 Ac
2555 2624 2601 2682 si
2630 2623 2838 2682 diceret
2863 2642 2874 2680 :
2902 2623 3112 2681 Idcirco
3147 2621 3266 2694 ejus
3287 2619 3501 2694 judicio
3528 2620 3712 2677 nullus
3740 2617 3850 2675 ab-

2245 2711 2553 2780 sconditur,
2601 2712 2731 2784 quia
2789 2712 3106 2768 nullatenus
3155 2717 3334 2782 potest
3360 2717 3456 2766 aut
3504 2725 3617 2766 non
3660 2705 3846 2764 videre

2246 2802 2394 2876 quod
2423 2802 2678 2867 facimus,
2706 2809 2802 2857 aut
2839 2800 3096 2857 oblivisci
3121 2797 3270 2871 quod
3306 2797 3480 2854 videt.

2315 2889 2372 2945 9.
2404 2888 2585 2946 Omnis
2610 2887 2988 2944 mutabilitatis
3021 2887 3163 2942 Deus
3187 2891 3262 2940 est
3286 2901 3493 2955 expers.
3523 2885 3646 2941 Non
3668 2885 3844 2951 homo,

2243 2995 2351 3034 non
2377 2977 2571 3050 angeli.
2599 3007 2671 3019 —
2700 2975 2966 3046 Quamvis
3004 2973 3242 3047 intelligi
3273 2975 3294 3009 °
3322 2973 3560 3029 tenebris
3590 2975 3677 3029 vel
3709 2991 3850 3030 um-

531 3071 857 3144 plerumque
885 3067 1160 3142 contingit
1211 3075 1277 3125 ut
1312 3067 1550 3127 necdum
1582 3066 1844 3142 procedat
1884 3065 1942 3122 in
1972 3079 2136 3138 opere
2165 3087 2210 3148 C
2243 3067 2344 3124 bra
2372 3068 2586 3134 mortis,
2615 3067 2783 3125 etiam
2807 3066 2967 3123 aliter
2994 3070 3240 3137 possunt.
3266 3063 3459 3120 Omnis
3487 3063 3847 3136 namqueim-

459 3201 470 3206 -
531 3168 714 3218 motus
747 3159 970 3226 mentis,
1011 3166 1068 3213 et
1111 3166 1296 3215 tamen
1325 3159 1565 3230 perfecta
1611 3158 1728 3229 jam
1766 3157 1930 3228 culpa
1966 3155 2040 3210 sit
2065 3169 2136 3209 ex

532 3247 653 3321 ipso
679 3252 836 3303 reatu
862 3244 1236 3318 cogitationis,
1263 3245 1408 3304 sicut
1425 3245 1695 3318 scriptum
1722 3250 1807 3300 est
1827 3259 1839 3297 :
1856 3242 2052 3300 Manus
2078 3241 2138 3296 in

531 3353 695 3394 manu
721 3353 829 3392 non
851 3335 955 3391 erit
976 3335 1222 3391 innocens
1258 3336 1432 3392 malus
1456 3335 1642 3406 (Prov.
1673 3347 1757 3400 x1,
1776 3330 1892 3402 2i).
1943 3330 2136 3386 Manus

530 3425 680 3484 enim
722 3428 746 3464 ⁵
776 3424 967 3484 manui
989 3424 1152 3499 jungi
1179 3425 1339 3494 solet,
1386 3422 1607 3498 quando
1635 3419 1872 3496 quiescit
1908 3417 1968 3475 in
1996 3420 2133 3490 otio,

530 3527 586 3576 et
613 3518 801 3576 nullus
825 3533 947 3573 eam
975 3531 1110 3573 usus
1145 3513 1350 3571 laboris
1405 3520 1644 3570 exercet.
1702 3512 1898 3571 Manus
1927 3527 2047 3582 ergo
2077 3510 2135 3566 in

529 3623 722 3664 manus
740 3623 848 3662 non
859 3606 965 3662 erit
976 3609 1224 3662 inuocem
1242 3605 1443 3661 malus.
1475 3605 1558 3660 Ac
1583 3602 1631 3659 si
1661 3601 1869 3659 diceret
1893 3601 2132 3656 :Etcum

531 3711 729 3754 manus
754 3702 931 3753 cessat
955 3695 1025 3752 ab
1053 3682 1250 3768 iniquo
1278 3708 1463 3766 opere,
1494 3693 1676 3748 malus
1702 3697 1889 3746 tamen
1918 3705 2031 3744 non
2050 3695 2134 3744 est

531 3784 802 3845 innocens
833 3801 932 3859 per
957 3782 1367 3859 cogitationem.
1387 3781 1529 3851 Quia
1556 3797 1684 3855 ergo
1712 3778 1974 3838 novimus
1984 3775 2132 3852 quod

531 3877 781 3939 districto
801 3877 989 3936 omnia
1015 3893 1128 3934 non
1157 3877 1338 3935 solum
1358 3875 1525 3944 facta,
1555 3872 1652 3931 sed
1683 3873 1875 3930 saltem
1897 3870 2134 3943 cogitata

531 3976 852 4038 pensentur,
882 3966 1017 4040 quid
1057 3965 1325 4023 faciemus
1349 3965 1418 4022 de
1445 3965 1664 4021 incessu
1691 3961 1824 4018 mali
1852 3959 2053 4030 operis,
2083 3955 2131 4012 si

531 4053 614 4108 sic
641 4053 924 4107 subtiliter
949 4048 1097 4108 Deus
1120 4052 1336 4122 judicat
1361 4065 1576 4120 gressus
1603 4047 1786 4103 cordis
1806 4046 1835 4100 ?
1878 4047 2019 4100 Ecce
2043 4059 2131 4100 oo-

532 4137 683 4198 culta
725 4137 930 4194 mentis
956 4143 1158 4194 nostra
1187 4138 1388 4193 itinera
1416 4135 1605 4191 nullus
1635 4131 1925 4188 hominum
1956 4130 2128 4201 videt,

533 4233 589 4283 et
622 4233 807 4281 tamen
845 4234 972 4282 ante
1000 4225 1101 4283 Dei
1130 4225 1320 4280 oculos
1357 4230 1441 4278 tot
1468 4236 1683 4293 gressus
1711 4221 1970 4293 ponimus
1997 4230 2133 4296 quot

532 4312 760 4370 aﬂ'ectus
795 4329 1104 4371 movemus.
1148 4310 1290 4386 [νει.
1322 4308 1449 4384 ιγ.]
1488 4308 1672 4366 Toties
1707 4317 1837 4367 ante
1866 4310 2026 4367 illum
2057 4313 2130 4369 la-

531 4402 720 4462 bimur
748 4402 962 4476 quoties
1001 4419 1035 4459 a
1080 4409 1230 4460 recto
1275 4399 1473 4458 itinere
1508 4400 1726 4458 infirme
1781 4401 2132 4474 cogitationis

533 4492 672 4567 pede
699 4491 1093 4550 claudicamus.
1121 4491 1242 4550 Nisi
1270 4491 1418 4549 enim
1472 4492 1532 4549 in
1561 4501 1855 4568 conspectu
1883 4492 2002 4567 ejus
2030 4493 2133 4549 iste

533 4583 786 4643 assiduus
817 4596 1131 4645 nostrarum
1162 4587 1431 4645 mentium
1449 4588 1634 4660 lapsus
1663 4587 2012 4658 incresceret,
2034 4603 2131 4660 per

532 4673 860 4752 prophetam
895 4676 1106 4735 scilicet
1123 4692 1236 4732 non
1264 4676 1557 4734 clamaret:
1579 4676 1804 4746 Auferte
1829 4679 2033 4732 malum
2051 4693 2132 4732 co-

529 4765 847 4840 gitationum
863 4774 1162 4823 vestrarum
1178 4764 1419 4821 aboculis
1445 4765 1572 4822 meis
1601 4765 1756 4836 (Isai.
1789 4781 1830 4832 ι,
1864 4765 1976 4836 16).
2004 4765 2132 4822 Haec

534 4857 801 4915 nimirum
827 4858 1038 4927 dicens,
1066 4855 1182 4912 vim
1211 4863 1482 4927 coopertae
1510 4862 1712 4910 nostrai
1733 4853 1948 4910 militiae
1974 4853 2131 4926 quasi

533 4947 676 5005 ferre
716 4965 775 5006 se
811 4965 923 5006 non
967 4963 1126 5022 posse
1168 4952 1417 5002 testatur.
1451 4944 1583 5012 Quae
1620 4951 1876 5017 cooperta
1903 4942 1986 4999 illi
2016 4959 2132 5001 esse

533 5051 648 5092 non
674 5045 872 5110 potest,
903 5038 1035 5114 quia
1056 5035 1316 5093 videlicet
1333 5035 1650 5109 importune
1675 5033 1793 5106 ejus
1811 5031 2131 5108 conspectui

533 5121 804 5201 ingeritur
833 5127 1150 5205 quidquida
1167 5127 1328 5186 nobis
1347 5126 1607 5186 illicitum
1627 5127 1842 5186 occulte
1855 5128 2134 5201 cogitatur

537 5331 892 5463 Co‘lh'iuron”
918 5335 1252 5403 voluntatum
1266 5359 1508 5404 sitarum.
1529 5337 1612 5404 Ita
1649 5332 1816 5401 etiam
1860 5334 2049 5404 Baluz.
2077 5342 2135 5401 et

568 5477 633 5570 9"
649 5477 888 5570 Eratelz,
903 5568 914 5570 ᾼ
937 5491 986 5540 et
1015 5490 1138 5570 tunc
1169 5488 1457 5570 cognoscit;
1496 5497 1551 5546 et
1579 5487 1749 5570 infra,
1775 5489 1973 5561 aperit,
2001 5503 2133 5544 δεη-

1336 5648 1422 5688 ΠΖ.
1447 5648 1504 5688 Θῑ
1529 5648 1687 5691 UOID.

608 5694 631 5733 ⁸
659 5692 752 5757 Sic
777 5693 1072 5771 legendum
1115 5712 1243 5758 cum
1280 5699 1494 5771 Baluz.,
1523 5701 1708 5777 Colb.,
1750 5704 1971 5774 Nomm,
1997 5708 2130 5775 οἱα..

2247 3157 2481 3214 mutatio
2513 3158 2668 3214 velut
2695 3155 2945 3229 quaedam
2975 3153 3171 3210 mortis
3195 3152 3434 3208 imitatio
3462 3160 3565 3209 est.
3600 3151 3665 3209 Id
3692 3151 3845 3208 enim

2245 3245 2393 3318 quod
2421 3253 2597 3302 mutat
2616 3244 2770 3318 quasi
2792 3243 2860 3300 ab
2886 3260 2950 3299 eo
2967 3241 3114 3315 quod
3145 3249 3262 3298 erat
3290 3240 3575 3311 interﬁcit,
3595 3248 3660 3298 ut
3687 3240 3845 3299 desi-

2243 3342 2338 3391 nat
2366 3351 2480 3391 esse
2509 3333 2658 3408 quod
2704 3333 2831 3402 fuit,
2861 3340 2916 3388 et
2956 3331 3188 3403 incipiat
3217 3346 3332 3388 esse
3367 3330 3516 3404 quod
3552 3347 3666 3388 non
3711 3331 3840 3389 fuit.

2241 3423 2452 3480 Lumen
2482 3423 2653 3496 igitur
2693 3437 2910 3490 verum,
2939 3427 3153 3478 creator
3177 3419 3441 3478 videlicet
3468 3427 3677 3489 noster,
3709 3420 3845 3494 quia

2242 3513 2396 3569 nulla
2427 3511 2712 3569 mutabilis
2730 3509 3115 3569 vicissitudine
3143 3508 3492 3578 tenebrescit,
3521 3508 3696 3565 nullis
3743 3524 3840 3564 na-

2241 3611 2377 3659 tura:
2405 3619 2518 3660 suae
2546 3602 2852 3660 defectibus
2881 3601 3265 3670 obumbratur,
3302 3598 3398 3658 sed
3425 3600 3544 3672 ejus
3571 3615 3694 3657 esse
3719 3599 3844 3657 sine

2241 3692 2612 3750 mutabilitate
2638 3693 2848 3766 fulgere
2878 3699 2982 3759 est,
3010 3690 3251 3746 tenebrae
3279 3689 3368 3745 vel
3420 3688 3619 3746 umbra
3645 3689 3842 3748 mortis

2240 3783 2447 3841 dicitur
2475 3783 2526 3840 ei
2555 3799 2667 3839 non
2695 3781 2892 3838 inesse.
2923 3778 3078 3836 Unde
3096 3778 3232 3834 alias
3257 3777 3523 3850 scriptum
3544 3785 3657 3834 est:
3680 3777 3843 3850 Apud

2239 3890 2393 3944 quem
2425 3879 2626 3928 nonest
2655 3869 3051 3937 transmutatio,
3091 3885 3183 3924 nec
3217 3867 3594 3923 vicissitudinis
3647 3867 3842 3924 obum-

2241 3963 2414 4019 bratio
2441 3962 2586 4030 (Jac.
2610 3975 2652 4029 ι,
2685 3960 2800 4030 17).
2831 3960 2905 4016 Et
2924 3959 3073 4017 unde
3101 3975 3293 4016 rursus
3334 3958 3537 4016 Paulus
3563 3958 3842 4032 apostolus

2240 4055 2411 4113 dicit:
2449 4053 2550 4121 Qui
2587 4053 2732 4109 solus
2756 4053 2907 4110 habet
2925 4052 3396 4120 immortalitatem,
3427 4056 3476 4107 et
3505 4051 3668 4106 lucem
3694 4047 3840 4104 habi-

2242 4151 2318 4201 tat
2345 4142 2747 4200 inaccessibilem
2778 4144 2844 4214 (Ι
2875 4143 3010 4200 Tim.
3037 4161 3119 4210 v1,
3153 4142 3270 4214 16).
3295 4139 3436 4216 [γει.
3470 4138 3556 4214 ν.]
3585 4138 3690 4197 Sed
3711 4153 3840 4196 cum

2239 4233 2425 4291 cuncti
2455 4221 2775 4290 noverimus
2803 4233 2952 4306 quod
2979 4240 3035 4290 et
3063 4232 3307 4289 humana
3331 4231 3514 4288 anima
3529 4237 3585 4285 et
3601 4226 3839 4300 angelici

2239 4321 2466 4394 spiritus
2494 4321 2650 4379 sint"
2684 4321 3026 4378 immortales
3054 4321 3318 4390 instituti,
3349 4336 3446 4380 cur
3470 4317 3538 4375 ab
3570 4315 3841 4390 Apostolo

2160 4445 2210 4504 Β
2241 4411 2391 4504 solus
2433 4411 3086 4504 Deusimmortalitatem
3108 4410 3308 4504 habere
3335 4407 3678 4504 perhibetur,
3727 4403 3839 4461 nisi

2241 4500 2370 4575 quia
2410 4501 2561 4558 solus
2587 4502 2733 4558 Deus
2764 4517 2892 4558 vere
2921 4517 3032 4558 non
3080 4501 3339 4570 moritur,
3369 4498 3466 4573 qui
3503 4496 3656 4555 solus
3683 4509 3840 4552 nun-

2238 4606 2402 4664 quam
2432 4597 2678 4647 mutatur
2691 4589 2722 4647 Ἰ

2313 4681 2398 4736 10.
2433 4681 2688 4736 Humana
2707 4679 2910 4753 quippe
2928 4681 3113 4737 anima
3128 4680 3186 4735 in
3205 4680 3419 4752 lapsum
3454 4693 3565 4734 non
3593 4675 3841 4747 caderet,

2241 4770 2286 4825 si
2315 4771 2599 4828 mutabilis
2626 4787 2737 4827 non
2755 4769 2976 4837 fuisset;
3010 4787 3130 4842 quae
3154 4767 3439 4840 aparadisi
3455 4783 3677 4840 quoque
3711 4783 3838 4839 gau-

2240 4859 2348 4916 diis
2376 4861 2626 4932 expulsa,
2643 4861 2690 4916 si
2721 4859 2998 4915 mutabilis
3034 4875 3143 4914 non
3172 4864 3334 4926 esset,
3365 4857 3436 4914 ad
3467 4857 3642 4913 vitam
3661 4857 3838 4913 t3nun-

2241 4965 2403 5022 quam
2434 4949 2654 5006 rediret.
2693 4951 2754 5007 ln
2798 4949 2903 5006 hoc
2931 4949 3048 5021 ipso
3077 4963 3208 5004 vero
3237 4947 3389 5020 quod
3433 4945 3504 5003 ad
3536 4946 3710 5002 vitam
3742 4963 3839 5003 re-

2239 5038 2358 5095 dire
2388 5037 2605 5107 nititur,
2633 5038 2879 5096 defectus
2899 5055 3026 5096 suos
3052 5038 3268 5112 cogitur
3290 5054 3324 5094 a
3352 5044 3603 5095 ternante
3623 5051 3840 5108 semper

2239 5126 2605 5186 mutabilitate
2655 5129 2907 5187 tolerare.
2939 5128 3082 5199 Quia
3109 5144 3236 5203 ergo
3265 5143 3336 5185 ex
3371 5126 3550 5185 nihilo
3578 5133 3661 5184 est
3693 5141 3837 5184 con-

2238 5358 2353 5402 non
2389 5336 2653 5410 decrescit,
2681 5345 2745 5400 ut
2771 5337 2976 5400 habent
2991 5337 3168 5400 Editi.
3197 5341 3277 5400 De
3297 5337 3403 5399 hac
3429 5353 3564 5397 voce
3591 5334 3720 5394 vide
3747 5352 3836 5393 su-

2239 5432 2358 5490 pra,
2387 5416 2428 5472 l.
2452 5432 2549 5484 xv,
2581 5429 2736 5471 num.
2764 5414 2854 5472 71.

2311 5489 2334 5568 ξ
2362 5485 2598 5568 Yindoc.
2631 5493 2694 5568 et_
2718 5485 2890 5568 Prat.,
2921 5487 2978 5543 in
3003 5504 3171 5546 mnu
3186 5485 3366 5559 jungi.

2312 5560 2334 5595 θ
2362 5558 2534 5628 Prat.,
2567 5557 2786 5614 tenebrae
2811 5557 2944 5628 ejus.

2311 5631 2332 5666 ⁷
2360 5623 2598 5700 Yindoc.
2629 5638 2684 5688 et
2709 5623 2933 5700 Pratel.,
2965 5630 3286 5688 immortales
3329 5623 3619 5684 constituti.

2313 5701 2336 5740 ⁸
2362 5699 2626 5774 Vindoc.,
2653 5703 2866 5774 Baluz.,
2885 5699 3066 5771 Colb.,
3085 5699 3303 5759 minime
3323 5701 3546 5759 rediret.
