4162 6184
323 285 428 344 325

1091 285 1467 346 MORALIUM
1505 289 1642 348 LIB.
1685 289 1867 348 XXV.
1907 321 1978 334 -—
2018 291 2089 348 IN
2127 292 2357 350 CAPUT
2396 294 2640 351 XXXIV
2679 296 2742 351 B.
2783 295 2926 352 JOB.

325 412 442 470 dita
469 427 544 468 ex
572 427 631 467 se
657 408 1024 468 nihilominus
1068 410 1214 470 infra
1252 430 1310 471 se
1335 414 1540 484 tendit,
1569 415 1678 473 nisi
1707 417 1776 474 ad
1799 417 1933 476 boni
1960 420 2014 481 Α
2041 427 2225 477 mente
2253 427 2578 493 conceptum
2600 421 2622 456 ³
2651 436 2749 492 per
2766 422 3241 482 conversationem
3261 425 3448 484 diluit.
3479 427 3564 486 Ad
3583 429 3650 486 il-

325 498 593 558 desiderii
631 507 832 556 statum
861 499 1090 558 artiﬁcis
1117 501 1204 558 sui
1249 519 1416 560 manu
1445 511 1716 562 teneatur.
1754 507 1842 562 Ex
1871 523 1936 564 eo

325 590 519 663 itaque
563 588 710 662 quod
757 596 1007 646 creatura
1049 599 1152 660 est,
1185 590 1439 649 deorsum
1470 593 1551 650 ire
1579 593 1763 652 habet.
1796 595 1937 652 Vir-

325 688 446 738 tute
475 695 713 753 namque
741 679 964 752 propria
1007 681 1067 738 in
1096 699 1335 756 praeceps
1362 701 1520 758 posse
1548 701 1605 742 se
1633 685 1713 742 ire
1741 686 1935 744 consi-

325 770 505 839 derat,
533 768 631 826 sed
657 769 728 826 ad
753 777 1056 828 creatorem
1085 790 1247 830 suum
1277 776 1482 832 amoris
1509 793 1678 834 manu
1704 794 1762 834 se
1791 778 1936 834 reti-

327 867 440 929 net,
469 875 543 916 ne
571 859 754 928 cadat,
785 877 1068 934 quousque
1097 863 1164 918 ad
1207 862 1714 925 immutabilitatem
1744 875 1935 924 trans-

328 957 434 1017 eat,
477 954 534 1004 et
583 964 649 1005 eo
695 964 825 1005 vere
881 948 1289 1021 immortaliter,
1347 970 1456 1028 quo
1509 955 1935 1014 immutabiliter

327 1041 501 1097 vivat.

400 1132 489 1188 11.
548 1129 660 1202 Ipsi
709 1146 928 1205 quoque
969 1133 1202 1206 angelici
1249 1133 1477 1208 spiritus
1529 1137 1822 1194 mutabiles
1864 1154 1932 1194 ex

327 1230 525 1280 natura
552 1228 684 1278 sunt
711 1221 947 1291 conditi,
995 1231 1266 1296 quatenus
1292 1233 1387 1282 aut
1414 1244 1512 1283 sua
1540 1236 1732 1300 sponte
1765 1227 1935 1286 cade-

327 1320 452 1368 rent
480 1319 576 1367 aut
629 1327 698 1367 ex
728 1309 961 1368 arbitrio
1017 1321 1242 1371 starent.
1302 1315 1409 1373 Sed
1464 1317 1593 1392 quia
1647 1317 1936 1374 humiliter

328 1402 616 1473 elegerunt
671 1400 722 1457 ei
769 1399 1060 1470 inhaarere,
1109 1419 1141 1458 a
1186 1419 1295 1477 quo
1338 1406 1506 1462 creati
1554 1414 1704 1475 sunt,
1743 1409 1760 1442 ¹
1793 1406 1937 1463 hanc

328 1490 500 1564 ipsam
556 1489 618 1547 in
662 1506 720 1548 se
762 1490 1189 1548 mutabilitatem
1233 1511 1388 1551 suam
1432 1496 1614 1552 standi
1655 1495 1771 1568 jam
1819 1495 1936 1552 im—

331 1581 702 1638 mutabilitate
729 1582 986 1638 vicerunt
1016 1599 1029 1638 :
1070 1592 1135 1640 ut
1163 1583 1272 1642 hoc
1308 1585 1489 1658 ipsum
1521 1587 1718 1642 merito
1746 1593 1938 1642 trans-

331 1671 648 1741 canderent,
707 1671 856 1745 quod
908 1679 1115 1729 naturae
1162 1690 1274 1730 suae
1326 1673 1520 1732 ordine
1577 1675 1935 1732 mutabilitati

330 1761 552 1818 subesse
596 1760 923 1834 potuissent.
975 1761 1116 1829 Quia
1143 1778 1272 1836 ergo
1297 1763 1470 1820 solius
1495 1763 1702 1820 divinae
1725 1773 1938 1821 naturae
1974 1779 2020 1839 Β

329 1858 414 1907 est
441 1851 667 1908 umbras
686 1851 1014 1924 ignorantiae
1035 1853 1534 1928 mutabilitatisque
1562 1871 1674 1911 non
1705 1853 1937 1926 perpeti,

328 1939 554 1998 dicatur
581 1950 746 2012 recte,
775 1943 893 2000 Non
911 1950 1036 1999 sunt
1052 1945 1290 2011 tenebrae,
1311 1952 1359 2001 et
1377 1963 1480 2002 non
1498 1953 1572 2002 est
1591 1946 1778 2002 umbra
1793 1962 1939 2001 mor-

332 2031 425 2096 tis,
479 2037 539 2086 ut
577 2033 962 2089 abscondantur
1005 2033 1080 2090 ibi
1107 2035 1202 2106 qui
1245 2042 1538 2107 operantur
1581 2035 1937 2106 iniquitatem.

333 2117 474 2193 [Vet
509 2119 624 2194 VL]
644 2121 766 2177 Lux
787 2122 936 2178 enim
956 2131 1182 2193 eterna,
1205 2140 1325 2198 quae
1345 2127 1491 2182 Deus
1506 2132 1608 2194 est,
1631 2133 1838 2197 quanto
1857 2124 1940 2180 in-

334 2217 800 2274 commutabiliter
828 2217 972 2274 792
996 2220 1191 2293 fulget,
1226 2228 1379 2278 tanto
1401 2220 1818 2294 penetrabiliter
1844 2218 1945 2275 vi-

334 2303 459 2371 det;
492 2313 544 2361 et
571 2322 752 2380 neque
781 2309 1000 2365 occulta
1037 2308 1236 2377 nescit,
1269 2310 1401 2384 quia
1439 2317 1638 2367 cuncta
1671 2315 1940 2382 penetrat,

333 2409 507 2466 neque
546 2403 834 2467 penetrata
878 2396 1251 2468 obliviscitur,
1292 2400 1420 2472 quia
1469 2397 1942 2457 incommutabilis

331 2481 509 2540 durat.
542 2485 785 2542 Proinde
816 2487 1030 2559 quoties
1064 2487 1355 2558 indignum
1387 2489 1598 2560 aliquid
1627 2488 1790 2545 corde
1814 2503 1944 2543 con-

329 2573 591 2645 cipimus,
615 2574 788 2629 toties
815 2574 873 2628 in
898 2575 1023 2629 luce
1052 2589 1364 2645 peccamus,
1404 2575 1534 2646 quia
1563 2575 1683 2646 ipsa
1710 2575 1870 2631 nobis
1891 2582 1946 2631 et

325 2677 453 2719 non
480 2661 590 2717 sibi
630 2661 995 2733 praesentibus
1042 2670 1239 2734 praesto
1282 2671 1385 2732 est,
1435 2671 1488 2720 et
1528 2680 1780 2736 perverse
1815 2681 1946 2737 gra-

325 2749 555 2806 dientes
576 2749 636 2806 in
653 2750 831 2822 ipsam
851 2751 1233 2823 impingimus,
1253 2769 1284 2808 a
1304 2769 1412 2826 qua
1431 2769 1527 2825 per
1545 2753 1802 2810 meritum
1827 2754 1942 2811 lon-

329 2855 392 2910 ge
443 2854 657 2894 sumus.
706 2838 845 2896 Cum
888 2855 1021 2896 vero
1062 2857 1163 2897 nos
1192 2841 1366 2897 videri
1413 2857 1524 2898 non
1555 2842 1850 2911 credimus,
1882 2843 1943 2899 in

331 2927 450 2983 sole
481 2927 700 2983 clausos
740 2927 930 2984 oculos
971 2935 1241 2986 tenemus.
1279 2931 1442 2988 Illum
1490 2931 1753 2989 videlicet
1782 2933 1944 2990 nobis

337 3014 749 3084 abscondimus,
772 3032 884 3072 non
899 3032 1002 3073 nos
1021 3015 1126 3072 illi.
1149 3018 1308 3075 Nunc
1327 3035 1454 3091 ergo
1475 3019 1606 3076 dum
1628 3037 1942 3093 possumus,

2045 511 2142 567 lud
2179 512 2380 584 quippe
2407 509 2598 566 venire
2626 527 2739 566 non
2769 510 3062 580 desiderat,
3093 513 3344 587 quisquis
3371 533 3429 573 se
3457 533 3555 590 per
3583 517 3651 574 il-

2044 599 2142 655 lud
2161 599 2409 655 damnari
2435 597 2714 654 formidat.
2739 601 2883 655 Dum
2904 616 3032 673 ergo
3053 600 3260 659 dicitur
3284 621 3296 659 :
3319 605 3496 675 Neque
3513 606 3652 662 enim

2044 687 2193 741 ultra
2220 687 2277 742 in
2312 686 2538 742 hominis
2560 693 2813 759 potestate
2854 695 2951 756 est,
2990 695 3050 744 ut
3075 691 3253 746 veniat
3283 692 3356 747 ad
3390 693 3558 748 Deum
3591 693 3652 749 in

2035 775 2320 847 judicium,
2342 776 2587 849 profecto
2607 778 2920 835 ostenditur
2938 795 3054 836 esse
3073 779 3350 852 quoddam
3373 779 3649 852 judicium

2043 865 2191 940 quod
2219 864 2548 939 quandoque
2576 865 2742 921 etiam
2771 882 2803 921 a
2829 865 3104 924 damnatis
3132 883 3195 925 ac
3221 868 3470 940 reprobis
3494 868 3651 925 desi-

2043 953 2284 1012 deretur.
2316 956 2389 1011 Et
2416 953 2566 1027 quod
2592 962 2675 1010 est
2714 953 2877 1024 illud,
2908 955 3017 1012 nisi
3047 955 3177 1023 hoc,
3203 956 3270 1013 de
3309 973 3418 1030 quo
3449 957 3653 1013 Paulus

2044 1041 2325 1114 apostolus
2352 1039 2492 1096 dicit
2539 1057 2551 1096 :
2605 1041 2664 1097 Si
2709 1043 3048 1114 nosmetipsos
3077 1041 3517 1113 diiudicaremus,
3545 1059 3654 1099 non

2044 1131 2224 1201 utique
2233 1130 2610 1200 judicaremur
2627 1130 2686 1201 (Ι
2703 1131 2829 1188 Cor.
2862 1147 2943 1200 x1,
2965 1131 3059 1203 31)
3079 1131 3107 1187 ?
3126 1138 3181 1188 et
3199 1132 3268 1188 de
3287 1148 3397 1205 quo
3420 1148 3516 1205 per
3530 1147 3652 1204 pro-

2044 1218 2266 1292 phetam
2296 1217 2502 1276 dicitur
2537 1236 2548 1274 :
2579 1220 2701 1276 Non
2720 1226 2794 1275 est
2809 1219 3076 1290 judicium
3100 1222 3156 1276 in
3178 1221 3441 1292 gressibus
3472 1237 3655 1278 eorum

2042 1307 2205 1379 (Isai.
2247 1322 2364 1372 Lix,
2395 1305 2454 1378 8)
2484 1323 2508 1373 ;
2533 1314 2588 1362 et
2615 1306 2683 1362 de
2703 1324 2813 1381 quo
2840 1309 3019 1366 David
3047 1310 3126 1365 ait
3157 1327 3169 1365 :
3203 1311 3390 1366 Honor
3408 1311 3546 1382 regis
3562 1309 3654 1380 ju-

2045 1397 2240 1455 dicium
2267 1395 2442 1468 diligit
2484 1396 2658 1469 (Psal.
2707 1413 2904 1467 xcvm,
2953 1397 3052 1471 4);
3099 1397 3360 1456 videlicet
3405 1399 3500 1472 qui
3537 1397 3653 1471 jam

2046 1489 2221 1544 Deum
2252 1485 2489 1542 honorat
2505 1501 2576 1541 ex
2603 1485 2733 1556 ﬁde,
2751 1486 2987 1544 sollicite
3003 1485 3221 1558 judicet
3238 1487 3374 1559 quid
3390 1487 3440 1542 ei
3460 1487 3657 1544 debeat

2046 1574 2106 1630 in
2135 1573 2472 1647 operatione.
2506 1574 2663 1630 Unde
2691 1591 2909 1631 rursum
2939 1574 3210 1648 scriptum
3240 1581 3324 1632 est
3357 1591 3369 1630 :
3401 1574 3657 1632 Judicare

2045 1680 2228 1719 coram
2254 1664 2504 1730 Domino,
2537 1669 2586 1718 et
2620 1670 2860 1736 exspecta
2888 1681 3003 1719 eum
3029 1665 3158 1734 (Job
3190 1681 3369 1734 xxxv,
3403 1664 3520 1735 14).
3554 1664 3655 1722 Co-

2047 1769 2164 1809 ram
2192 1754 2433 1810 Domino
2463 1751 2675 1810 scilicet
2698 1752 3005 1825 judicatur,
3033 1754 3128 1828 qui
3153 1755 3318 1812 corde
3347 1753 3654 1812 Dominum

2048 1844 2341 1917 conspicit,
2372 1852 2427 1901 et
2458 1853 2613 1902 actus
2635 1862 2765 1902 suos
2793 1847 2896 1902 sub
2925 1846 3045 1918 ejus
3076 1847 3389 1920 praesentia,
3419 1845 3659 1905 sollicita

2050 1937 2414 2010 inquisitione
2442 1938 2725 1995 discernit.
2774 1939 2949 2006 Quem
2979 1946 3134 1996 tanto
3179 1942 3202 1976 ⁴
3239 1942 3364 2012 quis
3409 1941 3659 1997 securius

2049 2034 2351 2100 exspectat,
2382 2037 2586 2100 quanto
2639 2027 2887 2101 quotidie
2934 2027 3106 2084 vitam
3154 2045 3310 2085 suam
3363 2037 3656 2102 suspectus

2051 2115 2352 2172 examinat.
2383 2115 2491 2182 Qui
2521 2115 2669 2171 enim
2698 2116 2769 2172 ad
2798 2124 3111 2174 extremum
3134 2115 3255 2188 ejus
3268 2115 3545 2188 judicium
3567 2133 3656 2174 ve-

2051 2205 2159 2272 nit,
2190 2221 2303 2261 non
2317 2204 2432 2276 jam
2452 2221 2638 2261 coram
2660 2205 2780 2274 illo,
2803 2205 2899 2262 sed
2913 2204 2982 2260 ab
3009 2205 3111 2261 illo
3125 2205 3427 2277 judicatur.
3451 2209 3530 2264 De
3549 2207 3659 2267 hoc

2051 2311 2270 2368 quoque
2299 2294 2499 2352 mentis
2524 2294 2739 2366 judicio
2768 2293 3118 2351 obliviscenti
3149 2294 3349 2351 anima:
3382 2309 3478 2367 per
3518 2310 3658 2367 pro-

2051 2384 2274 2457 phetam
2304 2385 2574 2441 Dominus
2603 2383 2742 2440 dicit
2771 2401 2783 2438 :
2826 2385 3004 2442 Reduc
3045 2401 3127 2438 me
3153 2384 3212 2438 in
3237 2384 3570 2450 memoriam,
3599 2388 3660 2440 ut

2043 2472 2350 2542 judicemur
2379 2473 2539 2528 simul
2566 2490 2587 2537 ;
2615 2488 2789 2528 narra
2819 2471 2868 2526 si
2893 2471 3023 2542 quid
3057 2471 3235 2538 habes,
3267 2477 3326 2526 ut
3344 2469 3658 2544 justiﬁceris

2055 2561 2211 2634 (Isai.
2243 2578 2401 2629 xuii,
2441 2562 2558 2633 26).

2125 2650 2269 2725 [Rea
2326 2650 2442 2726 ν1.]
2492 2652 2576 2708 13.
2623 2650 2822 2707 Judicii
2862 2651 3020 2723 hujus
3055 2651 3208 2708 ordo.
3255 2652 3483 2708 Accusat
3525 2669 3660 2708 con-

2052 2742 2290 2812 scientia,
2318 2741 2461 2798 ratio
2481 2741 2716 2812 judicat,
2766 2743 2924 2798 timor
2960 2743 3110 2815 ligat,
3147 2743 3304 2799 dolor
3331 2743 3556 2800 cruciat.
3587 2773 3660 2785 —

2050 2831 2226 2888 Debet
2277 2831 2427 2886 enirn
2483 2828 2917 2904 uniuscujusque
2973 2847 3130 2888 mens
3179 2838 3233 2886 et
3282 2847 3476 2888 causas
3533 2847 3659 2888 suas

2051 2918 2198 2991 apud
2225 2919 2548 2986 Dominum,
2579 2926 2634 2974 et
2661 2935 2851 2976 causas
2879 2918 3104 2975 Domini
3124 2925 3317 2974 contra
3336 2935 3392 2974 se
3421 2917 3662 2975 sollicita

2052 3005 2416 3080 inquisitione
2448 3008 2470 3041 δ
2503 3005 2777 3062 discutere
2808 3023 2822 3071 ;
2867 3007 3030 3063 debet
3068 3014 3226 3062 caute
3272 3022 3519 3078 pensare,
3569 3005 3660 3062 vel

344 3120 377 3161 a
407 3110 703 3176 conspectu
733 3105 921 3161 aeterni
943 3103 1152 3177 judicis
1176 3114 1231 3164 et
1258 3108 1402 3164 male
1431 3108 1690 3182 cogitata,
1727 3110 1749 3144 ³
1777 3117 1832 3165 et
1855 3126 1944 3183 pe-

2053 3112 2174 3170 quae
2199 3096 2268 3153 ab
2287 3112 2352 3153 eo
2379 3096 2525 3152 bona
2553 3096 2876 3170 perceperit,
2909 3096 2997 3153 vel
3019 3111 3141 3168 qua:
3161 3095 3306 3151 mala
3323 3095 3487 3151 bonis
3505 3094 3662 3152 illius

338 3191 432 3265 jus
460 3200 768 3266 perpetrata
786 3193 1096 3262 deleamus;
1130 3212 1452 3254 revocemus
1477 3205 1604 3255 ante
1624 3199 1814 3256 oculos
1827 3215 1945 3256 cor-

340 3281 429 3338 dis
456 3283 728 3358 quidquid
774 3301 1026 3358 perverse
1074 3287 1286 3360 egimus
1324 3305 1418 3361 per
1463 3288 1766 3363 nequitiam
1794 3307 1946 3363 prae-

335 3373 686 3446 sumptionis.
718 3374 870 3431 Nihil
900 3375 1006 3432 sibi
1045 3383 1234 3434 nostra
1273 3377 1592 3435 blandiatur
1624 3378 1940 3450 inﬁrmitas,

336 3470 500 3536 atque
545 3464 605 3520 in
652 3463 742 3521 bis
779 3482 901 3539 quae
942 3467 1160 3536 recolit,
1191 3468 1538 3541 semetipsam
1569 3468 1801 3526 delicate
1831 3486 1943 3526 non

336 3552 541 3625 palpet,
569 3553 664 3609 sed
693 3561 899 3627 quanto
948 3554 1054 3612 sibi
1085 3557 1217 3612 mali
1247 3557 1320 3613 sit
1349 3558 1588 3627 conscia,
1619 3567 1773 3616 tanto
1800 3560 1860 3614 in
1889 3575 1945 3616 se

335 3641 637 3714 benignius
654 3645 726 3701 sit
751 3661 965 3716 severa,
995 3653 1266 3719 proponat
1285 3655 1478 3704 contra
1505 3665 1561 3704 se
1591 3648 1841 3706 futurum
1856 3648 1944 3722 ju-

336 3730 582 3798 dicium,
613 3740 666 3788 et
692 3749 915 3808 quaeque
937 3735 996 3791 in
1026 3751 1084 3791 se
1111 3736 1280 3793 sentit
1307 3736 1555 3792 districte
1584 3737 1832 3794 ferienda
1850 3754 1946 3809 per

333 3821 669 3879 sententiam
692 3823 919 3896 judicis,
952 3824 1070 3882 haec
1115 3825 1176 3881 in
1218 3841 1275 3882 se
1307 3825 1396 3897 pie
1424 3825 1588 3881 feriat
1615 3842 1712 3898 per
1753 3825 1946 3898 poeni-

335 3911 566 3967 tentiam
604 3913 1000 3971 conversionis.
1047 3913 1203 3971 Unde
1242 3920 1366 3986 apte
1396 3921 1685 3989 postquam
1713 3914 1947 3972 violenti

335 3997 504 4069 hujus
533 4017 696 4072 poena
719 4000 995 4074 descripta
1013 4009 1117 4072 est,
1145 4002 1398 4076 sequitur
1427 4019 1442 4060 :

808 4147 1036 4206 CAPUT
1065 4147 1166 4206 vn
1201 4146 1345 4222 [περ.
1388 4147 1476 4223 V].

412 4266 582 4323 Vnus.
614 4266 706 4324 23.
736 4297 810 4309 —
836 4267 1013 4338 Neque
1041 4267 1178 4323 enim
1197 4269 1346 4324 ultra
1373 4267 1431 4322 in
1449 4266 1674 4323 hominis
1693 4273 1948 4340 potestate

339 4363 415 4410 est
441 4363 499 4411 ut
528 4359 704 4414 veniat
729 4359 802 4414 ad
831 4362 996 4415 Deum
1024 4359 1083 4414 in
1105 4357 1386 4429 judicium.

415 4454 500 4511 12.
543 4455 647 4511 Dei
681 4455 949 4524 judicium
983 4456 1278 4528 praevenire
1319 4456 1556 4512 debemus
1606 4459 1948 4531 nosmetipsos

338 4544 628 4599 udicando.
659 4575 728 4585 —
756 4545 964 4602 Versus
1001 4545 1105 4602 iste
1133 4552 1291 4601 tanto
1323 4543 1531 4617 majore
1561 4544 1939 4617 disputatione

341 4633 571 4710 indiget,
603 4642 807 4706 quanto
836 4635 942 4691 hoc
967 4633 1115 4707 quod
1147 4633 1304 4702 dicit,
1334 4635 1380 4690 si
1410 4635 1728 4706 negligitur,
1763 4635 1946 4692 acrius

341 4721 512 4778 dolet.
541 4723 644 4779 Hic
673 4723 941 4779 nimirum
983 4738 1096 4778 non
1125 4721 1267 4778 illud
1303 4720 1580 4793 judicium
1609 4721 1952 4794 designatur,

344 4809 496 4883 quod
523 4827 617 4883 per
656 4821 917 4868 aeternam
965 4809 1390 4867 retributionem
1433 4809 1616 4884 punit,
1666 4809 1762 4868 sed
1804 4811 1956 4884 quod

421 5021 438 5055 ί
480 5020 584 5078 Hic
618 5021 893 5079 Gussanv.
947 5019 1206 5078 admonet
1234 5021 1293 5078 in
1331 5021 1432 5079 Ms.
1466 5021 1737 5080 Vaticano
1769 5025 1795 5080 1
1827 5023 1957 5082 addi

344 5093 635 5166 sequentia
675 5111 695 5166 κε
735 5094 1075 5166 Acceperunt
1101 5111 1166 5149 ea:
1193 5093 1392 5149 visione
1431 5095 1650 5149 rectoris
1683 5096 1770 5150 sui
1815 5097 1875 5152 in
1902 5115 1958 5154 se

343 5164 478 5235 ipsis
513 5165 626 5237 sine
653 5165 854 5236 defectu
879 5164 1189 5237 persistere.
1212 5236 1218 5237 ί
1239 5166 1332 5222 Ea:
1369 5182 1424 5237 eo
1455 5171 1642 5237 tamen
1678 5167 1751 5222 eis
1780 5168 1959 5224 standi

344 5252 441 5310 ars
462 5236 606 5292 mira
632 5237 858 5309 conﬁcit,
879 5236 989 5310 quo,
1001 5237 1127 5292 dum
1145 5236 1316 5292 sciunt
1333 5236 1465 5310 quid
1482 5237 1545 5310 de
1563 5239 1796 5310 propria
1808 5239 1951 5310 posi-

346 5306 485 5380 tione
524 5306 765 5380 possunt,
813 5306 1147 5380 considerant
1191 5306 1409 5380 rectoris
1461 5308 1546 5363 sui
1563 5306 1953 5380 puber/talioni

346 5325 485 5361 twne
563 5325 765 5374 assunt,
813 5325 1147 5363 considerant
1191 5325 1409 5364 rectoris
1461 5325 1545 5363 sui
1584 5325 1953 5380 gubernationi

344 5377 480 5452 quid
503 5325 735 5436 ﬁbeant.
777 5381 854 5436 Et
877 5385 1072 5450 quanto
1099 5378 1317 5452 facilius
1343 5379 1648 5452 sentiuntrse
1670 5397 1821 5452 posse
1840 5398 1954 5437 mu-

347 5448 586 5505 tabiliter
625 5451 752 5517 labi,
785 5448 930 5506 tanto
962 5468 1015 5506 se
1041 5451 1113 5506 ad
1138 5467 1370 5506 amorem
1396 5451 1616 5507 rectoris
1642 5448 1728 5507 sui
1752 5453 1954 5508 arctius

347 5537 415 5575 ne
445 5521 699 5596 labantur
725 5523 1046 5593 astringunt.
1079 5520 1344 5596 Positione
1367 5523 1599 5593 propria
1626 5523 1699 5579 ad
1721 5541 1954 5596 praeceps

341 5608 498 5666 posse
527 5609 580 5647 se
610 5593 691 5648 ire
718 5599 1048 5666 cognoscunt,
1079 5593 1266 5666 sed_ad
1293 5599 1579 5666 creatorem
1604 5593 1759 5651 suum
1785 5593 1945 5652 amo-

456 5680 624 5720 manu
653 5681 709 5720 se
731 5663 978 5737 retinent,
1006 5680 1072 5737 ne
1098 5663 1310 5737 cadant.
1332 5664 1483 5737 Hanc
1509 5665 1700 5737 ipsam.
1727 5668 1843 5726 Hoc
1863 5666 1955 5725 ad-

350 5733 730 5796 ditamentum
756 5736 864 5798 etsi
887 5754 924 5796 a
948 5733 1097 5812 ctylo
1123 5734 1460 5812 Gregoriano
1499 5733 1613 5801 non
1637 5738 1956 5811 abhorreat,

2051 3204 2305 3262 perverse
2341 3187 2582 3244 vivendo
2627 3187 2992 3260 responderit.
3037 3186 3196 3255 Quod
3239 3185 3401 3243 electi
3431 3184 3660 3260 quidem

2052 3276 2300 3351 quotidie
2329 3277 2508 3335 facere
2535 3277 2765 3334 omnino
2796 3293 2909 3333 non
2941 3283 3175 3332 cessant.
3209 3274 3365 3332 Unde
3392 3274 3532 3332 bene
3561 3277 3654 3332 Sa-

2051 3367 2240 3424 lomon
2250 3367 2358 3425 ait:
2383 3369 2731 3442 Cogitationes
2738 3367 2767 3436 j
2772 3373 3032 3435 ustorum,
3041 3364 3254 3435 judicia
3271 3365 3659 3438 (Prov.xu,5).

2054 3462 2197 3520 793
2225 3465 2515 3524 Accedunt
2537 3465 2687 3522 enim
2717 3464 2786 3521 ad
2813 3463 3170 3522 secretarium
3185 3460 3396 3534 judicis
3423 3461 3572 3518 intra
3590 3461 3662 3518 si-

2052 3573 2188 3613 num
2218 3557 2403 3614 cordis
2435 3575 2447 3612 :
2477 3557 2830 3614 considerant
2856 3571 3022 3628 quam
3048 3553 3298 3611 districte
3328 3553 3662 3626 quandoque

2052 3646 2214 3704 feriat
2241 3647 2336 3721 qui
2385 3646 2483 3704 diu
2520 3649 2791 3720 patienter
2819 3653 3137 3718 exspectat;
3170 3651 3426 3702 metuunt
3467 3644 3528 3701 in
3575 3643 3664 3702 his

2052 3753 2174 3809 quae
2200 3754 2258 3794 se
2284 3737 2458 3810 egisse
2488 3737 2884 3804 meminerunt,
2928 3743 2984 3791 et
3012 3734 3258 3807 puniunt
3297 3734 3482 3791 ﬂendo
3511 3733 3664 3806 quod

2053 3833 2392 3897 perpetrasse
2411 3841 2469 3880 se
2489 3825 2829 3896 intelligunt;
2849 3823 3053 3878 timent
3071 3819 3298 3877 subtilia
3314 3821 3416 3876 Dei
3426 3819 3664 3891 judicia,

2053 3915 2222 3973 etiam
2254 3912 2322 3968 de
2350 3912 2439 3969 his
2471 3928 2594 3985 quae
2640 3911 2701 3966 in
2747 3908 3058 3981 semetipsis
3097 3907 3408 3978 intelligere
3434 3906 3667 3964 fortasse

2053 4022 2167 4064 non
2195 4011 2446 4079 possunt.
2477 4001 2687 4060 Vident
2713 3999 2864 4057 enim
2885 3997 3066 4056 videri
3095 3995 3371 4054 divinitus
3390 3995 3538 4070 quod
3557 3995 3667 4070 ipsi

2053 4097 2115 4155 in
2141 4114 2200 4154 se
2226 4114 2323 4171 per
2353 4093 2757 4153 humanitatem
2788 4107 2901 4148 non
2927 4089 3123 4147 vident
3157 4106 3171 4157 ;
3201 4087 3558 4161 conspiciunt
3583 4087 3665 4144 di-

2055 4187 2309 4245 strictum
2327 4185 2595 4260 judicem,
2624 4182 2720 4257 qui
2750 4198 2860 4255 quo
2886 4179 3100 4237 tardius
3128 4177 3305 4246 venit,
3328 4193 3392 4234 eo
3421 4177 3667 4235 severius

2056 4277 2314 4352 percutit.
2346 4276 2673 4334 Sanctorum
2713 4273 2879 4328 etiam
2909 4277 3129 4343 patrum
3161 4266 3400 4325 residere
3426 4283 3667 4326 conven-

2056 4375 2175 4424 tum
2215 4383 2342 4425 cum
2372 4382 2437 4422 eo
2477 4364 2695 4438 pariter
2737 4361 3206 4434 contemplantur,
3251 4373 3551 4431 eorumque
3579 4357 3670 4415 vel

2057 4456 2329 4529 exempla,
2374 4455 2462 4510 vel
2499 4452 2648 4509 dicta
2689 4467 2746 4508 se
2792 4449 3188 4521 contempsisse
3233 4446 3665 4521 reprehendunt,

2055 4555 2219 4620 atque
2247 4545 2306 4600 in
2335 4544 2443 4600 hoc
2470 4549 2680 4599 secreto
2728 4539 3012 4597 interioris
3049 4538 3275 4611 judicii,
3319 4539 3439 4612 ipsa
3466 4538 3669 4597 mentis

2063 4651 2176 4692 suae
2203 4632 2556 4692 exsecutione
2583 4629 2890 4700 constricti,
2922 4627 3243 4702 poenitendo
3283 4627 3492 4687 feriunt
3520 4627 3668 4704 quod

2065 4723 2430 4798 superbiendo
2461 4720 2877 4779 commiserunt.
2911 4718 2994 4776 Ibi
3024 4734 3263 4794 namque
3290 4718 3581 4776 adversum
3610 4732 3668 4771 se
3679 4720 3690 4722 "

2066 4815 2308 4888 quidque
2344 4829 2402 4872 se
2432 4814 2738 4887 impugnat,
2788 4819 3114 4871 enumerant
3151 4829 3166 4869 :
3217 4811 3297 4867 ibi
3326 4817 3452 4866 ante
3479 4805 3668 4864 oculos

2067 5022 2238 5080 nullis
2267 5023 2334 5108 in
2354 5023 2654 5108 Codicibus
2675 5022 2794 5106 sive
2813 5036 2982 5108 manu
3010 5019 3281 5108 qxaratis,
3300 5015 3436 5108 sim
3446 5012 3670 5108 excusis

2065 5105 2380 5226 compiaret;
2413 5097 2578 5178 ne.in
2606 5096 2741 5168 ipsis
2771 5094 2993 5168 quidem
3023 5085 3284 5173 Romanis
3304 5085 3488 5144 editis.

2138 5167 2161 5202 ³
2242 5166 2442 5224 endose
2489 5184 2546 5223 1n
2594 5168 2889 5234 Gussanv.,
2918 5170 2968 5220 et
2999 5179 3160 5235 prius
3181 5164 3507 5235 perpetrata.
3548 5158 3671 5235 Op-

2067 5209 2348 5319 ponu'iitu‘r
2473 5240 2677 5319 malum
2703 5247 2758 5319 et
2776 5209 2932 5319 peius
2961 5209 3255 5319 ;‘cogitaiio
3274 5209 3513 5319 malm-et
3528 5209 3665 5288 actrio

2054 5303 2228 5381 pejor.
2259 5309 2534 5381 Superius,
2548 5309 2713 5381 etiam
2743 5303 2944 5379 legitur
2972 5303 3143 5381 curat,
3173 5320 3272 5377 pro
3299 5303 3486 5381 durat.

2132 5381 2153 5414 ³
2184 5379 2383 5461 Pratel.
2401 5380 2605 5461 _et
2634 5395 2735 5461 per
2756 5379 3057 5461 conversion.

2062 5450 2211 5525 gitur
2237 5451 2297 5506 in
2325 5459 2436 5506 vet.
2460 5449 2612 5507 Edit.
2635 5449 2818 5507 Paris.
2861 5458 2915 5505 et
2934 5449 3105 5506 Basil.
3244 5449 3261 5451 ν

2135 5523 2162 5595 ‘_
2189 5521 2398 5595 Belum,
2429 5521 2548 5594 quis
2575 5539 2810 5578 securus.
2843 5520 3002 5595 Quod
3031 5520 3238 5595 optime
3267 5517 3666 5595 respondet_al-

2135 5539 2157 5559 θ
2189 5539 2398 5589 baiuz.,
2429 5539 2548 5594 quis
2575 5539 2810 5578 securus.
2843 5539 3002 5588 uuou
3031 5539 3238 5595 optime
3267 5539 3560 5592 respondet
3590 5539 3664 5573 a1-

2062 5593 2191 5676 teri-
2210 5593 2477 5676 membro,
2510 5599 2774 5667 suspectus
2805 5593 3093 5650 examinat.
3141 5594 3222 5650 At
3266 5593 3325 5650 in
3353 5591 3480 5650 aliis
3532 5590 3664 5649 Mss.

2063 5666 2267 5748 legitur
2294 5666 2553 5748 securius.

2135 5738 2159 5778 ³
2192 5738 2424 5810 Turou.,
2455 5738 2733 5798 discutere.
2770 5739 2932 5799 Debet
2955 5743 3133 5800 auitam
3153 5754 3398 5814 pensare.

2675 5395 2735 5434 er
2758 5373 3200 5451 Memnonem}
3229 5374 3378 5451 quod
3405 5373 3572 5431 etiam
3593 5373 3669 5431 le-
3775 5389 3779 5394 ·
