4162 6184
331 242 440 302 329

1091 241 1467 301 MORALIUM
1503 242 1638 301 LIB.
1680 243 1864 303 XXV.
1903 274 1971 289 —
2008 246 2081 304 IN
2118 244 2346 305 CAPUT
2383 246 2625 305 XXXIV
2661 249 2723 306 B.
2764 249 2907 309 JOB.

3541 252 3646 315 eeo

330 371 640 427 holocausta
667 370 889 441 desuper
905 366 1135 422 adolebit
1161 366 1345 439 adipes
1358 366 1716 439 pacificorum
1749 368 1937 441 (Leuit.
1973 373 2025 433 Α
2053 370 2272 441 delicet,
2315 371 2448 430 dum
2491 372 2760 445 spiritalia
2801 383 3072 447 praecepta
3110 377 3447 449 loqueretur,
3491 383 3649 451 quasi

335 476 421 525 vr,
470 459 586 530 12).
630 459 769 515 Nam
799 454 1052 535 quisquis
1081 455 1139 512 in
1172 471 1229 511 se
1264 455 1446 527 ignem
1476 456 1630 514 hunc
1656 456 1947 515 charitatis

336 548 613 614 accendit,
658 545 1015 617 semetipsum
1056 544 1248 618 utique
1289 544 1672 603 holocaustum
1715 547 1947 620 desuper

335 637 598 710 imponit,
628 635 758 708 quia
779 649 943 689 omne
971 633 1173 689 vitium
1201 632 1350 706 quod
1379 634 1436 690 in
1465 651 1522 692 se
1552 636 1693 692 male
1724 636 1947 692 vivebat

333 727 540 783 exurit.
567 723 705 781 Cum
731 724 883 780 enim
909 723 1307 795 cogitationum
1330 742 1555 782 suarum
1580 727 1798 782 interna
1823 742 1945 782 con-

334 815 562 883 siderat,
584 822 639 869 et
655 813 830 869 vitam
850 812 1135 885 reprobam
1160 830 1255 886 per
1275 813 1348 869 im
1357 814 1681 872 mutationis
1701 814 1943 887 gladium

340 911 563 973 mactat,
594 904 654 961 in
683 920 779 960 ara
800 918 856 960 se
883 903 969 961 sui
999 902 1183 961 cordis
1213 905 1498 977 imposuit,
1522 914 1577 962 et
1607 906 1732 978 igne
1760 905 1940 963 chari-

337 1003 468 1059 tatis
498 999 645 1057 795
677 1000 944 1059 incendit.
978 1002 1055 1057 De
1083 1018 1192 1074 qua
1233 1001 1415 1059 hostia
1444 1002 1800 1074 paciﬁcorum
1829 1003 1944 1060 adi-

341 1109 436 1167 pes
460 1093 736 1161 redolent,
772 1094 785 1127 ¹
820 1092 949 1166 quia
976 1093 1194 1148 interna
1221 1110 1378 1150 novre
1410 1092 1699 1150 charitatis
1730 1094 1946 1166 impin—

339 1185 528 1258 guatio
557 1200 745 1256 pacem
774 1184 920 1240 inter
948 1200 1049 1239 nos
1077 1190 1132 1238 et
1160 1184 1335 1239 Deum
1362 1183 1591 1252 faciens,
1626 1182 1849 1239 odorem
1879 1182 1946 1239 de

339 1275 503 1330 nobis
530 1274 928 1330 suavissimum
950 1271 1152 1328 reddit.
1183 1272 1324 1339 Quia
1344 1288 1475 1329 vero
1494 1272 1683 1329 eadem
1707 1272 1946 1330 charitas

340 1362 404 1418 in
436 1362 698 1419 cordibus
725 1362 1027 1418 electorum
1063 1360 1543 1434 inexstinguibilis
1574 1368 1781 1429 manet,
1824 1348 1965 1433 apte,

342 1451 460 1508 illic
486 1450 745 1508 subditur
770 1469 781 1506 :
820 1451 969 1522 Ignis
996 1457 1071 1506 est
1096 1450 1192 1505 iste
1213 1458 1521 1523 perpetuus,
1557 1452 1652 1522 qui
1676 1467 1949 1522 nunquam

345 1541 545 1613 deﬁciet
565 1542 628 1597 de
655 1541 824 1597 altari
868 1540 1073 1612 (Ibid.,
1103 1540 1168 1595 13
1194 1541 1236 1612 ).
1282 1542 1575 1615 Nunquam
1602 1543 1851 1614 profecto
1882 1542 1948 1598 de

341 1628 501 1685 altari
533 1629 679 1701 ignis
708 1628 809 1683 iste
836 1626 1075 1696 deﬁciet,
1104 1627 1237 1701 quia
1262 1629 1426 1684 etiam
1452 1636 1574 1702 post
1602 1628 1746 1686 hanc
1775 1630 1947 1684 vitam

2052 460 2213 517 funes
2244 462 2486 530 miserat,
2516 461 2866 534 postmodum
2896 480 3029 519 vero
3058 480 3368 525 memorans
3398 470 3653 540 exempla

2056 549 2349 621 majorum,
2380 550 2537 625 quasi
2567 559 2774 608 veteres
2806 569 3016 624 pannos
3044 554 3361 615 adhibebat.

2129 640 2214 697 18.
2243 643 2294 697 Α
2322 642 2476 698 rebus
2499 642 2852 699 exterioribus
2878 644 2951 700 ad
2977 660 3070 700 cor
3086 645 3432 703 redeundum.
3452 678 3525 690 —
3542 652 3651 706 Ex-

2053 728 2209 785 citati
2233 744 2360 802 ergo
2385 738 2469 787 tot
2493 732 2724 790 vocibus
2752 741 3170 808 praeceptorum,
3197 734 3374 806 adjuti
3401 742 3484 792 tot
3504 752 3652 793 com-

2054 818 2432 890 parationibus
2468 823 2871 895 exemplorum,
2913 823 2983 879 ad
3023 823 3190 880 corda
3236 832 3425 881 nostra
3456 824 3656 883 redea-

2054 924 2198 977 mus,
2228 908 2589 967 discutiamus
2609 927 2773 968 omne
2794 911 2940 984 quod
2960 912 3194 984 agimus,
3221 922 3277 969 et
3297 912 3570 986 quidquid
3595 913 3655 970 iu

2054 1000 2215 1071 nobis
2242 1002 2447 1059 divinae
2476 1004 2830 1060 rectitudinis
2858 1005 3105 1076 regulam
3141 1004 3395 1075 oﬁ‘endit,
3424 1020 3658 1062 accuse-

2054 1105 2199 1157 mus,
2225 1098 2287 1145 ut
2312 1092 2457 1162 apud
2486 1092 2801 1149 districtum
2826 1092 3072 1163 judicem
3103 1094 3222 1166 ipsa
3253 1111 3356 1151 nos
3379 1096 3659 1151 accusatio

2054 1187 2297 1236 excuset.
2334 1180 2396 1235 In
2434 1179 2540 1237 hoc
2582 1182 2731 1237 enim
2774 1185 2977 1240 mentis
3024 1193 3226 1241 nostrae
3257 1184 3472 1257 judicio
3500 1193 3659 1242 tanto

2054 1270 2221 1328 citius
2254 1268 2617 1339 absolvimur,
2649 1280 2858 1343 quanto
2884 1290 2985 1330 nos
3008 1274 3318 1332 districtius
3343 1292 3466 1332 reos
3494 1283 3660 1332 tene-

2058 1374 2198 1415 mus.
2230 1358 2342 1416 Nec
2360 1357 2429 1414 ad
2459 1357 2578 1416 haec
2601 1360 2811 1430 agenda
2838 1362 2859 1396 ⁵
2882 1362 3352 1432 praetermittenda
3373 1372 3504 1420 sunt
3527 1371 3661 1420 tem-

2058 1466 2210 1522 pora,
2258 1449 2460 1522 quibus
2489 1457 2667 1517 vacat,
2709 1450 2839 1522 quia
2864 1451 2934 1507 ad
2963 1451 3082 1507 haec
3109 1452 3318 1523 agenda
3347 1461 3468 1525 post
3497 1452 3664 1523 hujus

2057 1541 2187 1597 vitae
2216 1548 2463 1611 tempora
2488 1556 2599 1596 non
2625 1550 2807 1598 vacat.
2841 1541 3024 1601 Vacue
3050 1544 3255 1616 quippe
3282 1558 3394 1599 non
3418 1542 3659 1600 dicitur:

2057 1630 2235 1700 Neque
2260 1630 2397 1684 enim
2424 1631 2568 1685 ultra
2596 1630 2651 1685 in
2675 1631 2901 1687 hominis
2924 1638 3179 1703 potestate
3204 1639 3278 1687 est
3305 1639 3365 1687 ut
3388 1632 3566 1687 veniat
3592 1632 3668 1689 ad

343 1735 536 1778 eorum
567 1718 850 1777 mentibus
878 1719 1064 1775 fervor
1089 1718 1375 1775 charitatis
1406 1721 1689 1776 accrescit.
1720 1720 1951 1776 [Eterna
1984 1753 2029 1812 Β
2062 1718 2232 1774 Deum
2256 1718 2311 1772 in
2321 1717 2609 1799 judicium.
2632 1719 2843 1777 Idcirco
2866 1736 3103 1794 namque
3123 1736 3496 1779 memoramur
3516 1721 3666 1794 quod

345 1811 550 1884 quippe
590 1807 1055 1880 contemplatione
1091 1807 1292 1879 agitur,
1338 1815 1400 1862 ut
1428 1808 1783 1880 omnipotens
1811 1811 1958 1869 Deus

341 1917 454 1973 quo
484 1899 658 1971 magis
685 1899 834 1954 visus
860 1896 1048 1965 fuerit,
1082 1914 1147 1953 eo
1181 1897 1421 1969 amplius
1453 1897 1747 1969 diligatur.

419 2014 559 2089 [νει.
613 2012 789 2088 νηι]
832 2015 913 2071 17.
957 2013 1169 2070 Divinis
1206 2014 1486 2085 praeceptis
1543 2020 1593 2069 et
1648 2021 1958 2071 sanctorum

342 2104 596 2175 exemplis
612 2102 808 2173 adiuti,
831 2103 1124 2160 libertatem
1146 2104 1540 2174 consequimur.
1573 2135 1646 2146 —
1679 2104 1843 2172 Quod
1862 2120 1958 2160 au-

343 2201 455 2250 tem
484 2194 692 2251 divinis
719 2193 1198 2251 admonitionibus
1223 2201 1281 2249 et
1306 2194 1741 2266 praecedentium
1771 2210 1954 2250 exem-

348 2284 456 2356 plis
480 2283 656 2355 adjuti
684 2283 752 2339 de
782 2283 951 2356 hujus
976 2284 1107 2339 vitae
1135 2283 1413 2355 profundo
1446 2284 1770 2351 liberamur,
1819 2282 1957 2338 bene

346 2372 509 2428 etiam
548 2372 820 2445 propheta
846 2373 1083 2430 Jeremia
1113 2374 1172 2430 in
1208 2382 1435 2446 puteum
1468 2374 1640 2431 misso
1669 2376 1953 2446 signatum

349 2469 451 2530 est,
477 2464 573 2535 qui
603 2470 665 2518 ut
697 2465 910 2518 levetur
936 2479 1007 2518 ex
1040 2470 1226 2534 puteo,
1256 2462 1422 2518 funes
1452 2462 1522 2517 ad
1551 2478 1677 2517 eum
1708 2470 1763 2517 et
1786 2463 1953 2533 panni

348 2559 563 2607 veteres
591 2552 946 2622 deponuntur
975 2551 1192 2621 (Jerem.
1226 2566 1478 2616 XXXVIII,
1502 2552 1615 2620 11).
1634 2551 1781 2616 Quid
1809 2550 1956 2606 enim

348 2641 593 2697 funibus
617 2640 728 2695 nisi
757 2646 1027 2711 praecepta
1055 2638 1334 2695 dominica
1361 2639 1673 2711 ﬁgurantur
1694 2639 1722 2696 7
1770 2640 1790 2674 ²
1828 2640 1957 2708 Quae

354 2729 500 2804 quia
528 2746 629 2784 nos
658 2729 717 2784 in
753 2729 895 2784 mala
923 2728 1242 2800 operatione
1272 2729 1503 2801 positos,
1556 2730 1577 2762 ³
1624 2736 1677 2785 et
1714 2730 1958 2785 convin-

351 2819 537 2884 ciunt,
567 2825 623 2872 et
645 2817 910 2889 eripiunt,
939 2817 1093 2889 quasi
1124 2817 1295 2888 ligant
1321 2824 1377 2872 et
1404 2816 1650 2885 trahunt,
1675 2825 1957 2875 coarctant

348 2918 404 2966 et
438 2910 659 2987 ievant._
688 2905 794 2963 Sed
825 2922 893 2962 ne
922 2907 1124 2977 ligatus
1165 2905 1252 2961 his
1279 2906 1507 2963 funibus
1539 2906 1670 2963 dum
1712 2907 1957 2965 trahitur

353 2997 657 3064 incidatur,
700 2997 868 3053 simul
906 2997 1072 3053 etiam
1116 2996 1284 3068 panni
1325 3005 1536 3053 veteres
1579 2997 1953 3069 deponuntur,

354 3088 482 3161 quia
507 3103 580 3143 ne
607 3086 802 3144 divina
834 3093 1103 3158 praecepta
1138 3101 1243 3141 nos
1280 3093 1552 3154 terreant,
1597 3088 1953 3159 antiquorum
1982 3114 2026 3176 ο

350 3185 563 3250 patrum
596 3194 695 3233 nos
728 3176 983 3249 exempla
1011 3176 1350 3244 confortant,
1390 3184 1445 3233 et
1470 3193 1543 3233 ex
1572 3193 1762 3234 eorum
1791 3194 1955 3234 com-

346 3268 629 3339 paratione
647 3266 827 3323 facere
848 3281 949 3321 nos
965 3281 1121 3337 posse
1137 3267 1545 3337 praesumimus,
1583 3267 1731 3341 quod
1750 3284 1820 3324 ex
1842 3285 1956 3325 no-

348 3363 462 3413 stra
490 3355 869 3413 imbecillitate
891 3354 1278 3413 formidamus.
1308 3356 1381 3413 'Si
1410 3372 1537 3429 ergo
1560 3358 1731 3414 levari
1762 3357 1829 3414 de
1849 3358 1955 3415 hoc

346 3446 622 3519 profundo
638 3445 987 3516 festinamus,
1022 3446 1261 3518 ligemur
1279 3447 1530 3516 funibus,
1562 3448 1619 3505 id
1640 3456 1722 3505 est
1742 3465 1955 3521 praece-

346 3537 456 3609 ptis
469 3536 763 3594 dominicis
784 3537 1176 3609 astringamur.
1201 3537 1467 3593 Intersint
1494 3538 1656 3593 etiam
1676 3539 1845 3610 panni
1864 3555 1954 3595 ve-

346 3634 516 3695 teres,
555 3642 684 3683 cum
716 3627 915 3701 quibus
959 3626 1158 3683 melius
1189 3632 1483 3683 teneantur
1512 3627 1713 3695 funes;
1761 3627 1819 3684 id
1849 3636 1950 3698 est,

344 3714 781 3790 praecedentium
820 3717 1200 3774 confortemur
1238 3716 1529 3788 exemplis,
1592 3732 1663 3771 ne
1706 3716 1955 3773 inﬁrmos

344 3821 455 3863 nos
483 3820 548 3862 ac
576 3803 798 3861 timidos
827 3811 1098 3878 praecepta
1123 3801 1354 3861 subtilia
1378 3802 1674 3859 vulnerent
1703 3802 1835 3859 dum
1866 3804 1954 3860 le-

344 3902 500 3952 vant.
551 3893 717 3964 Quasi
762 3893 1026 3968 quosdam
1068 3908 1280 3966 pannos
1325 3900 1537 3950 veteres
1578 3892 1780 3949 Paulus
1813 3909 1954 3965 apo-

345 3985 521 4042 stolus
574 3983 964 4057 subjungebat,
1017 4000 1144 4041 cum
1204 3982 1456 4039 levandis
1507 3982 1800 4055 discipulis
1837 3984 1953 4040 suis

345 4076 633 4149 praeceptis
658 4074 1004 4147 spiritalibus
1029 4074 1287 4146 exempla
1310 4081 1559 4130 veterum
1584 4075 1605 4108 ⁴
1638 4072 1952 4129 commoda-

346 4172 453 4235 ret,
480 4164 670 4222 dicens
695 4182 706 4219 :
740 4164 881 4220 Iusti
902 4162 1137 4218 ludibria
1163 4169 1210 4219 et
1236 4163 1456 4219 verbera
1478 4163 1705 4235 experti,
1734 4161 1954 4234 insuper

347 4261 397 4311 et
420 4255 631 4312 uincula
650 4261 700 4310 et
721 4270 953 4310 carceres
977 4271 989 4308 :
1024 4252 1253 4323 lapidati
1280 4258 1424 4321 sunt,
1452 4253 1573 4308 secti
1600 4258 1745 4318 sunt,
1770 4253 1954 4309 tentati

347 4351 492 4411 sunt,
510 4344 570 4398 in
586 4343 840 4399 occisione
856 4342 1026 4414 gladii
1044 4341 1244 4397 mortui
1263 4346 1389 4396 sunt
1405 4341 1597 4413 (Hebr.
1622 4358 1679 4397 x1
1699 4384 1717 4407 ,
1739 4339 1948 4413 36,37).

350 4432 423 4488 Et
463 4433 627 4505 paulo
672 4439 832 4505 post:
885 4430 1141 4487 Habentes
1186 4430 1362 4501 itaque
1405 4435 1607 4503 tantam
1651 4430 1953 4500 impositam

2068 1822 2201 1871 tunc
2229 1831 2340 1870 non
2370 1832 2685 1887 possumus,
2720 1814 2864 1882 796
2909 1834 2978 1874 ne
3006 1836 3157 1876 nunc
3184 1819 3333 1893 quod
3375 1834 3668 1891 possumus

2067 1905 2427 1977 negligemus.
2482 1905 2587 1961 Sed
2626 1922 2748 1963 ecce
2782 1909 3001 1979 negotia
3038 1916 3309 1981 occupant
3347 1925 3468 1981 quas
3506 1908 3668 1964 nobis

2068 1993 2403 2050 incessanter
2431 1995 2681 2066 apposita
2723 2012 2755 2050 a
2799 1995 3215 2052 considerandis
3248 1993 3666 2067 nobismetipsis

2068 2082 2269 2138 mentis
2309 2092 2509 2140 nostrae
2548 2085 2772 2141 oculum
2811 2084 3115 2142 declinant.
3164 2085 3226 2141 In
3266 2084 3391 2141 istis
3428 2101 3666 2159 namque

2069 2170 2385 2227 visibilibus
2410 2190 2529 2245 qua:
2561 2174 2810 2229 intuetur
2838 2190 2934 2230 cor
2962 2180 3213 2228 nostrum
3240 2180 3398 2228 extra
3419 2189 3477 2229 se
3503 2190 3667 2244 spar—

2068 2260 2237 2332 gitur,
2283 2268 2334 2315 et
2372 2261 2503 2334 quid
2535 2261 2602 2318 de
2632 2278 2688 2317 se
2719 2262 3052 2318 intrinsecus
3093 2271 3286 2333 agatur
3315 2261 3669 2319 obliviscitur

2067 2348 2199 2404 dum
2230 2352 2572 2407 extrinsecus
2594 2359 2914 2423 occupatur.
2947 2350 3146 2406 Divina
3172 2358 3357 2405 autem
3379 2366 3489 2404 vox
3510 2349 3667 2419 teriri:-

2066 2436 2275 2493 bilibus
2298 2438 2588 2494 sententiis
2616 2439 2731 2493 suis
2761 2438 2918 2510 quasi
2958 2438 3288 2511 quibusdam
3321 2438 3497 2495 clavis
3528 2438 3669 2495 illud

2066 2527 2263 2600 pungit
2285 2536 2348 2583 ut
2372 2527 2617 2607 evigilet,
2647 2536 2709 2584 ut
2737 2527 2905 2584 homo
2932 2529 3153 2585 occulta
3181 2544 3344 2599 super
3370 2544 3425 2583 se
3450 2526 3670 2599 judicia

2066 2634 2187 2690 qum
2216 2635 2432 2690 pressus
2459 2627 2680 2691 torpore
2710 2617 3047 2684 dissimulat,
3091 2626 3299 2674 terrore
3328 2619 3522 2675 saltem
3551 2619 3670 2691 pul-

2064 2714 2214 2764 satus
2234 2716 2578 2781 expavescat.
2606 2709 2675 2765 Ut
2694 2708 2839 2763 enim
2865 2709 3116 2781 superius
3134 2708 3403 2776 diximus,
3426 2708 3545 2781 ipso
3565 2725 3669 2777 usu

2067 2798 2195 2855 vitae
2240 2800 2440 2855 veteris
2470 2815 2625 2855 mens
2656 2798 2797 2855 male
2831 2806 3046 2855 assueta
3074 2797 3432 2870 deprimitur,
3480 2800 3501 2833 ⁶
3528 2805 3583 2853 et
3611 2798 3670 2854 in

2064 2885 2183 2943 haec
2225 2904 2345 2960 quae
2373 2896 2580 2961 spectat
2607 2889 2854 2944 exterius
2884 2887 3041 2961 quasi
3094 2887 3378 2943 dormiens
3405 2887 3620 2958 sopitur
3652 2903 3664 2940 :

2061 2992 2183 3049 quae
2221 2987 2508 3050 postquam
2549 2979 2719 3034 semel
2760 2995 2817 3033 se
2862 2977 2931 3033 ad
2969 2975 3275 3049 appetenda
3312 2975 3559 3031 visibilia
3589 2973 3669 3030 fo-

2064 3081 2151 3120 ras
2180 3065 2346 3133 fudit,
2392 3083 2424 3121 a
2461 3066 2901 3139 contemplandis
2932 3066 3320 3122 invisibilibus
3350 3066 3504 3121 intus
3526 3082 3669 3137 ‘eva-

2063 3156 2207 3212 nuit.
2260 3155 2413 3213 Unde
2452 3173 2599 3214 nunc
2640 3172 2857 3214 necesse
2889 3164 2970 3212 est
3019 3165 3082 3213 ut
3123 3173 3244 3230 quae
3284 3171 3379 3228 per
3426 3153 3670 3211 visibilia

2063 3246 2339 3319 spargitur
2367 3246 2433 3303 de
2460 3246 2841 3305 invisibilibus
2865 3244 3097 3318 judiciis
3129 3246 3364 3302 feriatur
3394 3263 3407 3312 ;
3456 3253 3511 3301 et
3540 3244 3673 3318 quia

2063 3335 2121 3391 in
2152 3336 2221 3392 iis
2249 3354 2306 3393 se
2335 3336 2704 3394 exterioribus
2732 3337 2873 3394 male
2903 3336 3173 3394 delectata
3203 3336 3525 3408 prostravit,
3551 3335 3670 3390 sal-

2063 3433 2175 3481 tem
2220 3442 2474 3497 percussa
2523 3427 2767 3501 requirat
2805 3428 2952 3502 quod
2981 3426 3247 3485 deseruit.
3297 3427 3440 3482 Ecce
3479 3431 3665 3482 autem

2062 3514 2347 3585 Scriptura
2406 3533 2560 3574 sacra
2612 3527 2819 3575 terrore
2876 3517 3116 3591 quodam
3174 3516 3451 3588 torpentia
3496 3513 3670 3572 corda

2062 3603 2357 3676 transﬁgit,
2379 3621 2447 3661 ne
2468 3605 2522 3661 in
2548 3607 2636 3664 his
2660 3607 2966 3665 inhaereant
2986 3625 3107 3682 quae
3127 3606 3373 3667 exterius
3393 3604 3664 3673 deﬂuunt,

2061 3691 2157 3748 sed
2187 3709 2307 3765 quae
2347 3693 2579 3750 interius
2610 3703 2814 3752 aeterna
2856 3696 3234 3767 perdiderunt.
3287 3693 3503 3750 [ndicat
3531 3692 3668 3764 quid

2061 3783 2331 3837 sententia
2358 3785 2572 3839 occulta
2596 3783 2934 3851 decernitur,
2965 3800 3033 3840 ne
3054 3781 3417 3838 immoderate
3446 3796 3477 3834 a
3508 3778 3669 3834 nobis

2062 3867 2181 3925 haec
2209 3870 2431 3941 publica
2453 3874 2781 3943 cogitentur.
2815 3872 2964 3928 Dicit
2991 3870 3125 3943 quid
3156 3885 3320 3940 super
3350 3886 3449 3925 nos
3477 3874 3670 3938 agatur

2062 3957 2130 4013 de
2160 3957 2341 4026 nobis,
2384 3967 2446 4016 ut
2476 3959 2543 4016 ab
2574 3960 2679 4017 hoc
2712 3960 2933 4034 publico
2962 3957 3386 4031 temporalitatis
3431 3955 3669 4028 colliga-

2062 4062 2185 4104 mus
2205 4049 2426 4104 oculum
2448 4047 2629 4106 cordis
2648 4048 2717 4105 ad
2733 4056 3000 4106 secretum
3017 4047 3247 4103 internis
3263 4043 3664 4117 dispositionis.

2063 4137 2202 4213 [Vet.
2255 4138 2381 4215 IX.]
2423 4141 2559 4197 Nam
2614 4148 2901 4215 postquam
2932 4140 3107 4195 multa
3136 4144 3354 4194 narrata
3408 4144 3540 4193 sunt
3596 4137 3666 4194 de

2062 4246 2223 4304 paena
2250 4230 2546 4302 malorum,
2571 4232 2757 4289 subito
2786 4231 3023 4287 infertur
3050 4229 3329 4287 occultum
3361 4224 3665 4299 judicium,

2062 4318 2212 4395 quod
2256 4321 2343 4393 pie
2385 4338 2548 4394 super
2575 4339 2676 4378 nos
2716 4320 2972 4394 justeque
3017 4319 3351 4392 disponitur,
3389 4316 3668 4390 quomodo

2062 4410 2157 4466 alii
2187 4410 2426 4483 perdunt
2441 4410 2587 4483 quod
2602 4419 2787 4467 tenere
2808 4409 3160 4477 videbantur,
3191 4415 3246 4463 et
3269 4406 3372 4463 alii
3386 4406 3669 4478 accipiunt

350 4479 423 4488 ⁸⁵⁵⁷
463 4479 625 4505 τ’“”“⁸⁶“’
672 4479 792 4505 τ’νν*
821 4479 832 4488 '
885 4479 1138 4487 ‘-"'"""
1187 4479 1356 4501 ""‘l“'
1406 4479 1602 4503 '"""‘f“
1657 4479 1950 4500 ""r"""'"

349 4523 537 4579 nubem
575 4522 804 4589 testium,
833 4522 1140 4599 deponentes
1183 4537 1333 4576 omne
1367 4520 1600 4592 pondus,
1643 4524 1691 4574 et
1718 4518 1954 4574 circum-

2064 4479 2214 4575 quod
2237 4500 2333 4556 alii
2360 4516 2430 4556 ex
2456 4479 2674 4557 meritis
2703 4499 2960 4572 perdunt.
2992 4499 3089 4555 Ait
3118 4498 3268 4555 enim
3309 4514 3321 4555 :

350 4618 496 4668 stans
523 4624 617 4668 nos
638 4618 926 4684 peccatum,
952 4628 1053 4683 per
1075 4609 1393 4681 patientiam
1419 4625 1703 4665 curramus
1731 4608 1804 4664 ad
1827 4626 1954 4680 pro-

345 4701 582 4774 positum
620 4701 771 4757 nobis
799 4708 1061 4758 certamen
1104 4698 1289 4772 (Hebr.
1334 4714 1441 4764 χιι,
1489 4698 1566 4769 1).
1606 4698 1679 4753 Et
1706 4696 1906 4753 iterum
1926 4714 1949 4765 ,ε

246 4796 253 4801 '
348 4790 655 4848 Mementote
678 4792 1093 4865 praepositorum
1136 4794 1457 4853 vestrorum,
1501 4787 1594 4858 qui
1619 4788 1763 4843 vobis
1793 4787 1955 4844 locuti

353 4886 480 4935 sunt
500 4881 718 4938 verbum
744 4882 846 4939 Dei
865 4900 886 4948 ,'
912 4897 1139 4954 quorum
1170 4879 1427 4935 intuentes
1454 4877 1655 4933 exitum
1681 4894 1953 4936 conversa-

354 4968 536 5038 tionis,
564 4972 849 5030 imitamini
875 4972 1031 5045 ﬁdem
1063 4969 1255 5043 (Hebr.
1278 4984 1407 5038 xm,
1440 4968 1520 5041 7).
1568 4966 1831 5041 Superius
1857 4967 1955 5033 vi-

430 5224 449 5263 ¹
478 5225 673 5283 Norm.
704 5232 761 5281 et
778 5222 1041 5293 Vindoc.,
1072 5223 1199 5295 quia
1218 5221 1431 5295 interna
1451 5237 1601 5277 nova
1626 5220 1952 5294 citaimpin-

353 5299 556 5370 guatio.
582 5298 1008 5371 Legiturgtamen
1030 5294 1091 5350 in
1110 5294 1373 5360 Vindoc.,
1392 5295 1744 5367 impugnatio,
1765 5294 1956 5351 mani-

354 5371 500 5426 {esto
529 5369 827 5442 antiquarii
845 5384 1059 5442 errore.

432 5442 456 5477 ³
486 5441 1025 5514 Vindoc.etNorm.,
1060 5458 1177 5512 qua
1204 5444 1361 5514 quasi
1388 5457 1504 5497 nos.

429 5514 451 5548 ³
484 5513 693 5587 Omnes
721 5513 873 5569 Editi
905 5508 1176 5587 quotquot
1211 5508 1615 5587 'consuluimus
1641 5508 1866 5577 habent,
1910 5515 1958 5564 et

356 5586 694 5653 convincunt,
751 5581 935 5642 crasso
988 5581 1191 5641 eri-ore.
1245 5587 1382 5642 Nam
1430 5581 1716 5653 legendum
1748 5597 1865 5638 esse
1912 5587 1960 5635 et

356 5656 716 5725 concinciunt,
741 5663 804 5711 ut
822 5666 902 5714 est
933 5658 991 5711 in
1024 5656 1151 5729 Mss.
1168 5657 1318 5729 Utic.
1345 5663 1399 5729 et
1420 5654 1640 5729 Pratel.,
1662 5653 1957 5711 obscurum

358 5743 479 5785 esse
506 5744 622 5786 non
653 5735 831 5801 potest
875 5727 1180 5785 attendenti
1226 5728 1296 5787 ad
1343 5727 1656 5786 institutam
1694 5743 1727 5784 a
1767 5733 1958 5785 sancto

651 5823 890 5883 PATROL.
924 5823 1177 5884 LXXVI.

2667 4606 2896 4664 CAPUT
2924 4607 3070 4664 VIII.

2131 4697 2305 4757 Vnus.
2337 4698 2426 4757 24.
2456 4728 2529 4741 --
2558 4698 2801 4757 Conteret
2822 4698 3015 4754 multos
3044 4703 3092 4753 et
3122 4695 3557 4761 innumerabiles,
3618 4701 3666 4749 et

2059 4794 2202 4846 stare
2215 4788 2374 4860 faciet
2399 4791 2537 4847 alios
2550 4806 2653 4862 pro
2681 4788 2774 4844 eis.

2134 4882 2220 4939 19.
2240 4880 2355 4937 Alii
2381 4881 2613 4955 perdunt
2638 4880 2780 4953 quod
2809 4887 2978 4938 tenere
2998 4878 3330 4945 videbantur,
3349 4874 3494 4931 alius
3502 4874 3662 4945 prius

2054 4972 2327 5042 perditum
2362 4972 2640 5044 recipiunt.
2664 4973 2732 5029 In
2760 4971 3031 5028 exteriora
3057 4966 3242 5041 respui
3268 4962 3658 5036 reprobationis

2062 5218 2327 5290 Gregorio
2355 5217 2846 5290 comparationem.

2136 5238 2168 5276 *e
2206 5238 2327 5276 OI'IO
2355 5238 2846 5290 comparationem.

2136 5238 2409 5347 ‘ﬁibroic.
2440 5297 2496 5345 et
2522 5290 2618 5343 alii
2650 5290 2864 5353 Norm.,
2897 5281 3300 5339 commendaret.

2135 5365 2155 5399 ε
2189 5360 2452 5428 Vindoc.,
2481 5359 2702 5415 Ebroic.
2754 5365 2809 5412 et
2847 5352 2942 5412 alii
2972 5355 3189 5423 Norm.,
3214 5352 3486 5426 perdenda
3523 5362 3665 5414 sunt.

2137 5437 2157 5471 ⁶
2194 5433 2412 5489 Ebroic.
2445 5439 2499 5487 et
2527 5431 2724 5486 Pratel.
2758 5446 2894 5502 quos
2920 5433 3356 5502 sequuntur_vet.
3376 5428 3667 5502 _Ed.Paris.

2065 5516 2119 5563 et
2146 5505 2337 5573 Basil.,
2368 5511 2415 5559 et
2442 5504 2498 5557 in
2539 5502 2619 5556 his
2648 5498 3071 5573 quce'erspectat,
3100 5499 3249 5572 quod
3279 5498 3507 5573 verbum
3554 5518 3667 5556 non

2068 5578 2442 5646 infrequenter
2469 5575 2526 5630 in
2544 5572 2670 5631 Mss;
2704 5580 3000 5646 usurpatur
3030 5589 3128 5646 pro
3148 5578 3359 5644 spectat.
3387 5572 3451 5629 In
3481 5573 3667 5630 Baluz.

2067 5658 2122 5707 et
2150 5647 2306 5710 Coib.
2331 5649 2435 5721 leg.
2462 5652 2524 5702 ut
2541 5647 2649 5703 lucc
2676 5663 2794 5719 quce
2819 5652 3099 5720 exspectat.

3358 5821 3423 5878 11
