4162 6184
509 247 651 304 -33l

1792 245 2046 302 SANCTI
2084 247 2421 306 GBEGORII
2459 249 2684 306 MAGNI
3753 261 3849 316 332

545 373 779 443 signum;
806 367 940 422 sicut
972 367 1478 440 prcedestinationis,
1508 366 1581 424 ad
1602 367 1861 424 interiora
1891 371 2054 426 trahi.
2086 402 2155 413 —
2183 375 2234 434 Α
2263 376 2610 445 temperabam
2635 376 2806 447 (Psat.
2841 393 2912 445 cr,
2950 376 3064 449 10).
3098 378 3266 434 Potus
3295 379 3495 452 quippe
3521 381 3588 437 ab
3617 386 3852 440 exterio-

549 460 665 516 Hoc
693 455 942 530 quotidie
969 457 1168 529 agitur.
1202 456 1309 515 Sed
1337 459 1467 531 quia
1515 455 1697 514 adhuc
1744 457 1872 513 ﬁnis
1909 460 2149 530 partium

548 555 905 620 utrarumque
932 562 1044 602 non
1073 547 1338 616 cernitur,
1361 548 1546 603 minus
1569 545 1812 602 timetur.
1858 548 2153 622 Nunquam

545 635 695 692 enim
724 637 940 709 culpam
963 653 1116 692 suam
1133 636 1350 709 reprobi
1395 637 1503 692 nisi
1530 637 1586 691 in
1614 652 1774 708 pcena
1793 647 2150 710 cognoscunt.

544 728 617 783 Et
648 725 779 799 quia
807 742 968 798 pmna
993 725 1268 793 differtur,
1297 727 1460 798 culpa
1509 725 1829 798 despicitur.
1862 729 2152 786 Labuntur

545 833 678 873 vero
706 833 737 872 a
759 824 906 874 statu
923 815 1174 888 justitias,
1209 826 1262 873 et
1286 817 1467 874 locum
1490 817 1641 886 vitae,
1667 818 1780 875 illis
1804 821 2148 890 cadentibus,

544 907 641 964 alii
666 907 994 964 sortiuntur.
1028 907 1134 963 Sed
1162 923 1227 963 eo
1262 907 1476 979 lapsum
1505 925 1667 964 suum
1697 911 2006 985 negligunt,
2039 929 2148 986 quo

542 995 832 1054 interitum
861 996 955 1070 qui
975 1013 1032 1052 se
1069 995 1126 1051 in
1157 1004 1420 1053 aeternum
1449 1007 1664 1055 maneat
1701 1015 1812 1056 non
1833 1000 2143 1057 attendunt.

542 1089 601 1146 Si
632 1088 779 1145 enim
809 1085 879 1142 ad
910 1085 1048 1141 illud
1079 1085 1224 1157 quod
1254 1086 1371 1144 illic
1403 1089 1616 1160 passuri
1644 1098 1773 1146 sunt
1799 1091 1989 1148 oculos
2020 1108 2147 1148 suos

543 1178 846 1243 mitterent,
880 1175 1007 1232 hoc‘
1039 1176 1186 1248 quod
1217 1175 1310 1233 hic
1338 1177 1548 1235 faciunt
1589 1180 1866 1236 timerent.
1921 1180 2147 1238 Cunctis

540 1273 724 1322 autem
755 1266 928 1337 liquet
958 1264 1105 1337 quod
1139 1267 1196 1322 in
1223 1267 1318 1322 illa
1346 1277 1591 1325 extrema
1619 1270 1980 1344 requisitione
2005 1289 2150 1329 exa-

540 1370 666 1410 men
698 1352 979 1426 publicum
1011 1355 1254 1413 facturus
1283 1365 1363 1415 est
1379 1361 1727 1432 omnipotens
1746 1363 1910 1429 Deus,
1934 1369 1994 1417 ut
2008 1362 2146 1420 alios

539 1444 610 1501 ad
635 1451 909 1501 tormenta
938 1444 1172 1515 deserat,
1201 1447 1340 1503 alios
1382 1447 1448 1504 ad
1481 1449 1959 1521 participationem
1993 1453 2145 1524 regni

539 1535 776 1594 ccelestis
805 1536 1078 1592 admittat.
1113 1539 1217 1594 Sed
1248 1538 1353 1596 hoc
1383 1555 1531 1597 nunc
1559 1551 1766 1597 secreto
1782 1540 1994 1613 judicio
2014 1559 2145 1616 quo-

540 1625 676 1681 tidie
706 1624 906 1696 agitur,
936 1626 1082 1698 quod
1111 1635 1245 1684 tunc
1266 1629 1526 1702 2publico
1553 1629 1978 1688 demonstratur.
2008 1633 2144 1690 Nam

2265 463 2418 518 ribus
2448 464 2675 520 interius
2707 466 2965 534 trahitur,
3007 466 3167 523 fletus
3199 477 3383 524 autem
3411 469 3481 524 ab
3513 470 3859 532 interioribus

2263 553 2506 609 exterius
2532 565 2765 611 emanat.
2791 557 2986 612 Potum
3021 573 3149 628 ergo
3185 559 3423 614 Domino
3442 576 3571 616 cum
3589 560 3717 616 ﬂetu
3737 568 3860 617 tem-

2263 658 2447 713 perare
2494 653 2574 700 est
2599 645 2736 699 alios
2784 645 2851 701 ab
2883 646 3251 702 exterioribus
3300 647 3580 704 introrsus
3631 649 3860 720 trahere,

2261 732 2398 787 alios
2426 733 2493 788 ab
2538 733 2896 790 interioribus
2928 735 2984 789 in
3041 736 3321 792 exteriora
3375 739 3684 809 reprobate.
3721 737 3856 812 [νει.

2259 824 2326 892 Χ,
2359 826 2476 881 Rec.
2510 825 2645 882 VIII
2649 825 2688 898 .]
2716 827 2955 882 Conteret
2971 843 3100 900 ergo
3130 830 3324 884 multos
3358 836 3406 885 et
3432 831 3858 897 innumerabiles,

2259 918 2306 966 et
2333 918 2474 968 stare
2487 912 2647 982 faciet
2663 915 2802 970 alios
2819 933 2921 986 pro
2944 917 3036 972 eis.

2328 1002 2416 1058 20.
2449 1005 2762 1075 Reprobatio
2787 1006 2942 1078 prius
2972 1006 3115 1062 intus
3143 1008 3358 1079 agitur,
3389 1014 3438 1063 et
3459 1014 3639 1080 postea
3667 1009 3860 1064 extrin-

2257 1107 2400 1146 secus
2428 1095 2739 1150 ostenditur.
2759 1097 3062 1152 Electorum
3078 1114 3204 1152 num
3222 1114 3344 1153 erus
3359 1105 3531 1153 certus
3541 1104 3587 1152 et
3601 1098 3855 1169 definitus.

2255 1183 2489 1241 —Sicut
2513 1194 2695 1242 autem
2719 1189 2972 1260 superius
2991 1187 3262 1255 diximus,
3286 1187 3404 1246 haec
3436 1189 3698 1245 contritio
3715 1189 3861 1262 prius

2256 1273 2406 1330 intus
2435 1275 2634 1346 agitur,
2684 1287 2746 1333 ut
2789 1287 2909 1350 post
2955 1279 3304 1335 extrinsecus
3359 1278 3698 1336 ostendatur.
3755 1279 3860 1335 Hac

2254 1369 2588 1426 contritione
2605 1387 3001 1444 nonnunquam
3020 1373 3202 1429 adhuc
3215 1371 3583 1444 quorumdam
3599 1371 3863 1428 exteriora

2255 1459 2412 1532 quasi
2441 1477 2574 1515 sana
2602 1469 2752 1530 sunt,
2784 1461 2877 1518 sed
2902 1461 3015 1533 jam
3053 1463 3317 1519 interiora
3338 1472 3692 1535 putruerunt.
3726 1461 3860 1518 Scri-
3901 1515 3918 1528 ,

2255 1556 2411 1619 ptum
2443 1565 2682 1623 namque
2709 1561 2824 1606 est:
2861 1552 2996 1606 Ante
3022 1552 3239 1606 ruinam
3259 1553 3540 1607 excitatur
3569 1569 3657 1607 cor
3679 1551 3859 1623 (Prov.

2254 1653 2372 1704 xvr,
2410 1637 2520 1709 18).
2575 1638 2658 1694 Ibi
2688 1655 2815 1712 ergo
2869 1640 3166 1708 feriuntur,
3202 1641 3298 1697 ubi
3329 1640 3673 1712 superbiunt.
3708 1638 3858 1694 Unde

526 1713 681 1788 juste
705 1732 767 1772 ac
797 1714 1229 1774 misericorditer
1257 1719 1602 1792 singulorum
1633 1719 1798 1777 corda
1817 1723 1900 1776 vel
1936 1723 2140 1777 exatni-
2175 1739 2221 1799 Β
2250 1727 2516 1798 scriptum
2543 1737 2656 1783 est:
2681 1729 2923 1784 Contrivi
2945 1748 3039 1786 cor
3061 1747 3240 1785 eorum
3265 1729 3544 1802 fornicans
3563 1736 3609 1784 et
3628 1727 3861 1783 recedens

539 1826 697 1878 nans,
730 1811 817 1866 vel
850 1809 1168 1883 disponens,
1199 1812 1338 1869 alios
1373 1813 1431 1868 in
1461 1815 1738 1871 exteriora
1767 1815 2147 1887 respuit,alios

539 1901 607 1958 ad
650 1917 712 1956 ea
767 1916 888 1974 quae
934 1911 1064 1959 sunt
1115 1901 1452 1960 intrinsecus
1487 1904 1692 1971 trahit;
1757 1903 1857 1960 hos
1893 1905 2148 1962 accendit

541 1992 758 2049 interna
785 1999 1058 2064 appetere,
1093 1992 1218 2049 illos
1246 2010 1344 2066 pro
1398 1994 1777 2066 voluptatibus
1801 1995 1915 2050 suis
1943 1994 2147 2050 deserit

539 2083 811 2141 exteriora
838 2084 1105 2154 cogitare;
1141 2083 1338 2140 horum
1376 2095 1613 2142 mentem
1657 2084 1723 2141 ad
1765 2101 2000 2157 superna
2029 2085 2146 2140 eri-

539 2174 640 2246 git,
670 2175 692 2209 ³
723 2173 946 2230 illorum
977 2173 1288 2247 superbiam
1338 2175 1395 2231 in
1425 2175 1633 2231 inﬁmis
1678 2174 1964 2231 desideriis
1994 2191 2148 2230 mer—

540 2262 638 2335 git.
669 2263 868 2320 Aliena
897 2273 1076 2320 autem
1107 2265 1274 2322 corda
1303 2264 1561 2322 humanis
1587 2265 1765 2322 oculis
1794 2265 1977 2322 clausa
1993 2275 2143 2336 sunt,

539 2360 594 2408 et
639 2352 884 2410 nescitur
941 2353 1036 2427 qui
1093 2355 1398 2427 repellitur,
1431 2357 1453 2390 ⁴
1515 2355 1644 2428 quia
1702 2355 1976 2427 penetrari
2041 2372 2149 2412 ne—

540 2453 751 2516 queunt
796 2462 916 2518 quae
962 2447 1030 2503 ab
1073 2463 1407 2521 unoquoque
1448 2448 1778 2520 cogitantur.
1823 2448 1957 2504 Nam
2008 2463 2148 2520 saepe

540 2532 706 2589 corde
766 2549 1022 2605 perverso
1081 2537 1316 2591 necdum
1373 2538 1637 2607 processit
1681 2555 1853 2610 usque
1901 2537 1969 2594 ad
2024 2538 2146 2594 eﬂ‘e-

541 2631 693 2678 ctum
754 2623 936 2693 operis
1018 2621 1346 2678 deliberatio
1419 2625 1790 2696 cogitationis,
1846 2635 1899 2681 et
1964 2625 2148 2683 adhuc

541 2708 772 2764 fortasse
828 2725 924 2782 per
986 2708 1237 2766 habitum
1303 2712 1451 2768 intus
1509 2711 1853 2784 astringitur,
1911 2714 2006 2786 qui
2031 2713 2145 2786 jam

543 2801 688 2861 797
736 2815 918 2865 mente
972 2807 1107 2866 foris
1164 2819 1412 2884 vagatur.
1451 2808 1556 2865 Sed
1594 2808 1721 2864 talis
1752 2809 1988 2882 quilibet
2044 2811 2146 2867 iste

541 2908 678 2955 tunc
705 2907 831 2956 ante
861 2901 1053 2958 oculos
1082 2900 1287 2958 interni
1314 2898 1522 2972 judicis
1551 2897 1774 2968 cecidit,
1806 2915 1930 2956 cum
1962 2899 2030 2955 ab
2059 2916 2150 2972 ap-

543 2991 791 3066 petendis
824 2987 1182 3046 interioribus
1193 3003 1288 3060 per
1307 2987 1640 3045 desiderium
1658 2991 1854 3048 exivit.
1879 2993 2144 3050 Nonnun-

543 3097 707 3155 quam
737 3097 868 3137 vero
889 3080 983 3136 alii
1005 3086 1127 3152 post
1157 3078 1312 3134 malae
1342 3078 1676 3151 operationis
1698 3096 1859 3136 usum
1899 3080 1966 3137 ad
1996 3097 2144 3153 spem
2177 3105 2220 3166 ο

542 3170 819 3226 caelestem
847 3169 1032 3223 subito
1061 3182 1247 3222 amore
1274 3167 1616 3224 reviviscunt
1641 3187 1653 3236 ;
1685 3177 1741 3226 et
1767 3171 1860 3242 qui
1903 3171 1959 3224 in
2011 3186 2147 3241 per-

545 3273 702 3314 versa
730 3257 946 3314 actione
975 3271 1031 3312 se
1061 3264 1392 3328 sparserant,
1423 3257 1491 3314 ad
1538 3259 1721 3315 sinum
1773 3260 2003 3314 internae
2050 3275 2146 3314 re-

544 3346 890 3404 tractationis
917 3347 1238 3418 semetipsos
1262 3346 1596 3420 increpando
1635 3349 1984 3421 recolligunt.
2036 3349 2146 3405 Hos

545 3435 727 3493 adhuc
753 3435 1108 3507 respicientes
1144 3433 1398 3492 homines
1427 3439 1615 3510 quales
1646 3437 1854 3493 dudum
1887 3437 1943 3494 in
1984 3454 2145 3512 opere

546 3531 836 3592 noverant,
869 3523 1005 3579 tales
1036 3531 1250 3596 putant.
1275 3527 1348 3581 At
1367 3534 1560 3582 contra
1588 3527 1671 3582 illi
1702 3543 1797 3600 per
1826 3530 1846 3563 ³
1879 3527 2146 3586 districta:

544 3613 1004 3671 considerationis
1034 3629 1264 3670 examen
1294 3615 1465 3671 vitam
1507 3632 1662 3671 suam
1708 3618 1923 3689 qualem
1973 3618 2145 3675 fuisse

547 3705 796 3762 recolunt
831 3705 1218 3778 insequuntur,
1266 3706 1546 3778 sciturque
1593 3705 1726 3779 quid
1767 3705 1996 3776 fuerint,
2052 3707 2147 3762 sed

545 3796 682 3871 quid
703 3795 816 3869 jam
853 3795 1118 3869 coeperint
1143 3812 1257 3852 esse
1272 3796 1537 3852 nescitur.
1559 3797 1619 3852 In
1643 3795 1747 3853 hoc
1765 3813 1893 3864 ergo
1915 3804 2153 3870 utroque

546 3904 740 3962 genere
775 3886 1067 3944 hominum
1097 3903 1237 3960 saepe
1254 3889 1529 3960 contingit
1553 3895 1683 3944 utet
1714 3889 1860 3961 iiqui
1888 3887 2150 3944 videntur

545 3992 686 4040 stare
716 3983 958 4038 humano
983 3981 1196 4053 judicio
1214 3980 1327 4053 jam
1358 3983 1416 4036 in
1447 3990 1742 4053 conspectu
1771 3981 1960 4037 aeterni
1986 3980 2151 4051 judi-

547 4069 625 4128 cis
649 4068 868 4141 jaceant
898 4087 911 4136 ;
943 4077 999 4124 et
1031 4071 1125 4142 qui
1158 4070 1339 4128 adhuc
1368 4086 1550 4126 coram
1596 4069 1918 4126 hominibus
1941 4067 2146 4142 jacent,

542 4157 657 4230 jam
676 4158 732 4212 in
761 4169 1058 4232 conspectu
1086 4161 1278 4217 aeterni
1302 4160 1510 4234 judicis
1534 4167 1699 4217 stent.
1723 4159 1858 4226 Quis
1887 4160 2035 4216 enim
2054 4157 2150 4213 ho-

549 4246 763 4301 minum
803 4249 1072 4305 aestimare
1125 4255 1392 4323 potuisset
1445 4251 1640 4308 Judam
1690 4249 1916 4306 vivendi
1947 4256 2148 4306 sortem

547 4333 712 4392 etiam
742 4346 864 4407 post
892 4338 1260 4396 ministerium
1293 4341 1628 4413 apostolatus
1659 4339 1910 4396 amittere
1934 4339 2147 4411 (Matth.

547 4442 728 4493 xxvu,
762 4426 816 4498 7)
841 4427 870 4483 ‘i
897 4428 969 4483 Et
999 4429 1123 4500 quis
1161 4446 1189 4485 e
1218 4439 1409 4488 contra
1439 4431 1709 4488 latronem
1739 4431 1984 4488 crederet
2007 4446 2150 4486 cau—

548 4540 662 4580 sam
695 4524 822 4581 vitze
845 4528 1011 4583 etiam
1044 4527 1100 4582 in
1116 4527 1233 4598 ipso
1254 4529 1488 4586 articulo
1519 4530 1712 4586 mortis
1735 4530 1985 4586 invenire
2000 4529 2028 4584 ‘I
2049 4529 2148 4585 Oc-

547 4611 731 4668 cultus
760 4623 941 4670 autem
965 4613 1139 4684 judex
1168 4616 1488 4686 praesidens,
1508 4629 1561 4675 et
1589 4628 1956 4691 utrorumque
1988 4616 2153 4674 corda

547 4700 886 4773 discernens,
917 4704 1152 4759 alterum
1184 4705 1271 4776 pie
1301 4707 1512 4775 statuit,
1546 4708 1785 4764 alterum
1811 4706 1960 4779 juste
2010 4722 2156 4763 con-

546 4793 730 4866 fregit.
755 4793 918 4850 Illum
937 4792 1188 4850 districte
1205 4796 1447 4852 exterius
1467 4798 1693 4869 repulit,
1714 4797 1865 4854 hunc
1883 4798 2158 4852 introrsus

548 4883 978 4942 misericorditer
995 4882 1184 4942 traxit.
1206 4884 1358 4942 Unde
1373 4884 1511 4942 bene
1527 4886 1690 4942 etiam
1715 4903 1811 4959 per
1829 4883 2156 4958 prophetam

547 4991 770 5032 casuros
797 4977 935 5034 alios
966 4976 1237 5050 passionis
1267 4993 1378 5034 suae
1405 4986 1652 5049 tempore
1680 4985 1843 5049 atque
1887 4975 2025 5030 alios
2073 4991 2154 5031 re-

549 5074 889 5126 surrecturos
917 5066 1270 5134 annuntians,
1312 5066 1392 5122 ait
1423 5083 1434 5122 :
1468 5068 1665 5123 Potum
1685 5081 1857 5120 meum
1885 5080 2002 5119 cum
2025 5066 2152 5134 ﬂetu

626 5295 642 5366 ξ
676 5293 826 5352 Edit.
860 5295 1017 5353 Rom.
1050 5295 1192 5354 Sixti
1223 5295 1292 5366 ν,
1322 5292 1601 5362 mendose,
1623 5292 1765 5365 quod
1795 5291 1876 5348 hic
1905 5291 2148 5366 fugiunt.

624 5363 646 5400 ²
673 5367 910 5441 Ιξθθθηι.
940 5369 1068 5437 Ed.,
1115 5369 1171 5424 in
1217 5363 1444 5441 publica.
1483 5363 1990 5441 Expunximus‘in,‘
2033 5383 2152 5441 sua-

550 5432 812 5513 dentibus
863 5440 988 5513 Mss.
1047 5432 1114 5513 et
1139 5432 1248 5496 vet.
1306 5432 1592 5513 Vulgatisf
1628 5439 1815 5513 sicque
1849 5432 2153 5510 elegantius

551 5509 671 5636 hos.
711 5510 1024 5589 membrum
1067 5511 1225 5568 alteri
1269 5509 1583 5587 respondet,
1629 5509 1744 5566 hoc"
1778 5527 1918 5566 nunc
1944 5509 2151 5565 secreto

551 5597 610 5636 tu
652 5596 772 5635 icto.

575 5596 752 5638 ααισιο
761 5622 772 5634 .

540 5597 843 5729 θυῗῑῗῖἓὲῐη
875 5650 1104 5729 Excus_i_,
1133 5653 1356 5729 illorum
1390 5673 1510 5729 per,
1531 5655 1852 5729 superbiam.
1886 5652 2153 5712 Abundat

542 5740 666 5799 per,
695 5723 959 5796 abestque
987 5739 1018 5779 a
1045 5723 1174 5782 Mss.
1210 5723 1468 5796 Vindoc.,
1497 5723 1713 5796 Nofm.,
1744 5737 1875 5796 etc.,
1907 5742 2009 5784 nec
2038 5742 2150 5783 non

2256 1835 2289 1871 a
2323 1834 2401 1871 me
2419 1818 2643 1886 (Ezech.
2677 1837 2753 1888 vr,
2777 1821 2852 1892 9).
2887 1822 3126 1879 Interius
3157 1821 3304 1877 enim
3335 1819 3861 1876 fornicariestexte-

2257 1907 2372 1963 rius
2411 1908 2598 1964 vetitis
2641 1908 2922 1967 delectari.
2955 1913 3149 1984 Magna
3178 1921 3359 1968 autem
3391 1911 3654 1968 contritio
3681 1907 3862 1966 cordis

2255 2004 2334 2051 est
2363 1995 2481 2052 11ωο
2508 1997 2695 2054 eadem
2727 2000 2892 2055 elatio
2920 2001 3308 2072 superbientis.
3339 2001 3421 2055 Eo
3446 1999 3782 2072 quippeipso
3797 1997 3864 2053 ab

2256 2085 2566 2158 integritate
2613 2089 2805 2145 salutis
2850 2091 3084 2158 corruit,
3117 2107 3224 2163 quo
3259 2089 3532 2161 jactantia
3570 2087 3867 2160 cujuslibet

2255 2176 2481 2232 virtutis
2510 2177 2845 2235 intumescit.
2879 2179 3267 2251 Superbientes
3299 2178 3447 2234 enim
3481 2181 3657 2234 Deum
3686 2176 3866 2248 despi-

2255 2266 2432 2336 ciunt,
2463 2276 2515 2323 et
2543 2268 2734 2325 relicta
2761 2270 3025 2325 creatoris
3051 2269 3137 2325 sui
3167 2269 3363 2340 gloria,
3397 2268 3678 2340 propriam
3709 2281 3868 2338 quaa-

2255 2366 2404 2413 runt.
2438 2357 2650 2425 Quibus
2673 2357 2787 2429 jam
2818 2357 2925 2415 hoc
2954 2359 3132 2430 ipsum
3155 2357 3424 2415 cecidisse
3443 2367 3543 2426 est,
3561 2356 3763 2412 amissa
3783 2371 3869 2410 su-

2256 2447 2488 2520 perioris
2503 2448 2589 2504 sui
2605 2449 2936 2520 potentia,in
2959 2465 3015 2504 se
3032 2449 3269 2506 venisse.
3281 2448 3659 2506 Conteruntur
3677 2445 3867 2512 etiam,

2257 2539 2406 2610 quia,
2440 2539 2650 2595 relictis
2675 2539 3012 2606 coelestibus,
3044 2548 3244 2595 terram
3302 2547 3577 2612 quaerunt.
3612 2536 3745 2604 Quae
3774 2551 3868 2590 au-

2256 2637 2366 2685 tem
2399 2629 2577 2702 major
2604 2630 2806 2702 poterit
2834 2647 2950 2688 esse
2971 2631 3239 2687 contritio
3271 2645 3433 2702 quam
3464 2627 3681 2684 deserto
3711 2640 3868 2682 crea-

2257 2727 2374 2774 tore
2403 2728 2712 2775 creaturam
2760 2737 3033 2792 quaerere;
3068 2720 3304 2776 desertis
3352 2717 3609 2790 supernis
3641 2713 3866 2788 gaudiis,

2256 2805 2466 2863 inﬁmis
2484 2807 2645 2864 rebus
2665 2807 3074 2864 inhiare?Unde
3109 2809 3244 2864 bene
3268 2823 3363 2878 per
3383 2806 3722 2877 Prophetam
3740 2802 3870 2860 dici-

2257 2905 2362 2953 tur:
2397 2897 2659 2952 Humiliat
2683 2903 2859 2952 autem
2882 2905 3175 2967 peccatores
3191 2912 3352 2966 usque
3367 2895 3438 2949 ad
3472 2900 3677 2973 terram
3694 2893 3870 2965 (Psal.

2256 3003 2400 3053 chI,
2454 2987 2528 3059 6).
2586 2985 2818 3042 Amissis
2863 2986 3021 3056 enim.
3061 2983 3396 3053 coelestibus,
3449 2993 3732 3039 terrenum
3787 2989 3869 3036 est

2256 3093 2418 3131 omne
2449 3077 2470 3111 ⁸
2502 3075 2649 3148 quod
2678 3076 2892 3141 sitiunt;
2928 3085 2980 3131 et
3010 3075 3146 3131 dum
3178 3075 3304 3147 plus
3345 3073 3523 3129 videri
3577 3080 3869 3140 conantur,

2256 3167 2440 3220 minus
2467 3175 2550 3220 est
2579 3165 2724 3238 quod
2762 3173 3046 3237 appetunt.
3079 3167 3158 3221 De
3188 3165 3394 3238 quibus
3423 3173 3568 3220 recte
3599 3179 3698 3235 per
3727 3163 3868 3217 Jere-

2256 3255 2422 3310 miam
2452 3254 2661 3311 dictum
2690 3264 2771 3312 est
2803 3256 3139 3312 :Recedentes
3166 3264 3283 3321 ate,
3315 3256 3370 3309 in
3396 3261 3543 3309 terra
3571 3254 3869 3308 scribentur

2259 3344 2473 3416 (Jerem.
2497 3361 2636 3413 xvn,
2673 3345 2784 3415 13).
2818 3347 2891 3400 At
2920 3355 3112 3401 contra
3129 3345 3197 3401 de
3226 3345 3418 3400 electis
3446 3343 3657 3400 dicitur
3681 3362 3692 3398 :
3733 3345 3872 3399 Gau-

2255 3435 2384 3502 dete,
2414 3436 2542 3506 quia
2568 3437 2784 3490 nomina
2807 3441 2978 3491 vestra
3009 3437 3212 3506 scripta
3235 3440 3359 3489 sunt
3385 3434 3444 3488 in
3470 3433 3613 3488 cretis
3639 3433 3864 3502 (Luc.x,

2255 3525 2373 3598 20).
2421 3526 2529 3582 Ista
2561 3542 2688 3598 ergo
2722 3525 2985 3583 contritio
3030 3525 3184 3596 prius
3237 3524 3408 3595 serpit
3445 3521 3503 3576 in
3551 3529 3760 3588 mente,
3815 3529 3876 3574 ut

2257 3615 2606 3688 postmodum
2637 3615 2892 3687 procedat
2952 3616 3008 3670 in
3039 3631 3238 3686 opere;
3296 3613 3448 3685 prius
3503 3610 3874 3666 fundamenta

2258 3705 2611 3778 cogitationis
2640 3704 2907 3770 concutit,
2938 3713 3000 3759 ut
3021 3702 3374 3776 postmodum
3397 3697 3666 3757 fabricam
3690 3715 3874 3773 opera-

2260 3796 2431 3854 tionis
2461 3798 2670 3854 allidat.
2705 3797 2858 3854 Unde
2885 3813 3101 3852 summa
3146 3807 3228 3854 est
3283 3813 3416 3855 cura
3447 3796 3591 3854 798
3619 3809 3866 3870 satagen-

2260 3889 2392 3944 dum
2425 3897 2484 3942 ut
2515 3888 2846 3944 illicvitetur
2867 3887 2962 3942 ubi
2993 3886 3481 3958 oritur.Scriptum
3501 3904 3744 3961 namque
3765 3896 3870 3943 est:

2262 3978 2418 4034 Omni
2447 3977 2685 4032 custodia
2707 3994 2859 4032 serva
2888 3993 2981 4032 cor
3012 3983 3182 4042 tuum,
3228 3980 3485 4049 quoniam
3513 3997 3580 4034 ea:
3613 3979 3730 4051 ipso
3762 3977 3873 4033 vita

2253 4067 2493 4140 procedit
2521 4069 2714 4141 (Prov.
2740 4085 2818 4137 tv,
2842 4067 3030 4140 23).Et
3070 4086 3288 4124 rursum
3313 4071 3586 4142 scriptum
3627 4079 3748 4127 est:
3780 4070 3870 4126 Ex

2259 4160 2414 4214 corde
2441 4165 2631 4214 exeunt
2661 4159 3003 4230 cogitationes
3025 4159 3180 4214 mata:
3202 4158 3418 4229 (Matth.
3461 4176 3554 4225 xv,
3595 4161 3875 4230 19).Intus

2265 4264 2404 4322 ergo
2429 4249 2772 4321 vigilandum
2803 4257 2884 4305 est
2924 4265 2992 4304 ne
3022 4263 3176 4304 mens
3206 4246 3340 4302 dum
3371 4248 3674 4304 extollitur
3717 4248 3859 4304 cada

2259 4340 2414 4396 Intus
2443 4355 2723 4395 servemus
2769 4355 2930 4395 omne
2981 4337 3126 4411 quod
3174 4337 3309 4393 foris
3340 4337 3576 4409 agimus.
3609 4337 3671 4394 Si
3721 4337 3876 4392 enim

2259 4429 2426 4485 semel
2470 4428 2765 4485 medullam
2812 4427 2991 4486 cordis
3019 4427 3274 4483 elationis
3305 4427 3540 4498 putredo
3570 4441 3874 4498 consump-

2258 4521 2411 4588 serit,
2441 4520 2606 4577 citius
2633 4520 2840 4577 corruit
2869 4527 3056 4576 cortex
3108 4534 3282 4574 vacua
3333 4525 3577 4576 externae
3608 4516 3878 4574 visionis.

2263 4608 2573 4667 Notandum
2612 4625 2742 4666 vero
2789 4618 2870 4666 est
2897 4608 3025 4681 quia
3071 4607 3203 4664 dum
3255 4608 3380 4665 aliis
3433 4607 3766 4664 cadentibus
3805 4603 3872 4661 ad

2261 4699 2519 4756 standum
2547 4698 2643 4753 alii
2668 4699 2891 4755 solidari
2918 4698 3298 4770 perhibentur,
3329 4698 3631 4754 electorum
3685 4710 3882 4752 nume-

2264 4804 2359 4844 rus
2387 4796 2569 4844 certus
2607 4797 2660 4844 et
2689 4787 2948 4844 definitus
2986 4787 3315 4843 ostenditur.
3353 4785 3506 4842 Unde
3542 4786 3721 4842 etiam
3753 4783 3878 4840 Phi-

2264 4874 2556 4947 ladelphiae
2588 4875 2847 4934 Ecclesiae
2876 4893 2972 4949 per
2998 4877 3260 4948 angelum
3299 4874 3506 4931 dicitur
3535 4891 3546 4930 :
3581 4875 3722 4931 Tene
3736 4869 3876 4944 quod

2263 4963 2440 5031 habes,
2465 4980 2528 5020 ne
2554 4965 2695 5020 alius
2729 4967 2956 5037 accipiat
2983 4982 3233 5022 coronam
3260 4965 3618 5036 t-uam(Apoc.
3645 4981 3731 5031 In,
3762 4962 3877 5033 11).

2340 5052 2476 5126 [γει.
2509 5055 2596 5112 XI
2597 5052 2639 5128 .]
2665 5057 2753 5114 21.
2782 5056 3043 5113 Doctrina
3058 5055 3308 5114 Ecclesia
3327 5057 3388 5112 de
3396 5053 3870 5127 predestinations
3964 5039 3976 5052 Χ

2260 5308 2293 5349 a
2316 5299 2428 5349 vet.
2451 5289 2738 5364 ,Vulgatis.

2335 5367 2356 5400 ⁴
2384 5363 2556 5432 Editi,
2587 5363 2713 5436 quia
2752 5369 3032 5435 penetrare
3071 5367 3355 5436 nequeunt,
3401 5376 3520 5436 quin
3569 5373 3754 5436 sensu
3796 5371 3879 5436 ca-

2265 5445 2402 5518 rent.
2439 5429 2843 5518 Legendum'ut
2870 5437 2928 5492 in
2959 5437 3086 5495 Mss.
3133 5429 3394 5503 Vindoc.,
3416 5429 3600 5501 "Utic.,
3645 5429 3879 5497 Pratel.,

2261 5515 2395 5574 etc.,
2423 5513 2710 5578 penetrari.

2333 5581 2356 5661 ξ
2388 5577 2612 5661 labroic.
2645 5588 2699 5637 et
2727 5579 2844 5661 alii,
2876 5581 3129 5661 districta
3159 5577 3600 5637 conversationis.

2333 5651 2359 5690 ⁸
2385 5650 2642 5725 Longip.,
2671 5654 2812 5725 quod
2841 5654 3094 5712 sentiunt.
