4162 6184
353 265 458 322 333

1094 266 1468 327 MORALIUM
1505 268 1639 327 LIB.
1681 269 1865 330 XXV.
1905 304 1977 316 —
2006 274 2086 333 ΙΝ
2123 274 2350 334 CAPUT
2388 278 2632 336 XXXIV
2669 281 2731 336 Β.
2774 282 2917 339 JOB.

3540 292 3647 351 334

352 402 401 455 et
442 394 810 470 reprobatione
851 409 994 464 spem
1038 395 1209 449 nutrit
1250 395 1550 466 humilium,
1598 403 1645 452 et
1680 399 1952 455 elationem

2071 402 2129 458 in
2174 402 2464 477 iniquitate
2508 422 2893 478 permansuros
2936 410 3198 469 admittit.
3249 415 3475 488 Propter
3520 416 3669 477 hanc

355 488 701 562 superborum
742 483 953 555 premit.
1006 485 1420 541 Innumerabiles
1453 493 1576 541 sunt
1618 490 1849 560 reprobi.
1889 522 1960 533 —

357 579 472 634 Hac
501 592 625 647 ergo
655 573 946 641 sententia,
979 591 1085 647 qua
1104 582 1355 632 narratur
1374 575 1606 632 aliorum
1638 578 1796 649 erigi,
1827 579 1957 635 alio-

354 686 477 726 rum
499 675 680 723 autem
698 665 815 720 vita
835 664 1131 735 confringi,
1161 674 1215 721 et
1232 683 1353 739 spes
1373 667 1616 722 nutritur
1635 665 1957 737 humilium,

354 768 407 816 et
434 757 602 814 elatio
629 755 901 829 premitur
916 754 1296 827 superborum,
1316 756 1449 812 dum
1481 764 1534 813 et
1558 756 1639 811 illi
1667 756 1810 813 bona
1840 774 1958 830 pos-

353 856 481 907 sunt
507 847 763 903 amittere
792 844 858 901 de
886 844 1086 916 quibus
1114 846 1459 919 superbiunt,
1495 854 1549 901 et
1577 846 1668 901 isti
1697 862 1759 901 ea
1788 846 1957 919 perci-

352 955 479 1013 pere
509 954 631 1011 quas
660 935 787 1010 quia
818 952 930 991 non
959 934 1231 991 habebant
1258 943 1709 993 contemnuntur.
1749 936 1957 991 Formi-

353 1034 547 1092 demus
576 1032 747 1104 igitur
774 1030 833 1086 in
861 1028 949 1085 his
985 1046 1106 1102 quae
1131 1030 1460 1102 accepimus,
1488 1045 1589 1085 nec
1617 1045 1709 1085 eos
1738 1027 1831 1101 qui
1862 1027 1958 1083 illa

352 1123 589 1180 necdum
620 1118 855 1177 assecuti
886 1126 1016 1175 sunt
1050 1121 1063 1152 ¹
1103 1119 1468 1192 desperemus.
1502 1118 1645 1187 Quid
1675 1118 1822 1173 enim
1853 1134 1959 1173 su—

355 1231 477 1272 mus
507 1211 674 1268 hodie
700 1210 980 1278 novimus,
1012 1207 1145 1281 quid
1165 1217 1346 1265 autem
1377 1216 1499 1282 post
1526 1208 1813 1280 paululum
1837 1223 1955 1278 pos-

355 1303 528 1361 simus
574 1316 689 1358 esse
730 1298 1028 1356 nescimus.
1062 1297 1130 1353 Hi
1160 1315 1290 1354 vero
1320 1314 1457 1371 quos
1496 1297 1724 1353 fortasse
1765 1294 1957 1367 despi-

355 1397 553 1464 cimus,
584 1403 639 1451 et
665 1392 814 1450 tarde
844 1399 1073 1465 possunt
1100 1390 1363 1464 incipere,
1385 1399 1439 1447 et
1465 1398 1648 1446 tamen
1676 1389 1845 1444 vitam
1861 1405 1955 1444 no-

353 1496 523 1545 stram
583 1482 1013 1541 ferventioribus
1071 1481 1271 1538 studiis
1329 1480 1558 1537 anteire.
1627 1477 1955 1535 Timendum

354 1578 540 1651 itaque
570 1583 653 1632 est
688 1590 759 1630 ne
796 1574 960 1629 etiam
992 1570 1151 1628 nobis
1189 1570 1511 1627 cadentibus
1554 1576 1761 1642 surgat,
1803 1568 1898 1641 qui
1927 1583 1959 1624 a

355 1666 515 1725 nobis
533 1664 809 1723 stantibus
830 1662 1090 1720 irridetur
1111 1679 1124 1729 ;
1149 1660 1405 1734 quamvis
1424 1668 1567 1716 stare
1579 1658 1693 1731 jam
1716 1674 1825 1714 non
1855 1650 1955 1713 n04

2066 494 2501 563 multitudinem,
2534 512 2653 567 quae
2683 503 2838 552 extra
2860 498 3159 555 electorum
3186 518 3475 561 numerum
3493 505 3661 578 jacet,

2065 581 2124 638 in
2152 585 2453 655 Evangelio
2481 586 2749 641 Dominus
2778 585 2912 641 dicit
2936 604 2947 641 :
2981 589 3140 644 Multi
3155 597 3278 643 sunt
3294 570 3669 665 vocati,pauci

2064 689 2186 727 vero
2216 675 2358 729 electi
2392 676 2611 741 (Matth.
2645 692 2743 742 xx,
2790 676 2854 732 16
2857 677 2903 747 );
2940 677 3046 733 Sed
3075 679 3203 751 quia
3234 679 3339 735 hoc
3366 684 3513 753 quod
3542 686 3664 742 ele—

2065 762 2168 818 ctis
2204 762 2328 819 aliis
2369 765 2463 821 alii
2494 775 2874 835 conteruntur,
2923 767 2991 824 de
3037 768 3234 825 merito
3263 770 3522 841 patientis
3557 783 3660 844 est,

2064 867 2174 908 non
2206 852 2272 909 de
2294 852 2589 927 iniquitate
2615 857 2894 928 punientis
2918 875 2929 914 :
2962 858 3081 914 Non
3110 859 3244 913 enim
3264 860 3478 932 iniquus
3498 862 3660 932 Deus,

2065 944 2158 1014 qui
2184 943 2350 1015 infert
2378 946 2521 1002 iram
2552 950 2733 1016 (Rom.
2769 967 2853 1014 ιιι,
2883 949 2962 1020 5),
2997 957 3119 1021 apte
3148 950 3519 1025 subjungitur.

2528 1036 2754 1093 CAPUT
2784 1039 2861 1094 IX
2895 1037 3037 1112 [Rec.
3071 1039 3200 1114 IX].

2136 1122 2306 1179 Vens.
2354 1124 2443 1181 25.
2475 1156 2546 1167 —
2574 1126 2733 1181 Novit
2765 1128 2898 1183 enim
2946 1145 3106 1199 opera
3143 1146 3344 1200 eorum,
3375 1138 3424 1187 et
3465 1131 3663 1188 idcirco

2064 1212 2085 1248 ⁸
2116 1212 2325 1267 inducet
2348 1219 2566 1281 noctem,
2598 1221 2646 1268 et
2671 1222 3027 1274 conterentur.

2132 1305 2221 1361 22.
2253 1304 2393 1360 Deus
2430 1311 2752 1375 peccatorem
2793 1308 3086 1377 aliquando
3118 1311 3278 1380 punit
3302 1312 3661 1371 excwmtione.

2062 1424 2134 1435 -—
2160 1393 2456 1450 Sciendum
2502 1410 2847 1467 summopere
2876 1403 2958 1451 est
2993 1398 3139 1469 quod
3179 1399 3403 1472 iniquus
3432 1403 3662 1475 quisque

2064 1483 2278 1541 duobus
2305 1484 2485 1540 modis
2513 1484 2570 1540 in
2590 1493 2750 1542 nocte
2772 1486 3097 1556 conteritur,
3120 1488 3206 1543 vel
3226 1505 3352 1545 cum
3373 1491 3665 1547 exterioris

2063 1592 2236 1649 paenae
2265 1575 2623 1632 tribulatione
2652 1577 2980 1649 percutitur,
3011 1579 3099 1634 vel
3128 1596 3254 1635 cum
3284 1581 3499 1637 occulta
3527 1596 3664 1637 sen-

2064 1666 2237 1722 tentia
2282 1665 2513 1722 interius
2550 1674 2802 1723 caecatur.
2852 1668 2915 1722 In
2946 1675 3106 1724 nocte
3133 1669 3362 1738 corruit,
3411 1685 3539 1725 cum
3569 1686 3665 1741 per

352 1758 455 1826 vit,
488 1756 583 1830 qui
612 1772 733 1817 non
753 1760 989 1811 stantem
1011 1751 1167 1808 novit
1191 1750 1438 1806 irridere.
1473 1750 1632 1805 Hunc
1657 1755 1839 1803 autem
1865 1763 1953 1802 su-
1983 1763 2032 1824 Β
2066 1763 2370 1811 extremum
2406 1755 2681 1827 judicium
2726 1756 2953 1813 vivendi
3001 1757 3189 1813 lumen
3229 1757 3289 1814 in
3340 1767 3661 1831 perpetuum

352 1863 652 1921 pernoram
677 1843 1013 1917 judiciorum
1031 1848 1239 1897 metum
1260 1840 1462 1896 Paulus
1489 1836 1770 1911 apostolus
1788 1834 1951 1892 disci-

354 1937 614 2011 pulcrum
662 1932 914 1990 cordibus
959 1931 1255 1999 incutiens,
1297 1930 1410 1986 ait:
1457 1928 1558 1996 Qui
1598 1945 1651 1983 se
1687 1925 1953 1982 existimat

352 2031 519 2094 stare,
560 2024 737 2081 uideat
771 2040 833 2079 ne
878 2022 1034 2079 cadat
1078 2021 1138 2094 (I
1178 2020 1303 2077 Cor.
1350 2036 1408 2089 x,
1460 2018 1572 2091 l2).
1630 2016 1788 2085 Quod
1843 2030 1951 2070 au-

354 2122 460 2171 tem
491 2114 711 2171 dicens:
751 2112 991 2170 Conterit
1028 2111 1241 2178 multos,
1272 2108 1424 2165 illico
1461 2106 1739 2179 adjunxit,
1771 2106 1953 2162 Innu-

352 2204 645 2274 merabiles,
666 2204 754 2260 vel
777 2201 1191 2260 multitudinem
1212 2198 1520 2272 exprimere
1540 2195 1753 2252 studuit
1770 2211 1952 2267 repro-

352 2295 567 2365 borum,
598 2311 721 2369 quae
750 2293 1008 2365 humanae
1032 2289 1263 2347 rationis
1279 2303 1572 2345 numerum
1602 2284 1799 2341 transit
1825 2302 1838 2351 ;
1863 2282 1950 2339 vel

350 2393 493 2442 certe
532 2385 780 2441 indicare
808 2382 989 2439 voluit
1018 2379 1165 2454 quod
1207 2396 1399 2436 omnes
1427 2377 1521 2451 qui
1548 2382 1778 2450 pereunt
1806 2373 1953 2429 intra

351 2476 654 2531 electorum
684 2489 977 2529 numerum
1006 2486 1121 2526 non
1147 2469 1443 2534 habentur,
1472 2474 1535 2520 ut
1561 2481 1625 2520 eo
1653 2463 1764 2519 sint
1792 2463 1951 2517 innu-

348 2563 670 2626 merabiles,
703 2577 811 2632 quo
840 2566 995 2615 extra
1022 2572 1317 2613 numerum
1348 2562 1597 2610 currunt.
1632 2551 1785 2608 Unde
1812 2551 1954 2605 Pro-

344 2653 523 2726 pheta
574 2651 798 2705 intuens
844 2654 1027 2703 tantos
1071 2645 1177 2701 hoc
1227 2643 1487 2700 Ecclesia:
1534 2649 1773 2713 tempore
1826 2656 1956 2712 spe-

346 2742 438 2801 cie
469 2744 633 2798 tenus
662 2738 900 2806 credere,
933 2744 1167 2810 quantos
1195 2734 1459 2790 nimirum
1490 2739 1696 2788 certum
1726 2738 1806 2787 est
1834 2731 1955 2786 ele-

347 2840 569 2890 ctorum
600 2844 891 2885 numerum
922 2840 1301 2897 summamque
1331 2822 1583 2891 transire,
1613 2821 1721 2877 ait:
1754 2820 1953 2878 Multi-

345 2921 533 2995 plicati
560 2925 683 2974 sunt
711 2934 869 2990 super
910 2933 1186 2971 numerum
1227 2915 1401 2985 (Psal.
1444 2929 1646 2980 xxx1x,
1676 2912 1756 2985 6).
1796 2912 1878 2967 Ac
1906 2910 1953 2966 si

351 3010 592 3067 diceret:
640 3008 833 3064 multis
860 3004 1161 3062 Ecclesiam
1201 3002 1560 3069 intrantibus,
1592 3001 1756 3056 etiam
1796 2999 1853 3055 hi
1884 2999 1952 3055 ad

351 3100 515 3156 ﬁdem
543 3097 723 3171 specie
752 3104 911 3152 tenus
939 3094 1172 3149 veniunt
1199 3093 1293 3165 qui
1325 3108 1354 3147 a
1395 3106 1624 3146 numero
1652 3090 1804 3161 regni
1833 3105 1953 3144 coe-

350 3190 500 3246 lestis
528 3186 925 3253 excluduntur,
955 3183 1097 3257 quia
1112 3184 1411 3240 electorum
1441 3196 1712 3237 summam
1744 3196 1844 3235 sua
1870 3179 1950 3234 vi-

349 3279 548 3336 delicet
593 3280 615 3314 ³
652 3276 1062 3349 multiplicitate
1098 3272 1515 3331 transcendunt.
1566 3269 1720 3327 Unde
1766 3277 1820 3325 et
1856 3285 1953 3341 per

351 3369 638 3425 Jeremiam
684 3364 1009 3439 prophetam
1055 3362 1290 3419 dicitur:
1339 3360 1724 3433 xEdiﬁcabitur
1766 3357 1952 3413 civitas

352 3459 576 3515 Domino
603 3475 636 3512 a
666 3462 815 3511 turre
847 3454 1118 3510 Ananehel
1149 3469 1310 3524 usque
1333 3451 1405 3505 ad
1427 3455 1641 3522 portam
1668 3446 1875 3519 anguli,
1906 3451 1955 3500 et

348 3547 511 3603 exibit
532 3548 677 3601 ultra
696 3561 939 3601 normam
954 3558 1212 3598 mensura:
1230 3540 1365 3613 (Jer.
1386 3556 1546 3607 xxxx,
1569 3530 1779 3608 38,39“).
1805 3535 1949 3591 Civi-

349 3645 522 3694 tatem
548 3636 745 3708 quippe
771 3651 886 3691 esse
915 3632 1139 3690 Domini
1169 3638 1413 3687 sanctam
1433 3627 1734 3685 Ecclesiam
1766 3625 1953 3681 nullus

351 3726 593 3800 ignorat.
626 3722 904 3780 Ananehel
947 3737 1079 3776 vero
1108 3719 1210 3775 Dei
1239 3717 1411 3791 gratia
1449 3717 1857 3786 interpretatur.
1891 3714 1952 3769 In

345 3816 553 3889 angulo
599 3822 781 3871 autem
824 3813 1030 3886 duplex
1074 3809 1251 3883 paries
1287 3806 1558 3879 jungitur.
1593 3803 1798 3860 Civitas
1825 3818 1952 3874 ergo

346 3909 571 3967 Domini
618 3926 651 3964 a
692 3916 845 3964 turre
882 3904 1167 3962 Ananehel
1205 3918 1378 3977 usque
1415 3901 1484 3957 ad
1521 3906 1733 3972 portam
1763 3898 1951 3970 anguli

347 3999 606 4059 aediﬁcari
640 3997 982 4071 perhibetur,
1013 3995 1145 4069 quia
1172 4000 1359 4050 sancta
1387 3990 1632 4048 Ecclesia
1658 4006 1689 4045 a
1716 3989 1951 4046 celsitu—

348 4091 477 4147 dine
503 4105 756 4162 supernae
787 4087 970 4160 gratiae
1014 4085 1302 4151 inchoans,
1337 4096 1508 4154 usque
1544 4079 1611 4136 ad
1643 4079 1948 4152 ingressum

348 4181 579 4254 suscepti
587 4194 862 4252 ouemque
877 4175 1216 4233 construitur
1224 4182 1585 4245 utrorumque
1598 4171 1948 4244 populorum,

348 4270 561 4327 Iudaici
591 4268 853 4325 videlicet
881 4273 1042 4337 atque
1071 4262 1311 4336 gentilis.
1339 4260 1445 4316 Sed
1474 4259 1602 4333 quia
1629 4259 1688 4314 in
1717 4274 1780 4314 ea
1809 4273 1950 4314 cres.

349 4367 502 4417 cente
549 4357 910 4416 multitudine
951 4354 1117 4411 etiam
1159 4350 1377 4424 reprobi
1423 4348 1779 4420 colliguntur,
1826 4353 1950 4419 apte

348 4450 639 4509 subditur:
698 4452 772 4507 Et
811 4448 975 4505 adibit
1026 4447 1174 4501 ultra
1230 4458 1471 4498 normam
1512 4456 1790 4507 mensum,
1821 4438 1949 4510 quia

350 4557 522 4616 usque
551 4540 620 4597 ad
640 4554 733 4597 eos
759 4552 978 4613 quoque
1004 4533 1344 4600 extenditur,
1375 4531 1470 4605 qui
1499 4545 1746 4586 normam
1780 4526 1948 4600 justi-

353 4632 439 4690 tim
483 4638 849 4699 transeuntes,
881 4628 1029 4683 intra
1075 4639 1344 4681 mensurae
1383 4620 1618 4677 ccelestis
1658 4636 1950 4676 numerum

353 4724 376 4758 ³
402 4738 514 4778 non
539 4728 688 4779 sunt.
723 4718 877 4778 Unde
906 4732 1002 4790 per
1030 4713 1225 4771 Isaiam
1255 4725 1470 4785 quoque
1490 4709 1665 4766 eidem
1691 4707 1950 4765 Ecclesiae

351 4810 555 4869 dicitur
582 4829 594 4866 :
626 4810 715 4867 Ad
756 4810 1027 4865 dexteram
1053 4804 1190 4860 enim
1217 4809 1265 4859 et
1303 4800 1375 4858 ad
1410 4802 1591 4856 lazvam
1620 4797 1949 4864 dilataberis,

350 4908 399 4957 et
428 4918 601 4957 semen
630 4907 775 4955 tuum
803 4903 970 4971 gentes
1007 4893 1335 4951 haereditabit
1380 4892 1534 4964 (Isai.
1566 4908 1679 4957 LIV,
1725 4888 1803 4961 3).
1838 4890 1858 4922 ‘
1887 4887 1950 4943 In

349 4999 501 5047 tanta
528 4991 733 5063 quippe
763 4985 1116 5043 multitudine
1136 4982 1379 5057 gentium
1402 4981 1774 5063 ad'dexteram
1807 4983 1950 5041 799

349 5088 693 5156 extenditur,
722 5086 855 5143 dum
887 5082 1148 5157 quosdam
1173 5080 1557 5154 justiﬁcandos
1582 5077 1830 5151 suscipit.
1864 5075 1950 5132 Ad

352 5182 547 5241 laevam
585 5196 802 5257 quoque
831 5177 1111 5248 dilatatur,
1142 5176 1274 5236 dum
1307 5176 1376 5233 ad
1406 5192 1462 5232 se
1490 5173 1754 5249 quosdam
1783 5170 1950 5228 etiam

425 5397 443 5431 ¹
474 5396 556 5452 Ita
583 5395 797 5465 Baluz.,
828 5393 1009 5461 Colb.,
1048 5387 1627 5465 Longip.,_Norm.Aac
1654 5381 1948 5465 vet.'_1?_ldit.

350 5467 411 5523 In
441 5455 840 5524 recentioribus
882 5455 1083 5536 legitur
1127 5455 1490 5536 dispiciamus.
1522 5455 1952 5536 Gussanvillaeus

351 5538 495 5595 hanc
522 5540 731 5594 variam
762 5528 1051 5594 lectionem
1083 5528 1328 5599 exhibet,
1377 5547 1539 5603 quam
1582 5528 1735 5603 unde
1758 5544 1952 5599 prom-

350 5612 521 5683 pserit
552 5612 899 5683 ignoramus:
932 5624 1023 5662 nec
1048 5607 1109 5661 de
1136 5606 1218 5662 his
1252 5620 1337 5661 eos
1364 5600 1456 5676 qui
1483 5602 1582 5661 illa
1608 5600 1826 5657 necdum
1853 5614 1953 5655 as-

349 5683 513 5739 secuti
540 5690 685 5748 sunt,
715 5683 1061 5754 desperemus.

424 5755 447 5790 ²
471 5754 741 5823 Vindoc.,
768 5752 1125 5811 multitudine.

2060 1844 2286 1900 amittit.
2320 1843 2473 1900 Unde
2501 1844 2767 1916 scriptum
2794 1854 2910 1901 est:
2944 1846 3125 1916 Ligate
3143 1846 3190 1903 ei
3208 1863 3398 1902 manus
3424 1852 3472 1901 et
3484 1846 3664 1917 pedes,

2061 1939 2111 1990 et
2135 1934 2321 1989 mittite
2346 1952 2463 1989 eum
2490 1934 2545 1988 in
2576 1934 2809 1990 tenebras
2836 1933 3121 1990 exteriores
3137 1936 3357 2004 (Matth.
3381 1952 3523 2004 xxu,
3547 1935 3659 2007 13).

2062 2021 2216 2079 Tunc
2253 2021 2402 2078 enim
2432 2030 2651 2081 coactus
2679 2022 2739 2079 in
2779 2023 3032 2080 tenebras
3071 2022 3372 2079 exteriores
3400 2022 3660 2092 mittitur,

2062 2112 2192 2186 quia
2219 2112 2445 2170 nuncin
2470 2112 2824 2170 interioribus
2843 2121 3147 2171 excaecatur
3170 2112 3501 2169 voluntarie.
3527 2113 3663 2169 Rur-

2060 2219 2184 2259 sum
2230 2202 2289 2258 in
2335 2209 2495 2259 nocte
2529 2201 2753 2275 iniquus
2779 2202 3104 2268 conteritur,
3153 2217 3280 2257 cum
3312 2207 3660 2272 peccatorum

2061 2291 2489 2365 praecedentium
2520 2291 2841 2349 confusione
2862 2290 3171 2359 damnatus,
3195 2288 3445 2345 veritatis
3474 2288 3661 2345 lumen

2061 2398 2175 2438 non
2204 2381 2443 2450 invenit,
2465 2389 2519 2437 et
2538 2380 2672 2454 quid
2692 2380 2949 2454 deinceps
2967 2396 3122 2453 agere
3153 2378 3346 2434 debeat
3367 2393 3478 2433 non
3498 2393 3662 2449 agnos

2061 2470 2184 2527 scit.
2220 2470 2357 2545 [Vet.
2391 2470 2548 2545 XII.]
2574 2471 2748 2527 Omne
2768 2471 2968 2544 quippe
2983 2476 3287 2542 peccatum,
3309 2466 3457 2541 quod
3478 2474 3660 2537 tamen

2062 2561 2227 2619 citius
2254 2562 2571 2634 paenitendo
2610 2578 2721 2617 non
2762 2561 3013 2633 tergitur,
3057 2567 3153 2617 aut
3179 2566 3461 2633 peccatum
3490 2566 3572 2614 est
3607 2564 3663 2629 et

2060 2669 2225 2710 causa
2262 2652 2491 2725 peccati,
2530 2661 2625 2709 aut
2672 2660 2954 2725 peccatum
2983 2658 3038 2707 et
3084 2666 3244 2724 poena
3272 2649 3499 2723 peccati.
3532 2649 3661 2717 Pco,-

2061 2752 2244 2802 catum
2275 2759 2512 2816 namque
2541 2742 2688 2816 quod
2716 2740 3039 2815 paenitentia
3069 2756 3180 2797 non
3210 2739 3375 2796 diluit
3404 2739 3523 2812 ipso
3560 2755 3661 2807 suo

2061 2832 2301 2905 pondere
2330 2849 2461 2888 mox
2489 2831 2560 2888 ad
2587 2831 2737 2888 aliud
2766 2830 2955 2888 trahit.
2980 2829 3134 2886 Unde
3162 2829 3225 2885 iit
3253 2837 3315 2885 ut
3342 2844 3455 2885 non
3481 2827 3660 2883 solum

2060 2928 2344 2995 peccatum
2387 2923 2480 2990 sit,
2535 2922 2629 2978 sed
2662 2930 2944 2994 peccatum
2991 2928 3045 2975 et
3093 2934 3255 2975 causa
3300 2915 3527 2988 peccati.
3572 2916 3661 2971 Ex

2060 3008 2159 3066 illo
2188 3011 2389 3084 quippe
2417 3010 2557 3065 vitio
2595 3010 2756 3081 culpa
2783 3009 3121 3080 subsequens
3157 3006 3353 3072 oritur,
3386 3006 3408 3039 ⁸
3454 3018 3522 3058 ex
3551 3018 3661 3074 quo

1989 3127 2033 3187 ρ
2063 3107 2260 3155 caecata
2298 3116 2452 3156 mens
2496 3098 2721 3155 ducitur
2757 3106 2819 3154 ut
2847 3096 3000 3169 pejus
3039 3111 3109 3151 ex
3147 3093 3257 3150 alio
3305 3092 3522 3165 ligetur.
3555 3091 3662 3148 Sed

2060 3199 2345 3262 peccatum
2389 3188 2537 3263 quod
2588 3204 2658 3244 ex
2705 3194 2925 3261 peccato
2973 3186 3172 3252 oritur,
3220 3199 3332 3240 non
3373 3181 3489 3254 jam
3524 3197 3663 3254 pec-.-

2060 3289 2267 3337 catum‘
2305 3276 2711 3346 tantummodo,
2767 3276 2863 3333 sed
2917 3282 3200 3348 peccatum
3256 3280 3338 3329 est
3393 3281 3447 3329 et
3501 3286 3661 3344 pcena

2061 3371 2289 3441 peccati,
2339 3370 2469 3443 quia
2515 3366 2693 3439 justo.
2707 3365 2921 3438 judicio
2977 3364 3325 3438 omnipotens
3378 3365 3525 3418 Deus
3567 3351 3662 3433 cor

2060 3461 2340 3532 peccantis
2377 3458 2683 3527 obnubilat,
2732 3466 2794 3513 ut
2823 3444 3180 3529 praecedentis
3214 3452 3419 3525 peccati
3464 3449 3660 3506 merito

2061 3548 2225 3604 etiam
2253 3549 2313 3603 in
2343 3549 2469 3603 aliis
2497 3547 2674 3604 cadat.
2694 3547 2867 3614 Quem
2898 3547 3046 3602 enim
3075 3544 3307 3600 liberare
3336 3540 3536 3608 noluit,
3570 3537 3658 3594 de-

2060 3637 2290 3693 serendo
2330 3635 2615 3707 percussit.
2648 3636 2769 3691 Non
2798 3650 2925 3706 ergo
2954 3632 3235 3690 immerito
3266 3648 3426 3704 paena
3451 3628 3659 3703 peccati

2060 3726 2286 3795 dicitur,
2335 3726 2482 3799 quod
2520 3724 2668 3797 justa
2715 3723 2947 3795 desuper
2991 3724 3229 3792 irrogata
3279 3720 3541 3785 caecitate,
3591 3732 3661 3771 ex

2060 3816 2420 3888 przecedentis
2448 3815 2655 3887 peccati
2685 3812 2897 3868 ultione
2927 3817 3289 3883 perpetratur.
3323 3807 3481 3875 Quod
3511 3805 3660 3860 vide-

2062 3887 2191 3963 licet
2213 3906 2395 3978 agitur
2423 3904 2783 3976 dispositione
2812 3902 3064 3974 superius
3095 3898 3368 3965 ordinata,
3400 3895 3493 3952 sed
3523 3887 3659 3949 infe-

2059 3995 2177 4051 rius
2214 3995 2505 4068 iniquitate
2534 3993 2782 4062 confusa,
2813 3999 2875 4048 ut
2916 3999 2971 4047 et
3009 3985 3319 4063 praecedens
3349 3985 3509 4057 culpa
3538 3986 3557 4018 ⁷
3590 3983 3663 4040 sit

2058 4102 2223 4144 causa
2250 4086 2653 4159 subsequentis,
2700 4092 2754 4140 et
2781 4100 3000 4140 rursum
3036 4079 3197 4151 culpa
3225 4076 3561 4148 subsequens
3589 4069 3662 4131 sit

2057 4191 2220 4249 poena
2248 4174 2625 4249 praecedentis.
2656 4173 2815 4242 Quod
2843 4173 2980 4229 bene
2999 4171 3056 4226 in
3079 4167 3398 4224 inﬁdelibus
3418 4173 3472 4220 et
3493 4163 3658 4249 lubri-

2057 4267 2138 4324 cis
2178 4248 2377 4323 Paulus
2406 4267 2561 4340 quasi
2591 4264 2865 4339 quoddam
2895 4277 3083 4321 semen
3113 4259 3315 4316 erroris
3352 4248 3658 4329 aspexerat,

2057 4374 2184 4414 cum
2215 4358 2455 4414 dicebat:
2495 4357 2599 4425 Qui
2639 4374 2755 4411 cum
2782 4355 3134 4426 cognovissent
3163 4351 3353 4415 Deum,
3396 4365 3501 4403 non
3528 4342 3663 4408 sicut

2056 4447 2226 4502 Deum
2252 4447 2705 4519 gloriﬁcaverunt,
2725 4451 2821 4501 aut
2837 4444 3042 4516 gratias
3068 4446 3281 4512 egerunt
3301 4455 3322 4504 ,'
3342 4437 3428 4493 sed
3444 4433 3659 4492 evanue-

2056 4543 2187 4591 runt
2210 4537 2268 4592 in
2294 4535 2694 4607 cogitationibus
2726 4535 2836 4589 suis
2868 4536 3042 4605 (Rom.
3078 4548 3117 4599 ι,
3150 4530 3266 4603 2i).
3292 4528 3396 4585 Sed
3417 4526 3563 4601 quod
3590 4542 3662 4582 ex

2062 4625 2229 4699 hujus
2270 4626 2472 4682 erroris
2499 4625 2708 4683 semine
2738 4621 3054 4696 pullulavit,
3081 4619 3233 4676 illico
3263 4617 3533 4691 adjungit,
3564 4615 3662 4671 di-

2059 4733 2223 4776 cens:
2257 4719 2486 4790 Propter
2517 4717 2658 4789 quod
2696 4716 2920 4771 tradidit
2962 4714 3085 4770 illos
3118 4714 3259 4769 Deus
3306 4709 3362 4764 in
3399 4702 3659 4765 desideria

2059 4809 2235 4864 cordis
2249 4826 2454 4878 eorum,
2470 4808 2491 4842 ⁸
2510 4807 2568 4862 in
2586 4806 2998 4870 immunditiam,
3021 4810 3080 4858 ut
3093 4797 3419 4858 contumeliis
3430 4794 3661 4867 afﬁciant

2060 4914 2288 4971 corpora
2314 4915 2411 4953 sua
2440 4897 2498 4953 in
2526 4896 2814 4969 semetipsis
2845 4894 3033 4969 (Ibid.,
3064 4892 3178 4963 24).
3212 4886 3352 4955 Quia
3380 4882 3527 4939 enim
3557 4897 3660 4936 co-

2060 4995 2385 5060 gnoscentes
2428 4988 2602 5044 Deum
2649 4993 2935 5058 peccatum
2984 4977 3250 5052 superbiae
3299 4971 3658 5045 intelligendo

2059 5077 2477 5146 commiserunt,
2523 5084 2796 5133 caecantur
2835 5072 3000 5129 etiam
3046 5084 3113 5124 ne
3160 5061 3472 5135 intelligant
3512 5060 3660 5134 quod

2061 5172 2435 5228 committunt.
2458 5169 2530 5224 Et
2550 5167 2645 5241 qui
2665 5161 3087 5237 intelligentiam
3109 5173 3264 5215 suam
3284 5154 3438 5230 sequi
3460 5152 3659 5225 nolunt

2134 5379 2155 5414 ³
2185 5376 2447 5444 Vindoc.,
2477 5374 2697 5431 Ebroic.
2731 5378 2786 5428 et
2811 5370 2906 5427 alii
2932 5371 3146 5439 Norm.,
3175 5384 3283 5444 non
3308 5370 3563 5444 tenentur.

2133 5454 2155 5487 ὀ
2174 5451 2302 5506 Tur.
2314 5492 2327 5517 ,
2342 5438 2599 5573 Longi!”
2612 5448 2811 5528 .Norm.
2821 5486 2837 5514 ,
2854 5444 3084 5500 intrante
3095 5438 3286 5515 quippe
3298 5438 3652 5496 multitudine.

2133 5525 2152 5558 ⁵
2184 5522 2411 5573 Pratel..
2440 5538 2495 5573 in
2538 5524 2661 5573 ucat.

2132 5525 2152 5558 ⁵
2184 5522 2411 5589 Pratel.,
2440 5519 2661 5575 inducit.

2133 5596 2154 5630 ⁶
2183 5592 2439 5721 Longip.,
2469 5609 2533 5646 ex
2560 5608 2662 5661 quo
2679 5593 2965 5660 provocata
2992 5604 3153 5642 mens.

2133 5669 2151 5703 ⁷
2186 5667 2297 5721 Vin
2338 5682 2447 5721 oc..
2478 5664 2548 5718 sit
2577 5679 2737 5719 causa
2763 5661 2956 5721 peccati
2981 5662 3153 5721 subsea

2133 5669 2151 5703 ⁷
2186 5655 2447 5732 Ἧηᾶόοξ,
2478 5664 2548 5718 sit
2566 5655 2737 5719 causa
2760 5661 2956 5733 peccati
2981 5655 3354 5732 subsequentis.

2135 5740 2155 5773 ⁸
2184 5738 2299 5807 AL,
2328 5738 2386 5793 in
2412 5734 2768 5792 immunditia.
