4162 6184
502 280 607 342 333

1701 289 1952 352 SANCTI
1989 296 2328 362 GREGORII
2364 305 2592 367 MAGNI

3684 328 3784 387 336

501 407 559 463 in
837 411 894 516 ξι
1108 409 1337 516 peccati,
1368 421 1423 516 et
1448 410 1630 488 ipsum
1659 416 1847 516 lumen
1875 419 2098 516 iptellif
2123 431 2174 490 Α
2202 437 2297 484 aut
2326 431 2714 505 perjurio,'aut
2743 438 3044 499 homicidio
3073 444 3295 516 tegitur,
3340 462 3409 503 ne
3437 424 3799 510 humanarum

500 495 696 568 gentia
733 495 974 569 perdunt
1000 497 1059 555 in
1103 509 1325 573 peccato
1352 511 1407 560 et
1444 520 1604 576 pmna
1635 508 1862 578 peccati.
1894 509 2103 570 Prioris

499 599 627 655 ergo
655 585 864 656 peccati
891 587 1088 644 merito
1107 599 1454 662 peccatorum
1471 593 1921 669 subsequentium
1945 600 2103 658 fovea

497 671 723 744 tegitur,
752 681 814 731 ut
842 674 936 750 qui
967 678 1173 735 malum
1202 679 1380 738 sciens
1409 691 1704 756 perpetrat,
1734 685 1993 762 deinceps
2013 689 2101 763 ju-

497 770 580 821 ste
609 763 667 820 in
696 765 821 822 aliis
847 765 1012 824 etiam
1038 769 1287 827 nesciens
1315 770 1491 830 cadat.

569 853 659 911 23.
696 855 880 928 Culpa:
905 857 1079 929 culpis
1100 860 1424 930 puniuntur,
1454 867 1516 917 ut
1542 879 1608 919 ea:
1639 863 1888 922 vitiorum
1925 867 2099 924 incre-

496 948 670 999 mento
697 944 961 1017 supplicia
987 953 1303 1018 augeant-ur.
1335 981 1402 991 —
1432 950 1548 1009 Hoc
1576 953 1776 1027 quippe
1808 956 2007 1029 agitur,
2039 966 2101 1013 ut

496 1033 673 1107 culpae
700 1034 878 1106 culpis
905 1034 1197 1104 feriantur,
1228 1046 1498 1110 quatenus
1525 1044 1796 1116 supplicia
1816 1045 1952 1103 ﬁant
1980 1063 2100 1119 pec-

496 1122 742 1179 cantium
773 1122 890 1196 ipsa
916 1122 1256 1182 incrementa
1284 1127 1570 1186 vitiorum.
1602 1132 1737 1187 Nam
1769 1133 1898 1206 quia
1925 1133 2100 1190 omni-

495 1219 692 1284 potens
717 1213 862 1268 Deus
891 1211 959 1268 ad
1001 1213 1381 1286 paenitentiam
1411 1226 1625 1292 tempus
1655 1219 1925 1294 indulget,
1953 1220 2101 1295 quod

495 1310 679 1359 tamen
695 1301 938 1360 humana
957 1305 1168 1363 malitia
1196 1307 1263 1365 ad
1285 1326 1445 1367 usum
1465 1328 1577 1368 suae
1594 1311 1905 1386 iniquitatis
1931 1313 2099 1371 intor-

495 1401 644 1468 quot,
669 1399 814 1458 800
825 1395 1093 1455 nimirum
1104 1398 1256 1471 justo
1275 1401 1375 1458 Dei
1379 1403 1400 1476 j
1408 1403 1594 1461 udicio
1609 1405 1794 1477 augeri
1808 1405 1969 1478 culpa
1983 1421 2102 1478 per-

495 1494 758 1565 mittitur,
772 1502 833 1552 ut
843 1495 912 1552 ad
922 1495 1228 1555 feriendum
1243 1500 1410 1557 altius
1423 1503 1750 1576 quandoque
1765 1504 2096 1561 cumuletur.

495 1586 639 1644 Hinc
681 1585 831 1643 enim
859 1603 1079 1645 rursum
1118 1588 1186 1646 de
1215 1591 1547 1663 quibusdam
1577 1593 1780 1651 Paulus
1821 1595 2102 1667 apostolus

494 1671 662 1732 dicit:
705 1673 769 1732 Ut
782 1674 1260 1747 impleantpeccata
1274 1693 1374 1735 sua
1392 1696 1594 1753 semper
1615 1681 1674 1753 (I
1697 1682 1870 1738 Thess.
1893 1699 1954 1750 II,
1986 1681 2098 1755 16).

2213 523 2392 595 legum
2422 526 2633 584 ultione
2663 533 2939 601 puniatur.
2982 533 3254 592 Ponamus
3283 554 3408 610 ergo
3449 550 3576 596 ante
3609 544 3798 599 oculos

2213 613 2360 702 quod
2389 618 2611 689 quidam
2643 623 2959 680 voracitatis
2974 623 3079 681 sibi
3101 626 3253 682 frena
3273 627 3499 697 laxavit,
3523 647 3629 702 qua
3651 648 3807 688 vora-

2209 701 2372 760 citate
2401 717 2687 778 superatus
2715 710 2973 768 adulterii
2994 713 3206 772 facinus
3225 717 3478 784 admisit;
3503 701 3806 791 deprehen-

2210 809 2302 848 sus
2330 803 2510 851 autem
2543 796 2602 852 in
2631 799 2921 871 adulterio,
2955 802 3184 861 latenter
3211 806 3392 863 virum
3422 806 3704 878 adulterae,
3739 825 3808 866 ne

2210 881 2278 976 ad
2299 881 2576 976 judicium
2610 887 2936 960 traheretur,
2969 893 3190 950 occidit.
3226 895 3342 952 Hoc
3371 896 3552 970 itaque
3581 897 3813 976 adulte—

2209 971 2375 1042 rium,
2409 974 2553 1032 inter
2580 979 2934 1037 voracitatem
2965 992 3018 1039 et
3052 981 3414 1041 homicidium
3445 971 3710 1058 positum,
3743 988 3811 1044 de

2212 1061 2308 1120 illa
2339 1064 2598 1124 videlicet
2628 1084 2874 1138 nascens,
2910 1070 3015 1128 hoc
3035 1089 3318 1144 generans,
3343 1083 3626 1146 peccatum
3660 1084 3742 1132 est
3761 1084 3816 1131 et

2210 1167 2369 1225 paena
2397 1165 2451 1212 et
2475 1173 2638 1214 causa
2667 1161 2892 1230 peccati.
2922 1160 3208 1218 Peccatum
3241 1162 3487 1234 profecto
3516 1170 3597 1220 est
3619 1179 3718 1236 per
3735 1180 3813 1220 se-

2210 1242 2504 1317 metipsum
2530 1263 2543 1312 ;
2577 1262 2736 1318 pmna
2754 1265 2887 1305 vero
2912 1251 3120 1322 peccati
3141 1258 3242 1318 est,
3267 1249 3397 1325 quia
3415 1252 3631 1324 culpam
3657 1269 3812 1308 vora-

2210 1334 2391 1390 citatis
2420 1336 2608 1403 auxit;
2649 1354 2812 1396 causa
2839 1349 3020 1397 autem
3066 1342 3273 1413 peccati
3312 1349 3412 1410 est,
3455 1342 3586 1415 quia
3613 1341 3814 1399 subse-

2211 1438 2384 1495 quens
2413 1424 2579 1480 etiam
2600 1425 2963 1485 homicidium
2979 1428 3186 1500 genuit.
3211 1429 3391 1486 Unum
3407 1445 3535 1502 ergo
3557 1429 3813 1503 idemque

2211 1520 2494 1583 peccatum
2533 1524 2615 1571 est
2647 1523 2700 1571 et
2731 1533 2890 1588 poena
2929 1517 3303 1590 praecedentis,
3346 1527 3400 1574 et
3437 1533 3600 1575 causa
3636 1519 3813 1590 culpae

2209 1601 2614 1677 subsequentis,
2647 1605 2775 1680 quia
2805 1615 2857 1663 et
2885 1616 3158 1666 transacta
3183 1608 3314 1664 dum
3345 1615 3632 1680 exaggerat
3657 1608 3809 1665 dam-

2211 1701 2327 1761 nat,
2342 1703 2396 1749 et
2410 1694 2592 1753 adhuc
2605 1698 2888 1769 sequentia
2907 1714 3029 1771 quae
3040 1697 3285 1755 damnari
3298 1697 3532 1754 debeant
3549 1697 3806 1754 seminat.

497 1762 516 1797 ς
549 1761 691 1860 Hinc
737 1779 872 1860 voce
913 1764 1104 1860 angeli
1123 1765 1192 1860 ad
1225 1767 1490 1860 Joannem
1523 1769 1759 1827 dicitur:
1798 1772 1901 1840 Qui
1934 1779 2098 1839 nocet,
2132 1781 2180 1844 Β
2210 1781 2383 1854 Igitur
2411 1783 2541 1857 quia
2582 1761 2818 1856 peccatis
2865 1761 3297 1860 praecedentibus
3344 1794 3578 1845 caecatur
3617 1791 3812 1845 oculus

492 1857 675 1907 noceat
701 1853 873 1908 adhuc
887 1871 908 1919 ;
937 1860 987 1910 et
1011 1854 1104 1926 qui
1132 1855 1189 1911 in
1226 1857 1474 1914 sordibus
1513 1863 1608 1926 est,
1639 1860 1905 1918 sordescat
1931 1862 2103 1918 adhuc

493 1941 692 2012 (Apoc.
723 1957 866 2011 xxn,
899 1942 1012 2015 11).
1036 1943 1180 2002 Hinc
1204 1945 1383 2003 David
1403 1947 1480 2004 ait
1499 1965 1512 2004 :
1534 1949 1754 2021 Appone
1772 1951 2104 2024 iniquitatem

495 2047 656 2103 super
681 2032 1016 2104 iniquitatem
1044 2052 1244 2106 eorum,
1275 2043 1337 2093 ut
1362 2055 1468 2095 non
1505 2039 1704 2095 intrent
1743 2041 1800 2096 in
1831 2040 2102 2112 justitiam

499 2125 644 2176 tuam
671 2121 853 2191 (Psal.
880 2138 1082 2190 vanr,
1102 2124 1219 2198 28).
1246 2125 1385 2199 [νει.
1417 2126 1559 2184 XIII
1567 2127 1608 2202 .]
1638 2129 1780 2186 Hinc
1800 2147 2018 2187 rursum
2035 2130 2101 2188 de

494 2209 734 2266 Domino
762 2210 829 2267 ab
851 2211 1043 2269 eodem
1072 2214 1361 2275 Psalmista
1375 2217 1582 2276 dicitur
1604 2238 1616 2276 :
1637 2221 1992 2278 Immissiones
2006 2239 2105 2294 per

494 2301 706 2371 angelos
724 2303 894 2359 malos
910 2305 1055 2360 viam
1077 2304 1203 2377 fecit
1219 2308 1414 2365 semita:
1431 2309 1530 2366 irae
1553 2328 1661 2367 sua:
1678 2312 1851 2384 (Psal.
1884 2330 2099 2382 Lxxvn,

493 2387 682 2465 49,50)
693 2435 705 2448 .
715 2390 821 2450 Cor
831 2393 1032 2467 quippe
1049 2396 1322 2455 Dominus
1334 2399 1613 2474 prioribus
1625 2403 1836 2460 meritis
1850 2419 2103 2476 aggrava-

495 2483 613 2534 tum
627 2477 775 2550 juste
789 2483 1062 2554 permittit
1076 2485 1242 2543 etiam
1259 2487 1720 2564 subsequentibus
1734 2493 2102 2566 malignorum

495 2567 794 2641 spirituum
839 2573 1289 2643 persuasionibus
1317 2577 1459 2646 falli,
1504 2579 1652 2652 quod
1691 2597 1820 2637 cum
1850 2581 2013 2653 digne
2043 2579 2101 2635 in

495 2658 659 2731 culpa
685 2659 942 2730 trahitur,
974 2672 1156 2720 reatus
1177 2663 1294 2737 ejus
1325 2666 1383 2722 in
1401 2683 1562 2740 poena
1581 2671 1914 2727 cumulatur.
1948 2669 2101 2726 Unde

496 2755 552 2804 et
580 2747 676 2804 irae
704 2765 815 2806 suae
845 2751 1115 2809 Dominus
1139 2755 1288 2812 viam
1316 2755 1382 2813 de
1409 2757 1607 2815 semita
1631 2759 1822 2816 fecisse
1851 2759 2099 2833 perbibe-

495 2849 608 2899 tur.
631 2842 819 2900 Latior
837 2843 986 2900 enim
1002 2854 1084 2902 est
1111 2846 1204 2903 via
1227 2863 1390 2921 quam
1410 2850 1624 2906 semita.
1645 2851 1734 2907 Ex
1753 2851 1950 2908 semita
1971 2865 2098 2906 vero

495 2931 592 2989 irae
621 2949 733 2989 suae
753 2932 900 2990 viam
920 2934 1097 2992 facere
1114 2943 1195 2991 est
1213 2935 1309 2993 irae
1333 2953 1526 2996 causas
1540 2937 1788 2996 districte
1798 2938 2098 3012 judicando

497 3027 748 3099 dilatare,
798 3036 863 3086 ut
910 3029 1006 3103 qui
1045 3028 1348 3088 illuminati
1401 3049 1556 3106 agere
1594 3040 1739 3090 recte
1778 3035 2096 3103 noluerunt,

492 3118 640 3190 juste
666 3118 855 3175 caecati
883 3118 1065 3175 adhuc
1084 3119 1309 3189 faciant,
1325 3122 1480 3209 unde
1509 3125 1748 3196 amplius
1776 3124 1964 3196 puniri
1990 3140 2098 3181 me-
2128 3145 2176 3209 α

497 3215 742 3263 reantur.
774 3205 917 3262 Hinc
940 3221 1037 3278 per
1062 3207 1289 3280 Moysen
1307 3207 1514 3265 dicitur
1536 3227 1548 3266 :
1572 3211 1821 3268 Nondum
1849 3213 2101 3282 completa

501 3301 623 3350 sunt
644 3301 860 3367 peccata
886 3295 1326 3354 Amorrlueorum
1353 3299 1563 3370 (Genes.
1595 3314 1691 3369 xv,
1715 3300 1828 3372 16).
1846 3300 1988 3356 Hinc
2007 3316 2104 3373 per

499 3385 754 3442 eumdem
781 3385 1008 3458 Moysen
1038 3387 1311 3444 Dominus
1331 3387 1500 3445 dicit:
1531 3391 1625 3445 Ex
1651 3389 1805 3446 vinea
1828 3389 1966 3446 enim
1995 3393 2103 3449 So-

499 3475 777 3533 domorum
803 3477 927 3532 uitis
954 3493 1158 3544 eorum,
1188 3485 1237 3534 et
1255 3495 1494 3552 propago
1515 3497 1695 3536 eorum
1716 3498 1780 3537 ea:
1803 3481 2104 3540 Gomorrha

498 3567 685 3634 (Deut.
704 3583 890 3633 xxxii,
912 3567 1026 3641 32).
1057 3568 1167 3624 Uva
1182 3585 1365 3624 eorum
1382 3586 1486 3625 uva
1505 3568 1671 3640 fellis,
1688 3578 1736 3626 et
1763 3571 1943 3627 botrus
1957 3591 2102 3629 ama-
2139 3625 2141 3628 .

499 3657 756 3713 ritudinis
796 3658 854 3712 in
883 3658 1033 3730 ipsis.
1066 3659 1249 3715 Furor
1285 3659 1576 3717 draconum
1605 3662 1785 3718 uinum
1827 3680 2029 3730 eorum,
2058 3670 2106 3719 et

499 3743 662 3817 furor
700 3745 945 3820 aspidum
973 3747 1317 3804 insanabilis.
1357 3749 1542 3806 Nonne
1570 3749 1675 3806 haec
1705 3750 1726 3785 ³
1765 3750 1943 3807 omnia
1972 3767 2105 3806 con-

501 3843 715 3910 gregata
742 3845 866 3895 sunt
891 3841 1036 3912 apud
1054 3857 1152 3909 me,
1180 3846 1228 3896 et
1254 3840 1463 3912 signata
1483 3841 1541 3897 in
1571 3842 1830 3900 thesauris
1844 3843 1970 3899 meis
1991 3844 2019 3900 i’
2041 3843 2106 3900 In

503 3928 586 3984 die
613 3929 834 3986 ultionis
877 3931 1099 3987 reddam
1125 3932 1200 3987 eis
1231 3931 1418 4004 (Ibid.,
1450 3931 1540 4001 33,
1581 3931 1695 4005 34).
1731 3934 1904 4002 Quam
1935 3933 2109 3988 multa

503 4034 696 4076 eorum
739 4023 883 4077 mala
923 4024 1190 4091 narravit,
1221 4030 1275 4077 et
1324 4033 1506 4078 tamen
1536 4023 1689 4078 illico
1727 4022 2009 4094 adjungit:
2042 4025 2109 4079 In

507 4113 734 4178 tempore
760 4127 863 4180 quo
894 4113 1072 4184 lapsus
1100 4111 1266 4182 fuerit
1286 4128 1380 4184 pes
1407 4129 1588 4168 eorum
1606 4112 1800 4183 (Ibid,
1831 4111 1945 4183 35).
1968 4112 2109 4169 Ecce

506 4197 851 4254 atrocissima
878 4200 1102 4259 illorum
1128 4201 1376 4258 facinora
1403 4200 1812 4268 describuntur,
1845 4207 1898 4255 et
1925 4209 2109 4257 tamen

506 4285 576 4342 ad
607 4284 836 4343 ultionis
862 4288 1010 4346 diem
1038 4291 1220 4348 adhuc
1242 4289 1581 4364 subsequens
1610 4289 1794 4361 lapsus
1821 4288 2108 4362 aspicitur,

507 4390 618 4450 quo
646 4391 837 4434 eorum
884 4382 1057 4454 culpae
1087 4381 1460 4440 cumulentur.
1499 4381 1712 4438 Habent
1743 4380 1857 4452 jam
1888 4379 2110 4453 quidem

2211 1869 2410 1939 cordis,
2445 1872 2562 1943 ipsa
2591 1873 2805 1931 caecitas
2826 1892 2946 1948 quae
2976 1877 3251 1948 peccantis
3269 1876 3514 1933 animum
3535 1894 3605 1934 ex
3625 1887 3810 1935 antea-

2210 1965 2310 2017 ctae
2331 1961 2504 2032 culpa:
2524 1961 2874 2021 damnatione
2894 1966 3190 2023 confundit
3209 1967 3406 2024 merito
3425 1983 3540 2023 nox
3559 1977 3811 2037 vocatur,

2212 2047 2339 2120 quia
2369 2064 2464 2120 per
2493 2048 2634 2107 hanc
2662 2051 2730 2108 ab
2752 2054 2926 2109 oculis
2947 2052 3321 2126 delinquentis
3341 2060 3480 2117 801
3507 2057 3694 2112 lumen
3721 2073 3810 2112 ve-

2212 2144 2390 2202 ritatis
2419 2146 2792 2205 absconditur.
2824 2149 2967 2205 Bene
2997 2150 3180 2223 itaque
3210 2149 3451 2207 dicitur:
3483 2151 3645 2208 Novit
3671 2153 3812 2208 enim

2212 2250 2374 2306 opera
2400 2253 2600 2304 eorum,
2625 2243 2677 2292 et
2701 2238 2895 2294 idcirco
2923 2238 3132 2294 inducet
3152 2246 3372 2306 noctem,
3388 2245 3437 2294 et
3453 2247 3810 2308 conterentur,

2212 2325 2361 2398 quia,
2383 2334 2445 2382 ut
2463 2341 2603 2399 saepe
2621 2326 2830 2385 dictum
2860 2336 2960 2396 est,
2989 2328 3353 2401 praecedentia
3373 2329 3639 2386 nimirum
3661 2329 3811 2387 mala

2211 2415 2440 2486 faciunt,
2490 2426 2551 2474 ut
2597 2418 2665 2475 ad
2703 2419 3039 2492 peccandum
3083 2421 3282 2476 iterum
3325 2419 3565 2477 tenebris
3606 2421 3813 2478 subse-

2213 2505 2508 2580 quentibus
2536 2508 2910 2578 involvantur,
2943 2517 3005 2564 ut
3033 2525 3096 2565 eo
3121 2509 3234 2582 jam
3265 2511 3452 2566 lumen
3477 2510 3710 2582 justitiae
3731 2513 3811 2568 vi-

2212 2595 2340 2652 dere
2370 2613 2480 2653 non
2503 2598 2732 2670 possint,
2755 2613 2864 2671 quo
2878 2598 3020 2655 illud
3039 2607 3095 2654 et
3119 2599 3337 2672 quando
3353 2608 3604 2671 poterant
3619 2599 3814 2657 videre

2211 2687 2528 2743 noluerunt.
2553 2687 2817 2743 Inducere
2854 2694 3036 2744 autem
3059 2695 3277 2744 noctem
3294 2688 3564 2744 Dominus
3583 2687 3810 2759 dicitur,

2210 2792 2322 2831 non
2369 2777 2516 2849 quod
2559 2777 2673 2848 ipse
2706 2777 2960 2834 tenebras
3001 2777 3217 2846 inferat,
3252 2777 3347 2834 sed
3395 2778 3539 2851 quod
3580 2779 3815 2837 obscura

2207 2863 2374 2921 corda
2390 2866 2733 2937 peccantium
2755 2865 3186 2924 misericorditer
3203 2882 3313 2921 non
3334 2865 3594 2937 illustret,
3627 2876 3692 2923 ut
3708 2869 3813 2926 hoc

2209 2954 2389 3029 ipsum
2421 2957 2478 3013 in
2508 2967 2669 3016 nocte
2697 2974 2925 3017 caecasse
2954 2960 3030 3017 sit
3055 2975 3086 3016 a
3113 2957 3372 3018 caecitatis
3401 2956 3640 3015 tenebris
3674 2960 3810 3016 libe-

2208 3061 2328 3103 rare
2357 3048 2620 3106 noluisse.
2655 3049 2953 3124 Sequitur:

2711 3193 2940 3252 CAPUT
2967 3193 3021 3250 Χ
3049 3192 3194 3268 [Rea
3226 3195 3324 3270 X].

2282 3289 2453 3348 Vnus.
2483 3291 2573 3349 26.
2603 3318 2675 3334 --
2705 3292 2872 3361 Quasi
2899 3292 3089 3365 impios
3114 3295 3372 3367 percussit
3398 3311 3481 3352 eos
3507 3295 3565 3351 in
3589 3295 3701 3351 loco
3727 3295 3808 3353 vi-

2212 3379 2465 3438 dentium.

2282 3481 2371 3538 25.
2414 3480 2481 3536 In
2517 3480 2764 3537 Ecclesia:
2803 3481 2927 3537 sinu
2960 3482 3142 3554 inique
3167 3484 3407 3552 viventes,
3452 3483 3633 3540 divina
3674 3485 3810 3541 ultio

2213 3571 2368 3642 quasi
2394 3571 2584 3643 impios
2614 3573 2862 3643 percutit.
2896 3572 3061 3640 Quasi
3092 3574 3222 3644 quid
3257 3574 3517 3646 signiﬁcat
3555 3575 3613 3629 in
3655 3576 3813 3632 Scri-

2208 3661 2407 3733 pturis.
2440 3661 2674 3718 Ecclesia
2715 3664 2858 3718 locus
2885 3668 2961 3718 est
3002 3663 3314 3720 videntium.
3343 3694 3414 3706 —
3441 3665 3503 3721 In
3533 3663 3815 3736 Scriptura

2214 3765 2368 3808 sacra
2386 3752 2540 3822 quasi
2558 3751 2854 3825 aliquando
2876 3769 2975 3826 pro
2995 3753 3384 3822 similitudine,
3399 3754 3698 3825 aliquando
3718 3771 3812 3826 pro

2215 3840 2604 3914 veritate"poni
2637 3842 2943 3898 consuevit.
2967 3842 3071 3896 Pro
3097 3841 3467 3896 similitudine
3491 3842 3639 3896 enim
3661 3843 3815 3913 quasi

2216 3930 2460 4000 ponitur,
2492 3931 2636 3988 sicut
2664 3931 2958 4002 Apostolus
2984 3929 3150 3985 dicit:
3189 3930 3357 3997 Quasi
3388 3931 3584 3998 tristes,
3614 3947 3816 4002 semper

2215 4025 2391 4073 autem
2416 4019 2696 4090 gaudentes
2728 4020 2816 4090 (ΙΙ
2854 4019 2978 4075 Cor.
3007 4035 3086 4080 vr.
3123 4017 3235 4088 10).
3281 4018 3387 4075 Pro
3423 4020 3655 4076 veritate
3684 4034 3815 4075 vero

2218 4111 2463 4181 ponitur,
2483 4109 2625 4166 sicut
2644 4109 2878 4166 Joannes
2894 4109 2970 4166 ait
2991 4125 3002 4164 :
3037 4107 3271 4166 Vidimus
3299 4109 3532 4180 gloriam
3545 4109 3682 4179 ejus,
3703 4111 3816 4182 gla-

2217 4199 2361 4255 riam
2387 4199 2541 4270 quasi
2565 4199 2873 4270 Unigenitia
2890 4201 3049 4257 Patre
3068 4197 3247 4270 (Joan.
3269 4215 3310 4266 ι,
3345 4197 3458 4270 ib).
3486 4200 3600 4256 Hoc
3626 4209 3812 4257 autem

2219 4304 2340 4361 loco
2368 4287 2509 4344 nihil
2541 4287 2724 4345 diﬂ‘ert
2751 4297 2935 4345 utrum
2957 4305 3055 4361 pro
3069 4287 3434 4344 similitudine
3453 4304 3522 4344 an
3543 4305 3642 4361 pro
3672 4287 3815 4345 veri-

2218 4385 2329 4434 tate
2355 4378 2429 4436 sit
2455 4378 2718 4452 positum,
2749 4379 2878 4453 quia
2907 4378 3151 4452 quolibet
3166 4376 3380 4434 dicatur
3399 4375 3611 4446 ordine,
3634 4386 3822 4451 aperte

507 4465 656 4522 unde
686 4464 841 4523 feriri
871 4479 1221 4539 mereantur;
1254 4471 1349 4529 sed
1385 4471 1688 4530 sustinetur
1715 4479 1900 4528 tamen
1929 4469 2110 4527 adhuc
2134 4506 2187 4569 Β
2219 4486 2386 4544 prava
2415 4473 2684 4529 malorum
2715 4472 2829 4529 vita
2857 4472 3120 4544 signatur.
3145 4470 3349 4543 Impios
3379 4487 3511 4528 vero
3541 4471 3823 4544 Scriptura

506 4563 792 4629 peccatum
814 4573 1075 4626 crescere,
1103 4567 1164 4614 ut
1193 4570 1476 4631 peccantes
1493 4562 1664 4636 possit
1689 4562 1928 4622 atrocior
1949 4577 2109 4634 pcena
2135 4561 2182 4569 ”
2216 4579 2369 4620 sacra
2396 4565 2613 4638 proprie
2641 4563 2890 4620 inﬁdeles
2919 4563 3173 4636 appellat.
3205 4563 3318 4620 Hac
3347 4579 3582 4636 namque
3612 4561 3816 4618 distan-

397 4662 406 4671 '
509 4643 776 4704 cruciare.
806 4646 926 4703 Jam
957 4653 1201 4702 meretur
1219 4651 1552 4721 supplicium
1567 4659 1848 4724 peccatum
1875 4661 1930 4708 et
1957 4667 2120 4709 causa

509 4735 720 4811 peccati
746 4753 758 4792 :
791 4736 888 4794 sed
914 4741 1266 4808 exspectatur
1292 4737 1494 4808 adhuc,
1525 4747 1586 4796 ut
1617 4747 1971 4811 augmentum
1992 4756 2117 4813 sup-

511 4825 667 4901 plicii
691 4825 948 4902 subroget
977 4829 1284 4900 peccatum,
1315 4834 1370 4881 et
1399 4842 1557 4898 poena
1586 4827 1813 4900 peccati.

583 4915 672 4974 24.
705 4917 852 4975 Idem
864 4921 1133 4990 peccatum
1157 4913 1450 4986 aliquando
1472 4933 1631 4989 pinna
1659 4924 1734 4973 est
1752 4922 1800 4973 et
1828 4933 1987 4974 causa
2003 4933 2118 4988 pec-

512 5005 636 5062 cati.
668 5007 812 5064 Deus
848 5012 1070 5064 eactecat
1099 5023 1135 5062 a
1162 5005 1388 5061 cwcitate
1428 5023 1534 5062 non
1567 5005 1859 5065 liberando.
1889 5037 1960 5050 —
1987 5008 2120 5066 Ple-

513 5107 746 5167 rumque
762 5113 894 5155 vero
912 5113 1085 5156 unum
1105 5104 1268 5170 atque
1283 5094 1430 5152 idem
1450 5106 1754 5171 peccatum,
1767 5105 1821 5155 et
1836 5105 2117 5172 peccatum

515 5195 597 5243 est
625 5194 688 5242 ut
714 5195 768 5244 et
796 5204 956 5260 poena
984 5197 1038 5246 et
1064 5205 1226 5247 causa
1254 5188 1481 5263 peccati.
1514 5190 1673 5260 Quod
1699 5191 1895 5248 melius
1924 5197 2119 5248 osten-

517 5276 710 5334 demus
736 5277 783 5335 si
803 5296 888 5337 res
917 5281 1059 5354 ipsas
1077 5283 1146 5340 ad
1172 5284 1417 5341 medium
1447 5284 1802 5344 deducamus.
1841 5285 2121 5344 Eﬂ'renata

517 5368 668 5422 enim
699 5371 909 5427 ventris
935 5372 1208 5444 ingluvies
1236 5374 1295 5431 in
1312 5375 1587 5432 fervorem
1617 5377 1853 5434 luxuriae
1885 5377 2119 5450 plenitu-

518 5455 708 5514 dinem
735 5460 916 5517 carnis
935 5460 1177 5536 instigat.
1199 5465 1512 5538 Perpetrata
1530 5474 1712 5524 autem
1743 5467 1964 5524 luxuria
1982 5483 2123 5540 saepe

521 5738 578 5796 ά.
598 5662 910 5798 ιϊνὶιιᾶοοι,
939 5663 1058 5721 hinc
1079 5681 1200 5723 voce
1224 5669 1460 5742 angelica
1489 5669 1546 5726 in
1563 5670 1885 5743 Apocalypsi
1901 5669 2124 5728 Ιοαριηίε

559 5757 626 5798 ιρι
651 5755 741 5798 ur.
1369 5781 1376 5789 .

559 5755 741 5798 ιοηιεν.
1369 5781 1376 5789 .

2225 4653 2304 4710 tia
2358 4662 2666 4728 peccatores
2709 4653 2778 4710 ab
2826 4653 3013 4727 impiis
3057 4652 3467 4721 discernuntur,
3519 4651 3648 4724 quia
3694 4667 3823 4708 cum

2227 4746 2408 4802 omnis
2438 4745 2641 4819 impius
2669 4745 2741 4802 sit
2769 4751 3043 4818 peccator,
3074 4759 3186 4800 non
3216 4750 3398 4799 tamen
3427 4741 3610 4798 omnis
3638 4757 3824 4814 pecca-

2227 4845 2313 4893 tor
2341 4846 2422 4894 est
2451 4837 2672 4908 impius.
2705 4837 2962 4894 Peccator
2991 4835 3138 4892 enim
3171 4835 3282 4891 dici
3310 4833 3476 4891 etiam
3509 4833 3604 4908 qui
3627 4833 3687 4889 in
3717 4832 3825 4888 ﬁne

2226 4927 2350 5000 pius
2377 4935 2459 4983 est
2487 4933 2682 4997 potest.
2715 4927 2869 4984 Unde
2896 4928 3132 4983 Joannes
3156 4925 3269 4982 ait:
3304 4925 3364 4983 Si
3385 4925 3682 4981 dixerimus
3701 4921 3827 4995 quia

2221 5022 2489 5088 peccatum
2515 5032 2622 5071 non
2648 5017 2914 5084 habemus,
2946 5018 3050 5089 ipsi
3077 5034 3172 5073 nos
3200 5015 3492 5073 seducimus
3518 5015 3582 5084 (I
3605 5013 3764 5070 Joan.
3786 5026 3824 5081 t,

2226 5105 2307 5180 8).
2340 5106 2548 5178 Impius
2576 5121 2707 5163 vero
2732 5107 2950 5179 proprie
2975 5107 3185 5165 dicitur
3211 5107 3306 5180 qui
3335 5121 3367 5162 a
3394 5103 3677 5177 religionis
3704 5101 3828 5176 pie-

2228 5202 2339 5253 tate
2366 5203 2664 5270 separatur.
2695 5198 2774 5254 De
2817 5197 3024 5253 talibus
3053 5197 3201 5253 enim
3231 5193 3502 5268 Propheta
3545 5193 3659 5250 ait:
3711 5191 3829 5248 Non

2228 5295 2500 5360 resurgent
2544 5287 2696 5360 impii
2721 5287 2780 5342 in
2815 5286 3021 5357 judicio
3072 5288 3246 5359 (Psal.
3280 5304 3320 5356 ι,
3355 5287 3436 5357 5).
3482 5283 3620 5358 [Vet.
3649 5283 3736 5338 XI
3746 5278 3826 5353 Κ]

2229 5378 2408 5436 Locus
2434 5389 2615 5437 autem
2645 5376 2954 5435 videntium
2985 5388 3173 5436 sancta
3201 5375 3451 5436 Ecclesia
3489 5380 3735 5432 vocatur.
3768 5371 3829 5426 In

2231 5467 2349 5541 ipsa
2375 5469 2522 5524 enim
2551 5475 2694 5525 recte
2735 5468 3080 5536 consistitur,
3113 5477 3174 5527 ut
3215 5469 3404 5526 lumen
3434 5480 3650 5532 verum,
3682 5457 3827 5536 quod

2305 5672 2328 5709 ³
2355 5671 2516 5732 Deest
2541 5674 2720 5733 omnia
2748 5673 2804 5732 in
2833 5670 3058 5743 Pratel.,
3089 5669 3272 5743 (3011).,
3301 5670 3492 5732 Baluz.
