4162 6184
335 265 445 324 337

3557 325 3664 384 338

329 399 478 454 Deus
520 399 622 462 est,
652 392 1110 517 videatur.'Up.de
1138 399 1208 456 ad
1261 401 1488 476 Moysen
1538 406 1746 467 dicitur
1778 427 1791 467 :
1843 415 1948 472 Est
1972 423 2024 484 Α
2059 419 2205 478 enim
2235 425 2482 482 moribus
2511 427 2657 500 quod
2693 431 3017 492 credulitate
3046 451 3400 503 venerantur.
3448 447 3662 517 Quibus

349 488 488 517 Ιιυη..
520 502 666 517 mnino.
697 503 774 517 mn
837 503 860 517 ο
913 503 933 517 ιι
960 505 988 517 η
1029 505 1070 517 ..
1103 505 1262 517 ωηο..-
1285 499 1483 517 ..-ι......-
1521 497 1535 517 4
1579 514 1661 517 __,,_
1722 506 1735 517 ι
1941 511 1952 517 -
2078 508 2116 517 ..
2167 511 2177 517 .
2278 512 2288 517 -
2350 513 2387 517 __
2435 516 2439 517 ,

349 488 489 542 locus
512 502 666 557 penes
697 503 793 551 me,
834 492 883 540 et
909 487 1070 542 stabis
1098 505 1265 561 supra
1279 499 1489 563 petram
1521 497 1537 531 ¹
1568 514 1687 554 cum
1717 506 1954 562 transeat

351 591 466 630 mea
482 573 942 644 majestas(Ea'od.
963 579 1385 653 xxxm,2l,22).
1401 584 1474 639 Et
1493 593 1615 657 post
1630 590 1916 660 paululum
1933 620 1945 659 ;

349 663 607 732 Auferam
669 681 890 720 manum
929 683 1100 722 meam
1153 676 1201 723 et
1244 669 1442 728 videbis
1483 678 1785 747 posteriora
1835 698 1950 739 mea

349 751 533 822 (Ibid,
558 752 675 824 23).
709 753 813 809 Per
842 754 1025 812 locum
1066 757 1269 832 quippe
1295 761 1563 834 Ecclesia,
1595 781 1691 838 per
1737 775 1948 840 petram

349 841 635 910 Dominus,
658 858 756 915 per
781 843 1008 916 Moysen
1031 861 1162 903 vero
1192 849 1491 908 multitudo
1521 853 1696 924 plebis
1722 857 1948 913 Israeli-

347 929 464 986 ticae
483 930 779 1002 ﬁguratur,
811 949 933 1006 quae
962 935 1200 992 Domino
1227 936 1285 993 in
1315 945 1458 996 terra
1478 941 1809 1014 praedicante
1835 962 1947 1004 non

343 1018 597 1076 credidit.
629 1022 751 1093 Ipsa
766 1037 895 1094 ergo
915 1022 970 1079 in
998 1032 1150 1096 petra
1167 1027 1340 1096 stetit,
1366 1038 1512 1102 terga
1530 1033 1754 1090 Domini
1771 1042 1946 1094 trans-

339 1109 520 1166 euntis
580 1110 877 1183 aspiciens,
936 1113 1067 1186 quia
1122 1114 1383 1174 videlicet
1453 1128 1576 1192 post
1634 1124 1944 1195 passionem

336 1197 826 1273 ascensionemque
847 1199 1206 1273 dominicam,
1220 1205 1619 1266 intrasanctam
1638 1213 1942 1272 Ecclesiam

335 1285 591 1356 deducta,
636 1288 801 1346 ﬁdem
848 1290 1057 1348 Christi
1107 1295 1386 1368 percipere
1433 1300 1672 1369 meruit;
1706 1310 1759 1358 et
1784 1304 1944 1376 cujus

334 1377 684 1448 praesentiam
715 1395 828 1435 non
868 1380 1032 1450 vidit,
1063 1382 1182 1454 ejus
1211 1389 1510 1457 posteriora
1537 1392 1816 1462 cognovit.
1849 1393 1941 1449 Di-

332 1473 484 1523 catur
516 1483 648 1541 ergo
677 1467 746 1524 de
776 1467 884 1537 his,
916 1487 1052 1544 quos
1081 1471 1226 1530 intra
1253 1483 1497 1533 sanctam
1528 1479 1830 1537 Ecclesiam
1861 1481 1941 1540 di-

331 1554 457 1611 vina
476 1557 627 1613 ultio
647 1557 865 1614 invenit
883 1559 941 1615 in
971 1560 1362 1635 iniquitatibus
1383 1567 1764 1640 perdurantes,
1796 1570 1940 1628 dica-

330 1651 415 1700 tur
444 1644 517 1702 de
552 1645 640 1703 his
686 1662 920 1720 quorum
952 1650 1125 1707 vitam
1173 1653 1374 1711 Paulus
1429 1659 1708 1728 apostolus
1763 1667 1938 1729 notat,

332 1733 352 1766 ⁵
384 1735 489 1802 Qui
513 1736 833 1808 conﬁtentur
858 1755 910 1793 se
936 1755 1086 1794 nosse
1122 1743 1312 1810 Deum,
1355 1743 1514 1814 factis
1541 1753 1718 1802 autem
1746 1754 1941 1820 negant

331 1822 465 1894 (Tit.
511 1827 664 1900 1,16)
701 1829 902 1896 :Quasi
929 1829 1118 1902 impios
1135 1835 1392 1904 percussit
1410 1853 1494 1891 eos
1522 1837 1580 1891 in
1612 1839 1720 1893 loco
1747 1839 1939 1893 viden-

328 1911 483 1968 tium.
505 1914 592 1970 Ibi
621 1915 820 1989 quippe
847 1917 1086 1989 stabant,
1117 1920 1212 1978 ubi
1241 1924 1415 1980 Deum
1446 1924 1633 1983 videre
1664 1926 1940 1983 videban-

327 2005 441 2056 tur.
493 2001 578 2058 Ibi
633 2004 880 2062 tenebras
927 2006 1265 2080 dilexerunt,
1313 2012 1407 2068 ubi
1449 2013 1638 2071 lumen
1680 2015 1934 2072 veritatis

324 2089 612 2161 aspicitur.
653 2093 725 2149 Et
755 2097 1013 2167 quamvis
1040 2107 1256 2171 apertos
1283 2100 1596 2161 habuerunt
1645 2105 1836 2162 oculos
1876 2104 1938 2161 in

323 2177 453 2246 ﬁde,
499 2187 804 2240 tenuerunt
846 2192 1030 2242 tamen
1078 2205 1169 2245 eos
1199 2191 1412 2247 clausos
1442 2192 1712 2266 in‘opere.
1771 2192 1928 2250 Unde

321 2264 459 2324 bene
495 2277 552 2325 et
580 2271 647 2328 de
695 2273 885 2329 Iudaea
931 2274 1137 2333 dicitur
1176 2296 1188 2334 :
1224 2261 1590 2351 Speculato'res
1646 2283 1759 2352 ejus
1814 2282 1937 2340 arci

324 2354 484 2432 (Isai.
525 2376 639 2429 va,
669 2362 786 2434 10),
827 2363 956 2436 quia
1004 2365 1260 2424 videlicet
1311 2386 1424 2426 non
1475 2371 1740 2430 videbant
1770 2391 1935 2447 opere

320 2447 471 2519 quod
495 2449 836 2522 professione
865 2456 1179 2514 cernebant.
1211 2459 1364 2515 Unde
1412 2461 1577 2518 etiam
1617 2463 1685 2519 de
1712 2465 1933 2524 Balaam

313 2534 595 2608 scriptum
633 2545 715 2592 est
739 2556 751 2593 :
780 2541 882 2606 Qui
909 2543 1098 2597 cadens
1124 2551 1332 2614 apertos
1360 2547 1510 2602 habet
1536 2551 1711 2604 oculos
1749 2551 1929 2623 (Num.

314 2637 492 2690 xxxv,
527 2623 644 2693 16).
696 2623 906 2684 Cadens
944 2629 1144 2702 quippe
1173 2631 1229 2687 in
1275 2650 1437 2705 opere
1484 2645 1698 2708 apertos
1751 2642 1932 2698 tenuit

313 2711 524 2767 oculos
570 2712 627 2767 in
676 2718 1157 2790 contemplatione.
1193 2722 1272 2778 Ita
1301 2740 1428 2796 ergo
1461 2724 1518 2780 hi
1549 2727 1713 2783 etiam
1742 2731 1932 2789 oculos

311 2799 638 2870 aperientes
668 2801 727 2857 in
775 2804 901 2873 ﬁde,
935 2815 989 2862 et
1017 2825 1127 2864 non
1160 2810 1406 2868 videntes
1455 2813 1512 2870 in
1558 2832 1736 2888 opere,
1783 2817 1932 2876 intra

312 2888 633 2946 Ecclesiam
665 2892 831 2963 positi
860 2893 948 2966 pia
972 2898 1171 2969 specie,
1203 2908 1360 2956 extra
1377 2903 1680 2962 Ecclesiam
1712 2907 1928 2970 inventi

312 2985 442 3033 sunt
475 2976 652 3050 impia
671 2985 1106 3058 conversatione.
1127 2990 1203 3044 De
1234 2989 1436 3062 quibus
1469 2992 1606 3050 alias
1633 2995 1772 3053 bene
1795 3001 1927 3058 scri-

388 3393 542 3452 802
567 3395 654 3453 26.
701 3397 900 3454 Multos
948 3396 1117 3466 falsos
1163 3400 1496 3459 Christianos
1535 3405 1786 3462 Ecclesia:
1812 3423 1924 3479 pas:

312 3488 604 3544 abscondit.
623 3487 853 3556 Quidam
867 3504 932 3542 ea:
949 3488 1278 3559 professione
1297 3493 1616 3551 Christianae
1651 3497 1924 3568 religionis

311 3578 549 3647 gloriam
575 3582 837 3648 quierunt.
867 3607 940 3619 -—
965 3577 1169 3636 Multos
1189 3579 1335 3636 enim
1366 3591 1515 3655 peste
1543 3586 1777 3658 proprias
1803 3603 1923 3658 pra-

315 3665 514 3722 vitatis
543 3665 784 3722 obsessos
813 3666 916 3723 sub
937 3666 1253 3725 Christiano
1274 3672 1497 3728 nomine
1518 3674 1635 3746 ipsa
1654 3677 1922 3748 tranquil-

315 3753 446 3811 litas
475 3754 856 3812 ecclesiasticae
912 3756 1065 3829 pacis
1094 3756 1401 3815 abscondit.
1458 3761 1607 3828 Quos
1659 3770 1842 3820 tamen
1872 3767 1920 3822 si

313 3842 448 3899 levis
469 3844 875 3918 persecutionis
899 3861 1032 3902 aura
1052 3846 1378 3919 pulsaverit.
1406 3865 1538 3905 mox
1564 3859 1722 3907 extra
1740 3868 1920 3912 aream

314 3933 467 3990 velus
498 3933 686 4006 paleas
713 3933 880 3990 tollit.
925 3933 1065 4008 [Vet.
1098 3935 1244 4011 XV.]
1276 3935 1512 4005 Quidam
1543 3957 1675 3997 vero
1710 3942 1920 4003 idcirco

313 4020 749 4080 Christianitatis
765 4023 1053 4081 vocatione
1081 4026 1392 4098 signantur,
1424 4030 1554 4102 quia
1583 4029 1790 4088 Christi
1823 4050 1917 4090 no-

314 4111 454 4168 mine
483 4113 809 4170 sublimiter
841 4115 1104 4185 exaltato,
1128 4133 1265 4190 pene
1294 4134 1483 4176 omnes
1499 4119 1614 4192 jam
1637 4120 1812 4178 videri
1842 4122 1919 4179 ﬁ-

319 4199 457 4259 deles
481 4203 794 4276 aspiciunt;
822 4210 877 4258 et
898 4221 995 4276 pro
1015 4221 1080 4262 eo
1110 4205 1256 4278 quod
1285 4205 1389 4264 hoc
1417 4209 1604 4265 vocari
1633 4211 1770 4267 alios
1789 4227 1919 4268 cer-

318 4298 467 4359 nunt,
501 4291 612 4364 ipsi
669 4308 782 4348 non
831 4291 1008 4349 videri
1060 4293 1250 4351 ﬁdeles
1295 4296 1645 4366 erubescunt,
1677 4298 1772 4356 sed
1801 4317 1917 4358 esse

318 4381 599 4454 negligunt
641 4383 790 4458 quod
818 4383 928 4441 dici
978 4384 1303 4458 gloriantur.
1344 4388 1477 4444 Rem
1508 4389 1655 4445 enim
1692 4391 1918 4449 virtutis

318 4467 526 4526 intimae
555 4471 625 4527 ad
643 4471 896 4529 decorem
917 4482 1147 4530 sumunt
1184 4475 1417 4531 visionis
1443 4484 1712 4545 externae;
1747 4487 1801 4535 et
1821 4482 1916 4554 qui
1945 4504 1994 4564 ι)

319 4565 436 4614 ante
457 4575 762 4632 supernum
779 4560 1027 4633 judicem
1053 4563 1188 4619 nudi
1210 4564 1560 4622 conscientia
1590 4566 1916 4626 inﬁdelitate

318 4648 644 4717 consistunt,
671 4657 797 4706 ante
827 4649 1101 4707 humanos
1139 4652 1329 4709 oculos
1359 4653 1698 4725 professione
1728 4666 1917 4715 sancta

319 4735 479 4793 verbo
507 4746 672 4796 tenus
699 4739 1020 4812 palliantur.

318 4852 321 4854 ·
383 4827 470 4884 27.
503 4830 711 4887 Fideles
739 4831 833 4905 qui
865 4831 1102 4903 nequiter
1130 4830 1313 4888 vivunt
1337 4849 1473 4906 saepe
1512 4834 1694 4892 divino
1703 4835 1916 4906 judicio

318 4915 437 4984 ﬁdei
453 4917 731 4988 jacturam
772 4919 999 4990 faciunt.
1030 4920 1191 4979 Multi
1226 4920 1282 4976 in
1322 4922 1474 4978 domo
1501 4924 1644 4996 ﬁdei,
1675 4925 1787 4981 sine
1815 4928 1918 4999 ﬁde

318 5005 636 5063 moriuntur.
659 5009 738 5066 Iis
756 5025 879 5064 vero
906 5009 1141 5080 ﬁdelium
1155 5010 1370 5066 societas
1392 5004 1460 5066 in
1475 5012 1722 5086 supplicii
1739 5031 1916 5070 cumu-

323 5092 426 5150 lum
448 5097 948 5156 cedit.-Nonnulli
967 5105 1148 5156 autem
1176 5099 1339 5157 ﬁdem
1359 5101 1683 5160 medullitus
1700 5111 1911 5175 tenent,

319 5180 410 5237 sed
440 5185 630 5245 vivere
658 5186 898 5244 ﬁdeliter
953 5187 1268 5246 nullatenus
1296 5197 1510 5247 curant.
1542 5192 1916 5268 Insequuntur

321 5518 338 5564 ‘
390 5443 404 5477 ³
435 5442 672 5569 Yiitidoc.
703 5453 758 5504 et
783 5445 1010 5515 Pratel.,
1057 5460 1175 5501 cum
1230 5448 1493 5507 transibit.
1531 5445 1744 5521 Baluz.,
1791 5470 1909 5511 cum

341 5529 516 5569 ranste
544 5560 554 5569 .

341 5529 538 5569 ranstet
544 5560 554 5570 .

388 5585 409 5663 ξ
440 5585 664 5663 hate!”
695 5589 820 5663 quia
850 5591 1182 5663 confitentur.

386 5658 418 5750 ἰ
440 5657 519 5712 Ita
544 5659 673 5740 Mss.
704 5657 1128 5750 ItalumaColb‘g
1158 5663 1386 5750 Pratel.,
1411 5673 1514 5750 etc.
1539 5669 1600 5724 In
1618 5669 1904 5750 .Vulgatis,

319 5726 489 5782 adhuc
516 5730 766 5789 viverent.
798 5726 1020 5791 Advivo
1041 5726 1184 5792 idem
1205 5726 1479 5808 signiﬁcat
1505 5753 1569 5795 ac
1586 5726 1911 5814 simpliciter

2062 508 2258 568 divino
2267 512 2482 585 judicio
2501 534 2643 590 saepe
2662 521 2940 595 contingit
2959 533 3020 582 ut
3040 543 3138 599 per
3156 528 3264 588 hoc
3292 536 3440 606 quod
3457 508 3661 614 inequi-

2061 604 2145 654 ter
2173 601 2392 673 vivunt,
2423 613 2477 663 et
2505 607 2646 664 illud
2673 609 2903 681 perdant
2921 615 3070 687 quod
3089 601 3384 678 salubriter
3404 601 3656 688 credtint.

2062 690 2401 750 Incessanter
2427 712 2663 772 namque
2688 715 2744 756 se
2773 703 2956 774 pravis
2985 705 3298 767 actionibus
3325 713 3662 786 polluunt,et

2060 796 2223 874 super
2243 781 2349 841 hoc
2381 786 2688 844 vindictam
2704 787 2841 861 justi
2856 792 3056 866 judicii
3078 798 3308 856 retribui
3326 781 3485 874 posse
3513 781 3658 864 difﬁ-

2059 870 2200 929 dunt
2222 891 2236 942 ;
2267 882 2321 930 et
2348 891 2490 949 saepe
2509 894 2634 936 cum
2652 880 2790 939 bene
2819 884 3007 944 vivere
3027 870 3520 963 negligunt,'etiam
3539 913 3657 970 per-

2058 971 2318 1037 sequente
2348 967 2502 1024 nullo
2528 985 2701 1044 usque
2729 973 2797 1031 ad
2827 976 3112 1047 perﬁdiam
3143 979 3487 1042 dilabuntur.
3519 967 3656 1045 Nam

2058 1053 2154 1123 qui
2186 1053 2477 1111 imminere
2515 1056 2830 1119 districtum
2853 1061 3128 1135 judicium
3150 1086 3261 1128 non
3283 1072 3536 1144 credunt,
3561 1077 3656 1150 qui

2057 1141 2234 1198 inulte
2268 1159 2348 1234 seA
2372 1161 2594 1234 peccare
2639 1153 3009 1225 suspicantur,
3039 1158 3185 1232 quod
3235 1169 3393 1234 pacto
3424 1141 3657 1226 vel'esse

2054 1230 2144 1286 vel
2174 1230 2288 1325 dici
2318 1231 2509 1325 ﬁdeles
2555 1241 2828 1307 possunt?
2858 1230 3069 1302 Fidem”
3098 1230 3301 1323 quippe
3331 1253 3653 1325 perdidisse,

2055 1328 2136 1376 est
2171 1320 2502 1413 incorrectis
2518 1326 2677 1382 malis
2705 1330 2964 1400 operibus
3007 1320 3174 1408 digna
3201 1320 3473 1413 supplicia
3500 1320 3656 1403 reddi

2054 1425 2210 1481 posse
2240 1426 2352 1467 non
2379 1412 2618 1471 credere.
2652 1415 2794 1485 Quia
2821 1435 2949 1493 ergo
2978 1421 3144 1496 digna
3190 1412 3322 1485 ﬁdei
3347 1449 3510 1504 opera
3547 1450 3654 1492 ser-

2055 1514 2183 1556 vare
2213 1509 2598 1574 contemnunt,
2623 1506 2788 1565 etiam
2805 1509 2969 1569 ﬁdem
2997 1515 3256 1587 perdunt,
3279 1537 3439 1593 quam
3468 1531 3656 1582 tenere

2051 1588 2400 1682 videbantur.
2438 1592 2612 1667 Super
2663 1613 2800 1670 quos
2853 1599 2991 1659 bene
3037 1620 3133 1677 per
3177 1588 3508 1682 Prophetam
3551 1613 3654 1671 sub

2049 1679 2353 1736 Jerusalem
2399 1682 2579 1754 specie
2635 1683 2992 1746 inimicorum
3027 1679 3429 1756 destruentium
3485 1701 3655 1760 verba

1973 1787 2018 1849 Β
2051 1776 2451 1836 memorantur,
2481 1787 2513 1827 a
2558 1773 2761 1846 quibus
2790 1778 3000 1836 scilicet
3055 1782 3261 1842 dicitur
3291 1805 3303 1843 :
3336 1790 3651 1862 Exinanite,

2048 1859 2317 1915 exinanita
2345 1875 2508 1932 usque
2533 1864 2605 1918 ad
2636 1863 3041 1934 fundamentum
3070 1873 3129 1926 in
3157 1891 3214 1929 ea
3230 1859 3648 1950 (Psal.cxxxv1,

2051 1947 2132 2018 7).
2166 1947 2363 2006 Paulus
2384 1950 2690 2042 quippeait
2723 1972 2736 2010 :
2769 1955 3193 2016 Fundamentum
3216 1964 3369 2021 aliud
3383 1983 3530 2025 nemo
3542 1947 3652 2042 po;

2049 2041 2143 2090 test
2151 2052 2347 2109 ponere
2370 2045 2566 2109 praeter
2584 2041 2643 2097 id
2660 2043 2802 2114 quod
2820 2047 3052 2117 positum
3073 2056 3169 2117 est,
3192 2053 3213 2086 ‘
3229 2054 3370 2124 quod
3395 2063 3470 2111 est
3497 2041 3648 2116 Citri-

2046 2131 2158 2182 stus
2186 2127 2337 2182 Iesus
2365 2129 2432 2197 (I
2459 2129 2584 2187 Cor.
2622 2149 2705 2199 ιιι,
2745 2135 2861 2206 11).
2894 2135 3115 2196 Inimici
3151 2157 3280 2214 ergo
3304 2144 3649 2208 destruentes

2045 2231 2218 2289 usque
2233 2216 2301 2274 ad
2322 2217 2743 2277 fundamentum
2756 2222 3057 2282 Jerusalem
3070 2229 3648 2308 exinaniunt,quando

2045 2309 2286 2378 perversi
2323 2310 2550 2382 spiritus
2579 2328 2612 2368 a
2655 2313 2820 2370 corde
2866 2315 3134 2387 ﬁdelium,
3168 2320 3450 2382 destructo
3493 2329 3646 2400 prius

2045 2395 2279 2456 aediﬁcio
2298 2399 2431 2456 boni
2461 2401 2662 2473 operis,
2693 2403 3029 2463 soliditatem
3061 2424 3279 2484 quoque
3307 2395 3646 2478 exhauriunt

2043 2487 2346 2559 religionis.
2394 2491 2550 2547 Sicut
2590 2492 2737 2549 enim
2777 2510 2943 2566 supra
2979 2495 3399 2560 fundamentum
3435 2506 3645 2568 fabrica

2042 2576 2122 2634 sic
2161 2593 2324 2650 super
2352 2578 2516 2636 ﬁdem
2549 2599 2712 2654 opera
2748 2591 3172 2645 construuntur.
3205 2590 3386 2665 Usque
3413 2594 3483 2652 ad
3513 2597 3641 2655 fun-

2040 2665 2360 2723 damentum
2389 2685 2518 2742 ergo
2547 2670 2861 2730 exinanisse
2906 2683 2988 2731 est
3029 2693 3219 2735 everso
3249 2679 3386 2738 bene
3415 2686 3641 2746 vivendi

2039 2771 2201 2828 opere
2243 2756 2408 2814 etiam
2462 2758 2631 2816 robur
2664 2759 2793 2818 ﬁdei
2840 2762 3159 2838 dissipasse.
3198 2769 3341 2828 Hinc
3368 2773 3533 2830 etiam
3571 2776 3643 2834 ad

2037 2844 2282 2903 Iudaeam
2341 2865 2438 2920 per
2490 2849 2780 2908 Jeremiam
2814 2852 3058 2912 dicitur:
3093 2857 3224 2913 Filii
3250 2876 3453 2930 quoque
3481 2863 3640 2921 Mem-

2031 2935 2228 3006 pheos'5
2257 2942 2306 2990 et
2341 2938 2609 3008 Taphneos
2636 2946 3116 3012 constupraverunt
3139 2950 3184 2999 te
3207 2961 3368 3017 usque
3395 2949 3468 3004 ad
3485 2951 3642 3010 verti:

2036 3038 2142 3078 cem
2173 3024 2388 3095 (Jerem.
2420 3043 2482 3095 ιι,
2518 3027 2630 3099 16).
2662 3029 2842 3102 Usque
2874 3031 2943 3086 ad
2974 3033 3235 3090 verticem
3265 3036 3467 3110 quippe
3495 3054 3640 3096 con-

1954 3148 1998 3210 c
2034 3113 2274 3185 stuprari
2305 3121 2388 3170 est
2415 3123 2539 3187 post
2567 3116 2724 3174 malae
2767 3119 3102 3191 operationis
3154 3138 3319 3181 usum
3377 3126 3542 3184 etiam
3575 3128 3636 3186 in

2031 3201 2150 3274 ipsa
2163 3201 2295 3270 ﬁdei
2315 3203 2657 3264 sublimitate
2685 3209 2984 3284 corrumpi.
3011 3210 3150 3268 Cum
3181 3213 3330 3271 enim
3363 3217 3635 3292 nequissi-

2031 3292 2109 3347 mi
2130 3292 2361 3366 spiritus
2380 3294 2813 3371 uniuscujusque
2829 3300 3068 3357 animam
3092 3300 3148 3358 in
3170 3302 3354 3375 pravis
3380 3306 3638 3380 operibus

2034 3387 2350 3459 involvunt,
2382 3391 2477 3447 sed
2493 3390 2863 3463 integritatem
2879 3393 3009 3452 ﬁdei
3031 3395 3229 3455 vitiare
3250 3414 3362 3456 non
3382 3412 3633 3474 possunt,

2033 3478 2188 3550 quasi
2218 3479 2400 3538 adhuc
2421 3480 2685 3539 inferiora
2715 3483 2961 3540 membra
2995 3486 3270 3558 polluunt,
3293 3487 3388 3544 sed
3417 3489 3487 3546 ad
3515 3506 3634 3548 ver-

2031 3566 2197 3624 ticem
2227 3583 2339 3624 non
2370 3571 2709 3643 pertingant.
2740 3572 3004 3647 Quisquis
3031 3583 3213 3632 autem
3244 3576 3303 3633 in
3356 3577 3465 3635 ﬁde
3502 3597 3637 3637 cor-

2032 3657 2329 3730 rumpitur,
2357 3657 2472 3731 jam
2502 3676 2675 3734 usque
2703 3660 2772 3716 ad
2801 3663 3064 3720 verticem
3094 3673 3502 3740 constupratur.
3524 3671 3634 3727 Ma-
3681 3743 3686 3747 ~

2031 3744 2216 3816 lignus
2249 3748 2395 3803 enim
2426 3748 2654 3820 spiritus
2685 3751 2838 3822 quasi
2867 3751 2936 3807 ab
2971 3753 3329 3810 inferioribus
3369 3758 3634 3814 membris

2030 3848 2202 3906 usque
2257 3835 2326 3890 ad
2377 3851 2594 3892 summa
2625 3837 2908 3909 pertingit,
2941 3840 3162 3912 quando
3190 3841 3427 3898 activam
3457 3845 3633 3902 vitam

2029 3924 2302 3996 polluens,
2326 3930 2529 3980 castam
2557 3924 2942 3982 celsitudinem
2973 3926 3103 3983 ﬁdei
3132 3927 3460 3986 difﬁdentiae
3487 3948 3629 3990 mor-

2027 4011 2100 4068 bo
2125 4011 2449 4085 corrumpit.
2482 4012 2623 4081 Quia
2652 4013 2822 4086 igitur
2839 4023 3038 4073 cuncta
3070 4015 3189 4074 haec
3215 4017 3474 4077 humanis
3502 4038 3630 4080 ocu-

2028 4101 2097 4159 lis
2139 4102 2404 4160 absconsa
2455 4113 2604 4173 sunt,
2627 4103 2722 4162 sed
2769 4104 2978 4163 divinis
3009 4107 3295 4166 obtutibus
3337 4118 3542 4182 patent,
3576 4121 3632 4170 et

2027 4189 2191 4247 multi
2222 4191 2280 4247 in
2310 4191 2415 4250 hac
2443 4191 2608 4250 domo
2635 4193 2765 4251 ﬁdei
2781 4194 2901 4251 sine
2917 4194 3026 4252 ﬁde
3054 4196 3388 4268 moriuntur,
3413 4200 3630 4260 dicatur

2023 4287 2171 4337 recte
2205 4297 2217 4336 :
2265 4281 2431 4349 Quasi
2456 4282 2647 4356 impios
2668 4285 2932 4357 percussit
2969 4303 3053 4342 eos
3079 4287 3138 4342 in
3168 4287 3278 4344 loco
3315 4288 3626 4350 videntium.

2026 4367 2152 4425 Pios
2166 4369 2314 4426 enim
2345 4387 2400 4428 se
2439 4371 2498 4426 in
2530 4373 2778 4430 Ecclesia
2808 4373 3133 4432 hominibus
3161 4377 3498 4447 ostendunt;
3532 4382 3628 4440 sed

2027 4458 2158 4531 quia
2186 4457 2379 4515 divina
2400 4458 2614 4531 judicia
2641 4461 2808 4518 latere
2837 4479 2950 4520 non
2992 4473 3226 4536 possunt
3270 4469 3426 4540 quasi
3467 4468 3626 4541 impii

2023 4543 2319 4603 feriuntur.
2353 4547 2566 4615 Quibus
2610 4549 2717 4607 hoc
2745 4551 2919 4625 magis
2958 4558 3103 4617 803
3132 4553 3202 4611 ad
3229 4556 3489 4630 supplicii
3535 4575 3626 4617 cu-

2023 4645 2238 4701 mulum
2267 4646 2482 4716 crescit,
2512 4647 2664 4721 quod
2691 4651 3068 4724 unusquisque
3085 4667 3274 4709 eorum
3306 4655 3362 4710 in
3380 4655 3627 4712 Ecclesia

2023 4733 2279 4792 ﬁdelibus
2298 4735 2569 4794 admistus
2585 4739 2871 4796 veritatem
2889 4739 3018 4798 ﬁdei
3034 4742 3258 4800 sciendo
3278 4743 3584 4800 contemnit
3605 4761 3620 4810 ;

2023 4831 2185 4898 atque
2219 4842 2284 4883 eo
2315 4827 2534 4900 gravior
2561 4829 2703 4886 ultio
2755 4831 3022 4906 sequitur,
3077 4849 3186 4906 quo
3236 4849 3331 4904 per
3373 4830 3624 4902 exempla

2023 4922 2298 4973 rectorum
2319 4917 2481 4974 etiam
2503 4919 2641 4976 bene
2665 4919 2894 4977 vivendi
2923 4937 3016 4978 eos
3043 4921 3276 4978 scientia
3304 4918 3618 4977 comitatur.

2021 5005 2170 5074 Quot
2187 5007 2338 5065 enim
2358 5008 2438 5065 eis
2456 5009 2622 5067 modo
2642 5009 2778 5066 recti
2799 5027 2862 5067 ac
2881 5010 3073 5068 ﬁdeles
3093 5010 3286 5066 fratres
3306 5008 3620 5066 ostendun-

2020 5104 2220 5166 tur,tot
2231 5097 2288 5154 in
2301 5106 2535 5155 venturo
2540 5097 2560 5171 j
2569 5099 2754 5156 udicio
2766 5099 2999 5156 testibus
3008 5099 3082 5155 im
3088 5099 3620 5172 pugnantur.Sciunt

2020 5202 2151 5260 ergo
2161 5187 2308 5260 quod
2321 5187 2477 5261 sequi
2497 5189 2802 5262 negligant.
2823 5187 2977 5244 Unde
2991 5193 3045 5243 et
3072 5193 3196 5260 apte
3224 5187 3577 5262 subjungitur
3598 5207 3612 5248 :

2017 5451 2174 5526 vivo,
2199 5450 2304 5526 sed.
2322 5449 2502 5526 rarius
2528 5459 2844 5526 usurpatur.

2090 5525 2354 5610 :U'tic.‘et
2377 5525 2600 5610 Pratel.,
2640 5524 2737 5598 qui
2763 5524 3298 5610 esLChfislusJesus.

2089 5597 2111 5631 ³⁵
2147 5595 2384 5656 Vindoc.
2417 5603 2472 5653 et
2513 5595 2727 5666 Norm.,
2756 5604 2806 5653 et
2825 5598 3078 5670 Taphnis.
3109 5597 3296 5655 Baluz.
3327 5605 3381 5655 et
3428 5597 3611 5666 Colb.,

2016 5673 2066 5723 et
2101 5668 2334 5726 Tamnis.
