4162 6184
519 306 626 364 339

773 426 1003 485 CAPUT
1039 427 1118 485 XI
1169 425 1309 501 [Vet.
1355 427 1505 493 XVI,
1551 429 1668 484 Rec.
1729 424 1854 498 XI].

596 517 842 577 Vens.”
851 519 960 574 .-¹
983 517 1088 586 Qui
1105 518 1262 589 quasi
1275 519 1338 574 de
1356 517 1627 573 industria
1637 522 1958 572 recesserunt
1971 517 2038 573 ab
2049 535 2126 574 eo.

592 611 680 668 28.
703 611 973 667 Peccatum
1000 608 1464 680 autignorantia,a
1475 613 1528 661 ut
1551 607 1880 678 inﬁrmitate,
1901 614 1996 664 aut
2024 615 2130 664 stu-

511 702 628 770 dio,
647 701 787 774 quod
805 697 1584 772 gravius,perpet~ratur.Aliud
1603 697 1793 752 bonum
1812 715 1916 753 non
1933 698 2127 768 facere,

509 792 675 849 aliud
698 808 788 847 nec
816 807 1020 855 amare,
1043 788 1196 844 aliud
1215 787 1783 844 odisse—Sciendum
1815 787 2017 861 quippe
2046 795 2129 845 est

511 884 672 959 quod
689 890 976 957 peccatum
999 881 1178 936 tribus
1197 877 1381 934 modis
1403 878 1771 936 committitur
1794 877 1896 950 (De
1914 879 2126 950 pcenit.,

521 979 645 1034 dist.
680 979 733 1047 2,
765 995 884 1033 can.
909 975 1234 1044 Sciendum).
1266 973 1403 1030 Nam
1435 980 1530 1028 aut
1560 973 1892 1044 ignorantia,
1921 975 2131 1030 autin-

513 1069 784 1124 ‘ﬁrmitate
805 1075 900 1122 aut
927 1063 1112 1122 studio
1141 1069 1502 1134 perpetratur.
1539 1063 1610 1119 Et
1641 1063 1861 1134 gravius
1906 1062 2128 1136 quidem

511 1158 845 1214 inﬁrmitate
866 1171 1028 1229 quam
1052 1151 1488 1226 ignorantia,sed
1508 1153 1684 1208 multo
1705 1153 1926 1224 gravius
1941 1151 2127 1208 studio

523 1265 686 1320 quam
745 1245 1065 1302 inﬁrmitate
1100 1250 1374 1314 peccatur.
1409 1243 1722 1314 Ignorantia
1773 1241 1974 1298 Paulus
2005 1257 2126 1316 pec-

522 1341 762 1403 caverat,
795 1349 920 1390 cum
948 1331 1166 1390 dicebat
1195 1349 1206 1387 :
1261 1333 1366 1400 Qui
1385 1333 1545 1404 prius
1580 1331 1666 1401 fui
1697 1331 2050 1403 blasphemus,
2079 1339 2130 1388 et

511 1429 844 1496 persecutor,
881 1429 930 1480 et
970 1421 1409 1488 contumeliosus;
1444 1423 1532 1478 sed
1558 1422 1982 1478 misericordiam
2007 1439 2126 1476 con-

519 1521 724 1570 secutus
745 1513 1016 1584 sum,quia
1035 1515 1290 1585 ignorans
1309 1511 1408 1583 feci
1435 1513 1492 1567 in
1507 1512 1876 1568 incredulitate
1898 1513 1956 1586 (Ι
1985 1513 2122 1569 Tim.

523 1621 565 1672 ι,
590 1603 704 1675 13).
739 1605 933 1660 Petrus
950 1619 1080 1658 vero
1097 1602 1422 1658 inﬁrmitate
1442 1601 1710 1674 peccavit,
1735 1600 1955 1674 quando
1976 1601 2034 1657 in
2061 1617 2126 1656 eo

523 1709 686 1751 omne
726 1694 894 1750 robur
927 1692 1055 1748 ﬁdei
1084 1692 1233 1766 quod
1287 1691 1526 1748 Domino
1554 1690 1838 1763 perhibuit
1863 1707 1973 1747 una
2015 1707 2127 1747 vox

1745 294 1995 356 SANCTI
2033 299 2368 359 GREGORII
2404 301 2632 359 MAGNI

3725 309 3822 366 340

2155 432 2208 492 Α
2236 445 2360 504 quae
2391 429 2568 488 facere
2595 429 2928 502 despiciunt,
2946 415 3111 486 etiam
3132 431 3274 489 scire
3293 437 3676 491 contemnunt.
3697 435 3829 504 Quia

2239 522 2388 577 enim
2427 523 2688 594 scriptum
2719 530 2800 579 est
2834 540 2846 577 :
2881 523 3074 578 Servus
3101 523 3329 578 nesciens
3358 525 3680 581 voluntatem
3729 529 3830 584 do-

2238 612 2370 666 mini
2411 612 2517 678 sui,
2550 613 2572 646 ³
2597 618 2647 666 et
2671 609 2872 683 faciens
2899 613 3060 684 digna
3084 613 3280 684 plagis,
3310 615 3588 685 vapulabit
3608 633 3834 688 paucis;

2237 709 2285 756 et
2311 719 2492 757 servus
2519 702 2684 757 sciens
2703 705 3023 759 voluntatem
3052 703 3255 758 domini
3281 720 3386 772 sui,
3419 711 3467 760 et
3503 722 3608 760 non
3635 706 3835 776 faciens

2229 792 2393 862 juxta
2413 811 2547 857 eam,
2565 791 2744 864 plagis
2770 793 3050 864 vapulabit
3073 794 3253 849 multis
3285 794 3438 864 (Luc.
3463 813 3564 863 χιι,
3585 795 3673 864 47,
3695 797 3788 870 48)
3818 814 3830 853 :

2225 881 2625 954 impunitatem
2648 881 2910 954 peccandi
2931 882 3254 938 existimant
3271 883 3574 939 remedium
3591 885 3834 942 nescien-

2237 971 2314 1035 di.
2343 975 2488 1034 804
2501 972 2606 1041 Qui
2631 972 2897 1029 nimirum
2916 971 3032 1029 sola
3047 973 3316 1044 superbiae
3338 973 3573 1045 caligine
3593 973 3835 1030 tenebre-

2237 1079 2420 1140 scunt,
2444 1080 2605 1146 atque
2637 1072 2758 1130 ideo
2787 1089 2900 1128 non
2930 1071 3254 1129 discernunt
3283 1071 3416 1144 quia
3442 1065 3595 1128 aliud
3625 1079 3706 1128 est
3734 1089 3839 1130 ne-

2237 1162 2421 1229 scisse,
2453 1163 2605 1218 aliud
2635 1163 2772 1220 scire
2817 1163 3078 1220 noluisse.
3113 1163 3332 1218 Nescire
3355 1161 3505 1217 enim
3528 1161 3836 1234 ignorantia

2236 1260 2352 1320 est;
2381 1255 2522 1309 scire
2553 1254 2818 1322 noluisse,
2867 1253 3144 1325 superbia.
3174 1253 3246 1308 Et
3275 1258 3430 1307 tanto
3461 1253 3638 1324 magis
3665 1267 3836 1308 excu-

2235 1344 2506 1399 sationem
2528 1361 2640 1400 non
2675 1349 2905 1416 possunt
2933 1343 3132 1398 habere
3170 1341 3300 1416 quia
3328 1341 3599 1410 nesciant,
3640 1347 3838 1414 quanto

2232 1423 2411 1506 magis
2421 1435 2500 1490 eis
2514 1435 2680 1491 etiam
2693 1433 3009 1490 nolentibus
3019 1433 3318 1506 opponitur
3329 1431 3476 1505 quod
3488 1438 3833 1504 cognoscant.

2237 1523 2393 1580 Unde
2417 1541 2511 1596 per
2531 1526 2881 1582 Salomonem
2902 1523 3108 1580 dicitur
3127 1541 3138 1578 :
3163 1523 3435 1594 Numquid
3451 1539 3556 1578 non
3579 1521 3837 1593 sapientia

2234 1615 2496 1681 clamitat,
2527 1621 2575 1670 et
2597 1615 2894 1688 prudentia
2921 1615 3014 1670 dat
3034 1631 3206 1671 vocem
3233 1631 3405 1683 suam,
3427 1614 3484 1668 in
3502 1613 3718 1668 summis
3732 1629 3834 1666 ea:-

2233 1703 2485 1774 celsisque
2507 1705 2786 1759 verticibus
2817 1721 2976 1776 super
3000 1705 3142 1760 viam
3175 1703 3226 1758 in
3255 1702 3438 1758 mediis
3465 1709 3612 1758 stans
3639 1701 3832 1756 semitis

524 1783 721 1856 Puella}
754 1781 1054 1850 00901133“:
1098 1788 1152 1836 et
1177 1782 1352 1836 Deum
1384 1797 1545 1854 quem
1593 1779 1756 1838 οοτάθ
1785 1780 1964 1836 tenuit
1993 1797 2126 1837 V009
2155 1799 2201 1860 B
2234 1795 2427 1866 (Prov.
2447 1811 2570 1862 .vrn,
2591 1795 2703 1866 1,2)
2721 1795 2748 1850 ‘l
2768 1795 3023 1850 Transire
3043 1795 3272 1850 fortasse
3285 1792 3538 1866 perviam
3553 1792 3682 1848 vitae
3698 1799 3832 1848 tem-

523 1873 816 1946 denegavit
835 1872 985 1946 (Luc.
1009 1886 1153 1940 xxn,
1173 1869 1404 1942 57).Sed
1433 1869 1561 1944 quia
1589 1868 1936 1925 inﬁrmitatis
1966 1870 2130 1942 culpa

524 1964 614 2020 vel
645 1960 967 2036 ignorantiae
998 1976 1062 2017 eo
1091 1959 1309 2017 facilius
1347 1959 1597 2030 tergitur,
1655 1973 1764 2031 quo
1802 1973 1914 2013 non
1944 1957 2128 2014 studio

525 2063 889 2132 perpetratur,
921 2054 1122 2110 Paulus
1149 2070 1268 2126 qua:
1307 2051 1584 2124 ignoravit
1611 2050 1836 2107 sciendo
1863 2050 2124 2118 correxit,

526 2157 582 2204 et
603 2149 795 2204 Petrus
849 2151 1052 2201 motam
1092 2151 1147 2200 et
1183 2143 1341 2218 quasi
1369 2148 1702 2199 arescentem
1741 2139 1856 2213 jam
1885 2139 2126 2196 radicem

515 2237 657 2294 'ﬁdei
691 2235 954 2309 lacrymis
981 2233 1213 2306 rigando
1241 2231 1521 2290 solidavit.
1568 2233 1656 2286 E'x
1680 2229 1959 2287 industria
1996 2244 2128 2284 vero

525 2331 886 2401 peccaverant
931 2323 972 2378 ii
1001 2323 1069 2380 de
1114 2321 1316 2397 quibus
1343 2323 1459 2395 ipse
1487 2321 1746 2394 magister
1773 2318 1988 2376 dicebat
2021 2335 2033 2374 ε
2069 2318 2129 2376 Si

525 2433 634 2472 non
659 2415 914 2471 ven-issem
940 2420 988 2469 et
1009 2415 1211 2470 locutus
1238 2412 1455 2484 fuissem
1478 2411 1572 2480 eis,
1595 2416 1861 2482 peccatum
1883 2425 1988 2464 non
2018 2407 2128 2463 ha-

529 2507 706 2562 berent
725 2525 746 2572 ;
774 2521 912 2558 nunc
930 2510 1104 2559 autem
1123 2504 1508 2560 excusationem
1539 2517 1645 2554 non
1662 2500 1850 2555 habent
1869 2499 1930 2552 de
1952 2513 2128 2568 pecca-

531 2600 580 2649 to
609 2610 704 2648 suo
737 2593 918 2664 (Joan.
959 2608 1057 2658 xv,
1083 2591 1198 2662 22).
1239 2591 1312 2646 Et
1337 2590 1502 2660 paulo
1544 2595 1665 2659 post
1699 2605 1710 2642 :
1743 2576 2126 2653 Et'viderunt,

527 2688 577 2735 et
603 2681 828 2735 oderunt
852 2697 930 2734 me
952 2686 999 2734 et
1027 2680 1242 2736 Patrem
1280 2694 1450 2733 meum
1475 2677 1670 2748 (Ibid.,
1697 2675 1815 2746 24).
1848 2675 2017 2730 Aliud
2047 2683 2129 2732 est

527 2768 677 2825 enim
711 2767 854 2824 bona
887 2784 998 2824 non
1027 2768 1224 2836 facere,
1248 2767 1400 2824 aliud
1426 2767 1698 2824 bonorum
1719 2765 1899 2822 odisse
1926 2765 2129 2822 docto-

529 2875 679 2924 rem;
709 2859 854 2917 sicut
881 2857 1033 2914 aliud
1061 2864 1144 2914 est
1180 2856 1636 2932 praecipitatione,
1665 2855 1820 2912 aliud
1848 2855 2131 2912 delibera-

530 2948 682 3004 tlone
713 2963 953 3021 peccare.
997 2947 1148 3020 Saepe
1177 2947 1324 3004 enim
1356 2955 1640 3019 peccatum
1670 2945 2128 3018 praecipitatione,

517 3041 922 3111 committitur,
973 3039 1121 3112 quod
1154 3048 1338 3098 tamen
1367 3039 1602 3097 consilio
1637 3047 1690 3096 et
1733 3037 2131 3095 deliberatione

2238 1883 2442 1956 poralis
2459 1901 2586 1942 cum
2607 1883 2726 1956 ejus
2745 1885 3059 1957 ignorantia
3086 1893 3420 1958 poteramus,
3441 1883 3487 1940 si
3507 1883 3627 1940 hinc
3646 1881 3834 1938 eadem

2236 1974 2504 2046 sapientia
2532 1973 2590 2028 in
2620 1973 2830 2030 semitae
2858 1973 3076 2046 angulis
3119 1975 3480 2032 constitisset.

2307 2062 2394 2120 30.
2436 2065 2541 2122 Via:
2569 2063 2761 2120 divina:
2787 2062 3062 2135 sapientia:
3081 2080 3182 2135 per
3209 2063 3642 2120 Incarnationem
3670 2059 3837 2116 omni-

2237 2151 2330 2208 bus
2354 2159 2555 2224 patent.
2596 2154 2718 2211 Vias
2733 2154 2831 2210 Dei
2857 2152 3164 2224 intelligere,
3185 2153 3315 2223 quid
3341 2155 3428 2207 sit.
3455 2151 3657 2207 Lumen
3683 2149 3836 2204 intel-

2239 2242 2464 2314 ligentiae
2489 2243 2761 2300 huiniiitas
2784 2243 2976 2315 aperit,
2994 2241 3243 2314 superbia
3270 2239 3490 2297 claudit.
3513 2270 3579 2279 -—
3595 2234 3833 2296 Investi-

2237 2333 2413 2405 ganda
2440 2333 2640 2403 fuerat,
2669 2335 2716 2390 si
2746 2333 3014 2391 occultari
3043 2331 3308 2388 voluisset
3335 2332 3376 2386 ³.
3413 2329 3520 2386 Sed
3549 2335 3838 2401 postquam

2237 2422 2632 2480 incarnationis
2645 2439 2758 2480 suae
2770 2423 3034 2496 mysteria
3048 2421 3268 2495 publice
3282 2419 3839 2492 ostendit,postquam

2233 2511 2573 2568 humilitatis
2599 2514 2851 2584 exempla
2874 2511 3317 2584 superbientibus
3343 2509 3600 2582 praebuit,
3629 2513 3842 2564 semet-

2238 2603 2415 2675 ipsam
2448 2602 2608 2659 nobis
2656 2602 2812 2675 quasi
2856 2601 3274 2658 transeuntibus
3301 2599 3359 2656 in
3388 2599 3584 2656 mediis
3630 2595 3843 2654 semitis

2239 2693 2400 2763 ﬁxit,
2420 2703 2480 2750 ut
2528 2694 2788 2752 videlicet
2812 2695 2870 2750 in
2901 2710 3045 2762 eam,
3077 2709 3241 2766 quam
3289 2706 3530 2765 quaerere
3558 2689 3837 2766 nolumus,

2238 2784 2611 2858 impingamus
2629 2801 2642 2850 ;
2666 2791 2720 2838 et
2737 2798 2900 2856 quam
2922 2765 3270 2839 transeuntes
3290 2780 3477 2836 videre
3491 2765 3838 2849 negligimus,

2239 2884 2526 2950 tangamus
2545 2873 2902 2931 otl'endentes.
2928 2872 3156 2928 Dicatur
3176 2871 3358 2941 itaque
3385 2885 3397 2923 :
3433 2871 3501 2924 Et
3527 2883 3704 2922 omnes
3724 2866 3840 2922 vias

2239 2967 2352 3038 ejus
2383 2965 2668 3036 intelligere
2695 2964 3002 3018 nol-uerunt.
3044 2961 3149 3018 Via
3183 2959 3386 3032 quippe
3431 2964 3512 3012 est
3539 2956 3839 3012 incarnataa

2241 3057 2522 3130 sapientiae
2551 3055 2735 3112 omnis
2755 3054 2900 3111 actio
2930 3069 3096 3126 quam
3114 3049 3488 3124 temporaliter
3509 3047 3693 3120 gessit.
3715 3045 3835 3103 Viae

531 3130 847 3224 damnatur.
878 3131 1314 3224 Ex‘inﬁrmitate
1349 3130 1497 3186 enim
1527 3131 1852 3204 plerumque
1881 3129 2020 3185 solet
2043 3145 2128 3185 ac-

2237 3129 2356 3220 ejus
2386 3153 2517 3202 sunt
2540 3143 2768 3201 vivendi
2815 3142 3060 3211 ordines,
3107 3157 3244 3214 quos
3273 3139 3342 3195 ad
3385 3154 3443 3195 se
3485 3135 3840 3194 venientibus

531 3212 714 3268 cidere
741 3229 924 3270 amare
970 3213 1199 3281 bonum,
1256 3214 1352 3270 sed
1403 3216 1631 3286 implere
1677 3231 1790 3272 non
1819 3230 1994 3288 posse.
2042 3215 2131 3270 Ex

529 3301 716 3358 studio
745 3319 878 3359 vero
910 3318 1134 3374 peccare
1162 3310 1242 3360 est
1269 3303 1476 3359 bonum
1507 3319 1609 3360 nec
1647 3303 1826 3362 facere
1854 3321 1954 3360 nec
1985 3319 2130 3360 ama-

531 3405 610 3446 re.
639 3390 794 3448 Sicut
847 3407 976 3464 ergo
1023 3405 1418 3464 nonnunquam
1455 3393 1675 3464 gravius
1723 3402 1806 3450 est
1842 3402 2130 3468 peccatum

531 3479 954 3554 diligere,quam
982 3489 1314 3553 perpetrare,
1341 3481 1419 3538 ita
1442 3483 1678 3556 nequius
1709 3491 1791 3540 est
1819 3482 2002 3540 odisse
2025 3482 2130 3556 ju-

531 3568 741 3624 stitiam
765 3585 927 3642 quam
959 3585 1071 3626 non
1103 3570 1314 3628 fecisse.
1338 3571 1479 3628 Sunt
1507 3588 1635 3646 ergo
1667 3572 1923 3628 nonnulli
1949 3574 2007 3628 in
2028 3573 2130 3628 Ec-

531 3657 701 3714 clesia
733 3658 828 3732 qui
867 3675 980 3716 non
1032 3661 1212 3717 solum
1239 3661 1383 3718 bona
1429 3679 1540 3719 non
1568 3661 1799 3730 faciunt,
1837 3661 1934 3717 sed
1961 3661 2127 3716 etiam

533 3757 968 3822 persequuntur;
992 3758 1046 3808 et
1066 3767 1186 3826 quae
1202 3751 1307 3826 ipsi
1335 3751 1512 3810 facere
1542 3753 1849 3826 negligant,
1871 3750 2038 3807 etiam
2069 3750 2128 3807 in

533 3837 658 3895 aliis
688 3839 1047 3900 detestantur.
1097 3844 1302 3901 Horum
1333 3851 1616 3916 peccatum
1645 3843 1857 3900 scilicet
1890 3855 2002 3898 non
2057 3855 2130 3898 ex

525 3930 858 3990 inﬁrmitate
887 3935 974 3991 vel
1005 3935 1331 4006 ignorantia,
1363 3935 1456 3990 sed
1476 3950 1545 3988 ex
1575 3935 1691 3990 solo
1719 3933 1906 3990 studio
1936 3946 2128 4004 perpe-

532 4026 732 4085 tratur,
777 4022 906 4090 quia
931 4023 1191 4078 videlicet
1231 4024 1279 4078 si
1308 4023 1514 4076 vellent
1561 4023 1789 4092 implere
1822 4021 1985 4090 bona,
2029 4035 2130 4076 nec

532 4110 719 4158 tamen
748 4115 988 4175 possent,
1011 4124 1074 4164 ea
1101 4125 1221 4180 quae
1251 4108 1310 4163 in
1331 4124 1388 4163 se
1402 4110 1895 4179 negliguntsaltem
1924 4109 1983 4165 in
2003 4107 2130 4164 aliis

428 4195 436 4202 '
535 4199 802 4246 amarent.
834 4195 892 4249 Si
919 4195 1069 4250 enim
1117 4211 1180 4250 ea
1208 4196 1314 4266 ipsi
1343 4197 1432 4250 vel
1461 4198 1578 4252 solo
1608 4205 1738 4252 voto
1791 4205 2126 4268 appeterent,

533 4279 680 4334 facta
705 4277 774 4333 ab
798 4279 922 4337 aliis
969 4298 1080 4338 non
1110 4282 1388 4350 odissent;
1445 4284 1535 4340 sed
1569 4285 1696 4358 quia
1750 4285 1895 4342 bona
1939 4286 2129 4342 eadem

535 4368 812 4427 audiendo
837 4382 1198 4446 cognoscunt,
1224 4373 1246 4408 ³
1267 4374 1506 4432 vivendo
1536 4376 1868 4449 despiciunt,
1886 4377 2130 4434 animad-

535 4460 800 4518 vertendo
828 4473 1254 4540 persequuntur,
1284 4473 1430 4524 recte
1459 4467 1665 4525 dicitur
1691 4487 1702 4526 :
1739 4469 1842 4538 Qui
1883 4485 1949 4525 ea:
1980 4469 2130 4525 indu-

534 4550 670 4608 stria
697 4562 1020 4612 recesserunt
1045 4558 1111 4613 ab
1131 4573 1208 4613 eo.
1247 4557 1402 4614 Unde
1429 4564 1484 4614 et
1511 4565 1635 4632 apte
1657 4559 1778 4632 subj
1788 4559 2011 4634 ungitur
2045 4576 2057 4616 :

1123 4675 1350 4732 CAPUT
1389 4676 1514 4732 ΧΠ.

603 4765 830 4822 Inm.—
853 4768 930 4824 Et
981 4782 1157 4821 omnes
1194 4765 1308 4820 vias
1341 4766 1454 4836 ejus
1484 4765 1772 4838 intelligere
1823 4765 2130 4820 noluerunt.

603 4857 692 4917 29.
731 4860 900 4928 Quam
925 4857 1160 4934 graviter
1195 4857 1525 4929 delinquant,
1557 4859 1648 4929 qui
1677 4875 1775 4913 sua
1829 4856 2134 4928 ignorantia

534 4951 897 5024 impunitatem
933 4948 1185 5026 peccandi
1235 4953 1499 5020 quierunt.
1553 4947 1722 5004 Aliud
1772 4951 1848 5002 est
1892 4944 2132 5013 nescisse,

533 5041 686 5095 aliud
713 5041 846 5098 scire
871 5039 1318 5099 noluisse.—Non
1349 5037 1497 5095 enim
1519 5037 1597 5094 ait
1629 5055 1641 5093 :
1676 5035 2002 5094 Inﬁrmitate
2020 5053 2131 5092 non

534 5130 871 5202 intelligunt,
930 5133 1044 5204 sed,
1096 5129 1406 5204 intelligere
1452 5129 1772 5195 noluerunt,
1807 5127 1936 5200 quia
1986 5143 2129 5200 saepe

610 5365 800 5444 ‘.U_tic.
832 5376 886 5444 et
913 5370 984 5425 al.
1025 5373 1240 5444 Norm.,
1270 5371 1362 5429 hic
1402 5379 1471 5444 et
1499 5370 1783 5444 deinceps,
1808 5372 1939 5444 quia
1974 5371 2131 5444 quasi

534 5435 597 5490 de
625 5435 890 5495 industria
915 5459 936 5506 ;
965 5443 1110 5506 quod
1132 5435 1296 5500 etiam
1327 5443 1494 5500 habes
1521 5444 1582 5500 in
1610 5435 1718 5500 vet'.
1743 5435 1846 5499 Ed.

609 5505 632 5588 ξ
661 5507 845 5588 llaluz.
877 5505 1138 5588 et_Colb.,
1169 5517 1411 5588 videndo.

610 5579 631 5662 εξ
665 5577 808 5662 ptio.
839 5589 894 5636 et
917 5577 1142 5662 .PraAtelﬁ,
1164 5594 1222 5662 et
1245 5605 1353 5662 non
1380 5587 1580 5662 faciens
1605 5588 1788 5660 digna,
1821 5589 2128 5662 plagiam:

535 5651 743 5733 putabit
765 5653 972 5733 paucis.
1003 5654 1133 5719 Quae
1164 5657 1324 5733 lectio
1355 5651 1465 5714 non
1493 5651 1685 5715 solum'
1703 5651 1965 5733 recedit'a
1995 5659 2128 5715 Vul-

537 5732 701 5812 gata,‘
731 5723 826 5812 sed
857 5725 1242 5812 etian'chntra
1266 5728 1516 5812 Graecum
1535 5729 2015 5812 .texturnpugnat.

607 5799 630 5834 ⁴
659 5797 844 5857 Baluz.
891 5805 945 5856 et
1001 5795 1182 5868 Colb.,
1222 5800 1580 5870 investigando
1607 5795 1810 5871 fuerat,
1837 5795 1897 5857 si
1929 5803 2130 5860 occulta

2157 4530 2207 4591 D

2240 3235 2454 3292 stravit.
2488 3235 2590 3290 Tot
2619 3234 2802 3306 itaque
2830 3231 2899 3288 ad
2929 3249 2986 3288 se
3038 3229 3387 3288 venientibus
3429 3227 3547 3284 vias
3575 3225 3837 3300 praebuit,

2241 3333 2374 3399 quot
2401 3324 2540 3381 bene
2569 3322 2797 3378 vivendi
2826 3323 3080 3394 exempla
3107 3318 3456 3376 monstravit.
3490 3314 3840 3372 Humilitatis

2241 3413 2358 3486 ejus
2375 3413 2497 3469 vias
2513 3412 2786 3484 Propheta
2805 3417 3241 3484 aspexerat,cum
3257 3405 3586 3479 suspirabat,
3609 3405 3834 3462 dicens:

2243 3509 2308 3565 In
2331 3506 2598 3564 mandatis
2629 3506 2732 3562 tuis
2759 3523 2839 3561 me
2867 3503 3128 3569 exercebo,
3149 3508 3196 3558 et
3214 3500 3552 3558 considerabo
3577 3499 3694 3555 vias
3717 3505 3840 3554 tuas

2245 3598 2420 3669 (Psal.
2453 3613 2649 3666 cxvm,
2681 3595 2795 3667 15).
2829 3595 2972 3651 Hinc
2998 3608 3219 3650 rursum
3247 3591 3316 3648 de
3341 3604 3675 3664 unoquoque
3685 3586 3840 3660 justo

2241 3687 2450 3744 dicitur
2477 3687 2572 3760 qui
2591 3694 2748 3744 curat
2763 3693 2826 3742 ut
2847 3701 2942 3758 per
2961 3683 3244 3742 dominica
3257 3681 3508 3754 exempla
3538 3677 3835 3752 gradiatur:

2239 3777 2287 3834 A
2310 3777 2538 3833 Domino
2555 3793 2764 3850 gressus
2783 3775 3010 3831 hominis
3022 3775 3404 3846 diriguntur,et
3416 3771 3555 3826 viam
3571 3769 3687 3841 ejus
3700 3765 3842 3839 cupit

2239 3867 2398 3922 nimis
2430 3867 2602 3940 (Psal.
2634 3866 2958 3934 xxxv1,23).
2999 3864 3137 3938 [νει.
3171 3861 3380 3936 XVII.]
3413 3859 3555 3930 Quia
3579 3876 3708 3932 ergo
3737 3873 3840 3914 su-

2240 3956 2392 4030 perbi
2405 3955 2606 4030 quique
2619 3953 2953 4010 humilitatis
2967 3953 3273 4009 Dominicae
3287 3951 3432 4009 facta
3451 3951 3836 4013 contemnunt,

2203 4101 2207 4104 .
2241 4055 2388 4106 recte
2433 4045 2638 4104 dicitur
2669 4062 2682 4100 :
2721 4044 2844 4104 Vias
2875 4044 2991 4115 ejus
3028 4043 3318 4113 intelligere
3361 4043 3670 4096 noluerunt.
3719 4035 3840 4093 Via;

2242 4140 2390 4194 enim
2411 4138 2528 4195 istas
2551 4135 2760 4193 visione
2789 4133 3054 4206 despecta
3075 4139 3226 4201 sunt,
3256 4131 3351 4188 sed
3377 4131 3668 4188 intellectu
3687 4145 3840 4188 reve-

2241 4227 2445 4285 rendae.
2479 4225 2650 4283 Aliud
2679 4225 2878 4300 quippe
2907 4231 2990 4280 est
3016 4222 3073 4279 in
3104 4222 3182 4280 eis
3217 4222 3364 4296 quod
3382 4221 3650 4290 cernitur,
3681 4220 3840 4276 aliud

2243 4317 2392 4390 quod
2419 4323 2782 4389 exspectatur.
2807 4313 2951 4384 Quid
2970 4313 3118 4371 enim
3139 4311 3196 4369 in
3234 4311 3336 4370 hac
3354 4313 3470 4368 vita
3487 4309 3639 4368 aliud
3670 4327 3841 4384 quam

2243 4410 2630 4483 dejectionem,
2651 4418 2832 4484 sputa,
2855 4407 3110 4475 ludibria,
3144 4413 3484 4478 mortemque
3498 4403 3844 4460 intuentium

2243 4503 2419 4558 oculis
2461 4503 2704 4558 ostendit
2725 4499 2754 4556 ?
2795 4501 2899 4559 Sed
2955 4516 3050 4573 per
3095 4497 3213 4554 haec
3259 4495 3452 4554 inﬁma
3479 4493 3752 4553 transitur
3778 4489 3846 4548 ad

2242 4607 2476 4660 summa,
2511 4607 2606 4664 per
2658 4591 2778 4650 haec
2827 4591 3097 4648 dedecora
3124 4605 3244 4662 quae
3274 4583 3591 4660 praecedunt
3639 4591 3848 4640 aeterna

2243 4682 2404 4739 nobis
2433 4689 2487 4738 et
2511 4681 2748 4756 gloriosa
2775 4683 3128 4756 pollicentur.
3160 4677 3436 4736 Viderunt
3461 4690 3588 4746 ergo
3619 4669 3844 4746 superbi

2242 4772 2360 4828 vias
2388 4773 2508 4840 Dei,
2541 4771 2636 4829 sed
2663 4771 2971 4844 intelligere
2985 4771 3282 4827 noluerunt
3297 4765 3427 4840 quia
3443 4763 3576 4820 dum
3595 4759 3843 4835 abjecta‘

2242 4882 2362 4940 qua:
2383 4866 2440 4920 in
2473 4863 2654 4921 scillae
2675 4863 2976 4921 ostendunt
3003 4862 3335 4936 despiciunt,
3366 4854 3734 4931 perdiderunt
3753 4851 3844 4910 isti

2241 4952 2501 5011 sublimia
2528 4969 2649 5027 quae
2680 4953 3030 5026 promittunt.
3054 4951 3188 5008 Vias
3202 4949 3386 5022 itaque
3415 4944 3514 5002 Dei
3536 4941 3845 5014 intelligere

2240 5052 2323 5102 est
2350 5053 2404 5101 et
2433 5043 2722 5102 humiliter
2747 5045 2982 5100 tolerare
2999 5039 3334 5108 transitoria,
3357 5047 3411 5096 et
3431 5043 3845 5112 perseveranter

2240 5143 2555 5207 exspectare
2602 5150 2879 5204 mansura,
2911 5143 2974 5191 ut
3007 5133 3262 5206 exemplo
3315 5129 3542 5188 Domini
3572 5135 3843 5185 coaeterna

2239 5387 2346 5426 esse
2372 5369 2638 5426 voluisset.

2309 5443 2330 5476 ³
2362 5442 2444 5497 Ita
2470 5439 2690 5496 Ebroic.
2723 5448 2777 5498 et
2805 5441 2900 5498 alii
2930 5436 3454 5513 Norm.,_Vi1_1doc.,.
3474 5434 3688 5513 Belum,
3720 5430 3839 5513 Col-

2235 5513 2375 5570 bert.
2409 5513 2468 5568 In
2501 5513 2756 5586 vet._Ed.
2791 5514 2992 5586 legitur
3025 5532 3036 5568 :
3069 5511 3370 5586 quiddam
3400 5507 3601 5586 abjecla
3638 5523 3757 5586 qua:
3782 5507 3839 5584 in

2237 5604 2290 5641 se
2325 5586 2416 5640 ille
2460 5583 2700 5658 ostendit,
2733 5577 3048 5658 despiciunt,
3077 5577 3436 5658 perdiderunt
3460 5577 3552 5658 isti
3587 5577 3836 5658 sublimia

2237 5674 2356 5730 qua:
2377 5650 2785 5728 promittuntur.
2808 5650 2900 5715 At.
2924 5650 3662 5730 recent.,perdideruntjuste
3678 5650 3840 5707 subli-

2235 5729 2348 5786 mia
2383 5745 2501 5802 gute
2521 5730 2806 5802 promittit.
