4162 6184
337 269 436 326 ω

1071 262 1446 323 MORALIUM
1483 264 1616 324 LIB.
1659 264 1841 323 XXV.
1883 295 1952 307 —-
1992 265 2064 325 ΙΝ
2101 265 2331 325 CAPUT
2367 265 2611 325 XXXIV
2648 266 2711 323 B.
2752 264 2894 324 JOB.

3538 269 3645 330 312

339 407 616 475 quaeratur
640 393 811 469 gloria
837 391 1148 466 opprobriis
1161 393 1558 467 temporalibus
1585 400 1922 468 comparata,
1953 396 2005 456 A
2033 393 2188 452 tione
2234 394 2533 463 discutere,
2590 391 2685 450 sed
2742 389 3111 452 admiratione
3158 395 3433 468 venerari,
3481 402 3646 473 atque

339 498 395 547 et
424 506 538 546 non
556 485 698 561 quod
726 484 821 541 hic
850 484 1083 557 quisque
1111 484 1330 554 tolerat,
1354 485 1449 541 sed
1477 484 1535 540 in
1565 483 1623 541 id
1652 484 1800 559 quod
1827 500 1937 541 ex-

338 585 547 652 spectat
569 574 838 631 intendat.
864 572 953 629 Ad
981 573 1100 630 hac
1119 590 1248 647 ergo
1268 574 1489 647 superbi
1506 575 1722 632 clausos
1745 575 1936 631 oculos

338 672 656 733 tenuerunt,
688 663 819 737 quia
846 662 979 719 dum
1011 662 1070 719 in
1100 663 1275 736 gloria
1295 664 1582 737 praesentis
1600 664 1730 720 vitae
1750 679 1935 737 super-

337 757 519 824 biunt,
538 752 876 811 humilitatis
895 752 1198 810 Dominicae
1226 753 1610 811 celsitudinem
1644 770 1757 810 non
1785 754 1935 810 vide-

335 854 480 905 runt.
509 846 728 901 Lumen
755 843 905 899 enim
927 842 1307 915 intelligentiae
1329 843 1618 900 humilitas
1630 844 1826 917 aperit,
1848 861 1936 902 su-

332 935 519 1011 perbia
565 932 876 991 abscondit.
922 933 1058 988 Nam
1112 942 1382 990 secretum
1410 933 1686 1007 quoddam
1717 934 1937 1007 pietatis

330 1035 425 1095 est,
447 1033 504 1082 et
533 1032 693 1081 tanto
725 1023 910 1080 minus
935 1023 1004 1080 ad
1033 1023 1174 1081 illud
1200 1025 1419 1080 animus
1440 1024 1712 1096 pervenit,
1730 1032 1937 1099 quanto

331 1115 499 1188 magis
530 1113 882 1181 intumescit,
913 1112 1043 1185 quia
1066 1130 1130 1169 eo
1156 1113 1276 1185 ipso
1309 1114 1456 1171 foras
1488 1114 1795 1189 repellitur,
1826 1130 1937 1189 quo

330 1205 588 1265 insanius
608 1207 624 1240 ί
648 1203 888 1260 aﬂlatur.
921 1203 1213 1276 Sequitur:

761 1292 993 1351 CAPUT
1022 1293 1151 1350 x111
1175 1291 1317 1367 [Rea
1349 1290 1507 1367 XII].

394 1387 579 1444 Vnus.
616 1384 705 1442 28.
736 1415 807 1426 —
843 1384 906 1441 Ut
927 1383 1205 1455 pervenire
1224 1382 1463 1454 facerent
1498 1382 1572 1440 ad
1598 1400 1715 1440 eum
1743 1384 1935 1442 clamo-

325 1493 434 1532 rem
460 1476 639 1549 egeni,
666 1481 715 1530 et
739 1474 953 1530 audiret
978 1490 1150 1529 vocem
1183 1490 1503 1546 pauperum.

391 1566 481 1623 31.
522 1565 752 1622 Clamor
773 1580 1070 1636 pauperum
1115 1563 1186 1619 ad
1214 1565 1383 1620 Deum
1407 1565 1621 1635 quando
1642 1564 1933 1637 perveniat.

326 1656 506 1713 Fictus
542 1662 618 1712 est
631 1661 826 1729 pastor
844 1656 937 1726 qui
956 1654 1333 1727 praedicatione
1350 1656 1598 1726 neglecta,
1614 1656 1758 1711 curis
1781 1672 1938 1711 siccu-

2044 482 2122 540 ait
2141 501 2155 541 :

2442 571 2671 631 CAPUT
2708 571 2842 630 XIV
2880 569 3028 646 [Rec.
3054 570 3246 647 XIII].

2116 661 2290 720 Vnus.
2323 661 2411 719 29.
2440 690 2511 703 —
2539 661 2662 733 Ipso
2690 661 2827 717 enim
2855 661 3155 717 concedente
3194 676 3396 733 pacem,
3426 663 3546 735 quis
3571 674 3650 724 est

2046 751 2139 823 qui
2156 752 2501 809 condemnet?
2529 768 2597 807 ea:
2617 768 2719 823 quo
2748 751 3078 809 absconderit
3094 751 3303 810 vultum
3320 769 3498 823 suum,
3526 759 3647 830 quis

2045 849 2122 900 est
2146 842 2241 914 qui
2268 844 2643 915 contempletur
2670 859 2786 899 eum
2810 845 2838 902 ?

2118 933 2205 990 32.
2244 933 2356 989 Cur
2383 949 2520 988 unus
2546 938 2758 988 vocetur
2792 938 2842 988 et
2870 933 3137 1003 trahatur,
3164 933 3304 990 alter
3328 934 3647 1007 repellatur,

2044 1039 2193 1078 nemo
2222 1023 2741 1080 discutiat.—-Nemo
2762 1039 2890 1095 ergo
2918 1024 3178 1082 discutiat
3205 1041 3323 1093 cur,
3349 1031 3528 1081 stante
3555 1025 3647 1082 Ju-

2045 1110 2204 1168 daico
2228 1112 2455 1185 populo,
2486 1110 2695 1167 dudum
2727 1111 2785 1168 in
2808 1112 3134 1170 inﬁdelitate
3154 1114 3430 1187 gentilitas
3445 1112 3644 1186 jacuit;

2044 1207 2099 1256 et
2127 1217 2246 1266 cur,
2282 1200 2351 1256 ad
2379 1200 2546 1256 ﬁnem
2576 1202 2884 1272 gentilitate
2921 1212 3197 1276 surgente,
3222 1203 3509 1277 judaicum
3537 1221 3649 1277 po-

2046 1290 2237 1363 pulum
2262 1291 2283 1325 ³
2310 1288 2660 1347 inﬁdelitatis
2679 1292 2840 1364 culpa
2854 1294 3177 1365 prostravit.
3198 1295 3370 1351 Nemo
3385 1293 3649 1352 discutiat

2046 1396 2145 1436 cur
2173 1379 2316 1436 alius
2344 1378 2598 1435 trahatur
2629 1395 2701 1435 ex
2730 1380 2898 1450 dono,
2929 1381 3073 1438 alius
3100 1384 3398 1455 repellatur
3422 1400 3491 1440 ex
3520 1400 3648 1441 me-

2045 1470 2177 1527 rito.
2204 1469 2262 1527 Si
2292 1470 2442 1526 enim
2474 1470 2837 1543 gentilitatem
2874 1471 3097 1529 miraris
3124 1482 3484 1547 assumptam,
3523 1476 3648 1546 Ipso

2046 1560 2347 1615 concedente
2369 1576 2573 1631 pacem,
2597 1560 2715 1631 quis
2733 1567 2808 1616 est
2834 1561 2928 1632 qui
2947 1562 3247 1619 condemnet
3266 1565 3294 1621 ?
3314 1562 3373 1619 Si
3399 1562 3647 1620 Iudaeam

2048 1649 2389 1723 obstupescis
2408 1650 2772 1723 perditam,ea:
2787 1669 2889 1724 quo
2902 1654 3233 1711 absconderit
3250 1655 3454 1710 vultum
3468 1670 3643 1723 suum,

328 1748 540 1804 laribus
559 1752 867 1819 occupatur.
892 1744 1248 1817 Confessionis
1262 1744 1769 1802 necessitas—Cum
1787 1745 1935 1802 enim
1969 1764 2017 1824 Β
2046 1740 2166 1810 quis
2196 1745 2269 1794 est
2288 1740 2381 1809 qui
2394 1742 2771 1812 contempletur
2792 1759 2908 1798 eum
2923 1744 2952 1799 Ῡ
2980 1744 3168 1818 Itaque
3186 1743 3481 1801 consilium
3499 1761 3646 1801 sum-

322 1836 413 1894 isti
456 1837 820 1911 superbiunt,
852 1837 1093 1893 clamant
1126 1835 1194 1892 ad
1231 1837 1407 1892 Deum
1441 1834 1500 1891 hi
1523 1836 1545 1871 ³
1574 1835 1671 1909 qui
1707 1835 1774 1891 ab
1804 1835 1938 1908 ipsis

324 1928 783 2001 superbientibus
798 1927 1204 2001 opprimuntur.
1231 1926 1331 1984 Vel
1349 1934 1494 1984 certe
1508 1925 1717 1983 idcirco
1733 1925 1939 1983 dicitur

323 2018 475 2090 quod
512 2018 583 2074 ad
617 2019 794 2075 Deum
826 2018 1084 2074 fecerunt
1114 2017 1414 2074 clamorem
1453 2032 1759 2090 pauperum
1790 2021 1936 2080 805

321 2118 637 2190 pervenire,
675 2118 809 2192 quia
854 2118 976 2175 istis
1026 2118 1370 2188 cadentibus,
1412 2118 1471 2175 in
1512 2134 1701 2175 eorum
1746 2118 1936 2174 locum

320 2222 611 2280 pauperes,
670 2207 731 2264 id
785 2213 869 2264 est
916 2206 1116 2280 spiritu
1156 2206 1395 2264 humiles
1424 2207 1814 2279 subrogantur.
1865 2206 1937 2262 Et

321 2297 455 2370 quia
493 2298 604 2355 hoc
632 2314 825 2354 eorum
856 2313 985 2354 casu
1024 2298 1230 2353 factum
1273 2304 1376 2366 est,
1414 2297 1520 2370 ipsi
1566 2297 1759 2354 fecisse
1784 2294 1936 2351 refe—

318 2394 546 2456 runtur,
576 2404 643 2444 eo
671 2385 943 2443 videlicet
974 2385 1276 2444 locutionis
1306 2403 1523 2459 genere,
1554 2403 1664 2461 quo
1691 2400 1936 2458 pugnare

316 2484 502 2533 castra
542 2476 810 2542 dicimus,
855 2474 985 2546 quia
1022 2481 1300 2545 pugnatur
1340 2491 1410 2529 ex
1462 2474 1597 2529 illis.
1659 2473 1762 2529 Vel
1792 2480 1936 2529 certe

319 2564 460 2637 quia
491 2571 699 2620 cuncta
718 2578 841 2633 quae
860 2561 1112 2633 superius
1139 2560 1286 2618 dicta
1311 2569 1442 2617 sunt
1470 2561 1659 2617 referri
1677 2562 1840 2617 etiam
1868 2561 1937 2618 ad

318 2659 580 2709 rectores
609 2647 1009 2706 ecclesiasticos
1054 2657 1305 2721 possunt,
1354 2651 1446 2723 qui
1504 2650 1694 2708 relicto
1726 2651 1935 2724 praedi-

315 2738 569 2798 cationis
596 2738 805 2807 studio,
828 2738 929 2794 sub
959 2739 1246 2795 occasione
1262 2739 1568 2812 regiminis,
1591 2741 1822 2798 terrenis
1840 2757 1932 2798 ne-

316 2828 485 2904 gotiis
536 2827 928 2896 involvuntur,
963 2835 1088 2900 apte
1123 2826 1507 2901 subjungitur:
1558 2832 1621 2889 Ut
1654 2832 1935 2903 pervenire

318 2920 559 2991 facerent
604 2917 680 2972 ad
716 2934 833 2972 eum
874 2918 1158 2973 clamorem
1204 2918 1367 2991 egeni,
1408 2924 1458 2974 et
1502 2920 1716 2976 audiret
1760 2937 1934 2977 vocem

315 3024 620 3081 pauperum
641 3024 663 3073 ;
692 3006 823 3079 quia
836 3006 1107 3062 nimirum
1128 3005 1262 3062 dum
1284 3006 1387 3080 ipsi
1412 3009 1560 3065 curis
1578 3010 1933 3067 saecularibus

319 3097 576 3171 occupati
625 3095 1040 3170 praedicationis
1080 3095 1326 3153 oﬂicium
1376 3096 1659 3168 deserunt,
1716 3116 1930 3174 gregem
1963 3129 2006 3190 ο

323 3186 619 3245 subditum
650 3185 709 3241 in
730 3186 1077 3258 querelarum
1096 3200 1451 3258 prorumpere
1466 3187 1761 3245 clamorem
1784 3206 1932 3246 com-

323 3278 564 3350 pellunt,
596 3284 659 3333 ut
685 3277 841 3350 quasi
859 3274 985 3347 jure
1013 3276 1394 3351 unusquisque
1423 3278 1704 3353 subjectus
1732 3282 1799 3338 de
1815 3282 1931 3338 vita

322 3367 432 3425 ﬁcti
454 3366 702 3442 pastoris
719 3366 1129 3436 immurmuret,
1148 3385 1246 3424 cur
1266 3370 1704 3442 teneatmagistri
1720 3373 1928 3442 locum,

322 3456 412 3529 qui
442 3472 575 3515 noni
593 3461 815 3512 exercet
852 3454 1117 3511 ofﬁcium.
1163 3455 1429 3524 Quamvis
1470 3456 1701 3514 fortasse
1730 3457 1929 3515 melius

322 3562 419 3620 per
442 3553 725 3603 tumorem
754 3544 1066 3618 potentium
1096 3544 1354 3618 superbia
1383 3545 1722 3616 Iudaeorum,
1752 3555 1807 3603 et
1833 3564 1930 3621 per

325 3635 629 3693 clamorem
667 3649 966 3707 pauperum
1007 3634 1282 3691 desideria
1312 3636 1557 3708 gentium
1597 3636 1927 3709 ﬁgurantur,

326 3723 494 3793 sicut,
537 3731 828 3781 attestante
869 3723 1141 3793 Veritate,
1164 3740 1261 3796 per
1288 3725 1600 3797 epulantem
1643 3727 1928 3799 splendide

326 3811 554 3870 divitem
580 3811 845 3871 Iudaicus
872 3813 1111 3886 populus
1139 3812 1490 3887 designatur;
1523 3815 1738 3888 copiam
1767 3815 1929 3871 scili-

325 3911 406 3960 cet
436 3904 574 3977 legis
619 3920 734 3960 non
760 3902 830 3960 ad
859 3903 1242 3961 necessitatem
1290 3904 1506 3973 salutis,
1538 3904 1634 3962 sed
1663 3904 1733 3962 ad
1759 3922 1928 3979 pom-

328 4010 444 4066 pam
472 3993 739 4051 elationis
765 4009 1071 4059 assumens,
1101 4002 1265 4068 atque
1292 3994 1353 4051 in
1380 4003 1776 4069 praeceptorum
1808 4014 1927 4053 ver-

325 4079 403 4139 bis
425 4099 542 4141 non
571 4083 934 4156 semetipsum
957 4081 1212 4140 ordinate
1241 4083 1515 4155 reﬁciens,
1538 4084 1633 4142 sed
1654 4084 1927 4158 jactanter

326 4172 618 4230 ostendens
640 4191 654 4239 ;
688 4180 743 4229 et
758 4187 855 4245 per
872 4173 1219 4230 vulneratum
1235 4174 1521 4245 Lazarum,
1543 4173 1639 4248 qui
1659 4175 1925 4249 interpre-

326 4267 462 4319 tatur
479 4261 732 4336 adjutus,
754 4261 932 4319 forma
947 4260 1137 4335 populi
1158 4263 1381 4335 gentilis
1394 4264 1748 4337 exprimitur,
1761 4282 1925 4341 quem

328 4350 575 4411 divinum
606 4352 946 4426 adjutorium
981 4360 1133 4410 tanto
1162 4353 1336 4426 magis
1363 4356 1545 4427 erigit,
1576 4364 1782 4429 quanto
1810 4357 1927 4413 mi-

328 4456 424 4499 nus
468 4443 538 4500 de
574 4459 800 4500 suarum
830 4442 1037 4499 virium
1066 4442 1330 4501 facultate
1359 4443 1610 4501 conﬁdit.
1642 4445 1748 4514 Qui
1780 4462 1926 4518 pau-

330 4544 415 4601 per
432 4539 484 4588 et
511 4532 715 4606 plenus
741 4530 1069 4589 vulneribus
1096 4547 1214 4589 esse
1244 4531 1595 4601 describitur,
1625 4533 1755 4607 quia
1784 4550 1925 4607 gen-

313 4619 490 4683 tilitas
535 4621 706 4680 corde
746 4620 980 4678 humilis
1022 4628 1372 4694 peccatorum
1427 4639 1658 4679 suorum
1707 4624 1923 4696 aperuit

329 4709 715 4769 confessiones.
747 4713 884 4769 Nam
914 4710 1061 4768 sicut
1088 4710 1147 4767 in
1176 4711 1406 4767 vulnere
1433 4710 1501 4767 ab
1539 4710 1774 4769 internis
1798 4719 1923 4769 tra-

331 4797 475 4857 hitur
501 4802 661 4858 virus
689 4801 749 4859 in
782 4810 929 4871 cute,
951 4800 1027 4856 ita
1058 4800 1117 4856 in
1146 4799 1491 4857 confessione
1529 4802 1759 4874 peccati,
1787 4801 1920 4860 dum

331 4886 384 4944 in
411 4890 697 4963 publicum
728 4899 936 4950 secreta
962 4889 1307 4965 panduntur,
1339 4890 1495 4964 quasi
1540 4890 1670 4946 mali
1710 4890 1923 4949 humo—

331 4992 410 5035 res
436 4996 466 5036 a
488 4981 801 5039 visceribus
828 4981 1041 5039 intimis
1070 4981 1215 5038 foras
1234 4988 1622 5055 prorumpunt.
1649 4981 1766 5038 Illis
1792 4998 1920 5055 ergo

333 5070 701 5141 peccantibus,
743 5088 1045 5145 pauperum
1088 5072 1296 5129 clamor
1336 5070 1582 5141 auditur,
1627 5072 1757 5145 quia
1788 5071 1919 5129 dum

332 5157 499 5217 Judaei
526 5170 721 5219 contra
746 5165 924 5220 Deum
953 5160 1298 5235 superbiant,
1328 5161 1398 5218 ad
1429 5163 1604 5218 Deum
1635 5170 1765 5219 vota
1791 5178 1916 5236 gen-

331 5245 507 5305 tilium
528 5258 915 5323 pervenerunt.
948 5249 1101 5308 Unde
1128 5257 1182 5306 et
1210 5267 1342 5307 mox
1370 5249 1487 5308 haec
1509 5250 1627 5324 ipsa
1649 5250 1918 5308 immensa

332 5350 392 5392 ac
418 5340 688 5410 profunda
708 5339 922 5415 judicia
948 5339 1390 5414 perhorrescens,
1421 5357 1536 5398 non
1564 5356 1628 5397 ea
1655 5348 1813 5399 curat
1833 5357 1916 5399 ra-

405 5587 422 5668 ξ
449 5585 679 5668 ξέοῃεξρ.
714 5596 768 5644 et
787 5585 1021 5668 _Pratel.,
1047 5584 1500 5668 aliique_lfiorm.,
1526 5589 1770 5661 inﬂa-tur.

401 5656 423 5732 ξ
450 5656 673 5732 ξηιῑὲιῖ,
703 5660 798 5731 qui
822 5657 953 5732 ipsis
977 5656 1410 5732 superbientibus.

400 5728 419 5761 ³
448 5728 731 5790 Pratel.et
758 5728 1017 5789 nonnulli
1036 5728 1258 5801 Norm.,
1291 5731 1346 5788 in
1375 5730 1706 5806 inﬁdelitatis
1732 5734 1911 5805 culpa.

2046 1845 2150 1885 mae
2179 1836 2235 1884 et
2264 1829 2492 1885 occultae
2512 1829 2737 1887 virtutis
2757 1832 3061 1890 satisfactio
3080 1833 3145 1889 ﬁt
3162 1841 3361 1907 apertae
3390 1833 3643 1892 rationis.

2048 1917 2203 1975 Unde
2247 1924 2302 1974 et
2341 1918 2399 1974 in
2441 1918 2743 1991 Evangelio
2783 1920 3077 1990 Dominus,
3111 1938 3239 1979 cum
3255 1922 3323 1978 de
3369 1922 3537 1995 hujus
3563 1924 3646 1981 rei

2045 2024 2208 2066 causa
2236 2008 2573 2081 loqueretur,
2603 2009 2718 2066 ait:
2769 2011 3035 2083 Conﬁteor
3079 2011 3194 2082 tibi,
3223 2013 3388 2069 Pater
3422 2013 3647 2070 Domine

2046 2100 2159 2156 οωιὶ
2174 2106 2221 2155 et
2250 2104 2425 2166 terras,
2442 2100 2571 2171 quia
2589 2101 2914 2158 abscondisti
2935 2103 3041 2159 htec
3060 2121 3095 2158 a
3110 2103 3432 2175 sapientibus
3452 2110 3501 2159 et
3512 2121 3644 2178 pru-

2046 2189 2308 2256 dentibus,
2330 2195 2377 2245 et
2392 2189 2636 2246 revelasti
2649 2207 2710 2245 ea
2719 2192 2989 2263 parvulis.
3008 2193 3115 2260 Ita,
3135 2192 3300 2249 Pater
3322 2192 3535 2264 (Matth.
3559 2211 3642 2261 ιι,

2044 2279 2136 2347 25,
2166 2278 2282 2350 26).
2302 2278 2483 2353 Atque
2500 2296 2631 2336 mox
2651 2286 2912 2354 tanquam
2932 2280 3203 2338 rationem
3228 2280 3522 2355 quamdam
3542 2281 3645 2338 ab-

2044 2367 2355 2425 sconsionis
2381 2384 2444 2425 ac
2464 2370 2818 2426 revelationis
2833 2369 3257 2443 adjungens,ait:
3285 2372 3425 2440 Quia
3438 2372 3512 2428 sic
3536 2372 3645 2443 fuit

2038 2458 2299 2531 placitum
2319 2464 2440 2514 ante
2461 2465 2523 2514 te.
2547 2458 2757 2527 Quibus
2776 2458 3044 2517 nimirum
3065 2460 3251 2518 verbis
3270 2463 3523 2535 exempla
3542 2461 3643 2519 hu-

2044 2546 2300 2604 militatis
2313 2547 2636 2620 accipimus,
2654 2564 2723 2604 ne
2743 2556 2948 2606 temere
2971 2548 3247 2607 discutere
3266 2565 3501 2623 superna
3513 2565 3641 2607 con-

2043 2637 2169 2694 silia
2197 2637 2263 2694 de
2290 2638 2527 2694 aliorum
2558 2639 3110 2711 vocatione,aliorum
3153 2656 3288 2698 vero
3328 2640 3642 2714 repulsione

2042 2744 2458 2801 praesumamus.
2507 2728 2646 2789 Cum
2676 2730 2825 2787 enim
2859 2730 3140 2788 intulisset
3179 2738 3498 2806 utrumque,
3528 2747 3641 2789 non

2041 2834 2179 2875 mox
2207 2818 2478 2875 rationem
2508 2818 2774 2888 reddidit,
2804 2820 2898 2877 sed
2925 2820 3007 2877 sic
3031 2822 3146 2877 Deo
3176 2820 3441 2893 placitum
3470 2820 3639 2890 dixit,

2042 2911 2186 2970 806
2214 2914 2320 2973 hoc
2336 2915 2596 2972 videlicet
2611 2915 2926 2985 ostendens,
2945 2915 3075 2989 quia
3099 2914 3368 2987 injustum
3384 2932 3500 2972 esse
3528 2931 3642 2972 non

2040 3011 2220 3077 potest
2247 3005 2395 3076 quod
2425 3005 2633 3076 placuit
2656 3005 2829 3076 justo.
2852 3004 3009 3061 Unde
3037 3012 3091 3060 et
3111 3004 3170 3059 in
3199 3003 3362 3059 vinea
3389 3003 3640 3061 laboran-

2039 3094 2191 3151 tibus
2234 3093 2541 3151 mercedem
2589 3093 2845 3165 reddens,
2873 3110 2999 3152 cum
3040 3093 3307 3168 quosdam
3356 3094 3639 3168 operarios

2040 3185 2342 3260 inaequales
2385 3185 2441 3241 in
2473 3200 2635 3258 opere
2664 3192 2904 3259 aequaret
2943 3183 3004 3241 in
3056 3183 3307 3257 praemio,
3336 3191 3392 3242 et
3425 3185 3550 3258 plus
3578 3185 3639 3242 in

2040 3277 2290 3334 mercede
2320 3283 2585 3349 quaereret
2600 3274 2695 3348 qui
2716 3274 2892 3331 labori
2921 3273 3159 3348 amplius
3186 3272 3518 3344 insndasset,
3536 3274 3635 3332 ait:

2039 3366 2224 3423 Nonne
2251 3383 2317 3422 ea:
2360 3364 2581 3422 denario
2619 3365 2903 3422 convenisti
2930 3366 3172 3422 mecum?
3232 3365 3358 3424 Volo
3386 3372 3562 3421 auum
3592 3371 3641 3421 et

2040 3456 2160 3510 huic
2187 3455 2471 3511 novissimo
2495 3455 2626 3511 dare
2652 3454 2791 3510 sicut
2816 3462 2864 3511 et
2881 3455 2997 3521 tibi;
3010 3471 3189 3511 annon
3211 3454 3327 3511 licet
3346 3454 3473 3510 mihi
3498 3446 3639 3526 quod

2039 3545 2157 3599 volo
2182 3541 2357 3614 facere
2388 3542 2601 3614 (Matth.
2618 3559 2718 3612 xx,
2746 3542 2984 3615 13-15)?
3002 3544 3064 3600 In
3084 3540 3302 3601 cunctis
3323 3543 3487 3616 ergo‘
3515 3559 3639 3617 quas

2038 3632 2283 3690 exterius
2297 3632 2691 3705 disponuntur,
2706 3638 2893 3704 aperta
2917 3648 3080 3690 causa
3098 3630 3331 3689 rationis
3350 3641 3433 3691 est
3457 3632 3635 3690 occul-

2040 3728 2108 3777 tae
2126 3721 2349 3794 justitia
2362 3720 2687 3777 voluntatis.
2718 3720 2948 3776 Dicatur
2967 3720 3152 3791 itaque
3176 3734 3189 3773 ε
3216 3719 3338 3789 Ipso
3353 3720 3492 3775 enim
3519 3735 3636 3774 con-

2035 3812 2238 3868 cedente
2273 3827 2479 3884 pacem,
2517 3810 2638 3881 quis
2674 3815 2750 3865 est
2776 3809 2871 3881 qui
2904 3808 3243 3863 condemnet?
3302 3824 3368 3863 ea:
3395 3825 3501 3879 quo
3531 3807 3637 3862 ab-

2037 3900 2301 3956 sconderit
2323 3899 2529 3954 vultum
2550 3913 2726 3963 suum,
2742 3897 2863 3969 quis
2877 3901 2953 3951 est
2974 3895 3068 3967 qui
3092 3895 3467 3967 contempletur
3488 3896 3636 3951 eum?

2039 3987 2182 4063 [νει.
2204 3989 2339 4046 XIX
2342 3986 2382 4063 .]
2400 3987 2471 4044 Εῑ
2486 3986 2616 4062 quia
2631 3984 2712 4044 sic
2737 3984 2971 4043 minima
2984 3983 3130 4042 sicut
3148 3982 3500 4054 maxima,sic
3521 3983 3631 4043 sin-

2038 4081 2167 4154 gula
2191 4082 2339 4138 Deus
2360 4078 2577 4153 judicat
2599 4078 2745 4137 sicut
2777 4084 2998 4147 cuncta,
3019 4083 3145 4150 apte
3172 4073 3557 4150 subjuugitnr:
3606 4124 3619 4129 -

2636 4167 2864 4227 CAPUT
2900 4167 3029 4225 XV.

2107 4264 2419 4321 Iam—Et
2445 4278 2606 4335 super
2627 4267 2850 4335 gentem,
2893 4266 2942 4319 et
2969 4278 3130 4336 super
3166 4275 3343 4318 omnes
3378 4260 3631 4318 homines.

2107 4350 2195 4408 33.
2226 4352 2370 4408 Deus
2406 4351 2642 4406 minimis
2663 4350 2910 4423 providet
2941 4357 3001 4406 ut
3026 4350 3311 4416 maximis;
3336 4356 3388 4408 et
3410 4350 3635 4422 singulis

2036 4447 2095 4497 ut
2122 4441 2404 4498 universis.
2427 4472 2498 4484 —
2512 4442 2595 4499 Ac
2620 4440 2666 4497 si
2686 4448 2873 4514 aperte
2900 4440 3296 4499 admoneamur
3323 4439 3631 4508 intendere,

2033 4530 2166 4605 quia
2194 4530 2301 4588 hoc
2312 4528 2613 4603 judicium,
2636 4529 2785 4603 quod
2814 4546 2978 4602 super
2992 4547 3163 4588 unam
3184 4537 3401 4604 gentem
3430 4527 3631 4587 descri-

2030 4621 2204 4691 bitur,
2235 4619 2401 4677 etiam
2432 4635 2595 4692 super
2623 4634 2814 4675 omnes
2843 4617 3098 4677 homines
3123 4618 3397 4678 invisibili
3425 4616 3632 4697 exami-

2029 4710 2255 4768 natione
2284 4708 2613 4778 celebratur,
2631 4715 2695 4765 ut
2721 4709 2864 4767 alius
2878 4708 3135 4783 eligatur,
3164 4710 3308 4766 alius
3335 4706 3632 4780 repellatur

2029 4803 2263 4872 occulte,
2295 4801 2391 4859 sed
2416 4801 2606 4859 nullus
2632 4800 2857 4875 injuste.
2881 4801 2999 4859 Hoc
3025 4818 3153 4874 ergo
3177 4798 3325 4873 quod
3352 4797 3411 4851 in
3440 4793 3630 4850 maxi-

2028 4892 2135 4950 mis
2162 4892 2284 4948 ﬁeri
2312 4891 2612 4962 cernimus,
2641 4891 2807 4949 etiam
2830 4891 2890 4947 in
2918 4889 3080 4947 nobis
3106 4886 3341 4961 singulis
3367 4889 3527 4942 caute
3543 4881 3629 4938 ti-

2029 4997 2294 5038 meamus.
2326 4981 2418 5039 Sic
2445 4981 2592 5038 enim
2624 4980 2993 5037 intenduntur
3012 4978 3204 5034 divina
3225 4972 3439 5054 judicia
3466 4986 3630 5044 super

2028 5085 2197 5127 unam
2225 5069 2491 5139 animam,
2522 5069 2669 5126 sicut
2697 5083 2862 5141 super
2886 5081 3057 5123 unam
3086 5063 3312 5127 urbem;
3352 5060 3434 5119 sic
3465 5074 3630 5133 super

2026 5174 2194 5215 unam
2222 5158 2440 5227 urbem,
2475 5158 2621 5216 sicut
2665 5171 2829 5229 super
2855 5168 3024 5220 unam
3056 5156 3310 5225 gentem;
3342 5150 3422 5208 sic
3465 5164 3629 5222 super

2026 5264 2193 5304 unam
2224 5255 2463 5321 gentem,
2484 5247 2628 5304 sicut
2647 5259 2810 5318 super
2826 5243 3142 5300 universam
3163 5240 3375 5315 generis
3393 5237 3623 5297 humani

2027 5335 2471 5402 multitudinem;
2506 5334 2636 5409 quia
2655 5340 2710 5391 et
2727 5332 2807 5391 sic
2825 5330 3066 5390 intendit
3084 5331 3354 5389 Dominus
3368 5328 3623 5404 singulis,

2097 5590 2118 5625 ὀ
2148 5586 2412 5716 νξὲἀοοη
2440 5585 2663 5645 Ebroic.
2695 5592 2750 5643 et
2767 5584 2863 5643 alii
2890 5585 3106 5655 Norm.,
3132 5598 3249 5656 qua:
3275 5580 3508 5641 exterius
3535 5596 3621 5638 ex-

2097 5676 2205 5716 nun
2264 5676 2316 5716 Υ.

2020 5676 2316 5733 ponuntur.
