4162 6184
524 248 630 311 343

1739 247 1989 308 SANCTI
2023 248 2360 310 GREGOBII
2395 251 2625 312 MAGNI

3727 273 3829 332 3H.

523 393 588 432 ac
609 375 663 471 ,εξ
685 378 842 429 vacet
868 385 902 426 ὃ
927 371 1266 471 φωᾳξεζεῐ
1283 373 1366 471 ἔδίο
1393 373 1560 471 Ῠίωυι
1583 374 2124 471 mundani-limbus,
2155 379 2206 440 Α
2233 377 2348 471 Sed
2369 379 2576 448 nullus,
2610 381 2706 454 qui
2737 381 2904 440 talem
2933 392 3211 463 rectorem
3243 391 3472 463 patitur,
3521 411 3644 454 eum
3677 415 3832 471 quem

523 479 587 519 ac
615 463 661 518 si
685 465 842 516 vacet
857 475 888 515 a
908 459 1164 532 singulis.
1189 463 1296 530 Qui
1317 464 1466 520 enim
1487 465 1674 521 omnia
1687 465 2129 526 administrando

525 547 740 618 implet,
775 544 1278 618 regitimplendo;
1311 564 1416 605 nec
1455 548 1734 606 universis
1779 548 1952 618 deest,
2000 567 2126 608 cum

523 636 777 710 disponit
822 651 996 693 unum
1047 653 1060 703 ;
1103 651 1206 692 nec
1247 636 1345 691 uni
1391 636 1563 706 deest,
1616 639 1633 672 ί
1692 653 1817 695 cum
1879 639 2127 714 disponit

523 727 844 806 universos,
867 734 1067 786 cuncta
1087 727 1305 784 scilicet
1331 734 1542 784 natura:
1570 744 1682 786 suae
1713 730 1958 802 potentia
1977 731 2127 804 quie-

525 825 617 875 tus
646 825 930 890 operatur.
965 817 1105 887 Quid
1130 833 1257 890 ergo
1288 817 1493 873 mirum
1525 817 1654 891 quia
1671 835 1783 876 non
1803 827 2128 892 angustatur

527 909 798 976 intentus,
823 908 918 981 qui
950 913 1209 980 operatur
1236 906 1456 980 quietus
1473 906 1502 964 ‘l
1530 909 1758 965 Dicatur
1785 909 1972 981 itaque
1998 909 2129 984 quia

527 998 635 1058 hoc
662 997 866 1058 subtile
887 995 1166 1069 judicium
1184 1003 1404 1053 exercet
1429 1004 1484 1053 et
1511 1013 1676 1070 super
1693 1006 1930 1072 gentem,
1953 1007 2006 1056 et
2026 1017 2130 1056 su-

527 1109 624 1166 per
651 1106 841 1148 omnes
861 1089 1132 1146 homines.
1170 1087 1314 1162 [Rea
1339 1089 1514 1163 XIV.)
1547 1088 1688 1156 Quia
1718 1089 1888 1165 igitur
1906 1091 1975 1148 de
1996 1107 2129 1164 spe-

493 1170 500 1181 ”
525 1183 610 1240 cie
632 1182 655 1216 ³
684 1178 943 1236 transivit
963 1177 1030 1233 ad
1060 1193 1251 1249 genus,
1275 1193 1426 1234 nunc
1454 1177 1523 1234 de
1551 1194 1746 1250 genere
1775 1195 1833 1236 se
1849 1181 2130 1238 'convertit

526 1272 595 1328 ad
625 1269 883 1342 speciem,
909 1273 966 1324 et
980 1265 1116 1340 quid
1131 1264 1322 1323 Iudaea
1340 1268 1561 1340 prOprie
1579 1271 2128 1338 mereatur,ostendit

526 1359 716 1418 dicens
740 1374 752 1414 :

955 1444 1184 1503 CAPUT
1213 1445 1344 1504 XVI
1375 1443 1514 1520 [νει.
1541 1446 1693 1523 XX].

600 1539 769 1598 Vnus.
803 1537 890 1595 30.
913 1567 984 1580 —
1007 1537 1111 1606 Qui
1133 1551 1354 1609 regnare
1372 1535 1506 1607 facit
1518 1537 1776 1594 hominem
1801 1537 2129 1611 hypocritam

522 1635 743 1702 propter
763 1635 978 1702 peccata
999 1627 1210 1700 populi.

2201 552 2214 565 κ
2238 467 2447 565 patitur
2465 479 2700 539 accuset,
2725 472 2855 545 quia
2873 473 3148 532 nimirum
3170 477 3257 534 sui
3270 479 3380 537 fuit
3399 485 3583 542 meriti
3601 467 3834 559 perversi

2238 555 2470 652 rectoris
2497 557 2780 630 subjacere
2808 562 3032 620 ditioni.
3057 563 3296 638 Culpam
3327 585 3456 642 ergo
3483 555 3691 648 proprii
3713 593 3838 634 ma-

2237 651 2352 733 gis,
2388 654 2606 703 accuset
2653 651 2836 722 operis
2864 666 3030 724 quam
3071 652 3408 726 injustitiam
3456 663 3836 733 gubernantis.

2237 731 2514 821 Scriptum
2533 751 2770 810 namque
2801 746 2918 796 est:
2952 741 3104 798 Dabo
3135 743 3228 800 tibi
3253 763 3398 820 reges
3424 731 3482 804 in
3508 749 3696 821 furore
3727 771 3835 810 meo

2243 820 2413 916 (Dsew
2437 840 2566 892 xm,
2593 827 2704 899 11).
2729 827 2876 896 Quid
2895 845 3022 902 ergo
3054 831 3180 888 illos
3208 834 3370 892 nobis
3400 820 3626 910 praeesse
3654 841 3836 916 despi-

2235 909 2432 980 cimus,
2465 928 2701 986 quorum
2722 933 2877 974 surer
2906 934 3007 975 nos
3026 921 3381 993 regiminaex
3395 909 3620 985 Domini
3649 909 3838 988 furore

2234 1003 2601 1076 suscipimus?
2618 1007 2676 1064 Si
2707 1008 2878 1081 igitur
2904 1005 3172 1068 irascente
3189 1013 3304 1069 Deo
3320 1016 3624 1076 secundum
3653 1027 3841 1078 nostra

2234 1095 2432 1152 merita
2464 1105 2702 1156 rectores
2729 1100 3053 1174 accipimus,
3087 1103 3146 1158 in
3173 1102 3400 1160 illorum
3430 1105 3647 1164 actione
3677 1110 3696 1144 ⁷
3729 1111 3836 1168 col-

2237 1183 2623 1262 ligimus,quid
2643 1207 2712 1248 ex
2733 1199 2922 1248 nostra
2934 1193 3299 1250 aestimatione
3319 1199 3809 1268 pensemus.Quam
3823 1231 3842 1244 ο

2237 1275 2322 1330 vis
2352 1277 2679 1352 plerumque
2707 1287 2764 1336 et
2776 1281 2939 1338 electi
2969 1281 3288 1355 subjaceant
3307 1284 3572 1358 reprobis.
3607 1287 3761 1344 Unde
3789 1296 3842 1344 et

2236 1365 2334 1422 diu
2379 1366 2560 1424 David
2608 1369 2828 1426 Saulem
2878 1371 3108 1442 pertulit
3140 1372 3198 1444 (Ι
3231 1374 3357 1444 Reg.
3389 1389 3553 1443 xvnr,
3588 1375 3716 1447 ii);
3747 1376 3840 1432 sed

2239 1453 2607 1528 subsequente
2646 1459 2810 1530 culpa
2837 1457 3099 1516 adulterii
3152 1461 3425 1534 proditur,
3457 1463 3588 1536 quia
3642 1461 3840 1538 dignus

2239 1552 2375 1604 tunc
2401 1546 2510 1602 fuit
2535 1547 2630 1620 qui
2660 1554 2816 1604 tanta
2852 1550 3130 1622 prmpositi
3157 1553 3448 1624 asperitate
3477 1561 3833 1627 premeretur.

2309 1635 2398 1692 35.
2436 1635 2510 1692 0b
2531 1637 2719 1692 delicta
2737 1637 2909 1710 gregis
2935 1639 3226 1710 aliquando
3247 1642 3410 1698 bonus
3423 1649 3610 1714 pastor
3621 1660 3838 1716 perver-

598 1719 684 1777 34.
721 1719 826 1788 Qui
854 1719 1010 1776 malis
1033 1717 1280 1790 praelatis
1303 1717 1592 1790 subjacent,
1623 1717 1680 1775 id
1701 1735 1810 1775 sua:
1837 1720 2006 1792 culpa:
2036 1717 2130 1774 tri-
2159 1745 2208 1806 Β
2243 1721 2394 1778 titur.
2411 1753 2484 1765 —
2501 1723 2594 1780 Sic
2635 1740 2763 1796 ergo
2792 1725 3094 1782 secundum
3127 1727 3322 1784 merita
3346 1728 3694 1788 subditorum
3725 1731 3838 1788 tri-

527 1811 705 1873 buant.
730 1810 960 1882 Propter
977 1814 1189 1880 peccata
1198 1809 1523 1880 populo-rum
1541 1815 1858 1882 regnaturus
1873 1815 1948 1864 est
1965 1808 2128 1864 Anti-

527 1900 773 1956 christus.
806 1930 878 1943 —
911 1899 1119 1956 Verum
1161 1913 1402 1971 namque
1445 1914 1624 1970 regem
1657 1915 1821 1972 super
1856 1915 1913 1955 se
1941 1898 2130 1956 Judaea

528 2008 756 2065 regnare
785 1990 988 2059 noluit,
1022 1998 1076 2048 et
1105 1989 1316 2047 idcirco
1335 1989 1684 2062 exigentibus
1712 1989 1924 2046 meritis
1954 1988 2126 2062 hypo-

529 2080 729 2137 critam
752 2080 985 2152 accepit,
1011 2079 1156 2136 sicut
1175 2078 1295 2151 ipsa
1313 2093 1530 2151 quoque
1556 2077 1776 2135 Veritas
1792 2077 1850 2134 in
1879 2079 2124 2150 Evange-

526 2171 605 2228 lio
633 2171 770 2228 dicit
792 2189 805 2228 :
839 2173 954 2243 Ego
985 2169 1102 2248 veni
1129 2170 1187 2226 in
1205 2169 1413 2226 nomine
1431 2168 1614 2226 Patris
1640 2169 1764 2237 mei,
1794 2175 1964 2224 etnon
1988 2186 2125 2225 acce-

524 2260 683 2334 pistis
711 2277 830 2327 me;
857 2260 905 2316 si
933 2260 1078 2316 alius
1103 2259 1305 2316 venerit
1332 2258 1390 2313 in
1414 2258 1622 2314 nomine
1649 2273 1767 2326 suo,
1796 2258 1949 2316 illum
1978 2258 2127 2314 acci-

523 2349 680 2422 pietis
705 2341 892 2419 (Icari.
917 2367 974 2418 v,
1005 2347 1122 2421 43).
1143 2348 1216 2404 Et
1234 2347 1378 2406 sicut
1405 2345 1606 2405 Paulus
1620 2348 1728 2404 ait:
1761 2349 1872 2404 Pro
1900 2365 1957 2403 eo
1985 2347 2125 2420 quod

525 2441 836 2498 charitatem
879 2441 1121 2497 veritatis
1151 2457 1258 2496 non
1285 2446 1609 2512 receperunt,
1658 2445 1720 2494 ut
1735 2440 1874 2496 salvi
1917 2440 2120 2512 ﬁerent,

525 2529 640 2586 ideo
667 2531 834 2586 mittet
863 2530 976 2586 illis
1022 2529 1162 2584 Deus
1190 2529 1543 2600 operationem
1571 2528 1796 2597 erroris,
1825 2533 1885 2584 ut
1909 2528 2128 2584 credant

527 2619 800 2674 mendacio
820 2620 915 2690 (ΙΙ
949 2619 1123 2676 Thess.
1142 2634 1206 2687 II,
1231 2617 1346 2690 10).
1379 2618 1442 2673 In
1470 2632 1535 2674 eo
1563 2633 1690 2690 ergo
1710 2617 1856 2690 quod
1882 2617 2118 2675 dicitur:

530 2696 636 2775 Qui
661 2723 882 2779 regnare
900 2706 1034 2778 facit
1059 2707 1316 2763 hominem
1337 2707 1663 2780 hypocritam
1676 2713 1898 2780 propter
1909 2715 2122 2779 peccata

521 2795 734 2869 populi,
779 2805 958 2871 potest
1002 2797 1183 2870 ipsum
1218 2797 1466 2854 omnium
1511 2795 1926 2870 hypocritarum
1957 2791 2123 2870 caput

524 2885 909 2960 Antichristus
941 2886 1240 2959 designari.
1267 2889 1288 2923 ³
1318 2886 1586 2945 Seductor
1619 2887 1820 2960 quippe
1851 2885 1946 2943 ille
1987 2893 2122 2944 tunc

523 2976 877 3034 sanctitatem
925 2977 1171 3048 simulat,
1203 2984 1266 3035 ut
1303 2977 1371 3034 ad
1401 2976 1750 3050 iniquitatem
1781 2973 1981 3032 trahat.
2015 2975 2122 3033 Sed

525 3074 749 3142 propter
776 3076 999 3140 peccata
1027 3069 1218 3141 populi
1234 3083 1460 3139 regnare
1489 3063 1848 3138 permittitur,
1880 3065 2012 3140 quia
2038 3066 2122 3122 ni-

525 3155 732 3229 mirum
764 3162 897 3212 tunc
927 3157 1032 3226 ipsi
1063 3155 1167 3210 sub
1187 3156 1341 3209 illius
1371 3154 1638 3224 regimine
1659 3151 2118 3224 praeordinantur,

526 3243 624 3316 qui
654 3241 774 3314 ejus
803 3241 1054 3298 dominio
1079 3241 1234 3314 digni
1251 3249 1378 3298 ante
1408 3241 1608 3298 saecula
1628 3241 2010 3314 praesciuntur,
2025 3243 2121 3317 qui

524 3330 764 3403 peccatis
781 3329 1242 3402 subsequentibus
1257 3329 1509 3402 exigunt,
1532 3336 1594 3386 ut
1612 3329 1714 3386 sub
1734 3330 1831 3388 illo
1848 3333 1870 3368 δ
1892 3331 2123 3404 judiciis

525 3419 988 3495 praecurrentibus
1030 3417 1414 3492 disponantur.
1448 3417 1605 3487 Quod
1633 3435 1760 3493 ergo
1789 3427 1922 3479 tunc
1949 3421 2124 3477 Anti-

523 3510 765 3567 christus
785 3526 950 3584 super
969 3510 1044 3566 im
1055 3509 1174 3582 pios
1191 3515 1519 3582 regnat,non
1541 3517 1624 3588 est
1642 3525 1710 3566 ex
1733 3511 1790 3565 in
1803 3509 2021 3584 justitia
2035 3497 2122 3583 ju;

525 3599 781 3672 dicantis,
811 3599 907 3657 sed
936 3616 1006 3656 ex
1021 3599 1182 3673 culpa
1204 3598 1464 3678 patientis
1487 3617 1501 3667 ;
1535 3599 1788 3673 quamvis
1805 3599 2050 3672 plerique
2069 3608 2124 3657 et

525 3686 898 3763 principatum
917 3687 1071 3744 illius
1104 3704 1216 3744 non
1245 3687 1526 3756 viderunt,
1546 3694 1600 3742 et
1619 3694 1805 3744 tamen
1835 3685 1955 3760 ejus
1971 3687 2121 3760 prin-

523 3777 731 3850 cipatui
763 3783 1110 3851 peccatorum
1153 3793 1378 3836 suorum
1419 3775 1738 3834 conditione
1776 3775 2118 3846 deserviunt,

523 3869 654 3942 quia
679 3877 734 3926 et
757 3886 918 3944 quem
948 3869 1325 3927 dominantem
1347 3866 1456 3924 sibi
1487 3867 1720 3924 minime
1748 3867 2120 3940 conspiciunt,

522 3973 647 4032 eum
678 3959 1047 4030 proculdubio
1077 3973 1333 4031 perverse
1361 3958 1446 4012 vix
1461 3957 1606 4012 endo
1634 3962 1986 4012 venerantur.
2011 3959 2123 4012 An-

521 4059 634 4100 non
665 4049 810 4107 807
839 4045 961 4116 ejus
991 4045 1240 4101 membra
1267 4051 1416 4111 sunt,
1453 4043 1547 4115 qui
1579 4059 1676 4114 per
1705 4043 1968 4101 aﬂ‘ectataa
1988 4061 2125 4101 san-

521 4141 730 4200 ctitatis
757 4133 994 4212 speciem
1013 4147 1280 4214 appetunt
1307 4141 1491 4196 videri
1523 4140 1673 4212 quod
1701 4156 1813 4198 non
1833 4143 2007 4200 sunt?
2025 4145 2124 4200 Ille

522 4227 1164 4303 namque‘principaliter
1189 4226 1534 4300 hypocrisim
1567 4228 1758 4298 sumit,
1781 4230 1876 4303 qui
1897 4247 2023 4288 cum
2051 4233 2125 4291 sit

521 4316 814 4390 damnatus
842 4315 1027 4383 homo,
1051 4317 1072 4352 δ
1103 4322 1158 4371 et
1191 4331 1428 4394 neguam
1459 4317 1708 4390 spiritus,
1728 4319 1902 4376 Deum
1923 4336 1980 4378 se
2008 4337 2124 4380 esse

523 4404 808 4464 mentitur.
859 4404 965 4462 Sed
1011 4402 1378 4478 proculdubio
1424 4421 1493 4462 ex
1541 4405 1660 4479 ejus
1706 4423 1856 4467 nunc
1891 4425 2119 4484 corpore

2239 1811 2490 1868 buuntur
2536 1829 2784 1886 persona;
2828 1815 3158 1888 regentium,
3186 1825 3250 1874 ut
3279 1834 3418 1891 saepe
3449 1817 3545 1892 qui
3577 1819 3840 1877 videntur

2235 1901 2389 1969 boni,
2413 1909 2634 1974 accepto
2655 1919 2786 1959 mox
2804 1904 3071 1976 regimine
3087 1923 3238 1978 perm
3247 1915 3498 1976 utentur;
3530 1907 3678 1966 sicut
3697 1909 3838 1968 Scri-

2235 1997 2396 2064 ptura
2423 2006 2576 2048 sacra
2619 1989 2688 2046 de
2716 1991 2908 2047 eodem
2956 1993 3118 2049 Saule
3152 1995 3365 2065 intulit,
3411 1999 3541 2071 quia
3587 2015 3685 2057 cor
3712 2014 3838 2056 cum

2234 2079 2500 2152 dignitate
2547 2079 2799 2136 mutavit.
2860 2079 3013 2137 Unde
3054 2082 3323 2156 scriptum
3371 2092 3485 2142 est:
3537 2087 3670 2146 Cum
3707 2103 3842 2142 esses

2229 2173 2494 2244 parvulus
2523 2171 2579 2227 in
2607 2171 2774 2228 oculis
2805 2171 2929 2238 tuis,
2960 2179 3120 2244 caput
3153 2179 3200 2229 te
3233 2176 3481 2232 constitui
3508 2177 3566 2232 in
3595 2177 3842 2234 tribubus

2235 2261 2410 2318 Israel
2441 2260 2499 2332 (Ι
2519 2261 2643 2332 Reg.
2675 2276 2772 2328 xv,
2810 2260 2921 2334 17).
2955 2260 3045 2318 Sic
3073 2256 3172 2334 pro
3201 2263 3564 2336 qualitatibus
3592 2263 3842 2322 subdito-

2235 2365 2361 2406 rum
2383 2349 2753 2422 disponuntur
2771 2357 2894 2406 acta
2907 2352 3241 2422 regentium,
3269 2359 3330 2408 ut
3357 2369 3500 2426 saepe
3522 2354 3544 2388 ⁸
3571 2371 3674 2426 pro
3694 2353 3841 2410 malo

2239 2439 2418 2512 gregis
2448 2437 2614 2494 etiam
2652 2454 2783 2494 vere
2810 2437 2944 2494 boni
2974 2438 3262 2514 delinquat
3291 2441 3406 2498 vita
3433 2443 3689 2514 pastoris.
3740 2443 3841 2498 Ille

2230 2527 2403 2596 enim,
2423 2529 2537 2584 Deo
2565 2532 2879 2595 attestante,
2906 2527 3184 2597 laudatus,
3209 2528 3302 2584 ille
3322 2547 3685 2602 supernorum
3720 2546 3840 2603 my-

2230 2617 2525 2673 steriorum
2557 2615 2814 2672 conscius
2833 2616 3013 2674 David
3033 2617 3321 2690 propheta,
3351 2625 3568 2676 tumore
3597 2620 3833 2694 repenti-

2229 2723 2314 2782 nae
2342 2704 2598 2762 elationis
2617 2705 2860 2774 inﬂatus,
2891 2708 3158 2779 populum
3188 2710 3528 2767 numerando
3565 2709 3835 2783 peccavit,

2229 2804 2283 2853 et
2313 2803 2496 2852 tamen
2515 2793 2817 2852 vindictam
2849 2797 3106 2870 populus,
3139 2798 3312 2855 David
3343 2807 3624 2871 peccante,
3644 2815 3831 2858 susce-

2229 2885 2310 2959 pit
2342 2885 2431 2958 (Il
2454 2887 2579 2956 Reg.
2611 2885 2892 2958 xxrv,i5).
2921 2885 3033 2943 Cur
3054 2885 3190 2943 hoc?
3217 2887 3345 2960 quia
3361 2887 3622 2945 videlicet
3641 2905 3832 2946 secun-

2229 2975 2361 3033 dum
2393 2977 2650 3032 meritum
2682 2975 2927 3048 plebium
2950 2976 3322 3048 disponuntur
3349 2978 3516 3035 corda
3531 2986 3831 3036 rectorum.

2228 3067 2416 3123 Justus
2454 3082 2586 3122 vero
2637 3065 2812 3138 judex
2879 3067 3158 3138 peccantis
3213 3065 3412 3122 vitium
3459 3083 3524 3123 ex
3585 3069 3833 3142 ipsorum

2229 3154 2704 3212 animadversione
2732 3153 3020 3226 corripuit,
3037 3170 3107 3210 ex
3124 3170 3358 3228 quorum
3377 3172 3539 3214 causa
3560 3159 3830 3230 peccavit.

2230 3243 2338 3301 Sed
2385 3244 2515 3318 quia
2561 3245 2678 3317 ipse
2707 3243 2915 3302 scilicet
2965 3261 3064 3300 sua
3093 3245 3380 3302 voluntate
3425 3247 3772 3320 superbiens,
3803 3263 3835 3304 a

2235 3334 2400 3406 culpa
2427 3334 2641 3390 alienus
2682 3350 2794 3390 non
2822 3333 2949 3404 fuit,
2977 3333 3283 3390 vindictam
3311 3337 3490 3409 culpae
3518 3337 3688 3394 etiam
3716 3337 3836 3410 ipse

2230 3423 2488 3496 suscepit.
2520 3423 2656 3479 Nam
2677 3421 2760 3480 ira
2779 3423 3031 3490 saeviens,
3053 3439 3175 3497 quas
3191 3425 3548 3498 corporaliter
3563 3427 3834 3499 populum

2233 3513 2488 3584 perculit,
2526 3519 2795 3569 rectorem
2825 3528 3045 3586 quoque
3076 3513 3262 3586 populi
3296 3514 3496 3572 intimo
3527 3515 3712 3572 cordis
3738 3516 3834 3572 do-

2233 3600 2349 3657 lore
2364 3600 2681 3673 prostravit.
2707 3599 2929 3658 Certum
2948 3617 3080 3657 vero
3097 3608 3182 3658 est
3197 3601 3343 3676 quod
3362 3603 3442 3660 ita
3465 3603 3580 3680 sibi.
3593 3603 3835 3662 invicem

2232 3697 2289 3744 et
2309 3697 2585 3748 rectorum
2608 3687 2804 3745 merita
2819 3697 3224 3747 connectantur
3240 3699 3296 3748 et
3323 3692 3587 3765 plebium,
3610 3700 3668 3750 et
3695 3707 3835 3766 saepe

2235 3795 2306 3834 ex
2335 3780 2500 3854 culpa
2527 3786 2807 3852 pastorum
2825 3777 3066 3836 deterior
3079 3779 3176 3836 ﬁat
3193 3779 3309 3836 vita
3327 3781 3594 3854 plebium,
3612 3789 3667 3838 et
3697 3795 3840 3853 sape

2230 3883 2300 3946 ex
2329 3869 2575 3942 plebium
2604 3869 2802 3924 merito
2833 3875 3078 3924 mutetur
3111 3868 3228 3925 vita
3258 3877 3568 3942 pastorum.

2304 3953 2445 4028 [Vet.
2477 3954 2657 4030 XXI.)
2697 3955 2786 4013 36.
2827 3958 3036 4014 Subditi
3057 3960 3312 4031 prcelalos
3357 3957 3528 4015 etiam
3543 3959 3718 4016 malos
3749 3963 3838 4016 to-

2235 4047 2418 4114 lerent,
2440 4045 2488 4100 si
2505 4047 2657 4102 salva
2667 4046 2770 4120 ﬁde
2778 4047 3005 4119 possint.
3025 4048 3312 4105 Humilitas
3331 4049 3460 4104 recti
3477 4050 3838 4122 magistra.—

2233 4133 2338 4190 Sed
2367 4133 2497 4208 quia
2512 4141 2750 4191 rectores
2772 4135 2978 4192 habent
3001 4134 3249 4210 judicem
3277 4153 3464 4206 suum,
3490 4152 3691 4209 magna
3711 4153 3837 4194 cau-
3871 4133 3880 4144 ’

2233 4222 2340 4278 tela
2366 4220 2716 4279 subditorum
2755 4231 2836 4280 est
2873 4241 2988 4282 non
3015 4231 3218 4282 temere
3245 4221 3419 4281 vitam
3443 4223 3696 4298 judicare
3739 4240 3838 4280 re-

2233 4311 2504 4384 gentium.
2547 4312 2734 4386 Neque
2780 4313 2929 4370 enim
2959 4314 3166 4373 frustra
3205 4330 3302 4388 per
3326 4314 3681 4388 semetipsum
3714 4315 3839 4372 Do-

2233 4401 2418 4457 minus
2447 4417 2521 4458 aes
2549 4401 3052 4460 nummulariorum
3084 4403 3249 4473 fudit,
3281 4411 3336 4460 et
3363 4402 3650 4462 cathedras
3688 4419 3839 4460 ven-

521 4495 812 4568 prodeunt,
845 4494 940 4568 qui
962 4463 1289 4568 iniquitates
1315 4511 1441 4553 suas
1460 4463 2116 4571 sub-tegmine'sacrirho:
2147 4463 2196 4524 Β
2231 4489 2482 4547 dentium
2507 4491 2792 4548 θοιαωδειε
2811 4491 3009 4548 evertit
3028 4463 3392 4564 (Matth-(XXI:
3414 4495 3538 4566 1⁴-ῗ);
3569 4493 3838 4550 nimirum

520 4583 673 4642 noris
712 4581 1074 4653 abscondunt,
1107 4591 1170 4640 ut
1215 4583 1566 4656 professione
1615 4587 1792 4644 videri
1841 4597 2118 4662 appetant,

520 4673 668 4749 quod
695 4688 810 4731 esse
853 4673 1110 4747 operibus
1150 4681 1424 4730 recusant.
1488 4674 1631 4743 Quia
1660 4676 1808 4733 enim
1857 4677 2123 4751 scriptum

519 4771 636 4826 est:
675 4763 858 4822 Omnis
901 4762 996 4836 qui
1045 4761 1179 4834 facit
1216 4769 1516 4834 peceatum,
1574 4780 1756 4820 servus
1803 4772 1876 4821 est
1905 4768 2124 4838 peccati,

521 4856 544 4890 ⁸
556 4861 763 4932 quanto
782 4869 931 4911 nunc
948 4851 1180 4912 liberius
1193 4860 1462 4926 peragunt
1485 4869 1747 4926 perversa
1765 4871 1887 4928 quae
1907 4856 2122 4927 volunt,

520 4951 674 5001 tanto
688 4942 806 5019 ejus
819 4943 1051 5002 servitio
1079 4939 1346 4999 obnixius
1362 4940 1994 5016 obligantur(Joan.vm,
2007 4945 2121 5021 34).

597 5199 862 5281 1‘_Pratel_._,
911 5216 1030 5256 cum
1075 5197 1310 5281 disponit
1356 5201 1680 5281 universum.
1739 5199 1803 5281 in
1847 5199 2036 5281 Baluz.
2073 5213 2128 5281 et

521 5267 680 5325 Colb.
717 5269 938 5342 legitur,
971 5287 1060 5325 nec
1079 5267 1324 5326 universo
1356 5270 1560 5332 deest...
1581 5287 1702 5327 cum
1729 5271 1968 5344 disponit
1999 5277 2131 5332 uni—

521 5355 637 5393 vers
642 5356 730 5394 um
738 5383 749 5394 .

593 5409 614 5484 ξ
643 5411 706 5484 in
729 5409 962 5484 Eurom,
996 5411 1258 5484 transitur
1294 5413 1367 5470 ad
1391 5429 1570 5484 genus.

593 5481 614 5516 ³
646 5481 708 5536 In
728 5479 958 5549 Turon.,
988 5481 1141 5538 deest
1167 5479 1428 5540 seductor.

593 5552 613 5587 ⁴
671 5549 880 5610 Baluz..
909 5551 1138 5610 indiciis.

591 5621 640 5710 ⁸-
1219 5626 1288 5694 ν,
1319 5632 1368 5708 et
1411 5641 1742 5708 nequaquam
1770 5629 2011 5710 spiritus.
2049 5631 2130 5710 Ita

536 5705 757 5770 quoque
787 5695 981 5764 Gilot.,
1012 5695 1109 5769 qui
1140 5703 1320 5754 tamen
1349 5697 1406 5754 in
1435 5695 1680 5770 margine
1699 5695 1808 5774 pro'
1827 5701 1978 5758 varia
1998 5701 2126 5759 lect.

2233 4579 2551 4654 signiﬁcans
2574 4580 2705 4654 quia
2733 4597 2830 4654 per
2857 4581 3148 4655 magistros
3176 4583 3400 4658 quidem
3431 4583 3604 4640 vitam
3618 4581 3841 4655 judicat

2235 4668 2502 4740 plebium,
2531 4668 2627 4726 sed
2665 4685 2762 4742 per
2789 4670 3143 4742 semetipsum
3173 4670 3316 4726 facta
3343 4669 3625 4726 examinat
3652 4669 3842 4744 magi-

2235 4764 2496 4814 strorum.
2528 4757 2796 4826 Quamvis
2814 4758 2981 4815 etiam
2998 4757 3346 4816 subditorum
3367 4757 3526 4826 vitia,
3545 4763 3692 4822 808
3718 4773 3838 4832 quas

2233 4869 2266 4910 a
2294 4854 2570 4927 magistris
2591 4853 2756 4912 modo
2781 4855 2870 4912 vel
2895 4855 3320 4913 dissimulantur
3336 4850 3604 4928 judicari,
3629 4855 3722 4914 vel
3747 4870 3838 4912 ne-

2233 4950 2464 5018 queunt,
2478 4941 2598 5017 ejus
2625 4944 2818 5018 procul
2839 4944 3010 5003 dubio
3019 4943 3236 5019 judicio
3262 4953 3638 5004 reservantur.
3661 4945 3839 5020 Igitur

2238 5203 2544 5288 annotavit,
2556 5210 2624 5288 Aet
2646 5221 2871 5288 nequam
2897 5204 3151 5288 Spiritus.
3185 5205 3276 5263 Sic
3317 5204 3522 5288 legitur"
3662 5203 3836 5288 quin:

2239 5277 2499 5406 pggaMss.
2530 5273 2755 5350 Anglic.
2787 5283 2842 5333 et
2870 5273 3095 5346 nostris,
3128 5293 3345 5335 necnon
3375 5273 3435 5334 in
3477 5276 3629 5334 Edit.
3662 5273 3832 5332 Basil.

2311 5421 2333 5454 ⁶
2363 5420 2656 5488 Gussanv.,
2675 5425 2874 5490 quanto
2887 5436 2994 5476 non
3021 5421 3259 5489 liberius,
3280 5417 3684 5478 reluctantibus
3705 5417 3833 5475 Mss.

2237 5498 2292 5546 et
2309 5490 2404 5574 pl;
2419 5491 2690 5574 Vulgatis:
2751 5562 2768 5574 ‘
2917 5565 2964 5574 ὀ
3172 5566 3185 5574 ⁸
3257 5563 3268 5574 _

2309 5563 2330 5642 ξ
2359 5561 2593 5642 iurem,
2624 5561 2884 5642 Vi_n_doc.,
2914 5565 3132 5642 Norm.,
3167 5563 3406 5642 legimus.
3769 5629 3779 5642 ο

2309 5633 2330 5667 ⁸
2359 5631 2620 5712 Yindoc.,
2672 5631 2918 5707 Ebroic.,
2969 5631 3177 5712 aliique
3213 5631 3451 5704 'Norm.,
3503 5651 3608 5709 pro
3645 5631 3832 5691 merito

2235 5703 2424 5778 gregis.
