4162 6184
314 308 418 369 345

1033 301 1407 371 MORALIUM
1444 312 1578 373 LIB.
1620 314 1805 375 XXV.
1851 348 1922 360 —-
1961 319 2035 380 IN
2079 320 2307 381 CAPUT
2343 323 2586 383 XXXIV
2624 326 2685 382 Β.
2727 328 2873 385 JOB.
2910 360 2915 369 ι

3513 336 3618 395 346

313 437 451 534 dum
476 437 623 534 salva
646 431 870 532 fide-res
898 432 1097 534 agitpr,
1130 433 1372 534 virtutis
1404 446 1486 495 est
1526 441 1804 534 meritum,
1834 443 1898 534 isi
1933 447 1983 507 Α
2013 447 2144 519 quia
2169 447 2485 520 judicantes
2507 448 2739 520 factum,
2770 458 2825 508 et
2854 463 3180 515 venerantes
3209 460 3618 534 magisterium,
3677 426 3681 433 ’

315 523 588 600 quidquid
612 520 813 594 prioris
847 529 930 577 est
956 522 1243 579 toleratur.
1275 525 1448 583 Debet
1479 535 1658 586 tamen
1688 529 1911 589 humili-

314 624 400 673 ter
412 613 641 687 suggeri,
660 612 707 668 si
729 610 958 667 fortasse
974 612 1154 669 valeat
1172 614 1319 687 quod
1336 616 1591 691 displicet
1606 622 1906 681 emendari.

311 704 415 763 Sed
440 702 747 760 curandum
766 718 1118 775 summopere
1133 711 1215 760 est
1245 722 1313 762 ne
1332 706 1392 762 in
1419 706 1735 780 superbiam
1761 717 1908 768 tran-

312 800 420 850 seat
440 792 675 865 justitiaa
715 791 1030 849 inordinata
1057 792 1324 851 defensio.
1374 812 1443 852 ne
1470 796 1604 854 dum
1636 801 1910 858 rectitude

313 883 524 939 incaute
553 880 830 953 diligitur,
864 881 983 953 ipsa
1007 882 1267 954 magistra
1304 886 1654 944 rectitudinis
1683 888 1909 947 humili-

311 981 386 1031 tas
416 976 433 1010 ¹
461 972 787 1038 amittatur;
813 986 884 1028 ne
916 987 1042 1027 eum
1071 972 1178 1029 sibi
1205 991 1432 1047 praeesse
1460 979 1691 1053 quisque
1717 980 1912 1054 despi-

310 1065 430 1131 ciat,
454 1080 622 1136 quem
638 1063 870 1119 fortasse
897 1062 1170 1135 contingit
1199 1071 1260 1119 ut
1284 1064 1342 1121 in
1363 1062 1546 1140 aliqua
1572 1071 1787 1128 actione
1811 1089 1909 1129 re-

311 1151 628 1229 prehendat.
651 1150 856 1208 Contra
879 1149 1030 1207 hunc
1051 1159 1323 1210 tumorem
1342 1156 1631 1229 superbiae,
1649 1158 1902 1217 subdito-

310 1262 424 1302 rum
465 1261 625 1301 mens
668 1243 736 1300 ad
779 1243 1088 1300 custodiam
1143 1244 1476 1305 humilitatis
1520 1248 1829 1321 edomatur,
1861 1253 1907 1309 si

309 1340 601 1397 inﬁrmitas
641 1338 864 1412 propria
889 1339 1227 1397 incessanter
1253 1343 1574 1402 attenditur.
1598 1347 1735 1404 Nam
1762 1350 1909 1406 vires

307 1438 514 1487 nostras
553 1429 826 1486 veraciter
856 1429 1172 1487 examinare
1203 1433 1565 1506 negligimus;
1595 1443 1648 1492 et
1677 1437 1807 1509 quia
1833 1438 1900 1495 de

305 1518 460 1577 nobis
474 1519 535 1575 f0
545 1518 719 1574 rtiora
734 1516 1033 1586 credimus,
1052 1518 1261 1579 idcirco
1276 1510 1375 1579 eos
1385 1523 1481 1596 qui
1509 1524 1672 1581 nobis
1698 1527 1909 1597 praelati

304 1617 425 1666 sunt
452 1609 714 1666 districte
735 1605 1068 1680 judicamus.
1092 1610 1213 1678 Quo
1229 1612 1378 1668 enim
1399 1613 1765 1686 nosmetipsos
1794 1616 1910 1672 mi-

304 1713 402 1756 nus
420 1699 800 1772 agnoscimus,
833 1712 898 1753 eo
928 1696 1053 1755 illos
1081 1716 1220 1775 quos
1249 1701 1648 1772 reprehendere
1675 1704 1910 1760 nitimur

303 1790 423 1863 plus
467 1789 749 1846 videmus.
792 1789 814 1823 ³
842 1789 1069 1861 Singula
1109 1788 1226 1846 haec
1264 1791 1407 1847 mala
1439 1801 1588 1861 sunt,
1620 1809 1741 1866 qua:
1766 1810 1909 1867 sape

302 1895 333 1934 a
360 1878 611 1936 subditis
645 1878 701 1936 in
731 1879 1005 1951 praelatos,
1037 1895 1179 1951 saepe
1207 1895 1238 1935 a
1286 1882 1524 1952 praelatis
1553 1882 1611 1938 in
1657 1882 1912 1942 subditos

302 1969 760 2037 committuntur,
780 1969 908 2042 quia
927 1975 982 2025 et
998 1984 1189 2025 omnes
1207 1968 1457 2028 subditos
1468 1971 1526 2028 hi
1551 1973 1646 2046 qui
1668 1980 1913 2045 praesunt

304 2060 492 2117 minus
524 2077 690 2134 quam
722 2061 825 2134 ipsi
857 2068 989 2117 sunt
1016 2062 1290 2134 sapientes
1318 2063 1679 2133 arbitrantur,
1700 2072 1755 2119 et
1776 2080 1912 2120 rur-

303 2166 426 2206 sum
453 2151 555 2224 qui
580 2149 817 2223 subjecti
844 2159 974 2208 sunt
997 2159 1274 2209 rectorum
1304 2168 1529 2209 suorum
1558 2155 1805 2212 actiones
1823 2152 1911 2227 ju-

304 2238 511 2309 dicant,
547 2248 602 2297 et
629 2240 675 2297 si
708 2241 857 2313 ipsos
877 2242 899 2275 ³
939 2242 1182 2313 regimen
1226 2242 1427 2300 habere
1457 2244 1821 2315 contingeret,
1854 2259 1912 2300 se

303 2332 548 2404 potuisse
579 2347 738 2403 agere
770 2331 969 2388 melius
991 2339 1206 2403 putant.
1238 2333 1391 2390 Unde
1415 2335 1739 2407 plerumque
1757 2334 1822 2389 ﬁt
1849 2343 1911 2391 ut

301 2428 354 2477 et
382 2429 630 2478 rectores
658 2421 845 2478 minus
874 2421 1171 2493 prudenter
1197 2438 1256 2478 ea
1287 2439 1408 2495 quae
1437 2423 1647 2495 agenda
1669 2431 1797 2479 sunt
1813 2423 1909 2480 vi-

299 2510 489 2580 deant,
515 2512 651 2584 quia
668 2526 859 2566 corum
876 2511 1066 2565 oculos
1093 2512 1212 2582 ipsa
1230 2512 1431 2567 nebula
1446 2512 1701 2568 elationis
1717 2512 1909 2571 obscu-

296 2607 405 2666 rat;
426 2608 488 2655 et
501 2612 908 2669 nonnunquam
931 2596 978 2651 is
993 2597 1087 2669 qui
1108 2597 1388 2669 subjectus
1405 2608 1486 2655 est
1506 2599 1613 2656 hoc
1626 2618 1749 2658 cum
1778 2619 1909 2675 prae-

297 2689 458 2745 latus
474 2686 852 2755 fueritfaciat,
888 2685 1039 2759 quod
1054 2686 1263 2743 dudum
1291 2688 1411 2745 ﬁeri
1428 2689 1704 2761 subjectus
1724 2708 1908 2765 argue-

288 2777 387 2834 bat
415 2795 430 2843 ;
468 2783 528 2831 et
560 2792 661 2847 pro
685 2791 751 2831 eo
780 2775 927 2848 quod
955 2776 1053 2830 illa
1081 2792 1201 2849 quae
1238 2775 1583 2848 judicaverat
1610 2789 1903 2854 perpetrat,

295 2866 493 2924 saltem
534 2864 667 2938 quia
685 2862 962 2935 judicavit
981 2864 1282 2922 erubescat.
1306 2867 1482 2939 Igitur
1495 2867 1639 2924 sicut
1667 2872 1907 2942 praelatis

296 2952 610 3011 curandum
636 2960 719 3008 est
739 2969 806 3008 ne
820 2969 1011 3009 eorum
1026 2952 1194 3010 corda
1212 2954 1576 3013 aestimatione
1602 2957 1904 3031 singularis

300 3046 589 3120 sapientiae
620 3045 774 3101 locus
788 3044 1039 3116 superior
1067 3046 1320 3114 extollat,
1338 3046 1415 3102 ita
1442 3045 1705 3118 subjectis
1721 3049 1903 3119 provi-

300 3134 540 3193 dendum
577 3141 659 3190 est
686 3149 755 3190 ne
784 3133 888 3189 sibi
930 3141 1203 3192 rectorum
1237 3135 1381 3192 facta
1412 3135 1757 3208 displiceant.

366 3224 507 3301 [νει.
536 3225 708 3282 XXII
711 3223 751 3298 .]
771 3224 859 3281 37.
878 3225 1126 3281 Pastores
1142 3224 1278 3282 mali
1300 3226 1620 3294 honorandi,
1651 3244 1759 3282 non
1794 3226 1906 3282 imi-

306 3314 611 3373 tandi.—Si
642 3322 826 3371 autem
855 3315 1243 3385 magistrorum
1275 3315 1389 3372 vita
1398 3314 1524 3388 jure
1552 3316 1910 3389 reprehendi-

304 3414 409 3476 tur,
427 3413 652 3481 oportet
672 3413 734 3462 ut
752 3422 846 3462 eos
862 3405 1092 3475 subditi,
1116 3407 1282 3465 etiam
1303 3424 1428 3464 cum
1449 3407 1794 3480 displicent,‘
1816 3424 1907 3464 ve-

304 3506 589 3555 nerentur.
611 3494 757 3570 [Rea
779 3493 926 3570 XV.]
955 3494 1062 3553 Sed
1083 3494 1189 3554 hoc
1208 3503 1290 3553 est
1305 3496 1534 3554 solerter
1555 3496 1907 3565 intuendum,

303 3601 369 3663 ne
398 3593 496 3642 aut
552 3600 712 3658 quem
744 3583 998 3641 venerari
1028 3600 1255 3643 necesse
1283 3592 1385 3654 est,
1420 3586 1626 3643 imitari
1665 3593 1909 3659 appetas,

304 3683 400 3732 aut
430 3689 601 3748 quem
624 3675 829 3738 imitari
858 3674 1116 3747 despicis,
1133 3675 1387 3732 venerari
1414 3684 1752 3733 contemnas.
1773 3676 1909 3733 Sub-

304 3764 422 3821 tilis
444 3763 654 3820 etenim
672 3762 760 3819 via
787 3763 1029 3820 tenenda
1056 3770 1138 3820 est
1167 3762 1520 3820 rectitudinis
1547 3771 1602 3820 et
1629 3764 1909 3821 humilita-

305 3855 391 3923 tis,
423 3862 484 3912 ut
515 3853 601 3911 sic
629 3852 1113 3926 reprehensibilia
1143 3852 1532 3924 magistrorum
1561 3853 1705 3910 facta
1728 3852 1911 3926 dispi-

313 3952 454 4014 eant,
486 3950 767 4019 quatenus
797 3942 1146 4001 subditorum
1190 3959 1347 3999 mens
1375 3958 1406 3998 a
1426 3943 1693 4000 servanda
1721 3944 1915 4017 magis-

309 4034 431 4091 terii
459 4032 785 4090 reverentia
812 4047 925 4088 non
953 4031 1188 4089 recedat.
1230 4032 1388 4100 Quod
1414 4032 1552 4090 bene
1580 4033 1638 4089 in
1662 4033 1777 4090 Noe
1804 4032 1911 4091 de-

307 4122 478 4180 briato
506 4122 869 4195 exprimitur,
896 4120 1056 4193 cujus
1075 4121 1280 4180 nudata
1302 4124 1322 4158 ⁵
1354 4122 1750 4180 verecundiora
1774 4122 1910 4180 boni

311 4210 405 4269 ﬁlii
429 4211 611 4269 aversi
624 4209 907 4268 veniendo
938 4218 1193 4268 texerunt
1224 4211 1432 4285 (Genes.
1463 4229 1543 4282 Ix,
1576 4212 1692 4285 23).
1723 4214 1910 4270 Aver-

310 4301 411 4379 sari
441 4302 651 4377 quippe
683 4300 927 4359 dicimur
954 4302 1101 4374 quod
1118 4301 1650 4375 reprobamus.Quid
1673 4311 1755 4360 est
1781 4319 1910 4375 ergo

313 4392 451 4465 quod
475 4391 585 4450 ﬁlii
616 4391 929 4449 verecunda
956 4391 1128 4464 patris
1165 4390 1473 4464 superjecto
1515 4391 1693 4448 dorsis
1742 4392 1911 4465 pallio

313 4483 483 4540 aversi
516 4481 803 4539 venientes
831 4481 1108 4554 operiunt,
1148 4480 1257 4538 nisi
1307 4480 1454 4553 quod
1482 4479 1644 4538 bonis
1672 4480 1911 4538 subditis

314 4570 389 4628 sic
415 4570 835 4645 praepositorum
865 4586 1090 4628 suorum
1120 4569 1265 4625 mala
1292 4568 1607 4642 displicent,
1638 4576 1700 4626 ut
1725 4576 1910 4626 tamen

315 4658 424 4718 haec
441 4662 511 4720 ab
527 4661 655 4719 aliis
667 4659 982 4719 occultent?
998 4656 1415 4732 Operimentum
1432 4658 1608 4715 aversi
1629 4658 1905 4728 deferunt,

386 4833 687 4914 {bongipp
718 4831 1061 4914 immutetur._
1106 4831 1317 4914 Baluz‘.,
1362 4836 1654 4914 corrupte,
1677 4836 1902 4914 ametur.

385 4903 408 4977 il
434 4902 683 4977 Vulgati,
714 4902 1011 4977 communia
1041 4902 1321 4977 hwg‘mata
1347 4908 1487 4977 sun_t.
1526 4902 1780 4977 Nostram
1818 4902 1909 4977 le-

211 5023 225 5045 ,
315 4973 576 5032 ctionem'
612 4975 900 5032 continent
948 4974 1076 5031 Mss.
1126 4973 1386 5043 Vindoc.,
1423 4974 1653 5043 Turon.,
1683 4973 1905 5031 Ebroic.

317 5045 519 5120 aliique
544 5048 738 5120 Norm.
767 5045 836 5120 ad
851 5061 1013 5119 quam
1028 5045 1796 5120 praeferendampotissimum
1809 5061 1911 5103 nos

318 5116 573 5192 impellit,
595 5117 745 5192 quod
773 5116 886 5192 viri
913 5116 1229 5192 communia,
1263 5117 1319 5192 si
1356 5116 1509 5192 prius
1537 5117 1678 5192 lecta
1718 5116 1914 5192 fuisset

318 5185 434 5247 haec
465 5185 630 5257 voi,‘
651 5188 859 5247 mutari
888 5188 1155 5261 potuisset
1184 5185 1241 5246 in
1272 5185 1482 5261 singula
1513 5206 1527 5255 ;
1581 5189 1732 5261 prior
1760 5188 1909 5261 enim

319 5261 493 5341 aptior
521 5260 743 5341 videtur
765 5259 1314 5341 posterioreSciolus
1333 5259 1518 5341 itaque
1533 5259 1643 5341 non
1675 5259 1914 5341 probans

317 5330 522 5413 singula
543 5333 649 5413 ζιωο
665 5330 813 5413 mala
829 5338 953 5413 sunt
983 5333 1239 5413 (fortasse
1251 5331 1406 5413 quod
1423 5330 1535 5413 hpn
1556 5330 1909 5413 intelligeret)

317 5401 665 5461 scribendum
687 5404 904 5477 putavit
926 5420 951 5458 c
966 5401 1235 5459 ommuuia
1247 5401 1352 5458 hac
1370 5404 1513 5459 mata
1531 5408 1674 5457 sunt.
1694 5401 1915 5527 Olptima

320 5480 502 5529 tamen
529 5483 610 5529 est
636 5475 790 5529 prior
834 5475 1017 5529 lectio.
1065 5489 1173 5529 uua
1199 5473 1539 5529 simiﬁcatur
1568 5472 1727 5529 sineu
1752 5488 1912 5529 orum

320 5480 502 5550 tamen
529 5483 610 5550 est
636 5472 790 5550 prior
834 5475 1017 5550 lectio,
1059 5489 1173 5550 qua
1199 5472 1727 5550 signiﬁcatursmgu

320 5560 434 5621 esse
444 5546 585 5621 vitia
604 5543 723 5621 quae
744 5545 1040 5619 Gregorius
1055 5543 1372 5621 insectatur.
1392 5543 1735 5621 ln_Baluz.'et
1751 5543 1907 5603 Colb.

322 5616 685 5675 nihilominus
703 5616 881 5675 exstat
908 5616 1205 5673 communia
1233 5616 1338 5671 haec
1363 5618 1509 5672 mala
1536 5623 1677 5674 sunt.

391 5690 413 5760 δῖ
444 5689 703 5758 Vindoc.,
732 5688 955 5747 Ebroic.
986 5696 1041 5745 et
1069 5687 1166 5744 alii
1203 5686 1413 5756 Norm.,
1448 5688 1677 5760 regimen
1719 5695 1906 5753 tenere.

324 5757 505 5818 Baluz.
540 5768 595 5820 et
622 5757 803 5831 (ἰωὴ,
832 5760 1102 5835 regiminis
1132 5776 1315 5817 curam
1341 5757 1535 5833 gerere.

1944 4528 1992 4587 D

2020 536 2219 592 nolunt
2254 537 2441 595 videre
2471 539 2617 611 quod
2647 548 2860 613 tegunt.

2095 626 2239 700 [Rea
2273 631 2327 686 X
2336 628 2452 705 VL]
2480 631 2821 689 38.Pastores
2839 635 3214 705 temporalibus
3231 646 3472 695 vacantes
3497 658 3616 698 con-

2022 720 2259 784 temnere,
2286 725 2362 773 est
2389 720 2556 775 Deum
2569 738 2839 778 accusare.
2871 724 3108 780 Potestas
3136 726 3405 797 regiminis
3436 730 3621 786 minis-

2022 806 2162 861 trari
2174 823 2279 861 non
2303 813 2472 879 potest
2498 808 2609 864 sine
2643 811 2820 866 studio
2853 829 2994 869 cura:
3023 816 3347 886 temporalis.
3378 846 3449 858 —
3477 817 3621 875 Sunt

2021 911 2152 952 vero
2180 897 2436 952 nonnulli
2466 897 2561 971 qui
2583 897 2628 954 si
2645 915 2838 972 parum
2871 902 3004 974 quid
3023 902 3090 959 de
3116 901 3352 975 spiritali
3373 921 3620 962 conver-

2019 987 2231 1043 satione
2260 986 2546 1057 incboant,
2572 1007 2700 1046 cum
2723 999 2961 1049 rectores
2972 1010 3100 1051 suos
3115 996 3438 1067 temporalia
3456 1012 3616 1069 agere

2019 1082 2072 1131 et
2100 1082 2318 1132 terrena
2341 1078 2711 1148 considerant,
2736 1098 2867 1138 mox
2887 1082 3141 1140 ordinem
3168 1102 3417 1158 supernae
3432 1086 3618 1160 dispo-

2017 1162 2235 1219 sitionis
2254 1168 2684 1240 accusant,quod
2706 1186 3049 1245 nequaquam
3070 1173 3207 1231 bene
3223 1175 3292 1232 ad
3317 1177 3616 1249 regendum

2018 1252 2227 1324 praelati
2255 1253 2386 1321 sint,
2410 1270 2505 1325 per
2526 1272 2662 1328 quos
2684 1260 2705 1294 θ
2726 1275 2828 1315 con
2838 1262 3163 1320 versationis
3196 1264 3399 1321 inﬁmae
3420 1282 3618 1324 exem-

2018 1342 2107 1413 pla
2137 1349 2535 1399 monstrantur.
2569 1344 2675 1401 Sed
2696 1345 2756 1402 hi
2784 1349 3051 1406 nimirum
3072 1353 3204 1408 dum
3232 1362 3535 1426 temperare
3561 1374 3618 1413 se

2018 1447 2049 1486 a
2083 1439 2359 1487 rectorum
2397 1449 2623 1489 suorum
2654 1439 2800 1500 809
2846 1439 3268 1510 reprehensione
3311 1444 3617 1516 negligunt,

2017 1530 2191 1603 culpae
2222 1547 2332 1587 suae
2369 1530 2718 1603 exigentibus
2739 1535 2972 1605 meritis,
3007 1554 3181 1612 usque
3218 1539 3286 1596 ad
3314 1541 3621 1613 reprehen-

2019 1620 2235 1677 sionem
2267 1620 2573 1678 conditoris
2588 1624 2607 1656 ⁷
2628 1623 2932 1681 excedunt:
2958 1626 3118 1700 cujus
3136 1628 3379 1700 profecto
3399 1630 3619 1703 dispen-

2017 1711 2159 1767 satio
2188 1709 2318 1765 inde
2343 1710 2411 1766 ab
2441 1709 2748 1769 humilibus
2779 1715 2980 1773 rectior
3006 1717 3343 1790 agnoscitur,
3375 1720 3523 1777 unde
3551 1721 3619 1778 ab

1940 1822 1987 1882 Β
2018 1798 2176 1855 elatis
2194 1799 2214 1833 ⁸
2244 1814 2354 1854 non
2373 1806 2520 1855 recta
2532 1800 2834 1872 judicatur.
2870 1806 3009 1872 Quia
3038 1809 3186 1864 enim
3207 1816 3442 1880 potestas
3462 1810 3619 1883 regi-

2025 1886 2193 1942 minis
2219 1886 2521 1943 ministrari
2545 1904 2653 1945 non
2677 1898 2854 1962 potest
2881 1892 3000 1950 sine
3029 1894 3214 1951 studio
3242 1913 3387 1951 curae
3414 1904 3621 1970 tempo-

2023 1975 2173 2042 ralis,
2205 1975 2503 2048 aliquando
2520 1978 2870 2051 omnipotens
2888 1982 3034 2038 Deus
3050 1983 3190 2041 mira
3208 1986 3617 2057 dispensatione

2022 2062 2263 2135 pietatis,
2284 2071 2347 2119 ut
2373 2071 2572 2121 tenerae
2588 2066 2921 2138 spiritalium
2954 2080 3166 2129 mentes
3196 2089 3227 2129 a
3247 2082 3464 2133 terrena
3486 2095 3620 2136 cura

2023 2151 2312 2224 disjunctze
2340 2152 2472 2223 sint,
2511 2171 2650 2211 onus
2684 2158 2970 2229 regiminis
3017 2160 3172 2219 duris
3221 2180 3285 2221 ac
3332 2165 3620 2226 laboriosis

2022 2242 2281 2299 cordibus
2310 2242 2572 2317 injnngit,
2603 2253 2666 2301 ut
2692 2253 2848 2303 tanto
2879 2248 2988 2305 illae
3014 2249 3082 2307 ab
3112 2251 3219 2309 hoc
3242 2254 3450 2312 mundo
3468 2272 3620 2314 secu-

2022 2331 2139 2388 rius
2168 2332 2388 2400 lateant,
2420 2340 2628 2406 quanto
2660 2334 2779 2392 haec
2805 2337 2862 2393 in
2892 2343 3123 2397 terrenis
3151 2341 3621 2403 sollicitudinibus

2021 2420 2257 2476 libenter
2283 2420 2585 2477 elaborant.
2634 2424 2696 2479 In
2745 2424 3092 2484 exhibitione
3135 2429 3336 2503 quippe
3378 2435 3620 2507 suscepti

2021 2508 2206 2567 oneris
2235 2525 2334 2581 pro
2353 2508 2489 2582 ipsis
2507 2527 2724 2584 quoque
2751 2513 3091 2573 utilitatibus
3111 2518 3463 2578 subditorum
3480 2523 3501 2557 θ
3523 2521 3622 2579 du-

2019 2616 2093 2656 rae
2120 2599 2224 2655 via:
2253 2608 2383 2656 sunt
2415 2601 2707 2658 mundanas
2735 2605 3039 2663 servitutis.

2091 2689 2178 2748 39.
2211 2692 2473 2758 Quantum
2498 2692 2771 2748 debeamus
2789 2694 2857 2749 iis
2882 2696 2976 2766 qui
3002 2715 3038 2752 a
3058 2700 3427 2770 temporalium
3464 2718 3617 2770 cura,

2017 2779 2151 2851 ipsis
2178 2781 2437 2848 vacando,
2458 2797 2553 2836 nos
2582 2782 2983 2841 liberant—Et
3008 2803 3169 2859 saepe,
3194 2795 3257 2844 ut
3283 2788 3495 2846 dictum
3513 2799 3615 2860 est,

2018 2867 2331 2925 misericors
2358 2870 2504 2925 Deus
2529 2886 2639 2942 quo
2662 2889 2791 2929 suos
2810 2880 2995 2930 tenere
3019 2875 3223 2948 diligit,
3253 2893 3319 2932 eo
3345 2877 3471 2934 illos
3498 2879 3621 2934 sol-

2018 2958 2169 3015 licite
2198 2958 2267 3014 ab
2295 2959 2539 3015 externis
2561 2961 2873 3020 actionibus
2901 2964 3208 3021 abscondit.
3239 2966 3377 3022 Nam
3412 2976 3465 3024 et
3494 2968 3620 3039 ple—

2016 3062 2250 3119 rumque
2278 3047 2672 3120 paterfamilias
2695 3042 2764 3098 ad
2793 3063 2917 3106 eum
2944 3051 3183 3109 laborem
3200 3069 3386 3109 servos
3402 3053 3616 3128 dirigit,

2015 3150 2047 3190 a
2077 3135 2122 3170 ¹⁰
2142 3151 2251 3209 quo
2280 3136 2511 3194 subtiles
2539 3136 2684 3194 ﬁlios
2725 3140 3045 3214 suspendit;
3081 3151 3136 3199 et
3178 3143 3306 3200 inde
3354 3143 3455 3200 ﬁlii
3501 3144 3619 3202 sine

2021 3226 2313 3282 vexatione
2341 3226 2528 3285 decori
2553 3237 2700 3299 sunt,
2728 3230 2875 3287 unde
2889 3230 3033 3287 servi
3061 3232 3120 3289 in
3147 3233 3372 3306 pulvere
3402 3234 3621 3291 faedan-

2022 3319 2131 3370 tur.
2164 3315 2323 3383 Quod
2353 3334 2515 3391 quam
2554 3327 2701 3376 recte
2730 3320 2789 3377 in
2835 3322 3084 3379 Ecclesia
3112 3321 3383 3381 divinitus
3412 3325 3614 3397 agitur,

2023 3403 2141 3477 ipsa
2167 3406 2506 3465 tabernaculi
2533 3410 2945 3469 constructione
2980 3411 3246 3485 signatur.
3279 3412 3366 3469 Ad
3390 3414 3618 3484 Moysen

2024 3498 2225 3565 quippe
2261 3495 2452 3553 divina
2483 3514 2616 3556 voce
2648 3500 2965 3572 praecipitur
2990 3508 3053 3557 ut
3096 3501 3165 3558 ad
3211 3501 3443 3573 tegenda
3466 3499 3619 3555 inte-

2023 3583 2141 3639 rius
2168 3591 2358 3642 sancta
2393 3595 2708 3645 sanctorum
2747 3604 2817 3644 ex
2856 3590 3043 3662 bysso,
3074 3606 3239 3647 cocco
3275 3597 3438 3663 atque
3469 3589 3619 3661 hya-

2021 3672 2216 3731 cintho
2246 3676 2368 3732 vela
2394 3683 2672 3747 texantur,
2699 3677 3024 3752 jussumque
3052 3686 3135 3735 est
3149 3686 3211 3734 ut
3236 3678 3304 3734 ad
3334 3686 3619 3751 protegen-

2024 3761 2155 3818 dum
2182 3764 2619 3834 tabernaculum,
2649 3767 2772 3822 vela
2800 3765 3025 3824 cilicina
3053 3775 3108 3822 et
3149 3766 3319 3838 pelles
3344 3765 3619 3822 extende-

2023 3857 2125 3919 ret,
2153 3868 2276 3925 quai
2302 3852 2569 3909 nimirum
2591 3854 2678 3908 vel
2698 3854 2936 3925 pluvias,
2953 3856 3041 3910 vel
3070 3860 3284 3918 ventos,
3314 3852 3404 3907 vel
3430 3852 3617 3924 pulve-

2026 3956 2136 3998 rem
2168 3942 2467 3998 tolerarent
2500 3943 2703 4014 (Exod.
2736 3959 2894 4010 xxvr,
2924 3943 3001 4015 1).
3021 3940 3166 4010 Quid
3186 3954 3312 4013 ergo
3328 3956 3423 4013 per
3449 3940 3620 4013 pelles

2021 4037 2076 4087 et
2100 4030 2305 4099 cilicia,
2336 4030 2540 4105 quibus
2567 4031 2983 4089 tabernaculum
3010 4031 3232 4104 tegitur,
3266 4030 3376 4088 nisi
3406 4016 3619 4103 grossae

2022 4120 2313 4179 hominum
2345 4130 2556 4181 mentes
2583 4123 2905 4197 accipimus,
2941 4140 3063 4198 quae
3092 4121 3388 4196 aliquando
3409 4122 3470 4179 in
3497 4122 3618 4178 Ec-

2020 4211 2187 4268 clesia
2212 4213 2431 4270 occulto
2457 4213 2556 4270 Dei
2580 4212 2816 4286 judicio,
2850 4213 3105 4287 quamvis
3131 4211 3283 4269 durae
3311 4212 3443 4279 sint,
3471 4228 3619 4285 prte-

2023 4300 2276 4359 feruntur
2299 4302 2328 4360 7
2357 4303 2489 4370 Quae
2517 4303 2647 4377 quia
2674 4303 2880 4359 servire
2907 4302 3057 4360 curis
3086 4302 3484 4376 temporalibus
3502 4318 3615 4359 non

2020 4390 2239 4460 timent,
2270 4399 2487 4464 oportet
2519 4399 2581 4448 ut
2608 4391 2977 4448 tentationum
3003 4400 3198 4449 ventos
3227 4399 3282 4448 et
3307 4391 3523 4464 pluvias
3548 4391 3617 4447 de

2020 4478 2193 4552 hujus
2222 4479 2414 4536 mundi
2443 4479 2929 4537 contrarietatibus
2944 4488 3183 4554 portent.
3207 4479 3353 4549 Quid
3375 4495 3504 4538 vero
3521 4496 3618 4553 per

2022 4567 2418 4642 hyacinthum,
2447 4584 2694 4637 coccum,
2718 4568 3054 4643 hyssumque
3073 4570 3339 4644 signatur,
3359 4570 3466 4628 nisi
3495 4586 3615 4628 san-

2014 4666 2229 4716 ctorum
2259 4658 2376 4715 vita
2400 4666 2605 4729 tenera,
2654 4658 2750 4716 sed
2785 4659 2933 4717 clara
2955 4658 2984 4716 ?
3027 4658 3161 4728 Quae
3198 4659 3336 4718 dum
3366 4668 3524 4719 caute
3549 4660 3610 4716 in

2088 4831 2109 4867 ³
2138 4831 2268 4906 Post
2296 4829 2415 4887 haec
2433 4828 2673 4906 verbain
2693 4829 2880 4906 Italus.
2900 4825 3341 4906 legitur_e;_rpticit
3358 4825 3611 4906 libartxv.

2015 4903 2126 4984 ljec
2153 4902 2252 4959 lib.
2284 4918 2422 4984 itng
2451 4900 2650 4984 incipit
2677 4900 2786 4957 nisi
2805 4900 2874 4956 ab
2901 4896 2991 4955 bis
3010 4896 3224 4955 verbis:
3256 4896 3549 4968 nunquida
3566 4901 3611 4951 te

2017 4975 2162 5030 Deus
2190 4975 2406 5102 arguit,
2435 4980 2543 5029 etc.
3095 5038 3106 5050 ο

2089 5046 2111 5080 ⁵
2145 5046 2228 5102 Ita
2299 5044 2435 5112 olb.,
2461 5043 2667 5100 Turon.
2703 5049 2759 5098 et
2785 5042 2975 5098 Norm.
3003 5038 3158 5112 Edlt‘.
3193 5044 3613 5112 vet.,_oe_ijecun-

2017 5116 2144 5183 dia;
2170 5107 2755 5183 Recent.,'oerecunda.
2777 5112 2882 5169 Ed.
2914 5119 3099 5167 tamen
3126 5108 3301 5166 Paris.
3337 5107 3475 5168 1495
3514 5108 3611 5167 ha-

2020 5188 2111 5245 bet
2136 5187 2534 5244 verecundiam.

2094 5260 2115 5294 ⁸
2144 5259 2370 5314 Veteres
2398 5256 2572 5325 Edit.,
2610 5251 3019 5312 conversationis
3046 5252 3294 5325 inﬁrme.

2095 5330 2115 5364 ⁷
2148 5328 2379 5395 Turon.,
2412 5332 2621 5383 exeunt.

2095 5400 2116 5435 ⁸
2144 5394 2443 5470 Gussanv.,
2470 5397 2675 5470 aliique
2701 5396 2806 5470 Ed.
2817 5440 2832 5466 ,
2860 5413 2966 5453 non
2985 5394 3443 5470 rectejudicatur.

2092 5473 2114 5507 θ
2140 5469 2291 5527 Editi
2319 5476 2549 5539 recent.,
2579 5467 2730 5525 dura:
2759 5469 2877 5524 vitae
2903 5473 3044 5524 sunt.
3078 5467 3611 5539 Aliamilectionem,

2019 5558 2189 5672 quam
2200 5537 2605 5670 anteémnimus,
2618 5539 2821 5621 habent
2839 5540 2965 5597 Mss.
2984 5540 3114 5597 Tur.
3125 5537 3382 5610 ,Vindoc.
3394 5582 3409 5607 ,
3427 5539 3582 5599 Colb.
3596 5582 3612 5607 ,

2065 5631 2276 5672 onmn..
2356 5614 2552 5672 bronc..
2570 5612 2774 5672 aliique
2794 5612 3078 5672 Norman..
3107 5627 3319 5668 necnon
3348 5619 3461 5667 vet.
3503 5610 3608 5667 Ed.

2065 5610 2527 5743 ⁰ἶέ⁶ῗι¹ἔι”ν”ῗι¹ἰιῖἓέ⁰’
2539 5612 2774 5741 ’ΰὲῗὲἓθ
2794 5610 3608 5741 ἓὲἶῖ³ἓὶὶῖ¹θῖ⁰¹ἒῗ¹ὶιῖίθέοξιὲῗ·

2161 5722 2243 5743 ινα
2287 5722 2505 5743 unus...
2555 5722 2751 5741 μην...
2800 5722 2952 5741 ww.
2997 5722 3020 5740 ι
3042 5722 3196 5741 μην..
3219 5722 3274 5741 υ.
3302 5722 3606 5741 mune“...

2018 5759 2242 5818 Recent.
2274 5756 2450 5827 Editi,
2480 5728 2636 5829 a’quo
2657 5727 2904 5813 sublilius
2931 5728 3089 5830 ﬁlios.
