4162 6184
535 279 642 337 347

1740 271 1989 332 SANCTI
2027 271 2369 332 GBEGORII
2415 271 2644 331 MAGNI

3737 249 3850 339 διὰ

530 399 886 460 tabernaculo
922 399 1026 457 sub
1055 399 1259 458 ciliciis
1287 408 1342 456 et
1371 400 1612 473 pellibus
1633 399 2010 471 absconditur,
2043 417 2144 458 sua
2172 401 2222 459 A
2252 383 2690 470 praenuntia'ntis
2715 397 2900 455 studio
2925 398 3152 470 dicitur,
3164 415 3276 457 non
3295 386 3670 458 maledicentis
3693 411 3838 469 voto:

533 491 583 546 ei
612 489 825 561 integra
851 489 1209 563 pulchritudo
1244 497 1514 546 servatur.
1548 491 1618 547 Ut
1645 491 1792 546 enim
1825 491 1884 546 in
1913 491 2136 550 interio-

533 580 694 637 ribus
740 579 1079 636 tabernaculi
1128 579 1328 650 byssus
1368 579 1594 650 fulgeat,
1635 596 1830 636 coccus
1865 592 2134 652 coruscet,

533 668 880 744 hyacinthus
906 668 1141 724 caeruleo
1170 669 1353 725 colore
1381 668 1744 740 resplendeat,
1766 669 1998 743 desuper
2026 672 2138 744 pel-

537 761 615 816 les
651 768 706 816 et
751 757 935 815 cilicia
973 758 1198 824 imbres,
1254 765 1446 813 ventos
1477 765 1527 813 et
1577 758 1858 829 pulverem
1894 769 2132 832 portant.

535 850 644 919 Qui
667 850 837 922 igitur
867 847 1080 919 magnis
1106 846 1412 903 virtutibus
1433 847 1489 903 in
1510 857 1710 905 sancta
1725 850 1984 907 Ecclesia
2012 852 2138 908 sinu

535 939 856 1015 proﬁciunt,
914 939 1332 1011 praepositorum
1375 953 1602 994 suorum
1640 940 1813 996 vitam
1861 940 2139 1014 despicere

537 1049 650 1089 non
681 1030 904 1100 debent,
934 1046 1060 1087 cum
1093 1045 1285 1086 vacare
1317 1047 1409 1086 eos
1442 1029 1606 1086 rebus
1643 1030 2014 1087 exterioribus
2045 1031 2140 1085 vi-

537 1121 690 1190 dent,
723 1120 852 1193 quia
871 1118 977 1176 hoc
991 1120 1139 1192 quod
1171 1120 1275 1192 ipsi
1304 1120 1482 1177 securi
1512 1121 1711 1176 intima
1739 1127 2046 1192 penetrant,
2071 1137 2140 1178 ex

538 1211 762 1266 illorum
816 1207 1137 1282 adjumento
1183 1219 1264 1266 est
1309 1209 1403 1282 qui
1452 1219 1642 1265 contra
1682 1210 1948 1282 procellas
1972 1209 2142 1282 hujus

541 1300 731 1358 saeculi
760 1300 1008 1356 exterius
1037 1299 1308 1356 laborant.
1355 1300 1528 1368 Quam
1569 1301 1717 1356 enim
1752 1299 2010 1356 candoris
2052 1300 2140 1356 sui

541 1389 770 1462 gratiam
803 1389 1084 1458 retineret,
1111 1389 1154 1444 si
1189 1389 1414 1462 byssum
1459 1389 1647 1462 pluvia
1675 1396 1920 1460 tangeret
1948 1389 1977 1445 ?
2028 1390 2144 1444 Aut

541 1479 678 1554 quid
699 1479 933 1552 fulgoris
955 1487 1117 1552 atque
1147 1479 1414 1535 claritatis
1441 1495 1638 1536 coccus
1667 1479 1752 1534 vel
1803 1478 2142 1550 hyacinthus

541 1569 873 1638 ostenderet,
907 1569 954 1625 si
983 1569 1102 1626 hac
1129 1575 1418 1640 susceptus
1447 1569 1632 1641 pulvis
1659 1566 1930 1625 fadaret?
1950 1569 2033 1626 Sit
2059 1586 2140 1626 er-

542 1677 608 1733 go
625 1659 857 1732 desuper
870 1668 1091 1716 textura
1109 1656 1279 1714 cilicii
1302 1657 1463 1713 fortis
1484 1657 1552 1713 ad
1573 1658 1878 1730 pulverem,
1896 1657 1968 1715 sit
1989 1657 2141 1714 infe-

2249 489 2605 545 Obscurentur
2633 490 2774 545 oculi
2819 507 3021 556 eorum,
3067 509 3131 546 ne
3156 491 3390 559 videant,
3420 497 3468 547 et
3512 492 3728 548 dorsum
3755 511 3844 548 eo—

2246 597 2364 636 rum
2397 597 2600 651 semper
2625 579 2847 635 incurva
2882 580 3057 650 (Psal.
3091 597 3286 648 vam,
3334 581 3450 652 24).
3483 581 3564 639 Ac
3588 583 3632 638 si
3664 582 3841 640 dicat:

2245 669 2348 736 Qui
2381 669 2637 725 humana
2663 669 2791 725 vitae
2815 667 3128 725 actionibus
3160 669 3313 742 quasi
3345 670 3713 742 pravidendis
3747 672 3848 727 iti-

2246 759 2469 818 neribus
2501 766 2764 832 praesunt,
2797 761 3243 817 veritatislucem
3275 777 3386 817 non
3417 761 3674 830 habeant,
3709 769 3772 818 ut
3797 769 3850 818 et

2245 850 2339 922 qui
2370 855 2678 921 sequuntur
2702 848 2934 917 subditi,
2957 849 3319 922 iniquitatum
3347 866 3570 906 suarum
3591 851 3849 908 oneribus

2248 938 2542 1006 incurvati,
2568 954 2786 994 omnem
2803 946 3004 994 statum
3028 939 3384 994 rectitudinis
3401 939 3680 996 amittant.
3698 940 3851 1008 Quod

2247 1027 2451 1084 factum
2484 1029 2674 1100 procul
2705 1028 2877 1086 dubio
2910 1030 2967 1085 in
2997 1028 3186 1085 Judaa
3214 1029 3632 1098 novimus,cum
3657 1031 3712 1086 in
3737 1031 3850 1105 ipso

2249 1117 2422 1173 nostri
2454 1118 2837 1190 Redemptoris
2858 1121 2883 1157 '3
2897 1118 3147 1174 adventu
3176 1117 3574 1191 pharisaeorum
3595 1120 3756 1176 turba
3777 1129 3850 1178 at-

2249 1223 2353 1279 que
2383 1207 2729 1264 sacerdotum
2762 1225 2793 1263 a
2823 1224 2954 1264 vero
2974 1207 3187 1263 lumine
3207 1207 3410 1264 mentis
3426 1208 3621 1265 oculos
3639 1209 3849 1278 clausit,

2249 1305 2301 1352 et
2339 1313 2437 1369 per
2470 1299 2893 1370 praepositorum
2925 1299 3180 1371 exempla
3206 1297 3460 1371 gradiens
3483 1298 3541 1355 in
3563 1298 3851 1358 inﬁdelita-

2248 1385 2320 1442 tis
2347 1387 2590 1443 tenebris
2620 1389 2857 1461 populus
2885 1389 3109 1446 erravit.

2319 1475 2409 1532 41.
2446 1479 2558 1544 Quo
2587 1495 2741 1534 sensu
2772 1479 2914 1534 Deus
2937 1477 3106 1549 faciat
3137 1495 3360 1550 regnare
3401 1479 3750 1552 hypocritam.
3782 1510 3850 1523 —-

2249 1565 2354 1622 Sed
2385 1568 2558 1640 quari
2586 1567 2990 1625 rationabiliter
3010 1577 3188 1641 potest
3217 1567 3490 1642 quomodo
3511 1569 3620 1626 hoc
3647 1570 3705 1625 in
3730 1569 3849 1626 loco

2247 1654 2456 1713 dicitur
2482 1658 2630 1731 quod
2656 1675 2886 1729 regnare
2902 1659 3251 1732 hypocritam
3271 1659 3536 1716 Dominus
3563 1659 3848 1730 facit,cu1n

538 1752 657 1808 rius
685 1750 839 1808 color
877 1747 1276 1822 hyacinthinus
1302 1755 1462 1818 aptus
1499 1747 1567 1804 ad
1614 1747 1886 1804 decorem.
1930 1748 2140 1805 Ornent
2166 1763 2214 1826 Β
2247 1747 2314 1803 de
2340 1746 2446 1803 hac
2474 1764 2532 1805 re
2561 1747 2879 1820 specialiter
2900 1765 2996 1823 per
3015 1748 3340 1823 prophetam
3369 1750 3748 1824 conqueritur,
3771 1751 3853 1808 di-

544 1839 860 1897 Ecclesiani
879 1839 974 1912 qui
1005 1839 1139 1894 solis
1159 1838 1321 1894 rebus
1341 1837 1684 1910 spiritalibus
1709 1846 1924 1907 vacant,
1954 1846 2140 1910 tegant

542 1929 870 1999 Ecclesiam,
915 1945 1052 2003 quos
1099 1938 1154 1985 et
1190 1928 1344 1985 labor
1391 1945 1574 1984 rerum
1607 1927 1976 2000 corporalium
2025 1943 2136 1984 non

541 2029 752 2094 gravat.
785 2020 1137 2094 Nequaquam
1169 2035 1296 2092 ergo
1322 2027 1514 2076 contra
1542 2027 1808 2075 rectorem
1837 2035 1998 2074 suum
2029 2034 2138 2073 ex-

539 2119 744 2177 teriora
767 2115 912 2171 810
941 2125 1189 2189 agentem
1223 2124 1530 2171 murmuret
1560 2115 1607 2171 is
1635 2115 1728 2188 qui
1760 2114 1904 2170 intra
1938 2114 2138 2170 Eccle-

539 2209 679 2274 siam
712 2214 956 2264 sanctam
979 2205 1096 2278 jam
1127 2204 1452 2278 spiritaliter
1477 2203 1668 2276 fulget.
1689 2203 1745 2258 Si
1775 2203 1922 2258 enim
1955 2212 2012 2260 tu
2043 2220 2138 2260 se-

537 2313 669 2355 cure
695 2297 928 2354 interius
947 2303 1010 2352 ut
1037 2311 1234 2352 coccus
1277 2293 1493 2360 rutilas,
1525 2291 1769 2350 cilicium
1808 2308 1917 2366 quo
1943 2301 2139 2366 prote-

539 2387 681 2460 geris
708 2404 810 2446 cur
835 2402 1059 2444 accusas
1089 2386 1118 2442 ‘l'

536 2497 544 2502 '
613 2480 752 2554 [Vet.
775 2481 972 2538 XXIII
976 2477 1015 2552 .]
1037 2478 1128 2534 40.
1155 2479 1338 2534 Prava
1361 2477 1714 2548 pralatorum
1729 2475 1968 2547 exempla
2002 2474 2139 2531 Deus

537 2569 754 2626 ordinat
779 2569 836 2623 in
858 2584 1071 2640 partam
1089 2566 1432 2638 superborum
1461 2564 1812 2620 subditorum.
1852 2565 1994 2621 Dum
2011 2583 2138 2621 ma-

541 2657 759 2715 ledicere
789 2657 1035 2712 videntur
1057 2657 1347 2727 propheta,
1373 2653 1687 2726 pradicant.
1709 2685 1780 2696 —
1811 2654 1916 2712 Sed
1943 2671 1974 2710 a
2003 2655 2139 2726 qui-

540 2744 773 2804 busdam
808 2747 824 2780 ¹
857 2745 1125 2819 quaeritur
1152 2745 1282 2818 quia
1323 2743 1456 2799 dum
1505 2743 1696 2799 saltem
1753 2760 1853 2816 pro
1895 2744 2137 2801 utilitate

540 2835 889 2892 subditorum
921 2841 1160 2892 rectores
1188 2832 1424 2890 nimium
1455 2832 1847 2905 temporalibus
1875 2833 2024 2890 curis
2054 2833 2134 2890 in-

539 2927 802 2996 servient,
837 2926 1086 3000 plerique
1117 2925 1175 2980 in
1199 2925 1447 2982 Ecclesia
1475 2940 1665 2980 eorum
1693 2924 1946 2996 exemplo
1976 2923 2138 2980 dete-

539 3025 780 3076 rescunt.
814 3016 974 3085 Quod
1005 3031 1197 3072 verum
1225 3013 1385 3073 valde
1419 3031 1534 3072 esse
1561 3015 1686 3088 quis
1713 3013 1963 3086 abneget,
2009 3032 2136 3072 cum

541 3107 725 3165 curari
756 3125 788 3163 a
818 3105 1132 3178 pastoribus
1151 3115 1368 3162 terrena
1393 3122 1556 3181 quam
1573 3105 1815 3163 coelestia
1843 3105 2138 3179 sollicitius
2171 3127 2215 3188 α

539 3197 694 3253 videt
713 3195 741 3252 ?
775 3194 879 3252 Sed
907 3210 1084 3269 neque
1114 3193 1231 3253 hac
1263 3195 1469 3268 injusta
1506 3203 1656 3263 sunt,
1697 3194 1768 3263 si,
1799 3201 1860 3250 ut
1885 3195 2138 3267 superius

539 3287 810 3354 diximus,
841 3301 928 3342 res
957 3284 1367 3358 prasidentium
1381 3285 1545 3358 juxta
1565 3283 1914 3342 subditorum
1942 3284 2138 3340 merita

539 3376 929 3451 disponuntur.
965 3375 1190 3433 Occulte
1221 3391 1458 3449 namque
1486 3384 1540 3432 et
1577 3383 1770 3448 sponte
1816 3381 2137 3446 perpetratae

539 3469 714 3540 culpae
745 3466 974 3538 exigunt
989 3475 1050 3522 ut
1070 3482 1238 3538 prava
1265 3474 1320 3521 et
1334 3483 1366 3522 a
1393 3464 1708 3538 pastoribus
1727 3464 1981 3534 exempla
2006 3479 2138 3534 prae-

539 3555 793 3623 beantur,
827 3561 1096 3627 quatenus
1120 3553 1272 3626 justo
1295 3553 1510 3626 judicio
1540 3553 1587 3609 is
1616 3552 1711 3626 qui
1728 3551 1795 3607 de
1814 3551 1903 3606 via
1931 3550 2029 3606 Dei
2051 3567 2138 3606 su-

545 3642 747 3715 perbus
773 3639 1068 3709 exorbitat,
1100 3641 1158 3696 in
1187 3641 1278 3696 via
1305 3659 1412 3715 qua
1439 3639 1690 3713 graditur
1717 3640 1886 3696 etiam
1915 3653 2012 3710 per
2039 3637 2138 3694 du-

539 3739 722 3789 catum
753 3729 988 3803 pastoris
1013 3729 1274 3787 oﬂ‘endat.
1291 3729 1444 3787 Unde
1464 3745 1562 3802 per
1575 3727 1900 3802 prophetam
1917 3743 2135 3802 quoque

612 3915 627 3948 ¹
660 3911 909 3969 Fortasse
931 3911 1220 3982 legendum
1257 3911 1526 3983 queritur,
1561 3909 1777 3983 passive
1809 3918 2090 3983 sumptum
2117 3925 2163 3975 ε,

538 3984 852 4056 frequenter
880 3979 1172 4056 Gregorius
1202 3979 1308 4056 hoc
1326 3982 1501 4056 modo
1520 3979 1748 4056 usurpat
1775 3979 1949 4056 verba
1972 3979 2137 4056 depo-

537 4050 746 4121 nentia,
780 4053 965 4125 qualia
995 4050 1274 4120 'meditari,
1322 4051 1616 4125 initioqlib.
1649 4067 1761 4116 xx;
1793 4051 2012 4125 intueri,
2032 4050 2132 4125 lib.

537 4141 660 4194 χχι,
690 4121 844 4182 num.
875 4124 962 4182 35.
993 4126 1181 4201 Itaque
1209 4125 1303 4182 hic
1331 4143 1364 4180 a
1389 4121 1708 4196 quibusdam
1736 4121 2004 4193 queritur,
2053 4121 2133 4178 sic

1361 4453 1701 4542 LIBER

2245 1852 2406 1893 cens:
2438 1839 2555 1909 Ipsi
2583 1846 2958 1910 regnaverunt,
2990 1846 3040 1894 et
3066 1857 3173 1896 non
3201 1857 3266 1896 ea:
3293 1857 3374 1896 me
3403 1859 3422 1907 ;
3447 1841 3717 1913 principes
3737 1858 3843 1896 ea;-

2245 1927 2508 1996 stiterunt,
2557 1934 2607 1984 et
2648 1945 2758 1984 non
2803 1930 3018 2001 cognovi
3051 1929 3222 2001 (Osea
3249 1947 3373 1996 VIII,
3417 1930 3500 2004 4).
3537 1929 3674 1998 Quis
3704 1929 3848 1988 enim

2245 2023 2390 2072 recte
2415 2017 2658 2074 sentiens
2671 2017 2821 2075 dicat
2836 2019 2964 2091 quia
2977 2017 3114 2074 facit
3138 2019 3410 2075 Dominus
3439 2019 3585 2092 quod
3614 2018 3848 2074 minime

2245 2107 2570 2180 cognoscit?
2594 2108 2700 2166 Sed
2731 2109 2860 2182 quia
2887 2108 3028 2165 scire
3053 2109 3153 2165 Dei
3183 2108 3485 2182 approbare
3514 2117 3616 2176 est,
3638 2108 3851 2164 nescire

2247 2198 2538 2270 reprobare
2576 2215 2590 2266 ;
2637 2198 2783 2255 unde
2838 2197 3168 2272 quibusdam
3211 2214 3348 2272 quos
3377 2197 3640 2270 reprobat
3659 2197 3800 2254 dicit
3833 2214 3846 2254 :

2245 2288 2430 2344 Nescio
2459 2305 2550 2344 vos
2595 2289 2734 2344 unde
2761 2289 2898 2354 sitis,
2931 2289 3172 2344 discedite
3211 2306 3246 2344 a
3277 2305 3378 2357 me,
3407 2303 3580 2342 omnes
3609 2287 3848 2358 operarii

2245 2376 2548 2447 iniquitatis
2580 2377 2732 2449 (Luc.
2765 2393 2892 2445 xm,
2924 2377 3018 2449 27)
3045 2395 3059 2444 ;
3093 2385 3147 2433 et
3178 2375 3476 2450 a'iquando
3518 2375 3698 2432 facere
3747 2376 3848 2432 Dei

2246 2475 2330 2524 est
2356 2465 2414 2522 id
2434 2467 2582 2541 quod
2596 2467 2716 2523 fieri
2734 2466 3014 2539 prohibet,
3029 2465 3314 2523 irascendo
3341 2465 3678 2538 permittere;
3701 2463 3850 2521 unde

2245 2567 2302 2616 et
2333 2559 2478 2631 regis
2505 2559 2734 2632 IEgypti
2764 2575 2859 2616 cor
2886 2576 2944 2615 se
2973 2557 3244 2616 obdurare
3272 2556 3505 2614 asseruit
3536 2557 3741 2628 (Exod.
3769 2572 3846 2624 1v,

2246 2648 2365 2721 21),
2399 2649 2529 2722 quia
2557 2649 2818 2705 videlicet
2857 2649 3119 2704 obdurari
3160 2647 3412 2720 permisit
3441 2664 3457 2714 ;
3498 2646 3642 2703 miro
3688 2643 3850 2702 modo

2245 2736 2562 2810 hypocritas
2588 2737 2860 2792 Dominus
2880 2745 2934 2790 et
2957 2751 3185 2806 regnare
3209 2735 3344 2791 facit
3371 2743 3426 2790 et
3454 2734 3639 2791 nescit
3670 2751 3684 2790 :
3719 2733 3852 2791 facit

2245 2825 2496 2893 sinendo,
2528 2826 2704 2882 nescit
2733 2824 3096 2897 reprobando.
3133 2824 3286 2881 Unde
3316 2839 3534 2880 necesse
3571 2833 3657 2880 est
3687 2833 3752 2881 ut
3780 2821 3850 2880 ad

2244 2931 2406 2972 omne
2433 2915 2579 2990 quod
2602 2915 2660 2970 in
2681 2913 2784 2972 hac
2811 2912 3386 2985 vita’coucupiscitur
3403 2911 3555 2984 prius
3581 2914 3852 2970 voluntas

2246 3006 2462 3064 interna
2489 3004 2818 3078 requiratur.
2842 3002 3017 3071 Quam
3054 3019 3181 3059 cum
3215 3001 3442 3058 humani
3473 3001 3657 3059 cordis
3699 3001 3854 3059 auris

2245 3096 2524 3170 percipere
2547 3095 2777 3166 appetit,
2806 3092 2943 3150 sciat
2971 3093 3102 3166 quia
3128 3091 3246 3149 hac
3273 3108 3383 3148 non
3413 3091 3617 3160 verbis,
3647 3091 3746 3149 sed
3767 3106 3855 3147 re-

2243 3185 2349 3242 bus
2378 3193 2554 3242 sonat.
2595 3184 2772 3240 Locus
2800 3199 2930 3254 ergo
2961 3180 3248 3254 regiminis
3276 3197 3402 3236 cum
3448 3179 3724 3254 regendus
3751 3179 3845 3236 of-

2244 3273 2439 3342 fertur,
2477 3273 2536 3328 in
2565 3289 2622 3330 se
2647 3273 2800 3346 prius
2828 3286 3046 3328 necesse
3075 3279 3155 3327 est
3183 3279 3245 3328 ut
3271 3271 3508 3344 quisque
3557 3269 3845 3337 discutiat,

2245 3365 2292 3422 si
2322 3364 2443 3420 loco
2472 3363 2588 3419 vita
2611 3362 2884 3435 congruit,
2911 3360 2955 3416 si
2987 3360 3054 3416 ab
3083 3358 3291 3416 honore
3321 3359 3468 3416 actio
3497 3375 3608 3416 non
3637 3359 3847 3416 dissen-

2245 3455 2334 3523 tit,
2366 3471 2436 3510 ne
2457 3453 2642 3526 justus
2670 3451 2918 3510 omnium
2951 3459 3128 3507 rector
3151 3465 3216 3506 eo
3246 3459 3368 3522 post
3395 3450 3452 3506 in
3482 3447 3849 3506 tribulatione

2246 3563 2435 3621 preces
2462 3563 2574 3603 non
2603 3546 2810 3614 audiat,
2857 3544 3006 3618 quod
3046 3545 3164 3617 ipsa
3209 3560 3424 3618 quoque
3466 3542 3605 3616 ejus,
3638 3543 3713 3600 de
3737 3557 3849 3617 quo

2247 3635 2534 3694 tribulatio
2562 3635 2760 3704 oritur,
2791 3633 3021 3692 exordia
3038 3633 3268 3690 honoris
3297 3633 3532 3707 ignorat.

2241 3903 2472 3961 forsitan
2501 3901 2942 3975 intelligendum,
2964 3903 3182 3975 quidam
3211 3907 3532 3974 queruntur.

2315 3977 2340 4014 ²
2376 3974 2629 4046 Longip.,
2666 3974 2896 4045 aspectu.

2317 4049 2338 4082 ³
2369 4047 2597 4115 Turon.,
2630 4047 2933 4118 respicitur.

1804 4438 2454 4536 VIGESIMUS'
2528 4443 2980 4530 SEXTUS.

534 4615 822 4698 Exponit
869 4621 1135 4698 sanctus
1161 4614 1389 4698 Doctor
1419 4611 1964 4698 septem__ullimos
1995 4623 2225 4668 versus
2275 4622 2456 4698 νεαρ..
2493 4622 2702 4698 xxxiv,
2737 4611 2798 4695 et
2825 4608 3027 4684 caput
3053 4619 3224 4698 xxxv
3251 4617 3332 4662 ea:
3359 4602 3630 4698 iptegro,
3697 4615 3851 4698 eum

613 4679 750 4759 uno
779 4705 841 4760 et
871 4697 1106 4774 viginti
1149 4679 1794 4774 prioribus'vers-ibus
1818 4705 1964 4768 cap.
1997 4705 2186 4750 xxxv:
2210 4732 2225 4748 .
2269 4679 2397 4749 Ubi
2421 4685 2735 4749 latissime
2764 4685 2840 4746 in
2864 4679 3096 4746 sensus
3127 4690 3268 4745 tum
3299 4679 3684 4760 allegoricos
3711 4690 3851 4745 tum

613 4777 901 4840 morale:
930 4773 1247 4836 excurrit.

1059 4910 1289 4968 CAPUT
1318 4911 1611 4969 PRIMUM.

609 5013 658 5068 1.
691 5009 830 5068 811
870 5009 1032 5068 Ficta
1057 5026 1120 5065 ac
1148 5025 1286 5065 vera
1313 5009 1629 5067 humilitatis
1657 5007 2020 5066 indicia—In
2050 5009 2130 5066 lo-

534 5101 855 5160 cationibus
874 5103 988 5160 suis
1003 5100 1111 5159 hoc
1138 5108 1454 5176 arrogantes
1485 5101 1592 5158 viri
1623 5099 1824 5158 habere
1853 5099 1998 5156 inter
2021 5097 2132 5154 alia

535 5191 820 5264 proprium
849 5192 1046 5262 solent,
1083 5191 1233 5266 quod
1269 5193 1338 5250 ab
1374 5190 1724 5249 auditoribus
1748 5187 1866 5246 suis
1894 5204 1965 5245 ne
1995 5186 2130 5262 quid

535 5279 765 5336 fortasse
794 5281 1170 5340 inordinatum
1200 5283 1448 5342 dixerint
1480 5290 1616 5340 tunc
1660 5279 1970 5354 requirunt,
2002 5295 2126 5336 cum

535 5385 593 5425 se
622 5369 971 5428 laudabiliter
996 5371 1208 5446 aliquid
1245 5373 1450 5429 dixisse
1479 5378 1833 5442 cognoscunt.
1876 5370 2005 5427 Haec
2033 5368 2130 5424 vi-

536 5457 736 5517 delicet
779 5459 1008 5531 faciunt,
1052 5477 1166 5520 non
1214 5460 1362 5535 quod
1403 5458 1471 5515 de
1497 5457 1663 5516 dictis
1707 5458 1822 5516 suis
1849 5457 2131 5531 ambigant

2167 4915 2218 4974 1)
2249 4901 2344 4960 sed
2393 4899 2543 4974 quod
2583 4897 2652 4956 ab
2691 4897 3040 4956 audientium
3079 4895 3296 4969 judicio
3339 4895 3556 4952 favores
3596 4901 3846 4968 quaerant

2239 4993 2380 5050 Nam
2405 4988 2650 5046 inveniri
2671 4988 2834 5046 facile
2853 4987 3055 5061 poterit
3069 5003 3180 5060 quo
3195 4985 3383 5042 animo
3395 4989 3844 5058 percunctantur,

2237 5079 2284 5136 si
2317 5079 2608 5153 quisquam
2661 5093 2789 5133 cum
2827 5091 3018 5133 eorum
3063 5076 3210 5132 bona
3261 5073 3470 5142 laudat,
3499 5072 3665 5130 etiam
3704 5070 3846 5128 mala

2237 5166 2624 5242 reprehendat.
2657 5165 2881 5224 Certum
2911 5165 3113 5239 quippe
3135 5172 3218 5222 est
3243 5163 3374 5238 quia
3405 5163 3551 5220 sicut
3579 5159 3846 5217 inﬂantur

2237 5257 2518 5326 laudibus,
2545 5257 2624 5313 ita
2651 5255 3091 5328 correptionibus
3117 5254 3568 5320 inﬂammantur;
3598 5254 3612 5287 ¹
3636 5259 3690 5308 et
3717 5264 3843 5308 cum

2236 5365 2270 5405 a
2296 5348 2545 5422 quolibet
2569 5363 2626 5404 se
2662 5347 2749 5402 vel
2774 5344 2922 5419 juste
2954 5345 3284 5420 reprehendi
3312 5343 3684 5418 conspiciunt,
3713 5355 3846 5399 mox

2238 5437 2298 5494 in
2325 5437 2487 5493 malis
2514 5435 2628 5492 suis
2655 5434 2903 5492 fomitem
2943 5433 3288 5493 defensionis
3316 5433 3642 5507 exquirunt.
3674 5431 3837 5499 Quo-

609 5645 626 5680 ¹
657 5646 720 5703 In
747 5643 876 5715 Ed.,
907 5651 955 5700 et
979 5661 1014 5716 ᾳ
1040 5639 1271 5716 quolibet
1297 5656 1348 5716 se
1392 5641 1664 5716 vclbjuste
1691 5639 2004 5716 reprehendi
2051 5642 2362 5716 despiciunt.
2395 5642 2650 5702 Nostram
2681 5643 2979 5704 lectionem
3006 5643 3167 5716 longe
3200 5637 3491 5698 meliorem
3514 5631 3844 5710 suppedita-

536 5724 666 5775 runt
691 5717 822 5777 Mss.
859 5712 1132 5782 Vindoc.,
1159 5712 1410 5782 Ehroic.,
1443 5713 1656 5789 oliique
1684 5712 1878 5772 Norm.
