4162 6184
307 271 405 329 349

1037 267 1408 326 MORALIUM
1447 269 1581 328 LIB.
1621 271 1828 331 XXVI.
1867 304 1939 317 -
1976 274 2048 333 IN
2083 274 2313 335 CAPUT
2354 277 2596 335 XXXIV
2637 279 2700 335 B.
2743 280 2888 338 JOB.

3522 286 3629 345 350

308 397 473 455 modo
489 411 618 468 ergo
632 393 870 451 debonis
889 394 1005 452 suis
1023 393 1314 453 humiliter
1331 394 1745 472 ambigunt,qui
1764 402 1908 459 mala
1946 406 1998 465 Α
2096 401 2149 458 3.
2176 404 2355 460 Sancti
2379 404 2668 460 humanum
2685 404 2952 474 judicium
2991 422 3098 462 non
3124 415 3380 481 metuunt,
3412 412 3505 468 sed
3535 413 3630 469 di-

311 505 410 545 sua
437 486 721 543 defendere
775 484 943 541 etiam
993 502 1246 558 perverse
1281 488 1638 545 moliuntur?
1684 491 1782 546 Ille
1828 500 1911 548 est

309 577 456 634 enim
488 593 608 633 vere
638 574 866 630 humilis
899 575 955 631 in
979 574 1161 643 bonis,
1194 576 1289 650 qui
1319 594 1432 633 non
1460 586 1543 634 est
1563 577 1822 636 defensor
1851 581 1908 637 in

310 666 483 723 malis.
513 665 649 721 Nam
680 663 776 737 qui
824 664 891 720 de
949 665 1108 720 malis
1165 667 1281 722 suis
1334 668 1607 739 arguitur,
1638 677 1693 725 et
1720 679 1911 729 contra

308 756 467 812 verba
520 755 802 827 arguentis
857 756 1197 825 accenditur,
1231 758 1452 830 quando
1482 758 1548 814 de
1604 760 1765 816 bonis
1793 762 1907 819 suis

308 846 452 920 quasi
482 845 774 902 humiliter
790 845 1014 915 titubat,
1038 864 1134 919 per
1155 846 1487 905 humilitatis
1508 866 1698 907 vocem
1721 852 1906 908 ornari

306 934 523 1009 appetit,
554 951 671 990 non
701 934 911 991 doceri.
942 936 1073 992 Eliu
1104 937 1289 1010 itaque
1328 939 1500 994 vitam
1530 941 1904 1013 arrogantium

302 1024 534 1098 signans,
567 1031 862 1097 postquam
896 1025 1071 1081 multa
1092 1026 1312 1083 interna
1331 1036 1385 1083 et
1403 1028 1666 1085 sublimia
1693 1029 1931 1099 intulit,

302 1129 418 1172 ecce
445 1112 504 1168 in
525 1112 717 1169 verbis
735 1113 976 1170 formam
1007 1114 1343 1171 humilitatis
1372 1117 1623 1185 assumit,
1656 1125 1710 1173 et
1737 1118 1903 1190 .equi-

303 1209 400 1257 tate
453 1201 762 1275 proposita,
819 1202 921 1259 sub
980 1204 1214 1276 quadam
1274 1204 1637 1279 discipulatus
1666 1208 1903 1283 imagine

298 1291 506 1349 beatum
535 1292 647 1350 Job
675 1292 986 1368 alloquitur
1013 1294 1238 1352 dicens:

930 1408 1158 1468 CAPUT
1197 1410 1265 1468 ΙΙ.

361 1525 490 1583 CAP.
526 1541 738 1593 xxxxv,
767 1524 940 1581 Vsus.
994 1525 1086 1594 3i,
1112 1526 1201 1583 32.
1237 1558 1307 1571 —-
1348 1529 1366 1563 ¹
1401 1527 1541 1597 Quia
1581 1545 1670 1601 ego
1702 1529 1904 1584 locutus

300 1634 407 1671 sum
434 1616 509 1671 ad
552 1616 751 1683 Deum,
782 1621 826 1670 te
852 1632 1052 1687 quoque
1091 1616 1114 1652 ²
1147 1634 1255 1672 non
1278 1618 1578 1690 prohibebo.
1617 1603 1682 1676 Si
1701 1618 1901 1686 erravi,

301 1713 350 1762 tu
388 1707 511 1761 doce
539 1723 674 1771 me;
701 1705 749 1759 si
801 1704 1134 1776 iniquitatem
1188 1707 1388 1763 locutus
1427 1724 1565 1774 sum,
1598 1709 1747 1763 ultra
1798 1722 1903 1762 non

298 1799 514 1854 addam.

363 1889 422 1944 2.
456 1886 791 1943 Humil-itatis
814 1887 967 1942 larua
1004 1884 1103 1942 cito
1160 1884 1428 1955 abjicitur.
1473 1918 1543 1927 —
1572 1886 1727 1943 Sicut
1764 1901 1904 1957 saepe

290 1976 579 2048 contingit
608 1982 671 2030 ut
697 1974 838 2030 bona
864 1975 1163 2047 loquantur
1183 1982 1236 2030 et
1267 1975 1417 2044 mali,
1443 1975 1618 2031 multa
1645 1975 1776 2031 Eliu
1796 1974 1904 2029 for-

297 2064 370 2120 tia
387 2065 559 2137 paulo
587 2064 837 2137 superius
866 2080 921 2120 se
965 2063 1176 2120 dixisse
1215 2064 1560 2131 meminerat,
1593 2071 1648 2119 et
1678 2078 1905 2119 securus

296 2152 504 2211 idcirco
528 2170 599 2210 ne
628 2154 858 2211 fortasse
879 2155 1145 2211 erraverit
1174 2152 1508 2228 requirebat.
1540 2155 1725 2225 Neque
1754 2151 1903 2207 enim

296 2243 619 2315 requireret,
654 2244 701 2299 si
735 2259 791 2299 se
825 2259 1029 2299 errasse
1049 2242 1389 2299 credidisset.
1424 2244 1523 2299 Est
1551 2256 1810 2314 namque,
1841 2246 1904 2296 ut

295 2332 434 2403 dixi,
464 2335 694 2407 propria
723 2334 1096 2407 arrogantium
1128 2334 1279 2390 fraus
1307 2342 1369 2391 ut
1418 2342 1552 2391 tunc
1607 2332 1673 2390 de
1720 2346 1903 2387 errore

292 2423 576 2497 requirere
606 2423 880 2491 studeant,
912 2422 1134 2495 quando
1164 2438 1218 2477 se
1243 2423 1503 2477 noverint
1530 2438 1643 2477 non
1673 2435 1898 2477 errasse.

291 2511 391 2580 Qui
416 2528 648 2567 rursum
676 2511 953 2582 requirere
982 2510 1073 2563 vel
1094 2512 1246 2580 argui
1276 2511 1342 2565 de
1372 2527 1554 2565 errore
1574 2509 1903 2581 despiciunt,

287 2600 332 2655 si
360 2599 598 2672 quando
627 2614 684 2653 se
725 2613 928 2653 errasse
975 2596 1246 2654 veraciter
1287 2605 1754 2670 praecognoscunt.
1785 2599 1904 2654 Non

284 2689 442 2745 enim
477 2703 618 2754 esse,
646 2686 740 2743 sed
771 2686 947 2742 videri
977 2685 1217 2742 humiles
1242 2693 1538 2759 appetunt;
1572 2694 1625 2743 et
1660 2694 1789 2743 tunc
1808 2704 1904 2743 re-

288 2775 571 2851 quirendo
627 2776 860 2849 speciem
890 2775 1223 2831 humilitatis
1250 2783 1554 2844 assumunt,
1588 2777 1807 2849 quando
1836 2777 1903 2833 de

291 2867 403 2940 ipsa
434 2865 616 2937 magis
644 2864 1001 2939 requisitione
1025 2863 1337 2921 laudantur.
1380 2865 1485 2921 Sed
1513 2868 1640 2939 quia
1671 2868 1902 2925 omnino

290 2955 519 3012 difﬁcile
554 2962 635 3011 est
661 2962 721 3010 ut
749 2953 916 3009 elatio
946 2970 1067 3027 quae
1097 2962 1287 3026 regnat
1305 2954 1362 3010 in
1392 2955 1557 3012 corde
1588 2973 1700 3013 non
1722 2974 1902 3013 erum-

290 3054 376 3119 pat
402 3046 461 3101 in
497 3059 643 3101 voce
674 3061 694 3109 ;
722 3042 1001 3099 auditores
1036 3044 1411 3115 arrogantium
1457 3045 1502 3100 si
1532 3062 1723 3101 eorum
1754 3046 1901 3103 dicta

289 3137 570 3209 paulisper
586 3133 742 3191 taciti
771 3140 1091 3205 exspectant
1120 3140 1284 3207 atque
1327 3134 1701 3203 considerant,
1732 3135 1896 3193 citius
1930 3134 1973 3194 C

291 3226 446 3282 corda
474 3223 713 3280 illorum
744 3221 1136 3294 subsequentia
1186 3222 1354 3278 verba
1384 3223 1755 3280 manifestant.
1788 3225 1898 3281 Diu

291 3315 482 3387 quippe
514 3312 727 3368 morari
756 3328 868 3367 non
899 3318 1127 3384 possunt
1155 3312 1212 3367 in
1254 3312 1371 3384 ipsa
1401 3311 1736 3369 humilitatis
1766 3314 1897 3369 ima-

291 3404 425 3474 gine,
481 3419 658 3477 quam
708 3402 887 3474 specie
931 3408 1105 3475 tenus,
1121 3409 1370 3458 sumunt.
1429 3402 1691 3474 Superbis
1746 3402 1896 3458 enim

294 3495 575 3552 mentibus
602 3493 891 3551 humilitas
937 3493 1048 3549 alta
1096 3499 1199 3561 est,
1245 3500 1298 3549 et
1327 3509 1452 3549 cum
1509 3494 1630 3565 ejus
1657 3494 1894 3549 formam

292 3584 659 3642 conscendere
698 3583 971 3653 ambiunt,
990 3581 1202 3639 lassatis
1232 3583 1404 3638 animi
1436 3583 1712 3655 gressibus
1741 3582 1897 3657 quasi

292 3690 324 3729 a
354 3672 589 3730 clivosis
616 3680 774 3746 atque
800 3672 1007 3746 asperis
1034 3671 1329 3727 itineribus
1358 3671 1699 3728 dilabuntur.
1732 3672 1898 3728 Alie—

246 3830 251 3835 ν
293 3780 423 3820 num
462 3770 555 3820 est
580 3762 786 3820 scilicet
838 3761 986 3836 quod
1035 3761 1213 3818 videri
1261 3769 1544 3834 appetunt,
1593 3768 1645 3816 et
1690 3759 1897 3817 idcirco

294 3851 404 3924 ejus
423 3852 659 3926 imagini
680 3852 779 3908 diu
798 3851 1065 3908 inhaerere
1082 3866 1426 3924 nequaquam
1449 3855 1695 3922 possunt.
1720 3849 1898 3906 Grave

294 3942 502 4013 pondus
537 3940 832 4009 aestimant,
860 3957 987 3997 cum
1017 3955 1136 3996 eam
1166 3940 1359 3996 saltem
1390 3939 1569 4012 specie
1597 3946 1758 3996 tenus
1776 3956 1896 4013 por-

296 4036 423 4101 tant,
452 4039 513 4089 et
544 4047 829 4105 quousque
860 4034 1003 4093 812
1034 4028 1177 4085 hanc
1221 4027 1505 4102 abjiciant,
1537 4029 1653 4085 vim
1692 4046 1899 4104 quam-

299 4128 411 4187 dam
441 4132 501 4188 in
536 4130 700 4188 corde
730 4130 1034 4203 patiuntur,
1058 4130 1188 4203 quia
1208 4128 1466 4187 videlicet
1493 4129 1750 4187 elationis
1772 4128 1896 4186 usui

298 4220 427 4278 male
454 4221 775 4278 dominanti
804 4220 1144 4289 deserviunt,
1191 4228 1353 4294 atque
1391 4220 1508 4293 ejus
1539 4221 1772 4295 imperio
1797 4236 1896 4277 se-

300 4312 553 4384 metipsos
591 4311 779 4385 quales
807 4310 919 4367 sint
949 4308 1178 4382 prodere
1225 4310 1655 4382 compelluntur,
1699 4327 1767 4366 ne
1796 4309 1896 4367 diu

300 4401 502 4471 possint
530 4399 707 4456 videri
721 4400 869 4474 quod
891 4416 1002 4456 non
1024 4406 1171 4456 sunt.
1193 4398 1346 4457 Unde
1361 4399 1491 4455 Elin
1510 4415 1729 4472 quoque
1750 4407 1893 4472 post-

2026 493 2227 561 vinum,
2260 494 2331 549 ad
2359 495 2499 565 quod
2551 495 2708 549 etiam
2730 511 3022 565 provocare
3081 496 3339 553 simulant
3372 501 3524 558 mali.
3557 532 3628 545 —

2023 584 2103 639 Ac
2131 583 2177 638 si
2205 583 2412 640 diceret
2446 602 2457 639 :
2490 586 2606 656 Ego
2635 601 2820 641 coram
2860 586 3099 644 Domino
3132 590 3371 646 rationes
3402 593 3627 664 positu-

2020 688 2116 727 rus
2142 688 2263 727 sum
2309 690 2407 729 cur
2454 673 2616 729 modo
2666 675 2929 748 iniquitas
2958 692 3077 732 mea
3131 694 3161 732 a
3191 686 3243 733 te
3273 681 3625 751 reprehendi-

2018 767 2131 829 tur,
2163 777 2283 834 quze
2313 769 2528 817 constat
2557 763 2702 835 quod
2734 764 2792 819 in
2824 763 3042 836 judicio
3071 782 3103 821 a
3131 774 3183 822 te
3213 783 3324 823 non
3368 771 3628 842 requira-

2020 860 2128 909 tur.
2162 854 2315 911 Recti
2365 854 2471 910 viri
2510 872 2635 911 cum
2667 855 2870 928 injuste
2900 857 2967 912 ab
2999 856 3320 914 hominibus
3349 859 3625 931 impetun-

2019 951 2129 1012 tur,
2163 944 2231 1000 ad
2261 960 2560 1016 supernum
2587 943 2863 1016 judicium
2897 956 3209 1003 recurrunt.
3247 947 3387 1022 [Vet.
3421 955 3469 1005 et
3498 952 3620 1008 Rec.

2018 1032 2124 1107 II.]
2158 1035 2180 1069 ‘
2212 1034 2364 1090 Unde
2394 1042 2447 1090 et
2479 1036 2546 1091 ab
2575 1034 2766 1091 eodem
2798 1036 2957 1092 beato
2982 1037 3084 1092 Job
3115 1036 3321 1094 dicitur
3354 1056 3365 1093 :
3400 1041 3534 1095 Ecce
3566 1038 3623 1093 in

2015 1121 2138 1175 cwlo
2188 1122 2330 1175 testis
2384 1138 2548 1188 meus,
2580 1130 2627 1177 et
2672 1124 2905 1178 conscius
2951 1141 3095 1179 meus
3148 1126 3206 1180 in
3234 1126 3447 1182 excelsis
3493 1127 3621 1198 (Job

2016 1227 2136 1278 xvr,
2176 1210 2291 1280 20).
2326 1211 2395 1265 Et
2449 1211 2577 1283 quia
2606 1212 2657 1266 ei
2700 1213 2912 1284 placere
2960 1230 3308 1287 summopere
3362 1216 3617 1288 cupiunt,

2016 1299 2134 1371 ejus
2152 1299 2323 1356 solius
2352 1300 2730 1356 testimonium
2755 1304 3063 1375 requirunt.
3088 1305 3339 1361 Perversi
3373 1322 3615 1379 quoque,

2016 1390 2149 1464 quia
2168 1390 2442 1463 justorum
2466 1392 2636 1448 vitam
2667 1392 2948 1461 deserunt,
2976 1394 3070 1449 sed
3092 1411 3491 1467 nonnunquam
3510 1397 3619 1452 elo-

2015 1481 2143 1554 quia
2164 1488 2488 1554 sequuntur,
2510 1499 2636 1539 cum
2663 1482 2729 1538 de
2759 1483 2873 1539 suis
2892 1483 3031 1538 male
3047 1483 3213 1554 gestis
3234 1483 3616 1556 increpantur,

2015 1569 2122 1627 hoc
2150 1579 2437 1627 assumunt
2465 1571 2523 1628 in
2537 1574 2921 1645 argumenium
2942 1572 3298 1641 defensionis,
3316 1572 3463 1645 quod
3478 1572 3619 1646 justi

2015 1661 2304 1733 proferunt
2350 1663 2370 1696 ⁵
2402 1661 2459 1717 in
2506 1662 2886 1718 testimonium
2934 1663 3209 1735 puritatis.
3245 1663 3398 1719 Unde
3440 1663 3520 1719 eis
3565 1672 3619 1720 et

1935 1773 1982 1833 B
2016 1749 2357 1806 consuetudo
2407 1749 2522 1822 jam
2557 1751 2698 1807 facta
2736 1760 2837 1818 est,
2870 1758 2930 1806 ut
2958 1751 3003 1807 si
3035 1753 3158 1825 quis
3213 1768 3305 1808 eos
3350 1752 3417 1808 de
3459 1752 3620 1810 factis

2014 1841 2130 1897 suis
2180 1848 2389 1913 arguat,
2440 1840 2538 1896 Dei
2594 1842 2766 1912 magis
2808 1840 3086 1912 judicium
3117 1858 3281 1914 quam
3324 1842 3616 1898 hominum

2015 1937 2282 2001 quaerant.
2316 1930 2362 1984 A
2392 1931 2504 1985 Deo
2532 1930 2679 1985 enim
2713 1936 2768 1985 et
2806 1946 2930 1985 cum
2975 1945 3030 1984 se
3078 1929 3422 1985 damnandos
3450 1946 3616 1987 nove-

2015 2019 2148 2085 rint,
2174 2017 2414 2089 judicari
2449 2034 2561 2075 non
2604 2026 2879 2086 metuunt,
2911 2026 2967 2073 et
2989 2017 3229 2090 judicari
3259 2019 3329 2075 ab
3358 2018 3616 2075 homini-

2014 2107 2117 2163 bus
2132 2108 2481 2165 erubescunt.
2515 2109 2835 2180 Proponunt
2854 2125 2981 2182 ergo
3002 2109 3179 2182 majus
3204 2108 3352 2182 quod
3380 2125 3491 2165 non
3507 2125 3616 2166 me-

2013 2204 2199 2266 tuunt,
2230 2205 2293 2253 ut
2322 2197 2427 2255 hoc
2456 2198 2642 2254 minus
2669 2198 2944 2255 declinare
2993 2199 3211 2255 valeant
3239 2197 3390 2271 quod
3419 2199 3614 2254 erube-

2012 2293 2195 2343 scunt.
2227 2286 2502 2359 Scriptum
2541 2287 2741 2360 quippe
2797 2294 2879 2344 est
2911 2304 2922 2343 :
2962 2287 3326 2358 Unusquisque
3372 2293 3617 2343 nostrum

2008 2392 2112 2447 pro
2131 2392 2184 2430 se
2208 2376 2468 2431 rationem
2486 2376 2667 2432 reddet
2692 2377 2802 2433 Deo
2821 2378 2997 2447 (Rom.
3023 2392 3142 2444 xxv,
3182 2376 3296 2447 12).
3326 2374 3467 2443 Quia
3487 2390 3615 2447 ergo

2012 2470 2146 2522 tunc
2174 2463 2454 2521 damnatio
2479 2465 2911 2539 uniuscujusque
2938 2465 3229 2521 manifesta
3275 2471 3375 2534 est,
3412 2464 3613 2521 exinde

2012 2556 2179 2614 modo
2204 2557 2382 2631 iniqui
2406 2557 2693 2630 colligunt,
2711 2566 2772 2614 ut
2791 2558 2958 2615 etiam
2981 2572 3233 2630 perversa
3260 2555 3614 2628 uniuscujus-

2012 2663 2118 2720 que
2145 2647 2289 2704 actio
2318 2648 2392 2705 sit
2417 2663 2609 2704 secura
2640 2666 2653 2715 ;
2711 2664 2780 2704 ne
2826 2646 2992 2704 modo
3022 2663 3140 2703 eam
3170 2645 3406 2719 quilibet
3428 2644 3614 2717 justus

2011 2737 2288 2809 arguendo
2317 2737 2596 2806 discutiat,
2626 2751 2658 2792 a
2712 2753 2820 2810 qua
2850 2744 3065 2794 constat
3115 2735 3264 2810 quod
3315 2735 3373 2791 in
3399 2735 3614 2808 judicio

2009 2825 2225 2882 alienus
2252 2827 2472 2885 existat.
2493 2829 2566 2883 At
2583 2834 2775 2883 contra
2795 2825 3014 2898 piorum
3036 2825 3388 2882 conscientia
3411 2824 3613 2897 grande

2010 2916 2118 2973 sibi
2144 2918 2383 2974 conferri
2413 2918 2701 2990 praemium
2735 2918 2986 2986 credunt,
3017 2934 3143 2974 cum
3183 2916 3251 2971 de
3279 2914 3611 2989 quibusdam

2011 3006 2176 3062 modo
2202 3005 2317 3062 suis
2344 3006 2656 3062 actionibus
2684 3006 2899 3062 illicitis
2927 3012 3255 3077 arguuntur.
3290 3005 3613 3076 Proponunt

2008 3100 2211 3155 etenim
2232 3106 2359 3155 ante
2388 3099 2577 3155 oculos
2606 3099 2789 3156 cordis
2817 3099 2947 3173 quia
2975 3098 3293 3155 districtum
3322 3096 3425 3153 Dei
3447 3094 3614 3168 judi-

2006 3189 2155 3246 cium
2174 3196 2327 3246 tanto
2345 3190 2530 3247 verius
2550 3196 2685 3247 tunc
2705 3206 2869 3263 super
2896 3205 2991 3246 eos
3020 3187 3386 3259 mitigabitur,
3405 3191 3615 3259 quanto

2008 3298 2157 3340 nunc
2183 3282 2368 3339 acrius
2394 3289 2657 3355 arguente
2685 3282 2918 3341 homine
2938 3280 3309 3355 praevenitur;
3338 3287 3393 3336 et
3408 3285 3598 3351 tempo

2005 3373 2178 3429 ralem
2209 3372 2347 3428 iram
2384 3388 2549 3446 super
2563 3389 2621 3429 se
2652 3373 2908 3430 “lucrum
2938 3378 3284 3445 computant,
3318 3385 3415 3442 per
3444 3382 3609 3440 quam

2005 3479 2062 3518 se
2082 3471 2340 3520 aeternam
2373 3479 2527 3535 posse
2559 3464 2796 3520 evadere
2838 3479 2951 3519 non
3000 3463 3276 3535 ignorant.
3324 3458 3453 3514 Elin
3482 3472 3611 3527 ergo

2006 3558 2201 3624 typum
2231 3559 2556 3609 cunctorum
2585 3553 2961 3625 arrogantium
2988 3560 3201 3619 tenens,
3232 3556 3287 3605 et
3319 3546 3493 3619 magis
3513 3544 3609 3602 eli-

2006 3658 2136 3714 gens
2164 3649 2367 3699 aeterna
2391 3641 2706 3699 invectione
2752 3642 2986 3714 percuti,
3032 3657 3197 3716 quam
3226 3636 3609 3711 temporaliter

2006 3730 2296 3803 increpari,
2354 3731 2543 3788 dicat:
2578 3732 2833 3801 Nunquid
2876 3749 2911 3785 a
2966 3738 3011 3785 te
3057 3731 3197 3785 Deus
3224 3727 3418 3797 expetit
3469 3741 3607 3792 eam,

2005 3818 2134 3890 quia
2160 3819 2433 3889 displicuit
2474 3819 2607 3875 tibi?
2628 3819 2769 3886 Quia
2796 3834 2926 3873 vero
2955 3833 3071 3874 esse
3099 3814 3486 3886 culpabiliores
3509 3827 3609 3866 so-

2006 3908 2122 3964 lent
2147 3906 2206 3962 hi
2236 3907 2330 3979 qui
2353 3906 2503 3979 loqui
2536 3907 2593 3961 in
2621 3906 2975 3963 contentione
3007 3903 3291 3971 inchoant,
3323 3916 3486 3975 quam
3508 3899 3603 3975 qui

2006 3994 2357 4069 respondent,
2388 3994 2655 4065 subdidit,
2687 3995 2876 4052 dicens
2912 4011 2925 4051 :

2613 4118 2841 4177 CAPUT
2887 4118 2983 4175 IV.

2076 4211 2379 4268 lem—Tu
2416 4210 2552 4265 enim
2578 4210 2777 4282 coepisti
2809 4208 2968 4280 loqui,
3000 4213 3049 4265 et
3074 4224 3181 4264 non
3208 4224 3317 4280 ego.

2074 4299 2128 4357 4.
2183 4302 2409 4357 Frustra
2437 4317 2489 4355 se
2516 4300 2807 4355 innocentes
2857 4304 3069 4372 putant,
3100 4297 3195 4370 qui
3218 4297 3424 4369 pulsati
3460 4297 3604 4353 dura

2004 4396 2334 4468 respondent.
2355 4427 2426 4438 —
2455 4396 2536 4452 Eo
2573 4413 2630 4453 se
2659 4396 3007 4452 innocentem
3040 4393 3295 4461 credidit,
3332 4410 3441 4467 quo
3471 4392 3605 4466 pul-

299 4505 448 4562 quam
482 4489 556 4547 de
584 4506 765 4547 errore
794 4490 974 4547 doceri
1008 4505 1069 4545 se
1088 4488 1268 4561 petiit,
1301 4496 1587 4562 postquam
1617 4486 1895 4562 iniquita-
1928 4495 1976 4555 1)
2006 4492 2155 4541 satus
2182 4485 2392 4558 erupit;
2424 4490 2568 4548 813
2596 4485 2861 4542 nimirum
2892 4482 3143 4541 nesciens
3164 4483 3295 4558 quia
3321 4483 3605 4539 innocen-

302 4584 400 4635 tem
417 4597 530 4637 non
550 4596 608 4637 se
626 4582 767 4636 ultra
783 4579 1099 4636 locuturum
1117 4577 1391 4650 promisit,
1422 4576 1603 4632 subito
1623 4575 1691 4632 ab
1715 4575 1893 4634 humi-

300 4667 460 4727 litatis
488 4671 671 4744 specie
687 4669 753 4727 ad
776 4670 943 4726 verba
961 4670 981 4704 ³
1011 4666 1238 4724 tumidae
1267 4666 1597 4725 causationis
1622 4665 1890 4724 exsilivit.

300 4757 428 4816 Nam
455 4758 729 4829 subdidit,
759 4757 979 4814 dicens:

909 4874 1137 4934 CAPUT
1174 4877 1269 4933 ΠΙ.

364 4965 527 5023 Vens.
565 4966 652 5023 33.
676 4996 747 5009 —
774 4965 1031 5037 Nunquid
1057 4984 1093 5022 a
1123 4972 1167 5022 te
1192 4966 1338 5022 Deus
1373 4964 1568 5037 expetit
1594 4980 1731 5030 eam,
1762 4964 1891 5037 quia

300 5033 566 5109 displicuit
594 5039 689 5095 tibi
705 5040 733 5095 r

371 5266 388 5340 ξ
416 5265 674 5340 Yindoc.,
698 5266 827 5339 quia
854 5284 973 5340 ergo
1001 5284 1108 5339 ego.
1141 5267 1320 5335 Colb.,
1352 5267 1479 5340 quia
1508 5284 1628 5339 ergo
1662 5269 1883 5323 locutus.

368 5336 392 5411 ξ
418 5336 642 5411 Pr_atel.,
674 5336 778 5411 non
802 5336 1073 5411 prohibeo.
1105 5340 1185 5395 Ita
1209 5336 1375 5396 etiam
1407 5340 1564 5397 Colb.

366 5409 386 5499 ξ’
402 5408 539 5499 £11.,
563 5410 778 5499 tumida:
796 5408 1168 5499 Excusationig:
1192 5412 1380 5499 Lectio
1397 5428 1573 5499 [quam
1604 5411 1889 5499 sequimur

300 5480 549 5571 enst‘hiss.
571 5482 812 5571 Anglic?
837 5482 1071 5571 .i‘lq‘rmg
1084 5481 1360 5571 _Yqindoc.,
1395 5480 1574 5553 Colb.,
1606 5480 1884 5540 aliorum-

416 5555 876 5707 ἓέοὲρῗθιὲἓᾞξ
907 5553 1227 5707 tigillis
1261 5625 1411 5680 Edit.
1444 5627 1505 5706 19
1547 5627 1715 5707 cum.
1749 5627 1884 5684 157i

302 5690 523 5773 aliisque
551 5690 691 5773 seq,
723 5697 887 5773 etiam
914 5698 973 5753 in
999 5690 1295 5773 Qussanv._,
1325 5697 1687 5773 crassiss_ir_no_
1701 5715 1889 5773 errore

302 5759 528 5836 legitiu';
569 5759 712 5828 Uiide
757 5775 804 5826 et
829 5768 894 5825 ab
948 5768 1121 5826 eodem
1165 5769 1236 5826 ad
1265 5759 1469 5827 beatum
1514 5771 1611 5827 Job
1653 5771 1887 5828 dicitur:

2002 4583 2082 4639 tia
2110 4600 2221 4639 non
2251 4591 2494 4657 tempore
2523 4583 2857 4653 defenditur,
2894 4584 2987 4641 sed
3009 4583 3243 4641 ratione.
3278 4582 3423 4652 Quid
3453 4580 3601 4639 enim

2003 4671 2121 4745 ejus
2149 4673 2561 4731 defensionibus
2587 4674 3036 4744 adminiculatur,
3069 4674 3216 4748 quod
3267 4672 3370 4729 etsi
3403 4669 3601 4728 tacenti

2001 4765 2157 4825 nulla
2185 4765 2394 4833 intulit,
2427 4772 2571 4821 recte
2617 4772 2802 4820 tamen
2848 4763 3134 4822 inchoanti
3169 4779 3337 4837 prava
3369 4776 3604 4830 respon-

2001 4856 2128 4914 dit?
2156 4858 2447 4930 Postquam
2481 4871 2610 4913 vero
2638 4854 2697 4912 in
2728 4854 2910 4911 verbis
2938 4852 3191 4910 elationis
3211 4854 3231 4887 ⁷
3264 4846 3599 4914 ostenditur,

2000 4963 2123 5005 ecce
2153 4947 2352 5003 iterum
2381 4945 2483 5002 sub
2511 4943 2887 5019 requisitionis
2916 4940 3188 5000 velamine
3216 4934 3499 5013 palliatur,
3520 4941 3603 4993 at-

2000 5053 2106 5112 que
2132 5036 2323 5107 infert,
2352 5036 2544 5094 dicens
2576 5053 2589 5093 :

2067 5269 2209 5324 Ecce
2229 5266 2288 5323 in
2315 5268 2474 5324 cmlo.
2517 5267 2650 5335 Quae
2679 5264 2850 5321 verba
2876 5268 3009 5335 sunt
3045 5259 3221 5335 ipsius
3246 5260 3369 5335 Job.

2068 5340 2089 5375 ⁵
2113 5339 2195 5395 lta
2222 5345 2343 5410 post
2369 5339 2498 5394 Mss.
2541 5332 2759 5410 antiqui
2792 5333 2966 5410 Editi.
2995 5338 3049 5410 AA
3068 5332 3483 5410 recentioribus
3519 5333 3603 5391 sic

1997 5405 2291 5490 mutatum,
2322 5426 2438 5465 cum
2461 5405 2749 5490 testimonio
2768 5407 3048 5490 puritatis,
3081 5405 3229 5490 quod
3256 5405 3599 5490 alterimem-

1995 5483 2096 5539 bro
2125 5477 2354 5554 minime
2386 5480 2714 5554 respondet:
2758 5477 2814 5536 in
2842 5477 3210 5551 argumentum
3255 5477 3595 5550 defensionis.

2070 5557 2091 5591 ⁶
2122 5552 2373 5625 Plerique
2401 5552 2616 5621 No’rm.,
2650 5554 2859 5609 lucrum
2893 5558 3107 5625 putant.

2068 5628 2087 5662 ⁷
2118 5622 2379 5707 Pratel,
2392 5625 2699 5707 extenditur
2729 5643 2751 5707 ί
2776 5625 2870 5681 sed
2894 5622 3249 5707 'legendum_
3276 5622 3597 5690 ostenditur,

1997 5706 2218 5773 propter
2243 5697 2567 5758 antithesim
2597 5697 2824 5755 alterius
2848 5696 3023 5766 verbi,
3049 5696 3343 5772 palliatur.
