4162 6184
563 269 663 327 351

631 393 768 447 Iern.
799 415 869 430 -
900 388 1053 456 Quod
1089 386 1138 442 si
1165 387 1295 458 quid
1321 387 1507 443 melius
1526 386 1684 455 nosti,
1719 387 1945 458 loquere.

635 478 901 546 Quamvis
921 478 1054 535 dum
1088 494 1200 533 non
1232 478 1340 533 ait:
1368 478 1508 545 Quia
1541 477 1738 533 melius
1767 477 1932 544 nosti,
1966 476 2079 544 sed,
2106 477 2166 532 Si

547 567 691 638 -quid-
720 567 908 623 melius
960 567 1120 632 nosti,
1157 568 1388 638 loquere,
1421 566 1587 621 nimis
1617 563 1724 620 hoc
1754 564 1933 637 ipsum
1964 581 2166 637 super-

559 656 707 714 bisse
735 665 836 725 est,
860 657 928 714 de
960 656 1204 712 melioris
1219 656 1458 713 scientia
1487 654 1786 711 dubitasse.
1812 655 1928 712 Hoc
1955 661 2161 724 tamen,

562 748 709 820 quod
728 746 889 804 beato
910 747 1012 803 Job
1042 746 1224 801 locum
1256 743 1516 816 loquendi
1547 743 1765 810 tribuit,
1790 742 2162 800 humilitatem

562 853 618 893 se
653 838 668 872 ¹
703 834 1023 892 exhibuisse
1082 833 1368 904 indicavit.
1419 831 1544 900 Sed,
1583 832 1726 888 sicut
1755 849 1917 904 supra
1947 832 2162 888 dictum

562 933 663 992 est,
698 925 828 998 quia
856 924 914 979 in
943 924 1160 979 actione
1189 921 1562 992 arrogantium
1592 937 1756 976 omne
1785 921 1933 993 quod
1963 937 2164 992 super-

555 999 729 1072 ducto
759 1029 1009 1070 sermone
1039 1013 1259 1084 tegitur,
1289 1017 1683 1082 prorumpente
1715 1027 1937 1065 rursum
1968 1010 2163 1066 inten—

561 1104 713 1160 tione
742 1103 996 1159 elationis
1025 1101 1286 1172 aperitur,
1346 1100 1512 1157 citius
1565 1101 1695 1156 Eliu
1754 1101 1997 1156 innotuit
2056 1117 2164 1173 qua

563 1201 745 1250 mente
771 1193 993 1249 beatum
1032 1190 1134 1248 Job
1165 1190 1316 1262 loqui
1351 1190 1668 1262 postulavit.
1700 1191 1836 1246 Nam
1869 1190 2157 1262 sequitur:

1049 1306 1275 1364 CAPUT
1306 1306 1354 1363 v
1388 1306 1529 1380 [Rea
1565 1307 1700 1379 IIIj.

631 1400 802 1455 Vnus.
837 1397 925 1466 34,
958 1397 1044 1453 35.
1069 1427 1140 1438 —
1168 1397 1279 1454 Viri
1302 1395 1641 1467 intelligentes
1685 1396 1974 1466 loquantur
2008 1397 2159 1462 mihi,

561 1497 609 1544 et
634 1490 722 1544 vir
740 1489 948 1562 sapiens
975 1488 1162 1544 audiat
1185 1505 1282 1542 me.
1324 1488 1420 1543 Job
1449 1494 1622 1543 autem
1651 1488 1807 1542 stulte
1837 1488 2038 1542 locutus
2065 1495 2158 1554 est,

561 1587 609 1637 et
637 1583 794 1638 verba
819 1582 966 1637 illius
994 1599 1100 1636 non
1129 1587 1318 1636 sonant
1345 1581 1703 1652 disciplinam.

632 1673 686 1728 ὅ.
708 1673 928 1729 Mentiri
954 1690 1063 1727 non
1084 1673 1197 1728 licet
1216 1672 1534 1728 humilitatis
1551 1671 1747 1743 gratia.
1767 1701 1838 1711 —
1857 1670 2000 1726 Ecce
2029 1668 2160 1725 dum

1767 261 2018 320 SANC'I‘I
2056 257 2394 319 GREGORII
2429 256 2660 322 MAGNI

2191 387 2240 446 Α
2268 383 2453 440 titiam
2485 382 2888 442 maledictionis
2907 384 3245 457 extenditur,
3268 387 3420 445 illico
3441 396 3636 446 contra
3649 388 3865 450 beatum

3760 264 3862 320 352

2275 473 2396 540 Job,
2431 475 2584 546 quasi
2615 473 2683 530 ad
2713 476 2888 532 Deum
2918 477 3124 534 faciens
3152 477 3337 545 verba,
3370 476 3655 551 subjungit
3690 497 3701 535 :

2730 591 2958 650 CAPUT
2993 595 3067 650 VI
3107 593 3248 668 [Rea
3292 593 3418 668 Ι

2345 677 2514 735 Vens.
2558 678 2645 736 36.
2688 710 2744 720 --
2787 684 2950 738 Pater
2988 683 3083 750 mi,
3112 684 3370 758 probetur
3395 683 3492 740 Job
3522 700 3684 755 usque
3713 684 3788 740 ad
3816 686 3873 756 ﬁ-

2273 784 2406 823 nem.

2353 863 2499 920 814
2527 869 2577 924 6.
2623 862 2849 934 Superbi
2885 862 3103 935 afflictis
3128 863 3354 936 compati
3380 865 3632 921 nesciunt.
3667 867 3734 921 In
3762 881 3878 920 cor-

2273 957 2506 1027 reptione
2550 957 2624 1010 sic
2664 953 2916 1008 tumentia
2957 954 3243 1024 premenda
3289 959 3431 1019 sunt,
3464 961 3522 1009 ut
3549 962 3769 1010 cruenta
3797 955 3875 1024 fo-

2270 1052 2514 1102 veantur.
2547 1076 2618 1086 —
2646 1045 2788 1101 Ecce
2817 1043 2924 1100 hoc
2954 1046 2974 1079 ‘
3005 1042 3152 1117 quod
3194 1044 3261 1100 de
3308 1044 3631 1116 arrogantiae
3660 1052 3877 1101 tumore

2272 1142 2596 1207 conceperat
2612 1135 2668 1189 in
2702 1132 2885 1188 verbis
2900 1133 3065 1188 etiam
3097 1132 3504 1189 maledictionis
3523 1134 3751 1189 exaltat.
3770 1132 3873 1190 Sed

2270 1223 2499 1280 fortasse
2519 1223 2800 1280 benevola:
2822 1221 2936 1276 vim
2968 1221 3307 1293 probationis
3338 1229 3571 1293 optaret,
3595 1223 3642 1277 si
3665 1224 3876 1280 stetisse

2271 1333 2396 1373 eum
2429 1315 2485 1370 in
2509 1313 2830 1386 probatione
2854 1311 3175 1384 judicasset.
3193 1313 3262 1368 Ut
3291 1328 3419 1384 ergo
3449 1319 3634 1384 aperte
3670 1313 3879 1370 malitia

2271 1404 2389 1476 ejus
2437 1401 2781 1460 crudelitatis
2829 1409 3107 1473 appareat,
3141 1400 3361 1473 probari
3399 1418 3525 1457 eum
3556 1401 3740 1459 adhuc
3787 1419 3879 1475 per

2273 1494 2489 1566 ﬂagella
2515 1492 2855 1564 deprecatur,
2876 1508 3037 1564 quem
3061 1492 3204 1547 inter
3233 1492 3445 1564 ﬂagella
3474 1492 3687 1563 lapsum
3709 1492 3878 1549 fuisse

2267 1581 2386 1655 jam
2417 1582 2684 1656 queritur.
2719 1580 2992 1635 Praemisit
3047 1581 3195 1652 quod
3225 1583 3414 1649 sensit,
3449 1589 3509 1637 ut
3528 1582 3769 1653 apertius
3787 1599 3876 1638 co-

2273 1673 2463 1746 gnosci
2507 1670 2702 1728 debeat
2731 1669 2879 1742 quod
2935 1671 3166 1742 optavit.
3199 1670 3394 1726 Adhuc
3449 1670 3602 1726 feriri
3637 1670 3879 1743 postulat

563 1761 718 1834 quasi
751 1759 1040 1816 humiliter
1059 1762 1220 1818 beato
1252 1762 1353 1818 Job
1377 1761 1525 1833 loqui
1558 1759 1775 1827 tribuit,
1801 1758 1935 1832 quid
1966 1757 2162 1813 intrin-
2195 1744 2242 1803 Β
2275 1744 2434 1834 quem
2462 1758 2576 1830 jam
2599 1773 2850 1829 peccasse
2879 1758 2980 1814 sub
3011 1775 3178 1814 manu
3207 1759 3452 1816 ferientis
3474 1767 3711 1817 accusat.
3745 1760 3876 1815 Pro-

561 1868 718 1908 secus
748 1859 981 1923 gestaret
1009 1850 1270 1918 ostendit,
1304 1850 1492 1906 dicens
1519 1867 1529 1905 :
1571 1849 1686 1906 Viri
1707 1848 2046 1919 intelligentes
2077 1849 2165 1903 lo-

562 1946 802 2010 quantur
829 1939 960 1994 mihi
982 1958 1002 2004 ;
1031 1939 1357 2012 dedignatus
1375 1939 1633 1995 videlicet
1670 1938 1717 1994 si
1737 1937 1928 1994 beatus
1956 1937 2057 1992 .lob
2089 1938 2162 1992 lo‘

559 2026 657 2097 qui
689 2035 1064 2098 praesumeret,
1090 2027 1183 2100 qui
1203 2027 1358 2098 quasi
1378 2025 1496 2098 ejus
1527 2025 1834 2097 intelligere
1866 2023 2032 2080 verba
2049 2039 2161 2079 non

563 2122 762 2186 posset.
797 2115 870 2169 Et
898 2115 1026 2187 quia
1055 2131 1165 2170 non
1195 2115 1373 2169 solum
1403 2114 1470 2169 ad
1496 2113 1850 2186 loquendum,
1874 2112 1966 2168 sed
1997 2113 2161 2167 etiam

562 2202 631 2258 ad
652 2202 1010 2271 audiendum,
1044 2203 1264 2259 beatum
1296 2202 1397 2259 Job
1430 2201 1719 2276 indignum
1739 2202 1908 2257 fuisse
1933 2200 2163 2273 judica-

561 2293 665 2362 vit,
697 2293 850 2350 illico
881 2292 1138 2365 adjunxit
1163 2313 1173 2350 :
1220 2294 1312 2352 Vir
1338 2294 1546 2366 sapiens
1575 2293 1762 2349 audiat
1788 2310 1885 2348 me.
1905 2293 1985 2348 Ac
2012 2292 2059 2347 si
2080 2291 2161 2346 di-

561 2389 708 2439 ceret
733 2398 744 2436 :
780 2383 924 2441 Huic
953 2384 1104 2456 loqui
1136 2383 1337 2456 injuste
1361 2383 1700 2451 conceditur,
1731 2382 1826 2455 qui
1857 2382 2022 2437 etiam
2053 2397 2162 2436 au-

565 2471 686 2529 dire
716 2473 886 2529 verba
913 2473 1245 2545 sapientium
1303 2491 1414 2530 non
1473 2481 1732 2529 meretur.
1794 2474 1975 2545 Atque
2031 2486 2163 2525 mox

561 2574 765 2640 aperte,
811 2583 977 2639 quam
1021 2565 1273 2638 despecta
1318 2566 1385 2621 de
1417 2565 1513 2620 illo
1556 2563 1774 2628 sentiat,
1827 2562 2159 2627 manifestat,

559 2657 747 2713 dicens
774 2673 785 2710 :
818 2655 914 2711 Job
961 2661 1136 2710 autem
1163 2655 1318 2708 stulte
1350 2655 1550 2708 locutus
1579 2659 1673 2720 est,
1705 2658 1752 2706 et
1795 2650 1955 2705 verba
2009 2650 2163 2705 illius

559 2762 665 2801 non
692 2749 884 2799 sonant
901 2743 1256 2814 disciplinam.
1290 2742 1420 2798 Sine
1450 2740 1743 2812 disciplina
1772 2740 2018 2795 locutum
2041 2737 2162 2793 bea-

560 2841 678 2888 tum
725 2832 826 2889 Job
856 2831 1115 2898 credidit,
1147 2831 1277 2904 quia
1299 2829 1514 2902 justum
1552 2846 1608 2886 se
1657 2830 1714 2885 in
1744 2829 1859 2884 suis
1901 2827 2164 2900 operibus

559 2924 730 2981 fuisse
761 2925 1106 2981 memoravit.
1127 2924 1334 2979 Verum
1357 2921 1588 2977 fortasse
1608 2920 1738 2976 Eliu
1785 2919 2012 2987 diceret,
2032 2918 2078 2974 si
2102 2933 2164 2973 ea

560 3027 680 3084 qua;
709 3011 901 3068 beatus
931 3011 1032 3067 Job
1063 3011 1130 3067 de
1178 3011 1358 3083 seipso
1399 3015 1736 3077 narraverat,
1788 3024 1900 3064 non
1942 3006 2010 3063 de
2066 3007 2163 3062 illo

2276 1850 2395 1924 pria
2423 1848 2540 1904 haec
2569 1846 2944 1918 arrogantium
2967 1856 3097 1904 vota
3117 1856 3265 1918 sunt,
3286 1856 3349 1905 ut
3377 1849 3547 1904 vitam
3569 1847 3876 1905 dolentium

2273 1937 2575 1996 examinari
2607 1933 2788 1991 acrius
2817 1933 3199 2007 deprecentur,
3233 1938 3364 2010 quia
3383 1945 3589 2011 quanto
3618 1937 3878 1994 sibimet-

2274 2029 2408 2101 ipsis
2440 2025 2700 2099 justiores
2730 2032 2879 2091 sunt,
2911 2032 3066 2081 tanto
3086 2026 3283 2081 alienis
3313 2025 3602 2082 doloribus
3622 2027 3876 2084 duriores

2273 2119 2538 2175 existunt.
2572 2114 2837 2171 Nesciunt
2867 2114 3013 2170 enim
3049 2114 3108 2170 in
3139 2131 3196 2171 se
3226 2116 3531 2186 passionem
3553 2115 3748 2172 alienae
3781 2116 3880 2172 in-

2275 2207 2552 2263 ﬁrmitatis
2597 2203 2834 2272 trahere,
2869 2213 2922 2260 et
2969 2205 3113 2262 sicut
3151 2221 3282 2271 suae,
3317 2204 3395 2260 ita
3435 2205 3600 2261 etiam
3632 2205 3879 2277 proximi

2275 2293 2647 2352 imbecillitati
2670 2293 2937 2349 misereri.
2957 2293 3098 2361 Quia
3117 2294 3266 2350 enim
3295 2293 3362 2349 de
3381 2309 3438 2349 se
3467 2295 3579 2350 alta
3606 2295 3874 2362 sentiunt,

2277 2388 2482 2445 idcirco
2539 2384 2846 2443 humilibus
2878 2387 3193 2441 nullatenus
3238 2384 3712 2443 condescendunt.
3745 2385 3879 2441 Eliu

2272 2479 2496 2534 beatum
2525 2475 2626 2532 Job
2657 2490 2756 2545 pro
2785 2475 2949 2546 culpa
2977 2491 3293 2546 percussum
3323 2474 3519 2536 credit,
3552 2482 3721 2547 atque
3752 2473 3877 2530 ideo

2274 2568 2591 2625 exhibenda
2619 2571 2669 2625 ei
2711 2563 2930 2634 pietatis
2977 2564 3189 2619 viscera
3232 2581 3332 2620 nec
3380 2565 3523 2621 inter
3549 2572 3633 2620 tot
3661 2565 3879 2621 dolores

2273 2656 2590 2712 astimavit.
2615 2655 2736 2711 Viri
2758 2660 2940 2710 autem
2970 2651 3239 2709 veraciter
3266 2653 3439 2709 sancti
3460 2670 3584 2709 cum
3617 2653 3876 2726 ﬂagellari

2276 2745 2588 2818 quempiam
2621 2745 2786 2800 etiam
2819 2757 2917 2814 pro
2936 2741 3101 2812 culpa
3129 2748 3484 2812 cognoscunt,
3503 2741 3603 2797 etsi
3626 2743 3876 2815 quaedam

2275 2832 2392 2905 ejus
2424 2832 2742 2888 inordinata
2769 2830 3100 2901 corripiunt,
3124 2830 3191 2886 ad
3213 2829 3458 2902 quaedam
3478 2837 3660 2886 tamen
3686 2833 3876 2888 dolen-

2277 2928 2354 2983 tia
2381 2927 2825 3000 compatiuntur;
2849 2934 2904 2982 et
2924 2927 3002 2983 sic
3023 2926 3206 2985 sciunt
3228 2926 3494 2982 tumentia
3523 2943 3792 3002 premere,
3818 2937 3878 2985 ut

2275 3016 2454 3074 sciant
2481 3017 2644 3072 etiam
2675 3023 2904 3073 cruenta
2932 3016 3200 3084 refovere,
3219 3023 3485 3088 quatenus
3515 3015 3572 3070 in
3600 3017 3683 3072 eis
3709 3019 3729 3053 δ
3751 3035 3878 3074 cum

558 3101 676 3158 hac
703 3101 890 3158 eadem
922 3103 1036 3173 ipse
1066 3102 1374 3174 disciplinae
1404 3109 1596 3158 auctor
1628 3101 2020 3158 existimasset-
2054 3099 2157 3154 Ῑῐὶ-
2196 3096 2240 3157 C
2271 3107 2410 3163 dura
2439 3107 2825 3175 emolliuntur,
2847 3106 3069 3162 infirma
3097 3105 3444 3161 roborentur.
3472 3104 3610 3180 [Vet.
3637 3109 3740 3176 IV,
3758 3111 3873 3167 Rec.

557 3198 818 3247 nocenter
865 3191 1014 3246 enim
1061 3192 1163 3248 Job
1210 3208 1267 3248 se
1313 3192 1546 3247 asseruit
1588 3190 1945 3262 ﬂagellatum,
1993 3203 2155 3260 quem

557 3281 703 3336 Deus
723 3278 887 3334 etiam
917 3279 1200 3352 perhibuit
1228 3280 1432 3336 frustra
1461 3294 1779 3350 percussum
1809 3277 1936 3347 (Job
1968 3292 2028 3343 ιι,
2071 3275 2154 3346 3).

557 3367 702 3437 Quid
731 3385 858 3441 ergo
879 3384 990 3424 vox
1013 3369 1257 3441 percussi
1290 3367 1590 3439 superbum
1610 3367 1816 3434 sonuit,
1843 3382 1963 3438 qua)
1985 3381 2017 3419 a
2037 3372 2158 3420 sen'

556 3458 731 3514 tentia
758 3457 1005 3514 ferientis
1022 3458 1337 3513 nullatenus
1356 3454 1722 3526 discrepavit?
1735 3455 1756 3489 ³
1778 3456 2002 3511 Incaute
2030 3459 2161 3508 sunt

558 3548 800 3605 humiles
833 3550 945 3620 (22,
979 3566 1030 3619 q.
1065 3548 1118 3616 2,
1150 3564 1194 3604 c.
1228 3545 1592 3619 Incaute),qui
1622 3561 1680 3601 se
1709 3543 1996 3601 mendacio
2026 3543 2161 3599 illa-

559 3644 784 3710 queant,
843 3636 976 3693 dum
1033 3636 1402 3708 arrogantiam
1433 3635 1642 3702 vitant;
1676 3635 1788 3690 imo
1839 3631 2160 3688 mentiendo

558 3728 905 3801 superbiunt,
955 3729 1084 3803 quia
1113 3735 1305 3785 contra
1334 3727 1621 3784 veritatem
1670 3742 1727 3782 se
1747 3725 1968 3797 erigunt
1996 3739 2160 3796 quam

557 3818 898 3893 relinquunt.
933 3818 1038 3888 Qui
1071 3817 1239 3886 enim,
1290 3815 1614 3875 necessitate
1655 3821 1904 3888 cogente,
1936 3829 2067 3870 vera
2094 3812 2162 3870 de

558 3931 614 3970 se
641 3915 786 3972 bona
835 3915 1102 3989 loquitur,
1133 3921 1288 3970 tanto
1335 3913 1508 3985 magis
1549 3911 1855 3967 humilitati
1884 3909 2159 3984 jungitur,

557 4011 764 4075 quanto
793 4011 848 4057 et
887 4004 1107 4059 veritati
1138 4003 1398 4059 sociatur.
1434 4003 1519 4056 An
1551 4002 1752 4057 Paulus
1783 4001 2017 4058 humilis
2047 4017 2159 4058 non

557 4089 686 4156 fuit,
720 4089 940 4162 quando
972 4090 1322 4145 zemulatione
1342 4089 1592 4145 veritatis
1613 4099 1808 4147 contra
1835 4090 2002 4146 falsos
2023 4107 2164 4162 apo-

559 4178 730 4232 stolos
751 4184 832 4232 tot
851 4176 919 4232 de
938 4194 994 4234 se
1014 4177 1305 4248 discipulis
1325 4177 1491 4234 fortia
1510 4187 1659 4251 gesta
1679 4180 1926 4235 narravit
1943 4180 2002 4250 (Ι
2026 4179 2159 4234 Tim.

558 4281 622 4333 ιι,
653 4264 716 4331 7;
749 4264 866 4320 Act.
898 4282 997 4335 xx,
1033 4265 1284 4337 18,19)?
1304 4265 1692 4333 Quinimirum
1723 4266 1942 4322 veritati
1966 4267 2166 4323 inimi-

473 4429 479 4435 η
559 4375 656 4416 cus
685 4358 962 4429 existeret,
988 4362 1033 4418 si
1065 4360 1451 4418 abscondendo
1482 4362 1715 4418 virtutes
1744 4360 2012 4434 proprias,
2032 4379 2164 4435 prm-

560 4448 835 4507 dicatores
865 4466 1112 4507 errorum
1146 4452 1441 4522 praevalere
1470 4452 1824 4523 permisisset.

631 4537 736 4594 Sed
765 4538 896 4611 quia
925 4547 1238 4612 arrogantes
1261 4541 1349 4595 vir
1372 4540 1426 4595 in
1457 4557 1520 4595 eo
1543 4540 1689 4613 quod
1719 4541 1990 4598 bonorum
2011 4541 2162 4598 dicta

560 4624 792 4698 superbe
840 4628 1179 4694 examinant,
1239 4627 1536 4684 verborum
1595 4629 1767 4698 magis
1813 4629 2160 4699 superﬁciem

561 4740 726 4800 quam
759 4723 780 4758 ³
811 4740 994 4781 rerum
1027 4725 1276 4781 ordinem
1309 4733 1558 4796 pensant,
1589 4725 1721 4781 Eliu
1740 4724 1884 4780 beati
1920 4725 2022 4781 Job
2041 4743 2159 4783 sen-

561 4814 762 4874 tentias
804 4813 1157 4888 disciplinam
1189 4813 1428 4871 credidit
1454 4830 1566 4869 non
1595 4812 1984 4888 sonasse.[Vet.
2018 4815 2158 4892 ΙΙΙ.]

561 4905 702 4977 Quia
727 4923 859 4964 vero
889 4923 1029 4982 saepe
1058 4903 1320 4981 asperitas
1351 4903 1714 4978 superborum
1745 4920 1920 4978 usque
1949 4905 2017 4963 ad
2047 4905 2161 4963 du-

639 5129 654 5162 ¹
689 5128 935 5198 Βεοθιιι.,
977 5129 1172 5187 invitis
1200 5128 1351 5196 Mss.,
1383 5126 1678 5183 exhibuisse
1695 5125 1978 5197 judicavit.

636 5199 658 5233 ³
680 5200 762 5273 Ita
778 5201 906 5256 Mss.
930 5203 1105 5258 nostri
1134 5209 1189 5257 et
1208 5199 1356 5273 Edit.
1382 5215 1518 5273 pene
1541 5199 1840 5273 omnes._l_n
1862 5199 2156 5273 Gussanv.,

564 5269 764 5325 incauti
782 5279 905 5343 sunt
931 5273 1173 5329 humiles.
1203 5269 1517 5338 Gratianus,
1541 5271 1660 5328 loco
1691 5269 1954 5343 indicato,
1977 5271 2158 5343 dupli-

565 5341 940 5420 cemOexhibet
972 5343 1284 5420 lectionem,
1315 5343 1522 5400 incaute
1546 5349 1670 5398 sunt
1697 5342 1938 5409 humiles,
1972 5341 2158 5409 et,‘in-

564 5414 707 5464 cauti
734 5419 857 5465 sunt
883 5414 1133 5471 homines.

637 5482 658 5513 ³
682 5481 763 5536 Ita
776 5481 1010 5541 Vindoc.
1021 5529 1044 5559 ,_
1055 5486 1240 5559 Baluz.
1252 5485 1703 5559 ,Colb.,Ebroic_.,
1725 5483 1929 5559 aliique
1943 5485 2108 5541 Norm
2121 5527 2156 5553 .,

567 5568 889 5625 nonirerum
917 5557 1204 5625 cardinem,
1236 5563 1299 5612 ut
1327 5558 1492 5613 habes
1523 5558 1579 5612 in
1601 5555 1799 5612 Editis.

637 5625 659 5660 ’⁸
680 5623 905 5692 Pratel.,
935 5627 1075 5695 quod
1103 5623 1258 5696 quasi
1285 5629 1347 5683 de
1374 5630 1709 5696 arrogantia.

637 5646 659 5660 '
680 5646 905 5692 ΓΓὸιϐΙ.,
935 5646 1075 5695 quoa
1103 5646 1258 5696 quasi
1285 5646 1347 5683 ac
1374 5646 1506 5684 arra
1540 5646 1709 5684 anna.

635 5696 657 5731 δ
698 5696 928 5765 Turon.,
962 5695 1354 5766 Baluz.,Colb.,
1386 5707 1441 5755 et
1467 5646 1602 5771 pﬂar.
1633 5701 1846 5769 Norm.,
1877 5711 1993 5755 cum
2019 5694 2162 5752 dura

2278 3194 2366 3269 V.]
2403 3182 2472 3251 At
2487 3203 2677 3252 contra
2705 3203 3022 3267 arrogantes
3053 3196 3159 3250 viri
3192 3197 3322 3269 quia
3349 3195 3636 3253 charitatis
3666 3199 3877 3256 viscera

2267 3298 2382 3337 non
2413 3281 2636 3350 habent,
2671 3298 2781 3338 non
2812 3283 2992 3338 solum
3026 3297 3135 3337 non
3167 3284 3580 3355 compatiuntur
3609 3285 3778 3341 etiam
3793 3283 3874 3355 ju-

2268 3373 2368 3430 stis
2387 3373 2726 3440 dolentibus,
2751 3372 2847 3430 sed
2877 3390 2971 3428 eos
3001 3373 3226 3446 insuper
3254 3375 3357 3431 sub
3386 3375 3564 3447 specie
3585 3374 3755 3448 justae
3785 3377 3876 3432 in—

2267 3463 2601 3534 crepationis
2635 3462 2894 3534 afﬂigunt
2919 3480 2931 3518 :
2965 3470 3019 3518 et
3049 3465 3136 3519 vel
3167 3464 3339 3537 siqua
3369 3465 3424 3520 in
3453 3465 3532 3519 eis
3558 3472 3690 3520 sunt
3711 3482 3876 3538 parva

2269 3551 2413 3606 mala
2445 3557 2795 3623 exaggerant,
2827 3551 2914 3606 vel
2945 3566 3010 3606 ea
3054 3568 3177 3624 quae
3225 3569 3352 3610 vere
3404 3552 3550 3609 bona
3576 3561 3708 3608 sunt
3736 3553 3874 3610 male

2269 3639 2415 3712 apud
2444 3655 2500 3694 se
2532 3638 2944 3712 interpretando
2973 3649 3336 3697 commutant.

2341 3728 2392 3786 7.
2428 3729 2608 3786 Sancti
2653 3729 2889 3784 doctores
2919 3729 3330 3800 delinquentium
3371 3731 3505 3785 vitia
3546 3746 3868 3801 exaggerari!

2270 3819 2455 3874 solent.
2501 3819 2641 3886 Quid
2669 3819 2739 3874 sit
2792 3818 2968 3874 cordis
3004 3819 3261 3889 parietem
3288 3817 3487 3888 fodere.
3509 3849 3580 3860 —
3609 3818 3871 3886 Quamvis

2271 3908 2435 3964 etiam
2459 3909 2481 3944 ⁶
2510 3908 2648 3964 casti
2679 3907 2930 3964 doctores
2971 3923 3110 3980 saepe
3151 3923 3477 3980 exaggerare
3506 3908 3727 3964 soleant
3771 3907 3872 3963 de-

2273 3994 2642 4067 linquentium
2674 3995 2830 4063 vitia,
2863 4003 2917 4051 et
2946 4012 3016 4051 ex
3045 3995 3377 4070 quibusdam
3406 3997 3579 4068 signis
3637 3996 3872 4070 publicis

2272 4085 2489 4140 occulta
2519 4084 2731 4154 rimari,
2755 4092 2816 4140 ut
2846 4085 3059 4157 possint
3088 4101 3157 4141 ex
3173 4085 3420 4141 minimis
3443 4084 3650 4156 majora
3677 4101 3871 4158 cogno-

2273 4187 2441 4228 scere.
2480 4173 2633 4228 Unde
2662 4173 2730 4228 ad
2788 4172 3134 4230 Ezechielem
3167 4173 3408 4230 dicitur:
3468 4174 3578 4228 Fili
3621 4173 3870 4237 hominis,

2272 4259 2394 4330 fode
2415 4261 2674 4332 parietem
2707 4262 2924 4331 (Ezech.
2957 4280 3082 4329 vm,
3113 4262 3195 4333 8).
3248 4261 3351 4318 Ubi
3389 4277 3518 4318 mox
3572 4259 3824 4316 subdidit
3857 4277 3868 4315 :

2275 4351 2306 4385 τ
2325 4351 2400 4406 Et
2424 4367 2539 4404 cum
2584 4349 2833 4421 [odissem
2865 4354 3142 4425 parietem,
3173 4352 3428 4423 apparuit
3455 4352 3646 4406 ostium
3687 4367 3871 4418 unum,

2195 4458 2244 4517 Ῑ)
2274 4447 2323 4497 et
2351 4442 2494 4498 dixit
2521 4443 2593 4497 ad
2621 4459 2730 4497 me:
2764 4443 3067 4513 Ingredere,
3096 4448 3144 4497 et
3169 4442 3284 4496 vide
3325 4441 3738 4498 abominationes
3761 4456 3872 4513 pes-

2269 4530 2453 4598 simas,
2483 4547 2616 4601 quas
2650 4531 2740 4585 isti
2773 4529 2984 4601 faciunt
3006 4533 3108 4588 hic.
3140 4532 3213 4588 Et
3227 4531 3496 4604 ingressus
3523 4530 3672 4594 vidi;
3698 4536 3748 4584 et
3773 4543 3874 4584 ecce

2268 4621 2438 4677 omnis
2466 4621 2760 4677 similitudo
2790 4622 3093 4694 reptilium,
3124 4629 3172 4676 et
3215 4623 3532 4677 animalium
3559 4616 3878 4674 abominatio

2268 4717 2317 4765 et
2345 4711 2593 4767 universa
2624 4710 2772 4767 idola
2797 4711 2983 4766 domus
3014 4711 3188 4767 Israel
3206 4712 3411 4784 depicta
3437 4708 3662 4765 erantin
3674 4708 3875 4781 pariete

2267 4799 2438 4869 (Ibid.
2461 4798 2650 4869 9,10).
2687 4799 2788 4854 Per
2833 4798 3180 4856 Ezechielem
3212 4800 3412 4874 quippe
3458 4799 3871 4873 praepositorum

2270 4905 2499 4963 persona
2511 4889 2881 4962 signatur,per
2895 4891 3158 4963 parietem
3170 4890 3391 4965 .duritia
3400 4889 3770 4946 subditorum.
3807 4887 3874 4942 Et

2267 5125 2559 5182 emolliunt.
2593 5125 2718 5199 Yet.
2752 5126 2901 5184 Edit.
2925 5127 3102 5184 Paris.
3135 5135 3190 5183 et
3220 5125 3413 5195 Basil.,
3433 5134 3694 5199 quatenus
3722 5127 3778 5182 in
3804 5125 3874 5181 eis

2267 5199 2408 5270 dura
2427 5197 2790 5270 emolliuntur,
2823 5200 3045 5270 inﬁrma
3073 5199 3413 5255 roborentur.

2339 5271 2362 5305 ⁸
2383 5269 2472 5326 Sic
2503 5269 2703 5342 legitur
2735 5271 2789 5325 in
2819 5268 2947 5327 MSS.
2990 5271 3201 5338 Baluz.,
3235 5270 3418 5338 Colb.,
3455 5271 3716 5342 Yindoc.,
3757 5268 3873 5323 Tu—

2267 5357 2418 5415 ron._,_
2445 5341 2660 5415 Norm.,
2685 5357 2820 5415 quos
2840 5349 3149 5415 sequuntur
3170 5342 3394 5415 priores
3415 5341 3565 5415 Ed_i_t.
3599 5343 3676 5400 At
3704 5346 3873 5415 poste-

2267 5412 2508 5489 rioribus
2520 5408 2842 5489 Editoribus
2853 5408 3040 5488 {visum
3055 5421 3139 5489 est
3151 5408 3249 5486 pro
3264 5414 3396 5470 casti
3409 5412 3663 5489 sufﬁcere
3683 5408 3866 5489 sancti:

2269 5483 2533 5551 Quamvis
2551 5481 2662 5557 dici
2693 5481 2904 5557 possint
2933 5485 3066 5540 casti
3095 5481 3368 5554 ddctores,
3411 5485 3508 5557 qui
3537 5483 3754 5557 eloquia
3773 5481 3866 5536 Dei

2269 5561 2413 5610 casta
2434 5570 2549 5609 non
2579 5552 2980 5613 adulterantur.

2343 5627 2362 5661 ⁷
2389 5626 2504 5692 Αι.,
2538 5631 2584 5680 et
2611 5642 2727 5682 cum
2753 5626 3117 5699 perfodissem.
