4162 6184
262 277 362 339 353

991 272 1364 333 MORALIUM
1402 269 1536 330 LIB.
1580 265 1786 330 XXVI.
1825 297 1900 316 -—
1935 267 2010 329 IN
2046 267 2554 334 CAPUT'XXXIV
2592 278 2655 336 B.
2695 277 2840 337 JOB.

3462 282 3568 343 351i

266 403 392 478 quid
417 409 506 460 est
531 399 788 475 parietem
820 398 1027 467 fodere,
1050 399 1159 455 nisi
1178 399 1384 486 asperis
1413 397 1856 472 correptionibus
1885 398 1939 457 A
1972 403 2079 486 tem
2111 400 2398 458 szevientes
2426 401 2694 474 afﬂigunt.
2727 402 2958 459 Servant
2987 404 3045 461 in
3061 407 3393 480 cogitatione
3423 410 3574 482 quod

273 492 524 550 duritiam
553 488 730 548 cordis
759 489 972 560 aperire
994 489 1022 546 ?
1051 489 1224 557 Quem
1241 507 1367 546 cum
1400 488 1752 562 perfodisset,
1769 503 1860 559 ap-

272 580 450 655 paruit
473 578 692 646 ostium,
723 577 854 650 quia
872 593 998 633 cum
1033 577 1218 634 cordis
1247 577 1460 634 duritia
1497 577 1701 650 asperis
1746 593 1862 633 cor-

271 667 599 741 reptionibus
618 666 885 738 aperitur,
908 666 1062 739 quasi
1082 667 1331 740 quaedam
1341 665 1512 738 janua
1527 665 1861 733 ostenditur,

271 775 334 814 ex
359 773 463 831 qua
490 755 676 812 omnia
705 755 763 810 in
791 771 867 821 eo,
881 755 976 828 qui
1005 756 1308 829 corripitur
1340 756 1737 828 cogitationum
1780 756 1862 810 in-

271 849 459 906 teriora
488 847 804 904 videantur.
839 847 993 904 Unde
1034 857 1087 904 et
1123 849 1263 906 bene
1303 849 1421 905 illic
1461 848 1712 921 sequitur
1745 865 1756 902 :
1791 849 1864 903 Et

271 938 398 994 dixit
424 939 498 993 ad
524 957 606 993 me
631 956 649 994 .'
679 939 984 1010 Ingredere,
1013 946 1062 994 et
1091 939 1206 995 vide
1254 940 1668 995 abominationes
1691 939 1858 1009 pessi-

269 1045 388 1096 mas,
418 1044 554 1098 quas
595 1027 687 1082 isti
714 1027 926 1097 faciunt
951 1029 1049 1084 hic.
1082 1029 1249 1096 Quasi
1285 1028 1593 1101 ingreditur
1630 1036 1692 1083 ut
1738 1026 1864 1082 abo-

269 1117 591 1173 minationes
619 1117 870 1189 aspiciat,
893 1119 989 1190 qui
1033 1118 1296 1176 discussis
1337 1119 1668 1193 quibusdam
1691 1117 1862 1188 signis

266 1207 493 1264 exterius
547 1207 959 1280 apparentibus,
994 1208 1067 1265 ita
1097 1209 1265 1282 corda
1293 1209 1641 1266 subditorum
1687 1223 1862 1280 pene—

265 1306 379 1364 trat,
408 1306 466 1353 ut
498 1304 704 1354 cuncta
719 1297 770 1352 ei
792 1313 911 1370 quae
934 1297 1129 1354 illicite
1148 1300 1460 1371 cogitantur
1491 1299 1858 1354 innotescant.

267 1386 405 1442 Unde
433 1396 486 1442 et
525 1385 777 1443 subdidit
813 1403 824 1441 :
873 1388 948 1442 Et
976 1388 1240 1458 ingressus
1291 1389 1439 1453 vidi;
1469 1393 1518 1443 et
1563 1404 1668 1442 ecce
1696 1384 1863 1440 omnis

266 1476 550 1532 similitudo
579 1476 874 1548 reptilium,
905 1481 952 1530 et
978 1476 1296 1532 anima-lium
1324 1477 1668 1532 abominatio.
1693 1475 1753 1529 In
1783 1488 1863 1528 re-

265 1566 512 1638 ptilibus,
544 1566 906 1637 cogitationes
936 1566 1166 1622 omnino
1207 1577 1435 1624 terrenae
1465 1566 1770 1638 signantur;
1806 1563 1863 1618 in

266 1655 596 1712 animalibus
622 1672 775 1724 vero,
800 1654 916 1726 jam
946 1655 1167 1728 quidem
1216 1656 1618 1730 aliquantulum
1651 1670 1684 1708 a
1720 1661 1864 1708 terra

1971 485 2232 558 diligunt,
2262 496 2489 545 sumunt
2505 489 2561 543 in
2579 488 2756 560 specie
2787 488 2933 561 quod
2964 503 3388 564 persequuntur.
3421 496 3575 551 Bona

1971 579 2330 648 praedicantes
2360 580 2666 646 insinuant,
2707 580 2848 634 mala
2894 587 3077 635 autem
3120 592 3376 640 caventes
3423 602 3576 656 pm—

1971 667 2252 735 nuntiant,
2282 685 2394 724 non
2438 676 2498 723 ut
2545 669 2674 724 Eliu
2716 668 3087 725 desiderantes
3132 680 3364 726 exorant
3432 674 3575 744 Erga

1971 757 2294 814 commissos
2323 758 2428 814 sibi
2455 759 2532 814 ita
2568 775 2966 833 nonnunquam
3007 760 3064 816 in
3097 761 3442 833 correptione
3471 763 3575 818 fer-

1971 855 2122 914 vent,
2153 864 2214 903 ac
2244 849 2290 904 si
2320 848 2386 904 de
2414 849 2816 921 tranquillitate
2842 850 2984 905 nihil
3016 849 3269 917 habeant;
3297 850 3390 906 sed
3419 851 3494 906 ita
3516 851 3575 908 in

1970 935 2268 994 dilectione
2318 939 2602 1011 tranquilli
2646 947 2795 1008 sunt,
2845 956 2908 995 ac
2945 939 2991 995 si
3033 940 3220 996 nullus
3260 955 3352 995 eos
3389 941 3576 997 fervor

1969 1027 2251 1083 accendat.
2302 1029 2477 1086 Valde
2506 1031 2654 1086 enim
2709 1039 2962 1087 metuunt
2989 1047 3057 1087 ne
3095 1031 3142 1086 si
3189 1048 3221 1086 a
3275 1047 3572 1103 pravorum

1969 1117 2315 1187 correptione
2338 1119 2693 1186 cessaverint,
2726 1120 2830 1191 ipsi
2862 1137 2959 1192 pro
2989 1137 3178 1176 eorum
3217 1120 3570 1178 damnatione

1970 1206 2298 1276 puniantur;
2333 1215 2387 1262 et
2417 1225 2541 1264 cum
2568 1209 2638 1264 ad
2666 1211 2833 1266 verba
2863 1211 3576 1269 invectionis’inﬂamman-

1970 1294 2253 1363 tur,inviti
2282 1295 2503 1368 quidem
2534 1297 2600 1352 ad
2623 1297 2740 1354 haec
2761 1300 3112 1367 veniunt,sed
3130 1309 3312 1357 tamen
3335 1302 3453 1358 haec
3473 1301 3578 1358 de-

1972 1382 2280 1439 fensionem
2311 1385 2417 1440 sibi
2447 1385 2591 1457 apud
2620 1386 2935 1442 districtum
2960 1387 3207 1458 judicem
3239 1399 3566 1462 praeparant.

2045 1475 2097 1530 9.
2120 1474 2596 1546 Corripiendorum
2621 1483 2668 1532 et
2695 1478 3104 1534 erudiendorum
3131 1480 3201 1534 ad
3217 1481 3577 1550 peenitentiam

1971 1569 2020 1616 et
2059 1563 2305 1634 pietatem
2350 1564 2764 1635 delinquentium
2805 1568 2956 1623 ordo.
3005 1598 3076 1610 —
3104 1569 3261 1624 Unde
3291 1576 3346 1624 et
3398 1569 3578 1625 eidem

1971 1667 2163 1706 rursus
2193 1653 2212 1686 ³
2244 1652 2521 1707 Ezechieli
2551 1653 2786 1711 dicitur:
2812 1657 2921 1712 Fili
2940 1657 3185 1725 hominis,
3213 1674 3357 1712 sume
3387 1657 3479 1712 tibi
3501 1659 3577 1712 la-

263 1760 554 1816 suspensze,
610 1744 705 1801 sed
735 1743 918 1801 adhuc
946 1754 1174 1801 terrenae
1203 1745 1470 1802 mercedis
1505 1741 1731 1817 praemia
1777 1756 1860 1796 re-
1893 1755 1942 1816 Β
1973 1749 2152 1808 terem,
2183 1749 2230 1797 et
2251 1760 2412 1813 pones
2439 1762 2554 1799 eum
2575 1763 2755 1801 coram
2785 1753 2848 1815 te,
2881 1753 2928 1802 et
2954 1748 3207 1802 describes
3237 1748 3291 1802 in
3321 1766 3375 1802 eo
3398 1747 3578 1803 civita-

261 1843 564 1911 qnirentes.
594 1843 729 1898 Nam
761 1842 980 1914 reptilia
1005 1851 1122 1899 toto
1155 1858 1224 1898 ex
1252 1859 1478 1915 corpore
1508 1851 1666 1900 terrae
1717 1839 1862 1897 815

261 1930 573 1998 inhaerent;
608 1931 865 1988 animalia
893 1941 1076 1989 autem
1125 1943 1318 1991 ventre
1349 1951 1380 1991 a
1429 1945 1574 1992 terra
1601 1952 1863 2009 suspensa

265 2031 412 2091 sunt,
445 2022 696 2096 appetitu
730 2033 908 2081 tamen
940 2025 1080 2096 gulae
1109 2026 1178 2081 ad
1209 2035 1410 2083 terram
1443 2044 1658 2100 semper
1690 2025 1865 2085 incli-

264 2121 480 2168 nantur.
513 2113 752 2186 Reptilia
784 2114 968 2187 itaque
997 2124 1126 2171 sunt
1153 2116 1300 2172 intra
1329 2115 1618 2188 parietem,
1642 2115 1863 2190 quando

266 2202 623 2273 cogitationes
653 2203 965 2259 volvuntur
989 2204 1046 2259 in
1077 2215 1257 2262 mente
1275 2223 1395 2278 quae
1411 2224 1442 2262 a
1467 2206 1702 2262 terrenis
1724 2205 1863 2262 desi-

262 2288 424 2346 deriis
442 2307 729 2365 nunquam
753 2293 1026 2349 levantur.
1043 2295 1321 2351 Animalia
1337 2310 1554 2368 quoque
1575 2303 1704 2350 sunt
1719 2294 1868 2350 intra

261 2380 541 2457 parietem,
565 2381 790 2454 quando
812 2391 866 2438 et
893 2382 940 2438 si
970 2398 1079 2454 qua
1100 2382 1212 2456 jam
1240 2383 1408 2456 justa,
1433 2385 1477 2440 si
1498 2401 1605 2458 qua
1635 2382 1868 2439 honesta

259 2469 590 2540 cogitantur,
617 2471 938 2542 appetendis
959 2482 1142 2528 tamen
1164 2474 1334 2528 lucris
1354 2475 1748 2545 temporalibus
1771 2473 1866 2528 ho-

257 2560 607 2632 noribusque
628 2558 968 2626 deserviunt;
1003 2569 1058 2615 et
1079 2576 1174 2631 per
1199 2561 1491 2632 semetipsa
1515 2561 1734 2634 quidem
1753 2561 1864 2633 jam

255 2647 416 2718 quasi
453 2663 488 2700 a
532 2653 679 2701 terra
707 2662 967 2718 suspensa
1016 2656 1166 2714 sunt,
1225 2646 1318 2702 sed
1371 2647 1552 2707 adhuc
1607 2666 1702 2721 per
1756 2666 1865 2705 am-

257 2734 444 2790 bitum
480 2735 638 2806 quasi
680 2750 780 2806 per
806 2735 946 2807 gulae
991 2734 1325 2791 desiderium
1355 2752 1475 2792 sese
1504 2736 1572 2792 ad
1597 2737 1708 2792 ima
1737 2736 1863 2792 sub-

260 2824 512 2879 mittunt.
551 2822 706 2879 Unde
736 2832 788 2879 et
817 2823 955 2879 bene
983 2823 1274 2880 subditur:
1309 2825 1385 2879 Et
1426 2825 1673 2880 universa
1716 2826 1864 2881 idola

261 2913 438 2968 domus
467 2913 646 2969 Israel
665 2912 863 2984 depicta
890 2912 1106 2967 erantin
1117 2913 1338 2984 pariete.
1358 2913 1636 2986 Scriptum
1661 2915 1866 2987 quippe

263 3011 370 3058 est:
401 3002 755 3070 Etavaritia,
783 3020 899 3074 quae
913 3009 986 3058 est
1013 3002 1279 3058 idolorum
1301 3004 1860 3076 servitus(Coloss.uI,

1974 1839 2071 1887 tem
2099 1833 2420 1900 Jerusalem,
2451 1839 2497 1887 et
2516 1833 2789 1890 ordinabis
2817 1837 3071 1891 adversus
3099 1855 3211 1892 eam
3227 1837 3567 1906 obsidionem,

1972 1927 2020 1976 et
2065 1922 2348 1993 azdiﬁcnbis
2376 1924 2710 1993 munitiones,
2760 1931 2807 1980 et
2848 1927 3198 1996 comportabis
3226 1943 3487 1998 aggerem,
3531 1932 3580 1980 et

1972 2011 2123 2067 dabis
2151 2018 2334 2068 contra
2366 2030 2479 2067 eam
2507 2020 2705 2079 castra,
2736 2020 2783 2069 et
2819 2031 2982 2086 pones
3009 2015 3198 2070 arietes
3239 2016 3296 2070 in
3323 2033 3473 2087 gyro.
3506 2015 3580 2071 Et

1977 2107 2032 2156 tu
2059 2119 2203 2156 sume
2228 2102 2319 2157 tibi
2347 2105 2666 2175 sartaginem
2694 2103 2946 2174 [er-ream,
2978 2112 3025 2161 et
3051 2123 3210 2176 pones
3238 2123 3350 2161 eam
3365 2122 3579 2160 murum

1974 2191 2208 2263 ferreum
2237 2191 2374 2246 inter
2400 2197 2444 2246 te
2471 2199 2517 2246 et
2546 2193 2683 2247 inter
2701 2193 2961 2247 civitatem
2990 2195 3212 2260 (Ezech.
3233 2211 3312 2262 IV,
3335 2195 3385 2260 l,
3415 2211 3519 2263 seq.
3527 2195 3576 2264 ).

1977 2277 2149 2350 Cujus
2180 2279 2328 2333 enim
2358 2277 2610 2334 Ezechiel
2643 2279 2750 2335 nisi
2785 2280 3170 2352 magistrorum
3216 2279 3452 2352 speciem
3481 2286 3575 2334 te-

1975 2367 2118 2423 net?
2145 2367 2234 2422 cui
2266 2367 2472 2423 dicitur
2505 2386 2516 2423 ξ
2569 2368 2723 2424 Sume
2775 2369 2866 2423 tibi
2916 2371 3150 2437 laterem,
3181 2375 3228 2423 et
3268 2384 3430 2440 pones
3460 2384 3578 2422 eum

1975 2473 2153 2513 coram
2184 2464 2249 2523 te,
2278 2463 2326 2511 et
2355 2457 2607 2512 describes
2636 2457 2692 2510 in
2721 2475 2776 2512 eo
2805 2457 3065 2512 civitatem
3109 2457 3425 2512 Jerusalem.
3458 2457 3590 2512 Do-‘

1975 2553 2151 2603 ctores
2199 2547 2400 2620 quippe
2447 2543 2620 2602 sancti
2653 2545 2758 2602 sibi
2791 2547 3013 2602 laterem
3062 2553 3311 2614 sumunt,
3356 2543 3578 2617 quando

1973 2643 2252 2692 terrenum
2283 2653 2378 2693 cor
2423 2635 2738 2691 auditorum
2787 2643 2846 2691 ut
2875 2634 3107 2701 doceant
3134 2633 3576 2708 apprehendunt.

1974 2725 2146 2792 Quem
2179 2725 2402 2781 laterem
2433 2741 2614 2782 coram
2647 2741 2702 2781 se
2733 2733 2969 2798 ponunt,
2999 2725 3126 2799 quia
3151 2731 3266 2781 tota
3303 2724 3442 2781 illud
3471 2726 3576 2782 sol-

1973 2813 2282 2870 licitudinis
2311 2813 2616 2871 intentione
2645 2814 2986 2872 custodiunt.
3007 2817 3067 2870 In
3089 2831 3199 2888 quo
3216 2821 3269 2870 et
3283 2814 3579 2870 civitatem

1973 2903 2271 2959 Jerusalem
2329 2910 2474 2968 816
2561 2905 2832 2977 jubentur
2876 2905 3207 2973 describere,
3243 2904 3371 2976 quia
3413 2902 3584 2975 prmdi

1973 3002 2148 3057 cando
2177 3000 2410 3057 terrenis
2456 3001 2715 3059 cordibus
2744 3010 2940 3058 curant
2977 3017 3322 3072 summopere
3370 3006 3575 3073 quanta

263 3093 521 3166 5).Becte
551 3110 681 3166 ergo
708 3103 830 3166 post
857 3094 1118 3150 animalia
1147 3094 1296 3176 idola
1316 3095 1862 3169 describuntur,quia
1895 3115 1939 3177 ο
1970 3091 2042 3146 sit
2069 3106 2318 3162 supernae
2347 3089 2496 3162 pacis
2525 3089 2667 3146 visio
2697 3090 3092 3147 demonstrare.
3114 3089 3215 3146 Cui
3243 3088 3381 3177 bene
3410 3090 3576 3147 etiam

264 3185 355 3242 etsi
385 3183 628 3241 honesta
653 3185 874 3242 actione
903 3185 1056 3258 quasi
1091 3201 1122 3240 a
1150 3193 1295 3241 terra
1327 3203 1385 3242 se
1414 3186 1655 3257 erigunt,
1686 3183 1862 3240 ambi-

265 3275 402 3332 tione
429 3285 623 3333 tamen
682 3273 974 3331 inhonesta
1020 3275 1343 3346 semetipsos
1370 3274 1439 3331 ad
1467 3282 1668 3331 terram
1700 3274 1862 3346 depo-

266 3374 413 3423 nunt.
443 3367 600 3422 Bene
631 3373 813 3421 autem
845 3365 1052 3422 dicitur
1087 3383 1096 3420 :
1129 3366 1350 3437 Depieta
1379 3372 1548 3434 erant,
1580 3366 1710 3438 quia
1730 3365 1863 3420 dum

267 3453 600 3510 exteriorum
623 3469 804 3509 rerum
834 3453 1169 3509 intrinsecus
1192 3452 1402 3525 species
1421 3452 1864 3519 attrahuntur,in

267 3541 419 3599 corde
453 3541 616 3617 quasi
667 3541 986 3616 depingitur
1041 3539 1315 3614 quidquid
1344 3539 1488 3597 ﬁctis
1528 3539 1865 3612 imaginibus

269 3633 560 3704 cogitatur.

339 3720 475 3794 [νει.
525 3720 611 3796 ν.]
641 3722 693 3778 8.
716 3724 952 3781 Hectoris
973 3721 1278 3778 animarum
1294 3721 1351 3776 in
1371 3720 1672 3776 scrutandis
1692 3721 1867 3776 cordis

267 3808 486 3882 piaculis
515 3812 612 3882 pia
639 3814 906 3870 severitas.
941 3815 1044 3881 Qui
1071 3833 1106 3869 a
1133 3813 1457 3883 correptione
1484 3819 1665 3880 cessat,
1707 3813 1868 3867 dam-

271 3904 386 3958 nari
406 3908 630 3958 metuat.
663 3902 1062 3960 -—Notandum
1091 3902 1278 3975 itaque
1300 3910 1382 3958 est
1400 3903 1528 3975 quia
1552 3902 1705 3974 prius
1727 3901 1865 3957 fora-

273 4003 386 4046 men
415 3993 469 4048 in
538 3993 765 4064 pariete,
797 4008 860 4048 ac
887 3991 1088 4048 deinde
1118 3991 1322 4048 ostium
1353 3991 1619 4059 cernitur,
1653 3998 1706 4047 et
1735 4000 1866 4048 tunc

276 4076 477 4136 demum
516 4083 732 4138 occulta
759 4081 1099 4138 abominatio
1127 4079 1867 4154 demonstratur,quianimi-

279 4183 385 4225 rum
413 4171 854 4245 uniuscujusque
884 4173 1090 4245 peccati
1143 4173 1296 4244 prius
1324 4173 1480 4244 signa
1537 4171 1863 4238 forinsecus,

279 4255 456 4316 deinde
480 4261 662 4334 janua
709 4271 908 4334 apertae
938 4261 1250 4335 iniquitatis
1284 4261 1615 4329 ostenditur,
1649 4269 1704 4316 et
1733 4269 1865 4316 tunc

283 4345 483 4407 demum
517 4367 685 4408 omne
737 4352 943 4406 malum
973 4350 1120 4423 quod
1149 4351 1298 4407 intus
1330 4351 1460 4407 latet
1487 4349 1748 4422 aperitur.
1779 4348 1865 4405 Id-

1974 3179 2180 3236 dicitur
2212 3197 2223 3235 :
2256 3181 2331 3236 Et
2357 3179 2633 3235 ordinabis
2679 3181 2933 3237 adversus
2980 3197 3094 3236 eam
3141 3176 3482 3245 obsidionem,
3531 3185 3579 3234 et

1973 3269 2255 3341 cediﬁcabis
2281 3269 2616 3325 munitiones.
2649 3269 2834 3326 Sancti
2863 3267 3012 3325 enim
3056 3264 3440 3341 praedicatores
3469 3265 3578 3324 ob-

1974 3360 2246 3416 sidionem
2277 3357 2422 3414 circa
2453 3358 2676 3415 laterem
2704 3359 2762 3414 in
2794 3375 2902 3432 quo
2930 3357 3232 3415 Jerusalem
3261 3359 3459 3415 civitas
3487 3357 3576 3414 de-

1977 3450 2182 3521 scripta
2211 3456 2292 3504 est
2311 3448 2592 3518 ordinant,
2627 3448 2847 3522 quando
2877 3457 3107 3505 terrenae
3133 3450 3329 3517 menti,
3359 3447 3454 3504 sed
3460 3447 3576 3519 jam

1974 3556 2265 3611 supernam
2296 3539 2528 3610 patriam
2557 3539 2882 3612 requirenti,
2931 3547 3135 3612 quanta
3164 3556 3282 3596 eam
3324 3539 3379 3594 in
3411 3537 3577 3611 hujus

1975 3630 2103 3684 vitae
2131 3637 2377 3700 tempore
2408 3627 2672 3682 vitiorum
2702 3628 2985 3699 impugnet
3013 3627 3316 3685 adversitas
3345 3628 3579 3685 demon-

1975 3727 2170 3775 strant.
2204 3718 2342 3776 Cum
2373 3719 2518 3774 enim
2543 3717 2978 3790 unumquodque
3001 3726 3282 3789 peccatum
3299 3717 3578 3790 quomodo

1976 3808 2148 3864 menti
2180 3807 2473 3861 insidietur
2492 3805 2824 3871 ostenditur,
2847 3807 3001 3876 quasi
3019 3806 3236 3861 obsidio
3261 3806 3407 3860 circa
3424 3807 3576 3860 Jeru-
3613 3858 3617 3860 _

1977 3898 2145 3952 salem
2193 3894 2475 3950 civitatem
2525 3908 2659 3947 voce
2710 3891 3083 3964 przedicatoris
3112 3891 3421 3948 ordinatur.
3474 3889 3580 3947 Sed

1979 3987 2110 4061 quia
2139 4001 2251 4042 non
2282 3984 2459 4040 solum
2501 3981 2785 4037 insinuant
2826 3981 3102 4054 quomodo
3147 3988 3385 4037 mentem
3435 3980 3584 4037 insi-

1974 4075 2185 4132 diantia
2213 4073 2349 4129 vitia
2385 4079 2724 4146 expugnent,
2765 4070 2859 4128 sed
2889 4071 3054 4127 etiam
3085 4069 3361 4144 quomodo
3389 4076 3584 4126 custo-

1974 4167 2107 4225 ditae
2136 4166 2367 4222 virtutes
2396 4163 2677 4232 roborent,
2708 4173 2854 4220 recte
2882 4161 3238 4235 subjungitur
3269 4178 3281 4216 ε
3315 4162 3390 4216 Et
3417 4161 3582 4235 aediﬁ-

1974 4257 2116 4312 cabis
2131 4255 2467 4311 munitiones.
2486 4251 2824 4308 Munitiones
2843 4251 3044 4325 quippe
3060 4258 3283 4307 sanctus
3303 4250 3580 4322 praedica-

1972 4353 2060 4402 tor
2075 4342 2555 4417 aedificat,quando
2571 4359 2693 4415 quas
2710 4342 2944 4398 virtutes
2959 4341 3158 4415 quibus
3171 4340 3325 4397 vitiis
3335 4339 3583 4410 obvient,

283 4435 416 4494 circo
430 4456 559 4513 ergo
590 4440 770 4497 solent
796 4440 963 4496 etiam
995 4440 1175 4496 sancti
1203 4439 1455 4496 doctores
1486 4438 1728 4511 graviter
1763 4437 1864 4492 mi-
1891 4475 1942 4535 Β
1971 4433 2252 4490 insinuare
2280 4448 2391 4488 non
2421 4437 2613 4486 cessat.
2633 4430 2704 4484 Et
2719 4429 2847 4502 quia
2877 4428 3176 4486 virtutibus
3197 4427 3568 4535 crescentibup

287 4535 408 4583 nuta
424 4528 748 4598 discutere,‘
783 4537 846 4586 ut
871 4528 940 4585 ab
969 4530 1237 4585 extremis
1266 4527 1638 4585 exterioribus
1665 4525 1734 4582 ad
1762 4542 1867 4583 oc-
1892 4515 1942 4535 ”
1974 4524 2298 4596 plerumque
2318 4520 2464 4576 bella
2487 4517 2811 4575 tentationis
2829 4526 3270 4592 augentur,recte
3290 4516 3472 4574 adhuc
3489 4515 3587 4572 ad.

289 4616 422 4673 culta
443 4620 658 4692 possint
679 4618 887 4691 majora
919 4617 1224 4691 pervenire.
1257 4617 1439 4674 Verba
1467 4633 1672 4690 asperae
1702 4615 1875 4672 incre-

290 4706 512 4776 pationis
566 4717 814 4778 movent,
863 4717 925 4764 ut
971 4708 1159 4780 spinas
1189 4707 1489 4763 mortiferae
1525 4704 1878 4778 cogitationis

291 4797 578 4867 eradicent;
609 4809 662 4857 et
691 4799 809 4857 haec
835 4816 962 4857 cum
1011 4807 1202 4872 agunt,
1246 4797 1534 4856 charitatis
1571 4813 1756 4854 amore
1784 4812 1876 4852 sae-

293 4891 463 4962 viunt,
519 4910 635 4950 non
665 4893 951 4950 inflatione
996 4891 1255 4948 elationis
1283 4891 1679 4949 intumescunt.
1738 4887 1880 4948 Mori

295 4979 432 5037 enim
459 4982 705 5056 proipsis
727 4981 904 5054 parati
923 4988 1076 5050 sunt,
1107 4996 1242 5053 quos
1271 4980 1427 5054 quasi
1447 4994 1618 5053 usque
1646 4976 1715 5034 ad
1735 4993 1880 5034 mor-

369 5218 384 5252 ¹
415 5217 496 5274 Ita
518 5219 648 5276 Mss.
668 5219 914 5292 Anglic,
935 5219 1146 5292 Norm.,
1173 5218 1386 5292 Baluz.,
1409 5215 1592 5292 Golb.,
1615 5214 1878 5292 Vindoc.,

301 5283 519 5359 Turon.,
551 5302 654 5349 etc.
687 5293 748 5348 ln
761 5283 1077 5347 "vethdit.
1110 5283 1306 5356 Paris,
1340 5283 1398 5343 ut
1425 5289 1490 5343 ab
1519 5283 1766 5343 eat-remis
1795 5283 1879 5341 er-

299 5361 525 5434 goribus.
553 5365 614 5421 In
633 5373 835 5420 recent.
860 5362 1130 5434 Vulgatis,
1163 5369 1221 5415 ut
1235 5362 1300 5416 ab
1321 5360 1556 5434 externis
1585 5359 1877 5434 erroribus:

300 5427 634 5492 Praeferenda
680 5437 804 5492 Mss.
839 5427 1022 5503 lectio,
1064 5427 1123 5488 in
1151 5449 1258 5503 qua
1287 5433 1523 5488 allusum
1555 5430 1775 5487 videtur
1810 5428 1884 5503 ad

303 5516 363 5580 ej!
386 5519 506 5577 quae
535 5515 951 5580 praecesserunt:
975 5501 1263 5560 notandum
1288 5505 1463 5576 itaque
1491 5509 1566 5561 est
1592 5501 1884 5576 quiaprius

301 5570 560 5647 [οτᾱιηεηζ
590 5589 692 5636 etc.

370 5650 393 5685 '
418 5649 652 5710 Vindoc.
686 5660 740 5709 et
767 5650 992 5720 Pratel.,
1023 5666 1076 5706 se
1103 5648 1457 5720 inflammant.

1986 4613 2138 4670 ditur
2163 4629 2173 4668 :
2206 4613 2281 4668 Et
2307 4607 2658 4682 comportabis
2686 4625 2923 4680 aggerem
2954 4625 2974 4673 ,'
3017 4614 3066 4662 et
3092 4607 3243 4664 dabis
3261 4614 3446 4663 contra
3475 4622 3589 4663 eam

1986 4707 2186 4770 castra,
2207 4707 2424 4773 etpones
2443 4698 2634 4756 arietes
2648 4696 2706 4752 in
2723 4715 2870 4770 gyro.
2896 4699 3161 4771 Aggerem
3191 4713 3408 4770 nanque
3427 4712 3592 4753 com-

1987 4791 2420 4868 portat,quando
2450 4789 2778 4862 praedicator
2807 4789 3038 4863 quisque
3062 4791 3263 4845 molem
3294 4787 3590 4845 crescentis

1986 4881 2314 4940 tentationis
2341 4879 2571 4936 indicat.
2591 4879 2664 4934 Et
2681 4885 2872 4936 contra
2886 4877 3185 4934 Jerusalem
3214 4881 3391 4931 castra
3405 4872 3587 4944 erigit,

1989 4971 2210 5046 quando
2235 4977 2396 5028 rectae
2420 4967 2720 5026 intentioni
2752 4967 3100 5024 audientium
3137 4967 3158 5002 ⁴
3187 4964 3364 5020 hostis
3399 4960 3590 5020 callidi

1989 5205 2155 5273 infra,
2185 5198 2458 5258 Jezechiel.
2615 5265 2630 5273 Α
2773 5266 2869 5273 γη
2978 5265 3001 5273 _
3135 5264 3146 5273 _
3243 5265 3258 5273 _
3316 5264 3332 5273 _

2063 5279 2083 5312 ⁴
2117 5264 2216 5330 Hic
2249 5275 2306 5328 in
2331 5273 2549 5327 diversa
2584 5265 2788 5324 abeunt
2816 5266 2943 5322 Mss.
2969 5264 3208 5339 gLongip.
3243 5264 3410 5323 habet
3443 5285 3454 5324 :
3487 5266 3594 5324 ho-

1990 5356 2088 5406 stes
2117 5343 2795 5421 callidos-circumspectans
2823 5337 2998 5421 quasi,
3015 5337 3119 5421 etc:
3135 5337 3364 5421 Turon.,
3381 5340 3593 5421 quando

1990 5427 2143 5477 recta:
2171 5409 2449 5472 intentioni
2476 5409 2806 5466 audientium
2832 5409 3106 5480 patefacit,
3135 5419 3182 5466 et
3209 5413 3366 5480 quasi
3381 5409 3589 5467 incom-

2027 5487 2362 5547 rehensibiles
2390 5483 2613 5538 insidias
2628 5481 2888 5552 prmdicit.
2910 5481 3281 5547 Baluz.,Colb.
3305 5490 3360 5538 et
3379 5485 3593 5553 Norm.,

2027 5511 2362 5547 renenswues
2390 5511 2611 5538 ῑτιδιαιιιδ
2628 5511 2685 5552 pl
2699 5511 2888 5536 wuiuu.
2910 5511 3094 5538 υαιυι.
3104 5511 3281 5547 ,uuw.
3305 5511 3360 5538 ει
3379 5511 3593 5553 μυῖαι,

1986 5511 2154 5621 gestis
2182 5558 2366 5616 callidi
2392 5557 2790 5627 circumspectus
2806 5555 3020 5627 etquasi
3034 5555 3594 5627 incomprehensibiles,

1992 5645 2098 5695 etc.
2128 5637 2190 5692 In
2223 5639 2336 5689 vet.
2366 5627 2517 5687 Edit.
2549 5625 2722 5684 Paris.
2754 5633 2810 5683 et
2838 5625 3030 5696 Basil.,
3063 5625 3523 5699 incircumspectas
3549 5630 3598 5680 et

373 5721 393 5756 ³
424 5721 486 5776 In
508 5707 708 5784 Turon:
727 5707 789 5783 et
806 5707 1094 5784 nonnullis
1113 5707 1313 5782 vétust.
1335 5718 1888 5793 Mss.,Jezechieli.Ac
1947 5707 1951 5712 ⁷
1991 5707 2170 5782 qua“:
2200 5712 2308 5764 θω-
