4162 6184
591 242 698 302 355

1801 247 2051 306 SANCTI
2091 249 2438 308 GBEGOBII
2474 250 2705 314 MAGNI

3787 271 3884 333 356

589 363 1098 422 circumventiones
1133 366 1290 438 quasi
1337 367 1924 442 incomprehensibiles
1965 373 2195 433 insidias
2224 379 2274 440 A
2304 379 2595 436 testatione
2623 381 2932 442 denuntiat.
2967 385 3041 442 Et
3067 387 3199 461 quia
3239 390 3414 448 multa
3461 393 3646 452 adhuc
3673 397 3768 456 sub
3792 399 3890 458 hac

586 451 858 524 praedicit.
890 454 1072 528 Atque
1106 455 1164 512 in
1195 473 1333 530 gyro
1375 458 1574 515 arietes
1603 461 1780 532 ponit,
1812 463 2032 534 quando
2061 473 2194 521 ten-

583 539 861 598 tationum
888 543 1109 601 aculeos
1161 544 1220 601 in
1251 544 1354 602 hac
1383 545 1500 602 vita
1527 563 1628 604 nos
1671 548 1916 622 undique
1943 551 2193 609 circum-

469 633 482 642 ‘
585 628 798 702 dantes,
831 641 886 690 et
915 633 1186 691 virtutum
1225 652 1444 692 murum
1477 637 1816 709 perforantes
1870 639 2188 702 innotescit.

660 758 746 815 10.
783 759 914 827 Quis
943 765 992 815 et
1009 767 1243 832 quantus
1270 763 1417 819 zelus
1449 764 1523 820 ad
1547 765 1607 821 id
1641 763 2061 825 necesstirius.—
2084 769 2188 827 Ubi

585 845 726 904 bene
754 847 1010 906 additur:
1049 852 1125 906 Et
1153 857 1208 906 tu
1231 867 1376 908 sume
1405 853 1498 909 tibi
1524 857 1846 928 sartaginem
1865 857 2118 929 ferream,
2143 865 2193 916 et

585 952 746 1008 pones
773 955 889 994 eam
909 956 1125 994 murum
1153 938 1390 1010 ferreum
1415 942 1556 1000 inter
1583 949 1630 1000 te
1655 951 1704 1000 et
1747 946 1886 1002 inter
1929 948 2190 1005 civitatem

590 1029 808 1105 (Ezech.
840 1045 920 1098 Iv,
949 1029 1030 1102 3).
1071 1029 1174 1086 Per
1200 1032 1527 1103 sartaginem
1555 1050 1794 1108 namque
1831 1037 2065 1106 frixura,
2095 1053 2192 1110 per

588 1125 797 1184 ferrum
815 1140 947 1181 vero
967 1123 1238 1181 fortitudo
1259 1125 1587 1183 ostenditur.
1621 1127 1763 1198 Quid
1778 1136 1959 1186 autem
1982 1129 2058 1186 ita
2078 1147 2190 1187 ma-

592 1215 751 1288 gistri
781 1223 943 1289 atque
971 1213 1215 1272 doctoris
1243 1224 1481 1273 mentem
1508 1233 1670 1290 quam
1693 1219 1842 1276 zelus
1857 1221 2078 1278 Domini
2094 1221 2188 1278 fri-

593 1302 672 1376 git
701 1311 756 1361 et
783 1303 1094 1362 excruciat?
1113 1305 1264 1361 Unde
1293 1313 1347 1362 et
1374 1306 1577 1364 Paulus
1604 1306 1771 1381 hujus
1799 1310 2187 1382 sartaginisin-

591 1393 928 1450 cendebatur
952 1393 1188 1466 frixura,
1207 1411 1332 1452 cum
1363 1395 1568 1453 diceret
1593 1416 1603 1453 :
1641 1399 1770 1466 Quis
1789 1399 2122 1472 inﬁrmatur,
2143 1408 2192 1458 et

587 1499 678 1554 ego
705 1499 813 1538 non
840 1483 1134 1555 inﬁrmor?
1163 1491 1212 1540 et
1253 1485 1372 1557 quis
1423 1486 1845 1557 scandalizatur,
1875 1495 1926 1544 et
1948 1507 2037 1562 ego
2082 1508 2188 1546 non

587 1589 729 1628 uror
746 1572 835 1644 (II
863 1574 990 1631 Cor.
1010 1591 1091 1643 χι,
1115 1575 1214 1644 29)
1234 1577 1262 1632 ?
1284 1576 1356 1632 Et
1381 1575 1511 1649 quia
1529 1575 1780 1650 quisquis
1807 1579 1922 1634 zelo
1939 1579 2039 1636 Dei
2059 1597 2188 1636 con-

589 1669 676 1718 tra
705 1671 994 1735 peccantes
1022 1660 1364 1735 accenditur,
1395 1666 1524 1722 forti
1555 1665 1613 1723 in
1643 1677 1964 1740 perpetuum
1994 1678 2190 1728 custo-

2303 466 2694 526 indiscretione
2749 472 3040 545 subjuncta
3095 487 3244 548 sunt,
3300 479 3547 540 breviter
3587 501 3650 542 ea
3696 489 3890 547 aestimo

2302 561 2746 618 transcurrenda.
2775 562 2936 620 Dicta
2959 565 3108 622 enim
3139 584 3260 640 quae
3292 572 3562 640 gravitate
3591 585 3798 646 carent,
3818 577 3892 632 in-

2299 653 2452 704 tenta
2477 650 2822 723 expositione
2850 670 2962 710 non
2991 655 3275 728 indigent:
3297 659 3562 733 Sequitur
3593 681 3606 721 :

2752 739 2980 800 CAPUT
3009 745 3111 801 vn
3141 744 3286 819 [Rea
3331 748 3446 822 VI].

2370 824 2541 884 Vsus.
2572 827 2661 884 37.
2709 859 2781 872 —
2811 831 2916 900 Qui
2941 831 3153 890 addidit
3179 851 3340 908 super
3380 845 3590 910 peccata
3649 858 3749 899 sua
3778 843 3900 900 bla-

2297 915 2606 988 sphemiam.

2371 1005 2459 1062 12.
2486 1006 2622 1062 Elin
2647 1025 2734 1063 eos
2761 1009 3066 1082 adumbrat,
3097 1013 3192 1085 qui
3228 1032 3344 1072 cum
3365 1032 3468 1089 pro
3513 1018 3732 1077 veritate
3761 1023 3900 1094 loqui

2296 1095 2601 1167 videantur,
2632 1116 2668 1154 a
2695 1100 2914 1156 veritate
2941 1109 3066 1158 sunt
3092 1104 3275 1163 alieni.
3316 1140 3366 1148 ια
3417 1109 3657 1166 Accusat
3693 1126 3816 1168 eum
3844 1120 3898 1169 et

2297 1204 2397 1262 pro
2442 1189 2682 1262 peccatis
2730 1191 2942 1263 ﬂagella
2971 1195 3256 1264 meruisse,
3287 1205 3342 1253 et
3369 1208 3492 1270 post
3531 1199 3744 1273 ﬂagella
3770 1219 3900 1276 pec-

2297 1296 2465 1338 casse.
2510 1281 2696 1354 Longe
2739 1299 2871 1339 vero
2912 1285 3075 1342 aliter
3125 1287 3398 1344 Dominus
3433 1289 3672 1362 judicat,
3710 1293 3803 1366 qui
3848 1303 3899 1352 et

2298 1369 2504 1426 frustra
2532 1371 2861 1444 ﬂagellatum
2895 1373 3143 1433 insinuat
3175 1377 3295 1447 (Job
3326 1395 3388 1447 ιι,
3419 1378 3502 1451 3),
3533 1389 3587 1437 et
3614 1380 3761 1438 bona
3797 1381 3898 1439 du-

2299 1459 2468 1540 plicia
2495 1467 2616 1533 post
2661 1461 2876 1535 ﬂagella
2903 1463 3163 1522 retribuit
3211 1465 3333 1538 (Job
3376 1485 3516 1538 xui,
3573 1469 3688 1540 10).
3737 1471 3902 1529 Poena

2299 1548 2452 1605 enim
2491 1549 2719 1608 debetur
2747 1553 2942 1625 culpas,
2971 1570 3082 1611 non
3105 1555 3415 1626 praemium.
3439 1558 3639 1616 Beatus
3654 1576 3780 1632 ergo
3797 1559 3900 1618 Job

2298 1637 2418 1694 sine
2461 1639 2624 1710 culpa
2659 1641 2876 1699 locutus
2921 1643 3248 1715 ostenditur,
3279 1663 3440 1720 quem
3491 1655 3616 1720 post
3657 1649 3901 1706 locutio-

588 1753 680 1812 dia
706 1731 981 1827 munitur,
1012 1774 1082 1814 ne
1101 1775 1170 1814 ex
1199 1761 1444 1829 neglecta
1472 1759 1883 1832 praedicationis
1901 1770 1955 1819 et
1975 1763 2192 1836 regimi-
2217 1743 2267 1805 Β
2297 1741 2679 1836 Et???
2720 1731 3150 1836 3Pb§?q““§"“"
3195 1736 3332 1836 Elm.
3378 1745 3584 1836 φ’ῃῆ
3612 1756 3759 1836 ,ίίῖῃδ
3779 1756 3901 1836 Pr?

585 1845 676 1900 nis
705 1862 836 1902 cura
863 1848 1177 1918 damnetur,
1209 1857 1352 1905 recte
1371 1849 1580 1906 dicitur
1611 1868 1622 1907 :
1656 1853 1828 1909 Panes
1855 1871 2194 1912 eammurum

585 1932 824 2003 ferreum
860 1935 1002 1992 inter
1027 1942 1072 1992 te
1098 1944 1145 1993 et
1167 1937 1307 1992 inter
1334 1937 1595 1994 civitatem
1627 1939 1843 2010 (Ezech.
1877 1960 1956 2012 Iv,
1983 1944 2190 2017 3).Sar-

585 2028 714 2094 tago
741 2023 892 2080 enim
923 2025 1100 2082 ferrea
1149 2043 1343 2084 murus
1371 2027 1581 2084 ferreus
1608 2028 1754 2086 inter
1787 2032 2106 2105 prophetam
2138 2043 2193 2092 et

585 2113 868 2171 civitatem
895 2115 1144 2190 ponitur,
1167 2119 1296 2191 quia
1325 2135 1449 2176 cum
1483 2136 1632 2178 nunc
1660 2121 1857 2178 fortem
1887 2123 2065 2179 zelum
2097 2124 2190 2182 do-

585 2208 766 2259 ctores
795 2203 1083 2274 exhibent,
1107 2206 1361 2263 eumdem
1392 2209 1570 2265 zelum
1593 2211 1945 2281 postmodum
1971 2211 2117 2269 inter
2135 2231 2192 2272 se

585 2299 640 2347 et
667 2293 946 2351 auditores
974 2312 1102 2352 suos
1130 2295 1329 2354 fortem
1359 2297 1728 2353 munitionem
1752 2305 2038 2370 tenent,ne
2057 2309 2194 2360 tunc

585 2383 655 2439 ad
684 2383 988 2442 vindictam
1017 2384 1268 2443 destituti
1307 2386 1441 2457 sint,
1474 2387 1520 2444 si
1554 2403 1704 2444 nunc
1741 2389 1950 2446 fuerint
1987 2390 2044 2446 in
2074 2407 2192 2449 cor-

585 2474 835 2545 reptione
864 2474 1138 2532 dissoluti.
1170 2477 1324 2533 Hanc
1351 2477 1684 2549 sartaginem
1717 2477 1979 2552 propheta
2018 2479 2190 2556 idem,
2224 2525 2235 2534 .

584 2579 647 2627 ut
675 2570 822 2627 inter
849 2588 906 2628 se
934 2579 986 2627 et
1030 2573 1310 2630 auditores
1337 2591 1465 2630 suos
1493 2591 1712 2630 murum
1729 2585 1990 2648 sumeret,
2008 2579 2192 2638 audie-

581 2657 701 2726 bat,
733 2676 860 2715 cum
905 2659 956 2716 ei
983 2659 1176 2716 divina
1207 2678 1320 2718 vox
1347 2661 1730 2736 praemitteret,
1766 2665 1957 2724 dicens
1995 2687 2006 2724 :
2043 2669 2102 2726 Si
2132 2675 2189 2726 tu

583 2748 990 2804 annuntiaveris
1008 2751 1194 2822 impio,
1210 2758 1258 2807 et
1282 2751 1374 2808 ille
1393 2769 1497 2808 non
1514 2751 1681 2823 fuerit
1700 2771 1977 2813 conversus
1995 2760 2062 2815 ab
2082 2759 2192 2815 im-

581 2837 772 2912 pietate
800 2857 922 2909 sua,
943 2846 991 2896 et
1017 2858 1052 2896 a
1081 2841 1168 2897 via
1188 2860 1290 2898 sua
1310 2842 1496 2915 impia,
1526 2845 1636 2918 ipse
1659 2845 1870 2917 quidem
1894 2849 1910 2882 ί
1938 2849 1992 2903 in
2013 2849 2190 2922 impie-

584 2934 687 2986 tate
713 2946 809 2986 sua
859 2931 1136 3003 morietur,
1171 2939 1227 2989 tu
1267 2939 1442 2990 autem
1481 2936 1717 2992 animam
1767 2942 1908 2994 tuam
1957 2939 2193 2997 liberasti

580 3020 798 3094 (Ezech.
832 3039 918 3089 ιιι,
952 3023 1065 3096 19).
1117 3023 1270 3082 Hanc
1299 3025 1629 3100 sartaginem
1659 3027 1806 3084 inter
1837 3045 1894 3086 se
1921 3037 1976 3086 et
2012 3030 2189 3088 disci-

2297 1815 2522 1874 Domini
2547 1817 2964 1878 defensionibus
3003 1823 3258 1896 loquens,
3303 1825 3371 1882 de
3395 1825 3558 1884 beato
3605 1827 3706 1884 Job
3745 1829 3902 1886 aliud

2299 1921 2461 1978 quam
2491 1907 2762 1966 Dominus
2780 1911 2973 1980 sentit,
2995 1913 3155 1986 quasi
3183 1913 3316 1972 dum
3345 1932 3445 1989 pro
3472 1917 3707 1975 veritate
3733 1918 3901 1990 verba

2298 1994 2648 2069 multiplicat,
2681 2015 2714 2054 a
2741 1999 2973 2057 veritate
3001 2001 3300 2061 discordat.
3341 2005 3606 2079 Sequitur
3636 2025 3649 2064 :

2893 2087 3124 2147 CAPUT
3171 2093 3315 2150 VIII.

2369 2175 2509 2231 Iam.
2539 2206 2610 2218 —
2637 2177 2785 2234 Inter
2811 2194 2908 2233 nos
2935 2179 3150 2236 interim
3167 2183 3586 2256 constringatur,
3615 2192 3664 2244 et
3681 2192 3804 2244 tunc
3830 2188 3902 2245 ad

2289 2261 2559 2333 judicium
2580 2273 2826 2336 provocet
2851 2269 3176 2326 sermonibus
3204 2271 3316 2327 suis
3343 2272 3535 2332 Deum.

2372 2353 2456 2410 13.
2487 2355 2610 2412 Νοη
2637 2360 2811 2414 solum
2838 2359 3014 2431 inepta
3033 2361 3202 2417 dicere
3229 2363 3460 2434 student,
3491 2367 3582 2422 sed
3611 2368 3804 2424 multa.
3832 2399 3904 2412 —

2297 2443 2381 2499 Ac
2416 2443 2463 2499 si
2491 2443 2698 2502 diceret
2729 2464 2740 2503 :
2773 2447 2862 2503 Ex
2891 2455 3078 2505 nostra
3104 2451 3402 2508 assertione
3451 2466 3743 2527 cognoscat
3771 2457 3905 2532 quia

2298 2547 2646 2606 nequaquam
2689 2534 2896 2593 divinas
2939 2539 3340 2598 examinationi
3383 2543 3638 2603 suﬂiciat.
3669 2546 3747 2602 Et
3774 2546 3902 2620 quia

2299 2633 2618 2696 arrogantes
2649 2625 2756 2682 viri
2800 2643 2912 2684 non
2954 2630 3136 2687 solum
3190 2630 3414 2690 student
3467 2635 3650 2710 inepta
3695 2637 3899 2706 dicere,

2297 2711 2392 2769 sed
2427 2714 2594 2771 etiam
2621 2717 2830 2784 multa;
2867 2734 3060 2775 versus
3089 2719 3183 2792 qui
3231 2723 3504 2796 sequitur,
3533 2725 3672 2784 bene
3699 2726 3770 2784 de
3803 2726 3900 2785 illo

2295 2801 2609 2876 frequenter
2635 2803 2894 2863 infertur.

2594 2895 2823 2954 CAPUT
2863 2898 2944 2956 IX
2984 2897 3123 2973 [νει.
3159 2905 3208 2956 et
3231 2901 3352 2959 Rec.
3405 2903 3556 2979 VII].
3874 2969 3878 2974 ,

2365 2983 2497 3042 Car.
2535 3001 2712 3055 xxxv,
2744 2987 2920 3047 Vnus.
2952 2990 3003 3050 1.
3037 3021 3111 3036 -
3146 2992 3322 3065 Igitur
3349 2993 3483 3050 Eliu
3523 2994 3630 3052 hac
3672 3013 3901 3056 rursum

581 3073 798 3094 \—"""'
952 3073 1065 3096 ἠ*
1117 3073 1269 3082 ’·“··ν
1299 3073 1629 3100 '“""°'“"“‘
1659 3073 1795 3130 “"3"
1837 3073 1893 3086 “"
1921 3073 1975 3086 ν’
2013 3073 2150 3088 ’⁸³⁸³⁸⁸
2182 3073 2185 3074 ⁷
2299 3073 2498 3130 locutus
2525 3081 2616 3131 est.

581 3110 741 3181 pulos
771 3129 991 3168 murum
1009 3113 1212 3171 Paulus
1232 3125 1506 3186 posuerat,
1537 3135 1665 3175 cum
1694 3117 1928 3176 dicebat:
1947 3122 2180 3180 Mundus
2210 3105 2255 3167 δ
2369 3163 2423 3186 ιι,
2493 3165 2616 3186 σημ-

581 3213 697 3250 sum
723 3215 758 3251 a
785 3199 1040 3269 sanguine
1065 3202 1299 3255 omnium
1318 3210 1572 3283 vestrum;
1590 3224 1692 3260 non
1724 3207 1862 3262 enim
1891 3211 2187 3284 subterfugi

582 3283 864 3356 quominus
918 3288 1296 3348 annuntiarem
1351 3308 1502 3346 omne
1553 3293 1834 3350 consilium
1887 3298 1988 3353 Dei
2039 3283 2184 3357 vobis

585 3375 728 3447 (Act.
777 3390 874 3444 xx,
924 3376 1042 3449 26).
1087 3377 1247 3434 Nunc
1293 3393 1423 3450 ergo
1457 3380 1707 3439 doctores
1740 3400 1959 3443 necesse
2005 3397 2086 3445 est
2124 3399 2184 3447 ut

579 3473 839 3540 appetant
869 3468 890 3503 ²
919 3467 1020 3524 zeli
1049 3467 1340 3526 ardoribus
1387 3471 1536 3544 frigi,
1566 3490 1635 3530 ne
1673 3485 1940 3548 cogantur
1967 3490 2089 3554 post
2117 3482 2184 3539 de

581 3565 804 3629 torpore
829 3555 1177 3630 negligentiae
1207 3559 1332 3633 igne
1366 3560 1628 3634 gehennae
1657 3565 1915 3624 cruciari.

653 3679 791 3757 [Vet.
833 3685 908 3743 VI
911 3683 952 3762 .]
991 3686 1078 3743 11.
1107 3688 1225 3756 Qua
1253 3686 1566 3746 discretione
1595 3693 1934 3750 exercendus.
1967 3694 2060 3750 Ea:
2085 3711 2183 3750 oc-

575 3776 716 3834 culto
745 3776 868 3832 odio
896 3795 1001 3834 non
1027 3779 1272 3852 prodeat.
1303 3811 1375 3822 —
1405 3779 1512 3837 Sed
1539 3781 1693 3840 aliud
1734 3791 1817 3841 est
1845 3785 1866 3820 ³
1897 3785 2045 3859 quod
2081 3785 2182 3842 in-

570 3868 738 3946 justis
765 3875 818 3929 et
845 3868 1103 3936 subditis,
1133 3869 1286 3928 aliud
1313 3875 1460 3936 817
1489 3872 1632 3946 quod
1659 3872 1827 3947 justis
1847 3883 1901 3932 et
1925 3893 2038 3934 non
2057 3875 2184 3934 sub-

575 3964 710 4020 ditis
737 3963 1020 4024 debemus.
1053 3968 1138 4025 Ad
1171 3969 1400 4025 illorum
1429 3987 1531 4026 nos
1576 3973 1980 4044 correptionem
2019 3982 2182 4048 atque

575 4050 881 4106 c‘ustodiam
905 4055 1310 4112 reddendarum
1334 4057 1611 4113 rationum
1639 4059 1980 4116 debettimor
1992 4079 2180 4120 accen-

577 4137 724 4203 dere;
759 4139 781 4172 ¹⁴
812 4139 882 4196 ad
913 4143 1147 4200 istorum
1179 4161 1312 4201 vero
1331 4146 1743 4204 venerationem
1777 4151 1895 4224 ipsa
1919 4155 2182 4212 conside-

575 4232 694 4280 rata
747 4227 976 4299 aequitas
1019 4230 1309 4286 inclinare.
1360 4233 1466 4289 Sed
1503 4245 1818 4308 arrogantes
1863 4241 1994 4310 viri,
2053 4243 2180 4316 quia

577 4310 747 4384 hujus
772 4313 1006 4374 formam
1025 4318 1377 4378 discretionis
1391 4321 1670 4396 ignorant,
1696 4325 1802 4385 hoc
1815 4325 1980 4400 justis
1998 4339 2053 4388 et
2067 4310 2178 4390 non

573 4401 814 4460 subditis
839 4405 1124 4466 exhibent.
1159 4410 1306 4482 quod
1325 4429 1358 4468 a
1386 4411 1549 4472 bonis
1576 4416 2032 4489 praedicatoribus
2058 4421 2179 4480 ﬁeri

573 4499 629 4549 et
657 4489 881 4563 injustis
907 4506 964 4554 et
983 4497 1222 4556 subditis
1251 4501 1463 4560 vident.
1495 4505 1604 4573 Qui
1631 4523 1759 4564 cum
1788 4509 1857 4567 ad
1903 4510 2176 4570 fervorem

573 4582 907 4644 invectionis
939 4587 1145 4662 injuste
1176 4593 1496 4663 prosiliunt,
1525 4595 1690 4652 etiam
1709 4614 1804 4670 per
1832 4600 1999 4656 verba
2015 4603 2180 4661 male-

572 4670 837 4732 dictionis
865 4678 1162 4736 excedunt.
1190 4680 1331 4748 Quia
1349 4683 1498 4740 enim
1527 4701 1873 4760 nequaquam
1894 4691 2179 4762 proximos

571 4761 721 4823 sicut
744 4780 801 4822 se
831 4766 1092 4842 diligunt,
1125 4769 1400 4842 proximis
1414 4781 1602 4845 optare
1617 4791 1730 4832 non
1751 4761 2011 4836 desinunt
2029 4783 2174 4854 quod

570 4853 678 4928 ipsi
709 4853 935 4914 sibimet
962 4859 984 4894 ⁵
1015 4857 1236 4914 evenire
1264 4860 1682 4933 pertimescunt.
1732 4862 1887 4920 Unde
1912 4853 2174 4928 Eliuioc-

571 4944 787 5002 cultum
817 4945 1010 5004 odium
1043 4947 1102 5004 in
1119 4949 1563 5008 manifestatione
1584 4952 1990 5014 maledictionis
2009 4947 2171 5016 exsu-

573 5031 730 5102 dans,
762 5034 841 5092 ait
873 5055 884 5092 :
915 5038 1081 5094 Pater
1107 5038 1202 5105 mi,
1227 5039 1483 5112 probetur
1509 5041 1608 5097 Job
1637 5059 1800 5115 usque
1825 5047 1898 5101 ad
1929 5047 2172 5119 ﬁnem,ne

570 5121 780 5180 desinas
807 5126 876 5182 ab
905 5129 1112 5185 homine
1151 5129 1469 5202 iniquitatis.
1519 5133 1810 5192 Hominem
1861 5136 2170 5210 iniquitatis

571 5222 757 5286 vocat,
793 5231 955 5290 quem
975 5220 1124 5277 Deus
1145 5217 1360 5292 justum
1389 5237 1502 5295 prae
1531 5223 1788 5282 omnibus
1817 5243 2051 5300 superna
2077 5237 2173 5287 at-

583 5457 596 5470 .
619 5474 622 5475 ν
643 5387 785 5471 {Sic
817 5389 1083 5475 Yindoc.,
1113 5394 1324 5467 Baluz.,
1357 5397 1543 5469 Colb.,
1573 5387 1761 5458 Narin.
1817 5402 1893 5460 At
1937 5402 2168 5475 Excusi,

572 5469 632 5514 ut
657 5469 956 5530 iniquitate.
2152 5469 2163 5475 ’

568 5530 667 5659 bu:
703 5531 940 5592 Vindoc.
962 5544 1018 5594 et
1043 5539 1292 5612 Ebroic.,
1323 5543 1528 5617 aliique
1555 5545 1770 5616 Norm.,
1799 5546 1904 5603 zeli
1928 5545 2173 5618 fervori—

642 5645 683 5711 Ξ.
704 5675 938 5765 Τῐξτριιμ
969 5681 1112 5752 quod
1130 5681 1296 5753 justis
1323 5692 1369 5742 et
1399 5665 1690 5746 subditis...
1718 5691 1858 5762 quod
1884 5690 2098 5765 injustis
2123 5697 2173 5749 et

563 5763 671 5806 non
697 5748 941 5808 subditis.

2208 4473 2258 4534 D

2365 3163 2451 3220 14.
2485 3165 2842 3238 Superborum
2861 3167 3118 3226 immensa
3147 3171 3458 3242 loquacitas.
3479 3204 3552 3216 —
3579 3174 3780 3234 Omnis
3806 3177 3898 3252 qui

2293 3253 2471 3311 multa
2513 3255 2776 3329 loquitur,
2827 3256 2898 3326 in,
2916 3257 3198 3316 locutione
3251 3278 3353 3318 sua
3413 3279 3628 3338 semper
3655 3265 3899 3341 incipere

2291 3343 2502 3412 studet,
2531 3353 2800 3418 quatenus
2827 3345 3179 3405 inchoatione
3210 3349 3329 3424 ipsa
3359 3368 3656 3425 suspensos
3684 3356 3896 3414 audito-

2291 3449 2378 3490 res
2406 3434 2594 3505 faciat,
2611 3445 2687 3494 -ut
2713 3452 2777 3494 eo
2804 3437 3064 3495 attentius
3092 3447 3328 3509 taceant,
3372 3459 3481 3516 quo
3509 3444 3666 3516 quasi
3685 3461 3896 3504 novum
3981 3504 3988 3509 _

2291 3522 2482 3580 audire
2495 3524 2709 3598 aliquid
2732 3535 3066 3599 exspectant.
3097 3529 3227 3586 Eliu
3255 3547 3386 3587 vero
3415 3532 3524 3587 alia
3536 3531 3762 3605 ﬁniens,
3788 3535 3900 3593 alia

2291 3611 2632 3672 incessanter
2678 3618 2987 3689 exorditur,
3031 3629 3092 3676 ut
3125 3619 3394 3677 immensa
3435 3621 3746 3696 loquacitas
3802 3643 3898 3702 per
3945 3635 3952 3640 '

2291 3699 2588 3774 subjuncta
2619 3720 2834 3778 semper
2861 3706 3024 3764 initia
3051 3707 3427 3781 continuetur.
3459 3709 3723 3784 Sequitur
3757 3733 3770 3770 :

2922 3795 3150 3853 CAPUT
3171 3797 3246 3855 X.

2361 3880 2533 3938 Vsus.
2567 3881 2620 3940 2.
2650 3913 2723 3926 -
2749 3883 3008 3956 Nunquid
3035 3902 3184 3957 aequa
3229 3886 3322 3943 tibi
3348 3887 3556 3945 videtur
3587 3895 3680 3947 tua
3700 3893 3892 3966 cogita-

2291 3969 2382 4034 tio,
2415 3975 2474 4025 ut
2490 3971 2686 4027 diceres
2713 3991 2724 4029 :
2763 3975 2970 4031 Iustior
2997 3993 3114 4032 sum
3141 3977 3248 4034 Deo
3269 3978 3297 4034 Ῡ

2362 4059 2448 4117 15.
2501 4062 2804 4119 Innocentes
2849 4081 3009 4135 quam
3036 4066 3233 4138 injuste
3275 4068 3477 4124 soleant
3499 4086 3772 4130 accusare.
3822 4102 3894 4115 —

2289 4151 2430 4220 Quia
2454 4151 2646 4210 beatus
2681 4155 2784 4212 Job
2806 4155 3100 4228 justiorem
3127 4173 3184 4214 se
3207 4159 3320 4216 Deo
3334 4175 3445 4216 non
3470 4159 3890 4232 dixerit,omnis

2289 4241 2384 4314 qui
2413 4248 2625 4298 textum
2658 4241 2904 4303 historiae
2945 4247 3096 4320 IEgit,
3135 4248 3403 4321 agnoscit,
3448 4250 3542 4308 sed
3581 4251 3660 4308 ait
3689 4268 3703 4309 :
3737 4255 3894 4310 Pro-

2282 4335 2452 4402 ponat
2477 4331 2772 4402 aequitatem
2799 4341 2986 4392 contra
3015 4354 3115 4404 me,
3145 4345 3195 4393 et
3214 4340 3480 4410 perveniet
3505 4341 3578 4397 ad
3603 4342 3886 4400 victoriam

2277 4417 2548 4490 judicium
2575 4439 2744 4480 meum
2775 4423 2897 4497 (Job
2919 4441 3086 4493 χχιιι,
3118 4428 3148 4483 7
3156 4427 3198 4496 ).
3232 4428 3417 4486 Vitam
3447 4447 3604 4487 suam
3619 4429 3888 4490 videlicet

2286 4527 2542 4584 pensans,
2576 4521 2630 4570 et
2679 4531 2870 4573 causas
2899 4518 3269 4590 percussionis
3327 4520 3612 4593 ignorans,
3661 4531 3725 4580 ut
3753 4537 3892 4595 saepe

2281 4599 2397 4674 jam
2421 4602 2634 4661 dictum
2660 4613 2764 4675 est,
2795 4622 2894 4679 pro
2922 4606 3206 4665 diluendis
3235 4611 3477 4682 peccatis
3503 4627 3560 4667 se
3583 4610 3822 4669 credidit
3839 4619 3892 4669 et

2286 4709 2398 4751 non
2427 4711 2528 4768 pro
2555 4695 2824 4770 augendis
2849 4697 3068 4754 meritis
3095 4697 3400 4772 ﬂagellari;
3433 4709 3486 4758 et
3513 4700 3724 4760 idcirco
3746 4702 3894 4775 judi-

2283 4783 2434 4842 cium
2463 4802 2624 4844 suum
2651 4787 2720 4844 ad
2739 4787 3027 4845 victoriam
3058 4789 3349 4860 pervenire
3377 4789 3621 4848 conﬁsus
3644 4801 3749 4861 est,
3765 4791 3893 4866 quia

2281 4875 2497 4946 culpam
2531 4876 2590 4932 in
2627 4894 2704 4946 se,
2737 4895 2834 4950 pro
2865 4894 2972 4952 qua
2999 4877 3280 4936 debuisset
3307 4881 3546 4952 percuti,
3581 4898 3694 4938 non
3723 4881 3892 4938 inve-

2279 4963 2384 5020 nit.
2416 4963 2575 5032 Quod
2603 4967 2828 5038 quidem
2857 4967 2927 5025 de
2956 4969 3060 5026 illo
3100 4976 3156 5025 et
3200 4970 3472 5028 Dominus
3508 4971 3578 5028 ad
3607 4971 3888 5030 diabolum

2277 5050 2452 5108 dixit:
2488 5045 2826 5112 Commo-uisti
2846 5075 2925 5114 me
2941 5059 3196 5114 adversus
3221 5075 3361 5127 eum,
3383 5066 3445 5115 ut
3469 5061 3746 5134 afﬂigerem
3773 5074 3890 5115 eum

2279 5140 2493 5214 frustra
2526 5143 2642 5214 (Job
2672 5162 2732 5214 ιι,
2765 5145 2848 5217 3).
2883 5147 3031 5216 Quid
3063 5166 3193 5222 ergo
3220 5148 3340 5206 haec
3369 5149 3647 5222 loquendo
3685 5166 3891 5223 pecca-

2277 5233 2381 5304 vit,
2413 5233 2509 5308 qui
2543 5234 2730 5293 verbis
2758 5237 2882 5294 istis
2911 5237 3118 5297 divinae
3147 5239 3217 5298 de
3243 5257 3300 5297 se
3330 5249 3384 5298 et
3411 5241 3641 5298 occulta
3673 5247 3889 5298 senten-

2351 5407 2373 5443 ⁸
2401 5406 2666 5486 Vindoc.,
2688 5409 2886 5466 Pratel.
2920 5419 2974 5468 et
2993 5412 3242 5486 plerique
3260 5413 3476 5482 Norm.,
3508 5412 3738 5470 istorum
3761 5425 3887 5468 vero

2278 5479 2626 5537 venerationi.

2350 5549 2586 5630 fColb-q
2641 5552 2838 5611 Pratel.
2888 5564 2942 5630 et
2984 5556 3133 5615 aliia
3161 5557 3432 5614 Gussanv.
3489 5554 3755 5630 appellati
3805 5555 3890 5613 sic

2277 5619 2502 5696 habent.
2541 5623 2671 5696 Ipse,
2687 5633 2855 5685 tamet
2875 5628 3290 5688 Gussanv.cum
3321 5619 3723 5688 recentioribus
3739 5627 3890 5686 hanc

2277 5693 2522 5768 praetulit
2547 5693 2862 5772 lectionem,
2890 5701 3125 5760 invenire
3145 5701 3540 5776 pertimescunt.
