4162 6184
314 207 435 266 357

1068 201 1450 261 MORALIUM
1490 203 1626 261 LIB.
1667 202 1875 263 XXVI.
1915 236 1988 249 —

2023 205 2098 263 IN
2129 204 2359 262 CAPUT
2396 202 2612 263 XXXV
2648 206 2713 263 B.
2753 203 2896 263 JOB.
3518 207 3627 266 368

315 334 407 390 tiae
437 331 602 389 etiam
628 327 924 386 nesciendo
952 329 1277 386 consensit?
1305 330 1419 386 Aut
1446 329 1581 403 quid
1608 329 1763 387 obest
1804 329 1850 387 si
1880 346 1912 387 a
1936 345 1988 405 Α
2014 332 2148 387 mini
2174 332 2268 403 qui
2294 332 2487 388 similis
2525 331 2602 386 tui
2629 338 2703 386 est
2728 333 2928 387 nocebit
2953 333 3194 404 impietas
3224 340 3339 401 tua,
3376 341 3427 392 et
3452 336 3625 409 ﬁlium

315 420 647 480 rectitudine
691 418 939 474 veritatis
987 417 1230 475 humano
1267 417 1482 490 judicio
1528 419 1695 477 verba
1728 428 1913 478 nostra

313 509 601 584 superﬁcie
630 516 791 564 tenus
839 508 1172 580 discrepant,
1218 508 1437 581 quando
1466 510 1525 565 in
1558 509 1739 567 cordis
1770 515 1915 573 818

312 608 537 666 cardine
560 606 610 662 ei
639 606 1025 678 compaginata
1051 607 1387 664 concordant
1408 609 1435 665 ‘l
1465 609 1730 666 Humana:
1756 625 1916 666 aures

314 695 478 753 verba
525 701 711 751 nostra
752 694 885 749 talia
908 692 1163 766 judicant
1192 698 1378 771 qualia
1409 696 1543 753 foris
1570 707 1766 754 sonant
1799 698 1911 770 (22,

313 803 363 859 ᾳ.
410 785 464 853 5,
500 802 542 840 c.
588 784 874 855 Humame)
901 802 915 851 ;
948 783 1140 841 divina
1169 802 1299 841 vero
1324 784 1535 857 judicia
1562 787 1693 843 talia
1721 802 1784 842 ea
1824 803 1917 843 au-

314 874 470 931 diunt
499 874 687 947 qualia
714 889 783 930 ex
822 873 1039 930 intimis
1066 875 1439 947 proferuntur.
1473 876 1637 949 Apud
1665 876 1919 933 homines

312 982 402 1023 cor
427 980 499 1020 ex
530 962 737 1032 verbis,
782 963 927 1035 apud
960 965 1134 1021 Deum
1167 981 1298 1022 vero
1327 966 1494 1027 verba
1522 975 1822 1039 pensantur
1850 984 1919 1023 ex

307 1055 488 1112 corde.
544 1055 748 1110 Beatus
794 1070 923 1125 ergo
965 1053 1069 1110 Joh
1098 1055 1229 1112 dum
1262 1056 1367 1114 hoc
1393 1057 1471 1114 ait
1498 1058 1745 1114 exterius
1772 1057 1919 1131 quod

309 1143 545 1200 interius
574 1142 847 1198 Dominus
876 1142 1044 1213 dixit,
1069 1161 1232 1202 omne
1252 1146 1398 1220 quod
1429 1148 1645 1205 locutus
1664 1156 1747 1205 est
1765 1156 1918 1205 tanto

300 1232 445 1306 juste
473 1231 731 1288 exterius
758 1232 974 1302 intulit,
1006 1243 1213 1307 quanto
1242 1236 1328 1308 pie
1358 1237 1426 1294 ab
1454 1238 1672 1295 interna
1698 1246 1918 1295 senten-

307 1322 381 1379 tia
408 1338 530 1380 uon
560 1323 804 1381 recessit.
839 1322 1107 1390 Quamvis
1147 1326 1469 1398 prophetico
1499 1328 1700 1401 spiritu
1731 1327 1921 1399 reple-

308 1419 412 1480 tus,
442 1412 504 1467 in
540 1427 606 1468 eo
635 1411 784 1486 quod
810 1411 925 1468 ait:
959 1413 1235 1485 Proponat
1261 1418 1556 1489 (equitatem
1590 1423 1773 1473 contra
1818 1433 1918 1482 me,

306 1510 352 1561 et
361 1505 638 1578 perveniet
650 1504 724 1560 ad
742 1504 1021 1561 victoriam
1034 1505 1303 1575 judicium
1318 1522 1487 1561 meum
1505 1506 1533 1577 (
1535 1506 1634 1563 Job
1650 1522 1812 1573 xxm,
1840 1506 1917 1576 7),

309 1594 515 1652 intueri
548 1595 931 1668 Redemptoris
960 1596 1133 1653 nostri
1182 1598 1527 1669 przesentiam
1558 1597 1757 1671 potuit.
1802 1598 1921 1669 Ipse

309 1687 450 1743 enim
490 1687 595 1761 qui
642 1697 724 1744 est
767 1686 945 1744 virtus
984 1688 1159 1745 Patris
1201 1696 1255 1744 et
1282 1688 1570 1761 sapientia,
1608 1689 1773 1745 etiam
1804 1686 1921 1758 ejus

306 1776 542 1849 aequitas
560 1793 670 1834 non
692 1777 1148 1835 inconvenienter
1168 1779 1455 1850 accipitur.
1483 1777 1637 1834 Unde
1651 1778 1919 1849 scriptum

306 1873 390 1922 est
413 1884 425 1922 :
462 1866 575 1933 Qui
594 1866 767 1937 factus
794 1874 869 1922 est
891 1867 1042 1923 nobis
1069 1886 1103 1923 a
1123 1869 1232 1924 Deo
1248 1867 1526 1939 sapientia,
1549 1873 1597 1922 et
1614 1866 1854 1936 justitia,
1875 1872 1923 1921 et

307 1955 665 2027 sanctiﬁcatio
692 1957 755 2027 (Ι
785 1956 906 2012 Cor.
932 1974 971 2025 ι,
1003 1956 1120 2029 30).
1153 1956 1326 2025 Quam
1348 1957 1556 2013 scilicet
1582 1956 1919 2030 aequitatem,

307 2045 444 2117 quia
472 2046 624 2101 Deus
647 2046 856 2120 iniquis
877 2046 1196 2120 fugentibus
1224 2047 1561 2106 incarnatam
1582 2046 1922 2105 ostendendo

312 2141 509 2191 contra
537 2136 744 2207 posuit,
787 2154 882 2194 eos
914 2138 1169 2210 protinus
1196 2137 1266 2194 ab
1294 2138 1587 2211 iniquitate
1615 2136 1920 2204 revocavit,

310 2234 363 2282 et
393 2224 708 2282 humanum
740 2242 912 2299 genus
939 2227 998 2282 in
1025 2243 1089 2283 eo
1110 2226 1323 2299 judicio
1346 2228 1637 2301 antiquum
1667 2227 1922 2283 adversa-

310 2314 457 2370 rium
507 2315 666 2383 vicit,
714 2332 825 2388 quo
869 2316 1183 2389 aequitatem
1226 2317 1327 2373 Dei
1376 2316 1760 2375 adversantem
1807 2314 1925 2372 suis

315 2403 618 2461 itineribus
648 2404 885 2463 invenit.
918 2405 1216 2478 Sequitur:

928 2522 1156 2577 CAPUT
1198 2523 1299 2577 XI.

374 2639 569 2696 Vnus.
601 2635 654 2693 3.
688 2666 759 2677 —
785 2635 989 2692 Dixisti
1009 2636 1143 2691 enim
1167 2654 1184 2690 :
1214 2635 1334 2691 an
1355 2635 1448 2691 tibi
1469 2636 1642 2707 placet
1668 2636 1807 2707 quod
1834 2654 1927 2691 re—

307 2734 462 2783 ctum
493 2732 590 2794 est,
624 2727 705 2781 vel
732 2726 861 2795 quid
891 2724 984 2779 tibi
1001 2725 1248 2796 proderit
1274 2725 1321 2780 si
1348 2742 1436 2796 ego
1457 2743 1736 2797 peccavero
1758 2726 1785 2782 ?

383 2817 477 2874 16.
516 2821 631 2871 Aut
657 2814 804 2886 falsa
837 2818 1146 2886 loquuntur,
1189 2823 1285 2871 aut
1308 2816 1356 2870 si
1388 2834 1533 2882 vera,
1582 2822 1639 2872 at
1665 2834 1771 2872 non
1808 2834 1925 2872 con-

309 2905 602 2962 uenientia.
636 2934 709 2945 —
736 2904 793 2960 Si
812 2912 925 2960 tota
953 2903 1083 2960 libri
1112 2904 1275 2961 series
1304 2905 1627 2974 attenditur,
1656 2905 1799 2961 nihil
1830 2905 1925 2961 ho-

309 3010 433 3051 rum
466 2993 667 3050 beatus
694 2992 796 3049 Job
843 2992 1049 3049 dixisse
1078 3002 1434 3050 monstratur.
1480 2995 1585 3051 Sed
1614 3002 1928 3067 arrogantes

309 3083 438 3152 viri,
494 3083 645 3140 sicut
691 3089 744 3137 et
786 3082 1037 3154 superius
1083 3083 1351 3152 diximus,
1392 3082 1594 3139 habere
1640 3082 1745 3140 hoc
1793 3100 1929 3156 pro-

311 3172 496 3246 prium
535 3171 733 3239 solent,
768 3178 831 3226 ut
859 3170 991 3226 dum
1020 3171 1077 3226 in
1101 3170 1272 3227 nimia
1292 3172 1602 3229 invectione
1626 3172 1921 3245 prodeunt,

314 3261 476 3318 etiam
527 3258 842 3315 invehendo
888 3260 1262 3328 mentiantur;
1309 3268 1362 3317 et
1395 3277 1520 3318 cum
1552 3277 1663 3317 non
1696 3269 1926 3333 possunt

310 3349 456 3421 juste
506 3348 907 3421 reprehendere
952 3364 1072 3421 quae
1120 3356 1270 3418 sunt,
1321 3350 1720 3423 reprehendant
1759 3367 1926 3407 men-

317 3439 513 3495 tiendo
540 3454 660 3511 quae
690 3454 803 3493 non
832 3447 981 3495 sunt.
1012 3438 1306 3511 Sequitur:

385 3528 566 3584 Vsus.
600 3525 652 3582 4.
685 3557 755 3569 -
782 3528 971 3598 Itaque
995 3544 1084 3598 ego
1114 3527 1428 3601 respondebo
1470 3528 1796 3584 sermonibus
1827 3527 1930 3583 tuis

319 3622 368 3670 et
394 3617 589 3671 amicis
618 3617 719 3670 tuis
742 3623 921 3673 tecum.

393 3704 582 3761 Dictis
600 3705 971 3776 superioribus
987 3704 1144 3776 quasi
1163 3704 1310 3760 beati
1330 3704 1431 3761 Job
1452 3706 1750 3778 culpabilia
1767 3707 1933 3763 verba

323 3794 594 3863 narravit,
626 3804 787 3869 atque
816 3812 885 3852 ex
930 3794 1008 3851 eis
1037 3793 1143 3849 sibi
1174 3794 1459 3851 materiam
1506 3796 1764 3869 loquendi
1795 3812 1932 3868 pro-

323 3885 549 3957 posuit;
612 3885 706 3941 sed
754 3884 937 3940 verbis
979 3883 1442 3957 subsequentibus
1496 3884 1626 3941 forti
1680 3885 1933 3941 acumine

326 3973 556 4032 discutit
583 3973 691 4031 hoc
719 3973 867 4047 quod
896 3973 1002 4029 sibi
1023 3972 1092 4029 ad
1111 3972 1333 4029 dicendi
1356 3973 1639 4030 materiam
1669 3973 1935 4031 fallaciter

329 4063 512 4120 ﬁnxit.
548 4064 620 4119 Et
647 4063 817 4120 fortes
845 4062 1070 4136 quidem
1098 4071 1227 4119 sunt
1256 4064 1538 4120 sententias
1560 4081 1680 4137 quae
1699 4080 1935 4138 sequun-

332 4161 435 4223 tur,
467 4152 570 4210 sed
600 4152 742 4209 beati
773 4152 875 4208 Job
895 4169 1139 4224 personae
1169 4169 1279 4209 non
1301 4163 1643 4227 congruunt;
1674 4162 1937 4227 tantoque

332 4256 450 4297 eum
504 4241 904 4314 increpationis
950 4240 1115 4313 hujus
1163 4242 1270 4297 tela
1316 4258 1427 4298 non
1471 4241 1700 4313 feriunt,
1731 4249 1938 4318 quanto

334 4338 523 4388 contra
551 4347 677 4388 eum
704 4329 908 4403 injuste
936 4331 1258 4387 mittuntur.
1292 4331 1579 4404 Sequitur:

730 4449 956 4508 CAPUT
1008 4450 1113 4507 xu
1162 4449 1307 4525 [Rec.
1368 4450 1546 4524 VIII].

342 4659 588 4730 templare
614 4658 807 4714 aethera
837 4657 982 4729 quod
1004 4657 1173 4714 altior
1198 4664 1243 4714 te
1272 4659 1360 4714 sit.
1386 4658 1445 4714 Si
1467 4656 1785 4729 peccaveris,
1814 4657 1944 4728 quid

341 4749 387 4804 ei
410 4749 644 4812 nocebis;
672 4756 721 4804 et
760 4751 809 4805 si
846 4749 1216 4820 multiplicatae
1242 4747 1450 4819 fuerint
1482 4747 1788 4819 iniquitates
1821 4752 1942 4814 tute,

341 4839 466 4910 quid
491 4838 654 4909 facies
680 4846 869 4897 contra
894 4857 1010 4896 eum
1026 4843 1053 4897 9
1083 4842 1260 4896 Porro
1288 4840 1336 4895 si
1350 4838 1495 4909 juste
1514 4840 1678 4911 egeris
1702 4838 1832 4911 quid
1855 4838 1946 4895 do-

342 4928 494 4984 nabis
518 4929 587 4995 ei,
615 4936 712 4985 aut
730 4931 863 5002 quid
892 4931 954 4986 de
979 4947 1143 4986 manu
1171 4936 1263 4987 tua
1287 4929 1554 5001 accipiet?

416 5018 501 5075 17.
543 5019 770 5091 Vestigia
805 5019 909 5076 Dei
935 5026 1059 5075 sunt
1090 5027 1365 5076 creatum.
1396 5050 1468 5063 —
1496 5017 1761 5087 Quamvis
1787 5018 1948 5074 beato

346 5105 446 5164 Job
472 5109 669 5167 scienti
705 5109 914 5183 majora
960 5128 1302 5186 nequaquam
1334 5111 1446 5169 dici
1495 5111 1605 5169 ista
1632 5110 1943 5178 debuerint,

350 5214 476 5257 vera
502 5209 688 5260 tamen
728 5211 857 5260 sunt
904 5219 1025 5277 quae
1054 5203 1334 5274 dicuntur,
1368 5203 1515 5279 quod
1544 5204 1803 5260 videlicet
1832 5203 1946 5258 Deo

351 5303 451 5346 nec
477 5300 696 5363 peccata
723 5301 909 5350 nostra
937 5303 1188 5364 noceant,
1220 5311 1323 5352 nec
1350 5294 1487 5351 bene
1518 5300 1670 5367 gesta
1704 5307 1948 5349 concur-

352 5390 494 5440 rant.
538 5383 693 5441 Unde
725 5384 1068 5454 subsecutus,
1115 5384 1407 5459 adjunxit:
1441 5386 1613 5445 Vnus.
1643 5384 1697 5442 8.
1728 5413 1799 5426 —
1826 5383 1949 5440 Ho-

426 5564 445 5639 ξ
476 5564 704 5639 Excusi,
733 5574 931 5639 quanto
955 5564 1230 5623 distamus.

424 5635 1086 5712 '__Recent.,'quibusdam
1130 5655 1184 5698 se
1222 5638 1392 5699 nobis.
1437 5638 1607 5699 Abest
1647 5654 1701 5698 se
1740 5653 1774 5696 a
1817 5635 1948 5697 Mss.

356 5704 536 5783 Colb.,
565 5704 797 5784 Pratel.,'
821 5720 929 5774 etc.

1950 1740 1997 1801 B

2022 421 2248 476 hominis
2274 421 2550 493 adjuvabit
2569 419 2789 489 justitia
2811 426 2919 475 tua.
2951 421 3057 477 Sed
3089 423 3232 479 inter
3253 423 3370 481 haec
3390 424 3531 481 illud
3544 434 3629 481 est

2023 512 2253 567 solerter
2296 510 2644 579 intuendum,
2695 508 2841 582 quod
2888 510 2965 565 ait
3007 528 3019 565 :
3067 512 3281 582 Suspice
3326 516 3532 581 cwlum,
3583 520 3632 569 et

2024 601 2247 667 intuere,
2276 609 2324 655 et
2349 603 2697 673 contemplare
2723 601 2916 654 aethera
2945 599 3087 669 quod
3113 601 3280 654 altior
3310 607 3354 655 te
3378 604 3465 657 sit.
3501 604 3627 660 Haec

2025 692 2172 747 enim
2203 691 2413 760 dicens,
2446 692 2709 748 nimirum
2735 690 2946 763 colligit
2975 698 3034 746 ut
3055 690 3402 747 considerare
3431 691 3628 749 debeat

2027 787 2234 853 quanto
2262 779 2447 836 minus
2465 782 2577 836 Deo
2598 780 2814 837 actione
2839 796 2938 836 sua
2966 788 3060 836 aut
3086 778 3261 853 prosit
3279 789 3376 837 aut
3405 790 3625 849 noceat,

2028 871 2123 943 qui
2152 869 2435 927 altitudini
2456 871 2581 928 cmli
2609 880 2772 945 atque
2793 868 3014 927 aetheris
3041 868 3297 941 prodesse
3317 870 3404 925 vel
3432 884 3630 927 nocere

2028 976 2141 1018 non
2179 961 2368 1033 possit.
2411 960 2677 1028 Quamvis
2721 961 2779 1017 in
2818 961 2956 1019 ccelo
2995 960 3083 1016 vel
3123 960 3325 1017 aethere
3353 959 3632 1033 possimus

2028 1068 2291 1123 supernas
2321 1061 2613 1123 potestates
2640 1055 2906 1125 accipere,
2950 1051 3161 1108 divinis
3204 1067 3420 1124 semper
3458 1049 3634 1107 obtu-

2029 1140 2177 1196 tibus
2217 1140 2570 1209 inhaarentes,
2618 1151 2681 1198 ut
2728 1160 2856 1199 cum
2895 1143 3171 1215 angelicos
3207 1143 3435 1215 spiritus
3474 1140 3634 1212 longe

2028 1230 2210 1287 adhuc
2236 1248 2267 1287 a
2294 1231 2455 1287 nobis
2484 1232 2687 1288 distare
2714 1234 3108 1307 conspicimus,
3144 1232 3249 1306 ipsi
3276 1232 3512 1290 creatori
3540 1240 3637 1287 at-

2029 1335 2137 1392 que
2174 1319 2509 1377 dominatori
2557 1321 2852 1392 spirituum
2905 1325 2920 1357 ¹
2966 1339 3128 1394 quam
3175 1324 3334 1394 longe
3365 1321 3637 1378 distamus

2030 1409 2263 1466 inferius
2291 1426 2672 1482 agnoscamus,
2718 1426 3036 1482 corpoream
3081 1421 3265 1467 tamen
3294 1410 3420 1466 coeli
3455 1410 3636 1466 athe-

2030 1500 2215 1574 risque
2254 1500 2538 1557 materiam
2582 1500 2689 1561 hoc
2730 1502 2853 1559 loco
2884 1502 3088 1558 sentire
3131 1501 3213 1556 nil
3254 1501 3457 1557 obstat.
3493 1497 3634 1573 [νει.

2040 1589 2219 1664 VIII.]
2250 1592 2386 1647 Nam
2417 1592 2464 1648 si
2495 1592 2793 1664 vigilanter
2819 1592 3096 1648 exteriora
3114 1590 3508 1663 conspicimus,
3540 1604 3638 1661 per

2030 1681 2151 1752 ipsa
2181 1688 2325 1744 819
2371 1683 2561 1739 eadem
2604 1684 2671 1739 ad
2718 1684 2984 1740 interiora
3016 1698 3359 1740 revocamur.
3393 1679 3641 1752 Vestigia

2030 1779 2233 1851 quippe
2289 1782 2551 1837 creatoris
2598 1782 2773 1836 nostri
2815 1790 2946 1837 sunt
2992 1781 3131 1837 mira
3176 1796 3339 1853 opera
3397 1776 3638 1833 visibilis
3714 1824 3721 1843 ,

2030 1876 2316 1925 creaturas.
2368 1871 2552 1942 Ipsum
2582 1885 2822 1942 namque
2867 1869 3048 1926 adhuc
3076 1869 3265 1926 videre
3292 1884 3405 1923 non
3435 1882 3639 1939 possu-

2032 1973 2184 2025 mus;
2240 1959 2334 2015 sed
2359 1958 2476 2030 jam
2525 1959 2593 2015 ad
2636 1959 2755 2031 ejus
2791 1960 3063 2015 visionem
3099 1957 3397 2025 tendimus,
3429 1956 3476 2011 si
3510 1971 3634 2011 eum

2030 2048 2088 2103 in
2120 2048 2208 2105 his
2239 2064 2357 2123 quae
2378 2049 2512 2107 fecit
2540 2050 2827 2106 miramur.
2860 2049 2995 2122 Ejus
3020 2065 3149 2122 ergo
3178 2048 3411 2120 vestigia
3429 2054 3637 2103 creatu-

2030 2155 2147 2194 ram
2178 2138 2439 2208 dicimus,
2482 2142 2613 2213 quia
2656 2157 2755 2212 per
2797 2140 2914 2197 haec
2951 2157 3072 2213 quae
3109 2139 3178 2194 ab
3224 2138 3341 2210 ipso
3383 2145 3512 2193 sunt
3540 2151 3638 2192 se-

2032 2231 2251 2305 quendo
2282 2233 2427 2289 imus
2455 2233 2524 2288 ad
2555 2234 2757 2306 ipsum.
2790 2233 2945 2290 Unde
2971 2232 3172 2288 Paulus
3194 2231 3302 2286 ait:
3337 2229 3635 2286 Invisibilia

2031 2322 2147 2394 eius
2170 2340 2268 2395 Per
2309 2341 2369 2380 ea
2414 2341 2532 2395 qua:
2566 2322 2710 2393 facta
2752 2330 2877 2379 sunt
2917 2323 3177 2378 intellecta
3218 2319 3635 2391 conspiciuntur,

2031 2416 2351 2485 sempiterna
2395 2429 2599 2485 quoque
2635 2414 2806 2467 virtus
2846 2412 2959 2481 ejus
3002 2417 3050 2465 et
3090 2408 3343 2465 divinitas
3386 2408 3563 2478 (Rom.
3596 2423 3637 2475 I,

2032 2504 2150 2575 20).
2196 2503 2351 2559 Unde
2389 2513 2443 2560 et
2471 2505 2527 2559 in
2567 2503 2710 2559 libro
2738 2501 3032 2573 Sapientiae
3061 2499 3325 2571 scriptum
3364 2503 3480 2554 est:
3530 2497 3640 2553 Per

1958 2612 1965 2621 ‘
2030 2593 2449 2665 magnitudinem
2467 2592 2605 2649 enim
2633 2599 2891 2647 creatura:
2917 2598 2965 2645 et
2990 2590 3205 2662 speciem
3233 2593 3403 2659 potest
3430 2586 3641 2642 intelli-

2032 2681 2265 2753 gibiliter
2287 2688 2497 2738 creator
2520 2682 2690 2737 videri
2716 2683 2875 2754 (Sap.
2908 2697 3031 2747 xm,
3060 2680 3144 2750 ὅ).
3172 2677 3348 2735 Menti
3374 2675 3521 2733 enim
3542 2690 3637 2731 no-

2034 2779 2160 2828 strae
2188 2782 2409 2844 peccato
2438 2789 2539 2829 suo
2567 2773 2811 2829 exterius
2831 2787 3032 2843 sparsae
3058 2768 3295 2827 necdum
3321 2769 3468 2825 Deus
3495 2766 3642 2824 sicut

2035 2871 2117 2918 est
2143 2863 2377 2919 interius
2407 2863 2736 2929 innotescit;
2770 2861 2864 2917 sed
2903 2860 3034 2917 dum
3062 2860 3288 2915 facturae
3322 2873 3434 2912 sum
3468 2855 3640 2910 decus

2034 2950 2171 3006 foris
2199 2952 2477 3023 proponit,
2509 2951 2664 3023 quasi
2693 2949 3019 3023 quibusdam
3054 2950 3075 2983 ²
3108 2947 3269 3003 nobis
3297 2945 3526 3001 nutibus
3556 2944 3639 2998 in-

2036 3039 2179 3107 nuit,
2223 3050 2276 3096 et
2303 3056 2424 3112 quae
2454 3040 2603 3095 intus
2631 3055 2923 3112 sequamur
2951 3035 3211 3103 ostendit,
3242 3051 3306 3090 ac
3334 3034 3477 3089 miro
3505 3048 3635 3087 mo—

1958 3102 2002 3163 C
2031 3129 2104 3185 do
2132 3129 2267 3202 ipsis
2298 3129 2490 3185 formis
2517 3128 2883 3185 exterioribus
2912 3144 3011 3184 nos
3040 3126 3107 3182 ad
3143 3125 3409 3183 interiora
3448 3123 3645 3201 perdu-

2032 3220 2109 3278 cit
2140 3237 2153 3287 ;
2188 3219 2372 3283 innuit
2401 3219 2668 3275 immensa
2686 3217 3055 3275 admiratione
3073 3216 3222 3292 quod
3237 3224 3339 3285 est,
3358 3217 3498 3272 mira
3518 3214 3639 3272 haec

2035 3311 2279 3367 exterius
2307 3308 2646 3369 ostendendo
2675 3326 2796 3383 quae
2825 3325 2937 3365 non
2967 3318 3068 3366 est.
3103 3308 3246 3364 Hinc
3276 3307 3423 3363 enim
3453 3306 3521 3361 de
3545 3321 3635 3360 sa-

2036 3400 2243 3473 pientia
2270 3400 2535 3471 scriptum
2555 3408 2654 3456 est:
2687 3401 2754 3456 In
2782 3399 2882 3455 viis
2909 3398 3133 3455 ostendit
3154 3414 3207 3452 se
3234 3397 3345 3453 illis
3374 3395 3642 3457 hilariter,

2038 3496 2086 3544 et
2112 3490 2254 3544 omni
2280 3490 2617 3561 providentia
2647 3490 2877 3544 occurrit
2906 3489 3016 3544 illis
3043 3490 3204 3559 (Sap.
3236 3504 3314 3554 v1,
3350 3486 3464 3557 17).

2112 3577 2197 3633 18.
2251 3578 2378 3637 Vita:
2422 3585 2544 3633 sunt
2578 3578 2650 3633 ad
2682 3579 3005 3634 Creatorem.
3050 3578 3156 3633 Per
3182 3574 3417 3630 visibilia
3460 3590 3496 3629 a
3534 3572 3644 3628 Deo

2039 3668 2377 3735 recessimus;
2405 3684 2504 3739 per
2543 3668 2719 3722 eadem
2755 3668 2827 3722 ad
2853 3667 3022 3722 Deum
3050 3665 3242 3720 reverti
3272 3664 3530 3720 debemus.
3574 3691 3646 3702 —

2040 3756 2161 3813 Via:
2208 3759 2410 3829 quippe
2454 3755 2521 3811 ad
2552 3756 2863 3811 Creatorem
2895 3762 3025 3809 sunt
3054 3756 3075 3788 ³
3107 3769 3272 3824 opera
3298 3751 3646 3807 considerata

2041 3852 2322 3900 creaturae.
2373 3843 2504 3907 Quae
2534 3842 2666 3897 dum
2698 3842 2842 3897 facta
2882 3840 3181 3907 cernimus,
3214 3839 3517 3910 potentiam
3555 3836 3649 3891 fa-

2043 3932 2212 3991 ctoris
2240 3931 2526 3987 miramur.
2561 3931 2624 3986 In
2654 3930 2776 3986 istis
2808 3932 2915 3987 viis
2944 3948 2975 3986 a
3002 3928 3274 4001 sapientia
3300 3926 3453 3983 omni
3483 3925 3647 3982 nobis

2043 4024 2392 4099 providentia
2420 4022 2747 4092 occurritur,
2771 4024 2901 4097 quia
2928 4020 3153 4078 factoris
3181 4018 3343 4075 nobis
3364 4017 3546 4073 virtus
3563 4016 3652 4073 in-

2046 4114 2314 4189 quirenda
2355 4114 2682 4187 proponitur
2730 4113 2787 4169 in
2816 4129 2979 4170 omne
3026 4110 3173 4185 quod
3204 4107 3534 4165 mirabiliter
3569 4107 3650 4164 fa-

2046 4213 2196 4262 ctum
2240 4204 2497 4272 videtur;
2542 4211 2595 4259 et
2623 4219 2968 4279 quocumque
3011 4218 3067 4259 se
3110 4198 3339 4256 verterit
3365 4199 3572 4266 anima,
3604 4196 3655 4253 si

2048 4295 2342 4367 vigilanter
2383 4292 2640 4363 intendit,
2676 4293 2733 4349 in
2780 4292 2977 4349 iisdem
3026 4290 3160 4364 ipsis
3187 4290 3363 4345 Deum
3410 4286 3649 4355 invenit,

2047 4401 2144 4458 per
2172 4402 2293 4458 quae
2322 4383 2580 4457 reliquit;
2613 4382 2836 4455 ejusque
2867 4382 3168 4455 potentiam
3197 4395 3268 4435 ex
3297 4393 3487 4434 eorum
3517 4393 3656 4433 rur-

1965 4463 2017 4523 D
2048 4492 2140 4532 sus
2169 4473 2607 4531 consideratione
2635 4473 2936 4545 cognoscit,
2975 4488 3211 4546 quorum
3256 4485 3442 4527 amore
3485 4467 3652 4523 dese-

404 4566 579 4626 Vuns.
621 4568 749 4625 5-7.
784 4599 849 4640 -_-
886 4568 1101 4640 Suspice
1150 4570 1356 4634 caelum,
1386 4575 1434 4624 et
1477 4568 1700 4636 intuere,
1728 4573 1777 4623 et
1820 4583 1937 4623 con-
1980 4580 1981 4591 ‘

2048 4565 2198 4633 ruit;
2231 4572 2286 4620 et
2314 4580 2410 4636 per
2438 4579 2557 4637 quae
2585 4577 2840 4635 perversa
2864 4560 3086 4630 cecidit,
3117 4577 3213 4634 per
3242 4561 3362 4617 haec
3389 4572 3658 4617 conversa

2049 4663 2357 4712 revocatur.
2398 4652 2502 4709 Ubi
2532 4651 2680 4708 enim
2729 4651 2866 4725 lapsi
2914 4666 3124 4720 sumus,
3166 4649 3247 4706 ibi
3278 4647 3655 4706 incumbimus

2050 4756 2114 4805 ut
2140 4762 2456 4820 surgamus;
2487 4753 2543 4801 et
2570 4744 2727 4818 quasi
2757 4742 2835 4799 ibi
2857 4742 3128 4817 surgendo
3152 4757 3377 4799 manum
3405 4735 3656 4794 conside-

2052 4837 2283 4894 rationis
2313 4837 2551 4910 ﬁgimus,
2580 4833 2677 4890 ubi
2706 4832 2842 4906 pede
2873 4833 3076 4889 amoris
3106 4829 3307 4887 lubrici
3336 4830 3666 4884 corruentes

2053 4926 2379 5001 negligendo
2414 4925 2751 4998 jacebamus.
2801 4925 2943 4993 Quia
2981 4920 3129 4976 enim
3174 4919 3242 4973 ab
3273 4912 3656 4971 invisibilibus

2054 5034 2152 5091 per
2180 5017 2425 5073 visibilia
2455 5016 2777 5083 cecidimus,
2808 5015 3038 5085 dignum
3068 5017 3151 5065 est
3179 5017 3242 5063 ut
3260 5005 3328 5061 ad
3349 5003 3662 5062 invisibilia

2061 5110 2196 5183 ipsis
2220 5124 2437 5165 rursum
2468 5106 2786 5164 visibilibus
2814 5104 3141 5167 innitamur,
3173 5104 3235 5153 ut
3255 5113 3364 5170 quo
3396 5112 3524 5153 casu
3544 5096 3659 5152 ani-

2061 5216 2152 5255 ma
2179 5200 2333 5256 venit
2361 5198 2429 5253 ad
2459 5197 2673 5264 inﬁma,
2694 5212 2758 5251 eo
2788 5194 2959 5267 gradu
2989 5196 3296 5246 revertatur
3313 5187 3383 5244 ad
3412 5202 3656 5255 summa;

2062 5299 2223 5362 atque
2267 5288 2468 5345 eisdem
2502 5286 2702 5359 quibus
2730 5284 2938 5340 corruit
2979 5280 3227 5355 passibus
3268 5286 3474 5352 surgat,
3505 5276 3659 5347 dum,

2062 5382 2207 5439 sicut
2233 5380 2444 5438 dictum
2477 5386 2579 5448 est,
2604 5377 2701 5433 illa
2727 5391 2829 5432 nos
2851 5374 2921 5432 ad
2948 5375 3123 5432 Deum
3152 5372 3291 5429 bene
3319 5369 3664 5429 considerata

2137 5561 2158 5596 ³
2182 5548 2353 5617 Iidem
2401 5554 2751 5623 recentiores,
2799 5570 2959 5625 opera
3001 5551 3332 5625 considerata
3368 5548 3665 5625 creatoris;

2064 5629 2464 5691 reluctantibus
2510 5630 2639 5686 Mss.
2707 5624 2890 5698 Colli,
2944 5626 3173 5695 Turon.,
3224 5624 3474 5693 Ebroic.,
3531 5628 3662 5687 etc.,

2063 5720 2281 5767 necnon
2309 5710 2421 5761 vet.
2446 5700 2649 5759 Editis.
