4162 6184
1729 219 1979 278 SANC'I‘I
2017 220 2357 280 GREGORII
2392 221 2622 280 MAGNI

3725 227 3827 286 360

529 359 808 418 revocant,
839 365 960 421 quae
988 364 1090 405 nos
1116 346 1265 405 abeo
1288 348 1428 405 male
1455 349 1629 406 electa
1646 347 1979 404 diviserunt.
2011 347 2141 403 Elin
2172 357 2223 417 Α
2252 348 2591 420 prospicitur
2636 364 2798 421 pmna
2841 365 2964 422 qua
3007 356 3227 418 terreat,
3276 349 3372 407 sed
3421 351 3622 409 clausis
3672 355 3844 412 oculis

532 442 737 512 itaque,
771 447 833 493 ut
869 437 983 493 vim
1017 437 1480 496 considerationis
1507 437 1848 504 admoveret,
1880 444 2043 508 atque
2069 451 2140 491 ex

531 527 809 600 corporeis
838 526 1000 583 rebus
1028 527 1342 585 ostenderet
1369 534 1576 601 quanto
1604 525 1677 582 sit
1706 524 1932 581 homine
1961 524 2140 581 excel-

531 620 647 677 sior
672 623 838 689 Deus,
870 620 1007 677 bene
1050 620 1277 677 intulit:
1328 621 1541 691 Suscipe
1584 619 1792 684 caelum,
1822 623 1870 671 et
1914 617 2139 682 intuere,

531 718 582 768 et
628 712 979 783 contemplare
1019 711 1215 766 mlitem
1246 710 1388 781 quod
1411 710 1579 765 altior
1608 714 1654 763 te
1691 707 1777 763 sit.
1824 706 1963 777 Ipsis
1992 706 2142 761 enim

534 799 699 867 rebus
725 800 923 857 creatis
951 808 1114 872 atque
1142 797 1420 869 corporeis
1444 797 1793 869 agnoscimus
1819 803 2088 870 quantum
2112 809 2144 850 a

535 890 800 946 creatoris
828 888 1004 945 nostri
1032 885 1374 943 sublimitate
1402 886 1693 954 distamus,
1716 883 1847 957 quia
1867 900 1962 956 per
1980 898 2144 939 omne

535 978 683 1053 quod
712 979 992 1037 cernimus
1020 994 1136 1034 esse
1165 977 1405 1033 humiles
1451 974 1835 1042 admonemur,
1885 982 1948 1030 ut
1990 973 2145 1046 quasi

537 1069 786 1143 quaedam
815 1069 889 1125 sit
919 1069 1118 1125 lectio‘
1148 1067 1320 1122 menti
1338 1075 1539 1123 nostra:
1567 1065 1776 1137 species
1803 1061 2147 1121 considerata

537 1168 821 1216 creaturae.
853 1158 1012 1215 Dicat
1053 1173 1218 1230 ergo:
1255 1157 1468 1229 Suscipe
1509 1157 1737 1221 coelum;
1772 1160 1822 1209 et
1850 1153 2071 1219 intuere,
2098 1157 2147 1207 et

537 1250 891 1319 contemplare
918 1248 1113 1303 (ethera
1143 1248 1283 1319 quod
1327 1247 1493 1302 altior
1523 1253 1567 1301 te
1603 1247 1691 1301 sit.
1744 1244 1803 1301 Si
1826 1242 2146 1314 peccaveris,

538 1340 668 1411 quid
694 1338 742 1393 ei
780 1336 1025 1393 nocebis?
1046 1344 1093 1392 et
1121 1338 1168 1392 si
1195 1338 1561 1410 multiplicata:
1600 1335 1806 1406 fuerint
1843 1332 2148 1404 iniquitates

540 1445 662 1501 tum,
694 1428 837 1499 quid
878 1426 1041 1497 facies
1077 1434 1263 1483 contra
1290 1445 1403 1483 eum
1426 1429 1453 1484 ?
1501 1428 1676 1483 Porro
1705 1424 1752 1479 si
1779 1422 1923 1492 juste
1961 1421 2147 1493 egeris,

540 1518 671 1590 quid
698 1518 917 1574 donabis
942 1518 1008 1586 ei,
1039 1525 1134 1574 aut
1161 1519 1291 1590 quid
1319 1519 1381 1574 de
1405 1534 1570 1573 manu
1587 1523 1682 1571 tua
1708 1513 1973 1586 accipiet?
2003 1514 2083 1567 Ac
2101 1511 2148 1567 si

542 1608 750 1666 diceret
775 1627 787 1665 :
822 1609 909 1664 Ex
940 1609 1076 1681 ipsis
1112 1608 1380 1665 creaturis
1409 1606 1656 1677 intellige
1684 1619 1819 1677 quas
1846 1603 2069 1658 altiores
2096 1609 2150 1658 te

543 1714 659 1755 esse
689 1698 1048 1771 corporaliter
1077 1698 1252 1766 vides,
1285 1704 1554 1770 quantum
1593 1711 1627 1751 a
1653 1694 1859 1751 divinae
1893 1691 2150 1765 potentia;

543 1787 891 1845 sublimitate
920 1786 1289 1860 disjungeris;
1320 1796 1481 1858 atque
1510 1801 1581 1839 ex
1599 1782 1705 1840 hac
1727 1790 1818 1839 tua
1842 1779 2149 1838 considera-

544 1878 699 1934 tione
728 1878 925 1949 collige
972 1878 1103 1949 quia
1129 1878 1302 1933 Deum
1335 1891 1437 1932 nec
1464 1873 1601 1929 bene
1630 1871 1871 1929 vivendo
1899 1868 2147 1943 adjuves,

543 1983 647 2024 nec
666 1983 857 2022 rursus
888 1967 1050 2021 malis
1077 1964 1393 2021 actionibus
1420 1979 1631 2037 graves.

618 2056 706 2113 19.
738 2056 956 2127 Angelis
997 2054 1283 2125 inferiores
1325 2070 1527 2120 sumus,
1569 2057 1766 2123 quanto
1800 2050 1969 2122 magis
2009 2051 2150 2106 Deo!

546 2175 617 2187 —
658 2144 715 2200 Si
763 2161 917 2212 vero,
961 2144 1106 2200 sicut
1150 2143 1403 2215 superius
1448 2141 1718 2210 diximus,
1767 2139 1825 2195 in
1878 2138 2017 2197 caelo
2063 2138 2151 2194 vel

551 2233 757 2290 aethere
804 2248 1068 2305 supernas
1114 2239 1411 2305 potestates
1453 2230 1774 2303 accipimus,
1818 2228 2004 2284 verbis
2035 2227 2154 2284 istis

549 2330 693 2390 820
734 2326 865 2381 Eliu
904 2324 1250 2381 considerare
1294 2341 1394 2381 nos
1436 2322 1717 2391 admonet,
1766 2329 1829 2377 ut
1874 2319 2003 2394 quia
2049 2319 2154 2391 ipsi

550 2423 786 2496 angelici
839 2423 1071 2496 spiritus
1117 2423 1380 2481 creatoris
1427 2421 1603 2478 nostri
1648 2420 1949 2493 potentiam
1997 2418 2156 2491 plene

547 2512 910 2586 contemplari
958 2528 1069 2568 non
1114 2520 1364 2583 possunt,
1405 2510 1473 2567 de
1502 2510 1705 2583 quibus
1731 2516 1917 2565 tamen
1945 2516 2156 2565 certum

549 2609 630 2659 est
660 2603 791 2676 quia
821 2599 982 2657 nobis
1008 2616 1073 2656 eo
1104 2600 1222 2672 ipso
1251 2600 1475 2655 altiores
1503 2607 1634 2655 sunt
1662 2614 1771 2671 quo
1803 2597 1940 2669 lapsi
1971 2596 2029 2651 in
2059 2596 2157 2651 in-

555 2692 704 2750 ﬁmis
732 2707 843 2747 non
871 2697 1019 2757 sunt,
1054 2688 1313 2744 videlicet
1341 2687 1666 2759 colligamus
1694 2695 1903 2760 quanto
1931 2687 2044 2742 Deo
2073 2686 2158 2742 in-

551 2781 778 2843 feriores
819 2779 1130 2847 existimus,
1177 2778 1274 2851 qui
1319 2777 1483 2834 etiam
1532 2776 1797 2833 creaturis
1824 2774 2159 2832 sublimibus

553 2871 648 2927 sed
677 2872 836 2942 longe
864 2868 962 2926 illo
983 2866 1341 2923 inferioribus
1361 2865 1726 2939 subjacemus.
1751 2867 1832 2922 Ac
1851 2864 1898 2922 si
1919 2864 2153 2921 diceret:

553 2960 697 3019 Vide
725 2968 990 3033 quantum
1021 2975 1053 3014 a
1071 2956 1265 3013 divina
1283 2955 1611 3013 celsitudine
1630 2955 1920 3028 separaris,
1941 2970 1973 3009 a
1997 2952 2158 3026 cujus

554 3049 803 3124 potentia
829 3048 994 3105 etiam
1019 3047 1041 3082 ³
1066 3055 1358 3119 potestates
1384 3046 1493 3101 illa;
1516 3044 1832 3101 humilitate
1860 3041 2157 3101 contremi-

553 3145 715 3196 scunt
743 3154 863 3210 quue
896 3146 948 3193 te
992 3138 1262 3193 immensa
1287 3134 1629 3192 sublimitate
1657 3132 2070 3199 transcendunt,
2102 3139 2155 3187 et

555 3237 768 3302 quanto
785 3227 902 3300 ipse
922 3242 1139 3283 summo
1158 3225 1389 3282 inferior
1406 3240 1481 3293 es,
1506 3225 1601 3297 qui
1620 3224 1938 3280 inferiorem
1967 3232 2021 3279 te
2040 3236 2155 3278 esse

556 3316 720 3374 etiam
753 3315 1112 3372 inferioribus
1152 3313 1537 3387 deprehendis.
1586 3314 1608 3348 ³
1645 3310 1995 3369 Ostendendo
2023 3325 2155 3367 vero

556 3421 790 3476 summa,
821 3404 1034 3463 reducit
1061 3404 1130 3461 ad
1157 3404 1408 3478 aequalia,
1440 3411 1601 3476 atque
1629 3403 1739 3459 ait:

1150 3493 1378 3550 CAPUT
1417 3493 1566 3549 XIII.

628 3586 801 3644 Vnus.
833 3584 888 3641 8.
931 3613 1003 3627 —
1034 3582 1250 3640 Homini
1282 3580 1375 3653 qui
1407 3580 1598 3637 similis
1637 3580 1715 3637 tui
1740 3586 1816 3637 est
1838 3581 2037 3637 nocebit
2061 3580 2157 3637 im-

553 3673 725 3749 pietas
750 3680 863 3743 tua,
893 3679 941 3728 et
969 3673 1141 3745 ﬁlium
1168 3672 1393 3728 hominis
1410 3669 1919 3743 adjuuabitjustitia
1938 3676 2049 3726 tua.

630 3764 719 3823 20.
764 3763 932 3819 Homo
961 3761 1163 3817 homini
1201 3778 1385 3817 nocere
1422 3766 1519 3816 aut
1539 3760 1786 3831 prodesse
1827 3765 2016 3831 potest,
2052 3775 2161 3815 non

559 3855 782 3929 angelis.
815 3853 900 3924 (l,
931 3850 1189 3924 quaesti,
1211 3850 1944 3924 can.Homini.)—Humana
1971 3849 2160 3922 impie-

559 3954 644 4003 tas
670 3946 722 4002 ei
751 3953 929 4011 nocet,
962 3957 1124 4016 quem
1154 3941 1520 4015 pervertendo
1552 3940 1826 4013 inquinat.
1865 3940 1937 3996 Et
1974 3954 2163 3995 rursus

561 4049 687 4090 eum
717 4032 943 4102 adjuvat
968 4038 1155 4086 nostra
1176 4030 1395 4103 justitia
1423 4046 1585 4101 quem
1606 4045 1638 4083 a
1653 4028 1836 4098 pravis
1854 4026 2165 4083 actionibus

562 4121 838 4178 immutat.
856 4120 1060 4177 Nocere
1080 4120 1228 4177 enim
1250 4119 1336 4176 vel
1352 4117 1549 4190 juvare
1574 4115 1832 4173 nesciunt
1851 4132 1912 4172 ea
1934 4132 2054 4190 quae
2074 4117 2164 4172 vel

562 4226 595 4267 a
620 4208 767 4266 bono
794 4225 1145 4284 corrumpere
1174 4209 1263 4265 vel
1292 4225 1324 4263 a
1366 4207 1513 4263 malo
1540 4214 1850 4278 permutare
1886 4222 1998 4261 non
2030 4222 2165 4278 pos-

562 4308 710 4357 sunt.
745 4299 1005 4375 Supernae
1051 4300 1222 4372 igitur
1250 4304 1544 4369 potestates
1588 4309 1652 4350 eo
1691 4293 1819 4352 laedi
1855 4296 1941 4350 vel
1977 4293 2165 4367 juvari

563 4399 863 4464 nequeunt,
896 4406 1005 4465 quo
1031 4404 1147 4446 esse
1171 4385 1285 4459 jam
1308 4382 1790 4444 incommutabiles
1817 4394 2161 4458 acceperunt.

562 4480 668 4538 Sed
697 4480 1044 4538 considerare
1074 4478 1193 4535 haec
1225 4484 1527 4551 nequeunt,
1557 4475 1653 4551 qui
1680 4475 1914 4533 terrenis
1940 4474 2170 4533 deside-

563 4568 665 4621 riis
697 4568 1073 4637 implicantur.
1106 4568 1320 4639 Sparsis
1346 4565 1495 4624 enim
1523 4565 1659 4623 foris
1689 4565 1968 4623 mentibus
1989 4565 2058 4623 ad
2085 4581 2164 4622 se-

564 4654 825 4725 metipsas
853 4653 1031 4709 redire
1061 4654 1285 4710 difﬁcile
1313 4665 1417 4725 est,
1448 4654 1579 4729 quia
1608 4671 1778 4727 prava
1805 4654 2006 4711 itinera
2034 4656 2057 4690 ‘
2085 4670 2165 4711 se-

566 4743 675 4802 mel
702 4750 887 4814 captas
914 4750 1069 4799 tanto
1096 4739 1497 4799 delectabiliter
1524 4751 1733 4809 tenent,
1764 4750 1970 4814 quanto
2000 4742 2058 4797 in
2086 4741 2167 4799 eis

566 4850 730 4896 omne
759 4830 907 4907 quod
938 4827 1163 4887 libuerit
1191 4828 1340 4885 licet.
1371 4831 1570 4887 Nullus
1615 4830 1816 4902 quippe
1857 4828 2165 4901 disciplinas

565 4941 760 4984 murus
805 4921 993 4980 obviat
1040 4919 1136 4995 qui
1178 4917 1543 4992 constringat,
1587 4918 1743 4976 nulla
1789 4918 2170 4979 retributionis

645 5126 661 5161 ¹
690 5127 803 5194 AL,
833 5126 1020 5183 mentis
1046 5128 1260 5182 nostrae.

642 5190 1049 5277 ’JLongipont.2
1098 5194 1297 5277 Pratel.
1346 5208 1415 5277 ac
1452 5192 1547 5277 alii
1595 5190 1807 5277 Norm.,
1851 5192 2053 5277 quibus
2089 5211 2170 5252 as-

570 5264 946 5395 :entitur'vi'et.
970 5268 1075 5325 Ed.
1108 5266 1301 5335 Basil.,
1322 5272 1600 5339 potestates
1620 5264 1729 5321 illa:
1741 5264 2032 5324 humiliatus
2054 5285 2171 5324 con-

594 5353 849 5394 remiscun
881 5384 892 5395 .

594 5353 849 5394 remiscun
856 5353 873 5395 ι
881 5384 892 5396 .

644 5407 666 5483 ξ
696 5410 812 5483 έιη
844 5411 1130 5483 ostendens,
1167 5419 1230 5467 ut
1258 5410 1459 5483 legitur
1486 5410 1543 5467 in
1572 5409 1729 5469 Colb.

645 5479 667 5555 ξ
696 5478 918 5555 Pratel.,
949 5485 1103 5555 semel
1116 5478 1324 5555 captos:

643 5550 666 5627 ξ
697 5549 921 5627 Elimia.
954 5562 1007 5608 et
1035 5554 1151 5620 alii,
1178 5549 1373 5625 premit
1398 5559 1449 5609 et
1467 5560 1691 5627 purgat.

645 5621 668 5658 θ
697 5620 814 5690 AL,
844 5621 916 5675 ad
942 5640 1165 5679 summa.

644 5694 665 5731 ⁷
697 5690 951 5765 Plerique
978 5693 1190 5763 Norm.,
1218 5694 1324 5752 lucc
1349 5698 1546 5767 itaque.

2249 438 2433 495 cordis
2460 453 2524 493 eo
2555 438 2740 494 anima
2768 439 3139 512 praecipitatur
3167 439 3225 495 in
3257 439 3486 509 inﬁmis,
3520 457 3629 514 quo
3659 442 3845 499 obscu-

2252 535 2405 585 ratur
2445 543 2477 583 a
2513 529 2777 595 summis;
2810 536 2865 584 et
2893 535 3045 584 tanto
3074 530 3323 587 securius
3360 530 3504 585 mala
3532 531 3849 603 temporalia

2252 628 2544 693 perpetrat,
2575 628 2782 694 quanto
2811 621 3005 678 durius
3034 622 3179 679 bona
3208 629 3409 679 aeterna
3436 622 3707 695 desperat.

2325 708 2464 783 [Vet.
2511 717 2559 764 et
2598 712 2717 767 Rec.
2756 710 2883 786 IX.]
2922 711 3010 767 21.
3040 712 3177 770 Mali
3218 710 3381 767 bonos
3411 712 3697 785 premendo
3722 728 3852 783 pur-

2251 803 2396 867 gant.
2428 826 2500 839 --
2527 797 2633 853 Sed
2660 798 2766 855 ista
2793 799 3150 872 reproborum
3181 801 3428 874 nequitia
3457 802 3675 857 triturae
3704 817 3855 858 more

2251 887 2552 945 electorum
2582 890 2753 945 vitam
2785 892 2938 965 quasi
2961 907 3127 964 grana
3148 908 3180 947 a
3199 892 3369 964 paleis
3387 907 3665 964 separaris,
3696 892 3719 927 ⁵
3738 906 3853 963 pre-

2254 977 2357 1033 mit
2376 985 2439 1033 ut
2462 986 2675 1051 purget.
2699 980 2825 1036 Mali
2847 980 2995 1036 enim
3015 982 3189 1038 bonos
3205 982 3376 1054 magis
3387 981 3454 1037 ab
3476 981 3645 1053 hujus
3665 979 3856 1036 mundi

2252 1064 2541 1125 desideriis
2561 1068 2881 1141 expediunt,
2913 1069 3044 1127 dum
3065 1069 3351 1143 aﬂligunt;
3384 1072 3515 1144 quia
3531 1069 3668 1127 dum
3689 1069 3861 1125 multa

2254 1155 2333 1212 eis
2379 1156 2473 1213 hic
2502 1158 2744 1215 violenta
2773 1160 3051 1232 ingerunt,
3103 1160 3362 1216 festinare
3408 1160 3533 1216 illos
3582 1163 3606 1196 ⁶
3649 1158 3718 1216 ad
3757 1176 3860 1216 su-

2256 1262 2424 1319 perna
2450 1249 2808 1320 compellunt.
2855 1248 3013 1317 Quod
3053 1249 3192 1305 bene
3221 1248 3289 1305 de
3324 1248 3629 1306 Israelitico
3657 1248 3860 1321 populo

2256 1344 2488 1393 vocante
2513 1337 2698 1410 Moyse
2744 1347 2799 1395 et
2826 1338 3108 1395 Pharaone
3142 1353 3265 1411 rege
3293 1338 3554 1394 saeviente
3583 1339 3859 1410 signatum

2256 1432 2339 1479 est
2371 1426 2575 1496 (Exod.
2609 1443 2691 1495 ιιι,
2724 1427 2803 1499 7).
2837 1428 2990 1484 Tunc
3029 1444 3266 1502 namque
3294 1428 3511 1501 Moyses
3550 1426 3622 1484 ad
3666 1442 3861 1484 vocan-

2258 1513 2392 1570 dum
2424 1516 2625 1573 missus
2652 1525 2753 1584 est,
2785 1533 2910 1574 cum
2935 1515 3049 1588 jam
3080 1516 3290 1573 Pharao
3319 1516 3474 1574 duris
3502 1518 3765 1589 operibus
3793 1514 3863 1572 ad

2259 1605 2684 1677 opprimendum
2714 1606 2894 1663 fuerat
2913 1606 3204 1676 excitatus,
3234 1614 3297 1662 ut
3314 1607 3685 1663 Israelitarum
3709 1621 3861 1662 men-

2186 1715 2231 1776 B
2258 1701 2341 1751 tes
2368 1696 2614 1769 Egypto
2643 1695 2967 1752 deformiter
2987 1696 3334 1767 inhrerentes,
3365 1697 3509 1753 alius
3534 1696 3669 1754 dum
3700 1712 3863 1753 voca-

2259 1790 2342 1839 ret
2368 1785 2526 1857 quasi
2556 1783 2820 1855 traheret,
2850 1786 2994 1842 alius
3023 1787 3177 1861 quasi
3208 1786 3512 1859 impelleret
3539 1785 3675 1842 dum
3705 1785 3864 1843 saevi-

2257 1882 2376 1941 ret;
2410 1882 2465 1930 et
2493 1875 2647 1947 plebs
2675 1874 2735 1930 in
2763 1876 2991 1931 servitio
3020 1877 3256 1950 turpiter
3284 1876 3413 1945 ﬁxa,
3449 1876 3537 1932 vel
3567 1882 3866 1949 provocata

2259 1964 2441 2033 bonis,
2489 1964 2577 2022 vel
2612 1964 2773 2019 malis
2806 1964 3046 2037 impulsa
3090 1974 3423 2023 moveretur.
3457 1967 3573 2023 Hoc
3614 1963 3868 2038 quotidie

2259 2054 2459 2127 agitur,
2491 2052 2623 2109 dum
2666 2052 2975 2125 praedicatis
3015 2055 3334 2111 coelestibus
3373 2054 3637 2127 praemiis,
3670 2053 3869 2110 sevire

2260 2145 2320 2200 in
2348 2145 2550 2201 electos
2577 2144 2795 2217 reprobi
2826 2144 3243 2217 permittuntur,
3281 2152 3343 2201 ut
3382 2146 3428 2201 si
3456 2144 3526 2200 ad
3556 2144 3870 2216 repromis-

2262 2236 2437 2293 sionis
2463 2245 2664 2292 terram
2695 2237 2874 2293 vocati
2907 2236 3060 2293 exire
3089 2236 3439 2309 negligimus,
3462 2235 3735 2308 pressuris
3764 2234 3868 2289 sal-

2262 2333 2371 2382 tem
2415 2325 2772 2382 saavientibus
2815 2325 3182 2398 impellamur,
3215 2333 3379 2399 atque
3421 2325 3540 2381 haec
3566 2325 3867 2397 Egyptus,

2264 2414 2525 2471 videlicet
2555 2415 2671 2470 vita
2699 2431 2955 2487 praesens,
2979 2430 3101 2488 quae
3126 2430 3229 2471 nos
3251 2416 3522 2488 oppressit
3549 2412 3867 2481 blandiens,

2265 2502 2490 2575 adjuvet
2518 2520 2801 2576 premens;
2832 2512 2887 2560 et
2915 2520 3037 2578 quae
3062 2504 3195 2560 dum
3225 2503 3386 2571 fovit,
3422 2502 3708 2559 servitutis
3734 2500 3871 2574 jugo

2264 2593 2552 2663 contrivit,
2576 2593 2847 2650 libertatis
2866 2594 3015 2650 viam
3036 2594 3167 2651 dum
3189 2593 3399 2651 cruciat
3413 2592 3683 2650 ostendat.
3702 2595 3723 2628 ’³
3745 2592 3873 2648 Haec

2266 2686 2457 2759 utique
2512 2702 2675 2743 causa
2717 2694 2799 2743 est
2844 2686 2991 2760 quod
3039 2687 3109 2743 ab
3156 2686 3391 2761 injustis
3423 2685 3562 2758 justi
3610 2685 3872 2742 sinuntur

2266 2775 2454 2846 afﬂigi,
2505 2785 2567 2832 ut
2617 2776 2827 2833 scilicet
2871 2775 3003 2831 dum
3051 2775 3238 2831 futura
3286 2775 3521 2830 audiunt
3560 2774 3710 2831 bona
3750 2789 3872 2847 quas

2265 2865 2509 2936 cupiant,
2554 2864 2832 2936 patiantur
2872 2865 3035 2920 etiam
3085 2864 3230 2920 mala
3258 2862 3547 2936 praesentia
3580 2878 3705 2935 qum
3735 2878 3873 2935 per-

2265 2953 2603 3023 horrescant,
2634 2962 2797 3027 atque
2834 2953 2902 3010 ad
2938 2953 3239 3010 faciliorem
3270 2954 3485 3010 exitum
3534 2953 3669 3009 dum
3714 2969 3875 3009 amor

2189 3076 2233 3137 C
2265 3053 2545 3137 provocat,
2603 3044 2881 3101 cruciatus
2931 3042 3197 3137 impellat.
3241 3042 3407 3137 ‘Un-de
3461 3041 3592 3098 Eliu
3645 3041 3874 3137 eosdem

2264 3136 2477 3193 labores
2523 3136 2823 3194 electorum
2872 3133 2976 3192 sub
3014 3132 3460 3207 oppressionibus
3505 3132 3867 3207 reproborum

2263 3241 2586 3299 exsequens,
2617 3225 2722 3282 ait:

2724 3312 2954 3371 CAPUT
2981 3312 3113 3371 xrv
3136 3310 3282 3387 mea.
3304 3308 3401 3386 x1.

2345 3405 2441 3468 82
2453 3413 2484 3467 1
2516 3402 2687 3463 Vnus.
2704 3403 2757 3461 9.
2784 3433 2855 3445 —
2882 3403 3111 3475 Propter
3129 3402 3521 3459 multitudinem
3537 3401 3559 3437 ⁸
3576 3400 3868 3458 calumnia-

2268 3509 2443 3560 torum
2469 3503 2771 3561 clamabunt
2796 3509 2847 3559 et
2863 3502 3138 3574 ejulabunt
3163 3508 3380 3575 propter
3406 3501 3512 3556 vim
3539 3499 3747 3555 brachii
3775 3505 3866 3571 ty-

2266 3612 2581 3651 rannorum.

2224 3726 2235 3739 ,
2338 3686 2428 3743 22.
2462 3684 2675 3756 Pejores
2702 3690 2826 3740 sunt
2851 3684 2944 3756 qui
2961 3683 3147 3757 pravis
3174 3684 3446 3756 exemplis,
3468 3682 3758 3740 virtutibus
3775 3698 3867 3737 nos

2268 3777 2522 3849 spoliant,
2537 3794 2694 3848 quam
2712 3777 2804 3848 qui
2822 3776 3170 3832 exterioribus
3189 3773 3868 3833 bom’s.—Calumniatores

2271 3873 2415 3923 recte
2444 3866 2627 3923 dicere
2648 3882 2936 3938 possumus
2964 3880 3156 3922 omnes
3176 3865 3414 3938 iniquos,
3437 3880 3546 3920 non
3570 3864 3752 3920 solum
3774 3859 3868 3936 qui

2270 3957 2544 4012 exteriora
2570 3956 2715 4013 bona
2742 3954 2985 4028 rapiunt,
3015 3955 3110 4013 sed
3129 3957 3292 4012 etiam
3321 3955 3414 4030 qui
3440 3954 3600 4011 malis
3620 3955 3738 4010 suis
3757 3967 3866 4008 mo-

2271 4043 2446 4113 ribus,
2476 4049 2529 4101 et
2556 4045 2685 4101 vitae
2714 4045 2958 4117 reprobze
2983 4046 3235 4119 exemplo
3256 4044 3474 4101 interna
3506 4052 3697 4102 nostra
3714 4040 3868 4099 dissi-

2270 4150 2399 4208 pare
2427 4133 2787 4191 contendunt.
2837 4134 2927 4190 Illi
2971 4150 3208 4209 namque
3253 4150 3317 4190 ea
3362 4152 3484 4208 qua:
3512 4133 3675 4190 nobis
3717 4139 3871 4189 extra

2271 4232 2401 4282 sunt
2428 4223 2689 4280 invadere
2727 4224 3001 4294 ambiunt,
3046 4225 3137 4282 isti
3170 4240 3298 4282 vero
3326 4242 3426 4282 nos
3454 4222 3685 4297 praedari
3713 4223 3870 4278 inte-

2272 4313 2389 4372 rius
2416 4322 2688 4390 quaerunt.
2743 4315 2830 4371 Illi
2874 4332 3060 4373 amore
3101 4332 3307 4386 rerum,
3363 4315 3453 4373 isti
3494 4330 3607 4370 non
3653 4318 3871 4370 cessant

2273 4403 2401 4461 odio
2436 4404 2630 4461 saevire
2666 4406 2959 4462 virtutum.
3002 4405 3091 4462 Illi
3121 4404 3376 4462 invident
3405 4402 3553 4478 quod
3580 4401 3867 4468 habemus,

2273 4493 2366 4551 isti
2396 4494 2542 4569 quod
2569 4495 2833 4552 vivimus.
2858 4494 2945 4551 Illi
2966 4492 3189 4551 student
3203 4511 3392 4568 rapere
3409 4493 3556 4551 bona
3574 4490 3866 4557 exteriora,

2273 4583 2403 4656 quia
2430 4584 2682 4655 placent;
2715 4584 2807 4641 isti
2837 4591 3089 4658 satagunt
3118 4585 3381 4641 interiora
3407 4583 3552 4641 bona
3579 4582 3868 4655 dissipare,

2275 4670 2406 4745 quia
2430 4671 2744 4746 displicent.
2776 4674 2994 4743 Quanto
3023 4676 3192 4748 igitur
3220 4692 3433 4732 morum
3465 4674 3582 4730 vita
3626 4688 3659 4729 a
3687 4687 3867 4730 rerum

2275 4761 2445 4820 distat
2470 4763 2795 4833 substantia,
2825 4771 2980 4822 tanto
3008 4765 3230 4838 gravior
3270 4762 3637 4823 calumniator
3664 4770 3750 4820 est
3778 4757 3869 4834 qni

2276 4853 2419 4909 male
2442 4852 2683 4909 videndo
2713 4853 2829 4909 vim
2860 4855 3065 4912 nostris
3093 4855 3260 4912 infert
3283 4853 3550 4922 moribus,
3582 4868 3747 4926 quam
3779 4849 3869 4925 qui

2275 4942 2547 5001 violenter
2592 4943 2954 5017 opprimendo
3000 4946 3203 5004 damna
3247 4945 3451 5020 ingerit
3493 4944 3679 5003 rebus.
3720 4939 3870 5001 Nihil

2351 5126 2374 5162 ⁸
2401 5126 2465 5182 In
2493 5125 2973 5211 Sacrislitteris‘et
3002 5129 3059 5185 in
3077 5127 3440 5211 scriptoribus
3466 5121 3867 5211 ecclesiasticis,

2277 5214 2419 5275 saepe
2446 5197 2812 5275 calumniator
2838 5209 2939 5268 est,
2971 5217 3082 5257 non
3112 5196 3207 5275 qui
3238 5201 3436 5275 falsum
3450 5200 3674 5275 _cri_men
3697 5196 3871 5275 inten-

2278 5265 2379 5345 dit',
2413 5268 2628 5345 sed‘qui
2659 5270 2796 5345 alios
2838 5265 3000 5328 vertat
3038 5281 3093 5328 et
3120 5265 3403 5345 opprimit.
3449 5270 3601 5327 Isaiae
3630 5285 3765 5345 X_LII,
3797 5265 3867 5345 με

2278 5341 2453 5397 Assur
2476 5339 2667 5413 absque
2691 5344 2803 5398 ulla
2823 5360 2982 5400 causa
3001 5339 3355 5400 calumniatus
3384 5349 3458 5398 est
3474 5358 3587 5397 eum
3608 5359 3621 5409 ;
3647 5339 3751 5413 hoc
3771 5343 3869 5413 est,

2280 5413 2483 5485 injuste
2512 5409 2753 5489 vexavit.
2786 5416 2916 5489 Luc.
2950 5434 3033 5485 ιιι,
3074 5416 3176 5472 ib:
3228 5416 3496 5489 Neminem
3542 5409 3871 5489 concutiatt},

2277 5481 2441 5555 neque
2467 5488 2785 5541 calumniam
2816 5481 3046 5555 faciatis.
3091 5495 3137 5543 et
3164 5488 3388 5543 contenti
3416 5491 3572 5541 estote
3599 5481 3872 5555 stipendiis

2277 5552 2484 5637 vestris.
2519 5557 2728 5637 Victor.
2764 5552 2998 5637 Utic.,_l.
3027 5559 3588 5637 11_Yand._Perse<_:_nt.
3614 5573 3625 5611 :
3648 5552 3869 5637 Propin-

2277 5628 2387 5683 cias
2414 5627 2563 5690 regni
2572 5630 2658 5683 sui
2676 5632 2843 5686 variis
2860 5624 3139 5687 calumniis
3157 5638 3206 5687 et
3216 5630 3590 5687 indictionibus
3602 5624 3869 5690 onerabat;

2279 5645 2387 5683 οιαε
2414 5645 2474 5682 τε
2546 5645 2658 5683 ιειιι
2676 5648 2843 5686 carus
2860 5645 3139 5687 calumniis
3157 5645 3206 5687 et
3216 5645 3681 5687 tMlCﬂOﬂlUuSOﬂt

2279 5714 2400 5773 pag.
2432 5645 2686 5758 innovat
2715 5701 2864 5761 Edit.
2896 5703 3037 5762 Vide
3064 5704 3230 5760 etiam
3260 5719 3381 5777 pag.
3413 5701 3482 5765 38
3509 5709 3564 5758 et
3591 5698 3681 5757 40.
