4162 6184
307 267 401 323 361

1035 264 1408 319 MORALIUM
1450 264 1583 319 LIB.
1631 264 1836 320 XXVI.
1877 294 1947 307 —
1986 265 2058 321 IN
2096 266 2323 322 CAPUT
2363 266 2577 321 XXXV
2618 267 2678 320 Β.
2720 268 2861 322 JUB.

3494 270 3597 327 362

300 399 391 455 iste
421 387 483 444 de
506 395 687 442 nostra
725 389 1122 443 sustentatione
1150 387 1447 455 subtraxit,
1497 388 1591 444 sed
1621 388 1878 461 exempla
1907 390 1957 449 Α
1990 391 2057 450 tis
2087 397 2189 457 est,
2220 406 2345 444 cum
2379 390 2435 444 in
2475 388 2637 444 corde
2668 390 2909 446 contrito
2939 394 3336 463 cogitationum
3366 402 3594 453 tentan-

296 478 448 534 nobis
478 474 801 547 perditionis
848 475 1121 547 apposuit.
1172 477 1253 531 Eo
1283 493 1409 549 ergo
1440 478 1751 550 graviorem
1782 495 1885 534 ca-

298 568 549 624 lumniam
574 565 784 633 intulit,
810 581 919 637 quo
948 566 1193 637 quietum
1218 582 1310 621 cor
1332 567 1386 621 in
1409 566 1711 623 tentatione
1741 584 1886 623 com-

297 657 476 712 movit.
505 654 611 721 Qui
642 654 747 709 etsi
776 670 1118 727 nequaquam
1140 654 1299 710 nobis
1329 656 1562 711 actionis
1592 674 1702 712 suae
1725 674 1887 729 opera

297 744 570 817 persuasit,
607 760 846 815 pugnam
896 750 1079 798 tamen
1109 743 1430 799 tentatiouis
1462 743 1705 815 ingessit.
1742 744 1888 800 Gra—

297 850 406 891 vcm
440 832 611 904 igitur
640 831 707 886 de
730 831 845 887 vita
865 830 984 902 ejus
1004 833 1337 888 calumniam
1366 832 1724 901 sustinemus,
1758 834 1889 906 quia

297 923 547 979 nimirum
578 920 731 976 intus
763 921 1004 991 patimur
1033 919 1179 994 quod
1210 937 1335 977 cum
1360 921 1541 978 labore
1574 923 1882 980 vincamus.

296 1016 353 1069 Et
380 1014 509 1088 quia
557 1011 613 1066 in
658 1011 764 1067 hoc
796 1011 1003 1067 mundo
1033 1010 1274 1067 abundat
1316 1012 1583 1069 malorum
1619 1014 1734 1069 vita
1764 1030 1885 1087 quae

293 1104 506 1171 cruciet,
524 1109 671 1158 recte
687 1102 893 1158 dicitur
912 1120 924 1158 :
946 1103 1173 1174 Propter
1191 1103 1573 1159 multitudinem
1594 1106 1763 1160 calum
1773 1105 1883 1160 nia-

293 1200 454 1249 torum
483 1192 807 1248 clamabunt.

353 1310 433 1368 23.
466 1311 589 1369 Alii
608 1311 740 1366 vitia
768 1309 1012 1380 suadent,
1037 1310 1342 1381 aliijubent
1372 1317 1419 1366 et
1449 1311 1726 1383 tyrannica
1742 1310 1795 1366 vi
1813 1309 1887 1366 ad

291 1421 344 1458 ea
371 1409 580 1475 cogunt.
615 1432 683 1443 -
713 1402 853 1468 Quia
882 1417 1014 1457 vero
1046 1418 1109 1457 ea
1151 1418 1271 1475 quae
1298 1402 1485 1458 verbis
1514 1401 1744 1457 suadere
1774 1417 1886 1457 non

290 1494 461 1550 valent
487 1500 818 1566 extorquere
840 1508 1241 1565 nonnunquam
1260 1492 1426 1548 etiam
1447 1492 1725 1548 effrenatis
1755 1491 1887 1547 viri-

286 1582 378 1639 bus
398 1582 646 1651 student,
680 1590 804 1654 apte
831 1580 1185 1653 subjungitur
1220 1600 1232 1638 :
1266 1584 1341 1638 Et
1367 1580 1647 1651 ejulabunt
1666 1587 1889 1652 propter

290 1672 384 1727 vim
402 1672 611 1729 brachii
628 1679 998 1743 tyrannorum.
1025 1669 1163 1743 [νει.
1187 1672 1242 1726 Χ
1243 1669 1283 1744 .]
1303 1669 1564 1741 Quisquis
1580 1669 1727 1725 enim
1745 1671 1888 1726 male

1996 479 2133 534 tium
2168 478 2366 535 ﬂuctus
2393 479 2789 547 intumescunt,
2819 496 2947 535 cum
2978 489 3168 539 contra
3196 487 3400 543 amoris
3419 487 3597 544 sancti

1995 569 2178 625 studia
2204 586 2460 626 curarum
2492 571 2838 627 saecularium
2870 588 2927 628 se
2957 574 3227 629 tumultus
3258 576 3503 636 illidunt.
3536 581 3601 637 In

1996 657 2324 714 abscondito
2356 677 2484 733 ergo
2505 661 2846 733 tempestatis
2866 660 3109 729 auditur,
3134 662 3264 735 quia
3285 664 3493 721 clamor
3507 668 3599 725 de-

1996 746 2268 818 precantis
2298 753 2379 802 est
2427 745 2544 802 hac
2574 745 2692 820 ipsa
2720 746 3097 825 tribulationis
3128 747 3432 808 ﬂuctuatio.
3462 752 3602 820 Quia

1996 851 2127 891 vero
2175 836 2402 891 omnino
2460 851 2572 891 non
2633 835 2835 893 desunt
2888 837 2982 911 qui
3029 837 3174 895 bona
3228 842 3601 913 quaerentibus

1994 925 2224 982 suadere
2274 941 2530 998 perversa
2578 926 2901 997 moliantur,
2949 945 3103 1001 aquae
3146 930 3602 990 contradictiouis

1995 1022 2124 1069 sunt
2155 1015 2343 1086 populi
2376 1016 2710 1072 resistentes.
2740 1017 2813 1071 Et
2842 1016 2972 1091 quia
2993 1026 3125 1074 tunc
3154 1018 3419 1091 probatur
3447 1018 3604 1078 desi-

1993 1102 2210 1157 derium
2246 1120 2372 1159 cum
2420 1105 2606 1178 aliqua
2647 1105 2698 1160 ei
2745 1105 3078 1164 adversitate
3126 1108 3421 1178 resistitur,
3456 1118 3601 1168 recte

1993 1191 2198 1248 dicitur
2231 1209 2241 1246 :
2278 1191 2514 1248 Probavi
2544 1200 2588 1248 te
2607 1194 2679 1248 ad
2707 1212 2877 1266 aquas
2897 1197 3348 1255 contradictionis.
3378 1199 3476 1257 His
3503 1198 3603 1258 ita.

1994 1297 2098 1354 que
2128 1281 2403 1336 virtutum
2451 1281 2666 1338 nisibus
2698 1283 2910 1341 robusti
2941 1302 3010 1341 ex
3057 1287 3389 1345 adversitate
3417 1287 3599 1363 proﬁ-

1995 1371 2171 1440 ciunt,
2202 1368 2295 1425 sed
2329 1369 2538 1425 inﬁrmi
2569 1388 2710 1444 saepe
2742 1372 2797 1428 in
2828 1372 3117 1430 desideriis
3145 1377 3281 1444 suis,
3312 1378 3360 1433 si
3390 1394 3496 1449 qua
3524 1377 3604 1435 eis

1995 1460 2223 1527 fuerint,
2256 1476 2325 1515 ex
2357 1459 2588 1517 adverso
2609 1459 2842 1534 objecta,
2867 1463 3250 1535 languescunt,
3280 1472 3333 1521 et
3358 1482 3485 1521 cum
3512 1483 3602 1522 va-

1998 1549 2109 1607 lida
2130 1550 2491 1607 tribulatione
2510 1551 2819 1623 pulsantur,
2838 1554 3297 1626 pusillanimitate
3312 1554 3599 1614 deﬁciunt.

1996 1643 2151 1698 Unde
2174 1643 2304 1698 Eliu
2332 1642 2493 1699 beato
2524 1643 2626 1699 Job
2656 1645 2858 1716 probra
2887 1646 3366 1718 pusillanimitatis
3386 1648 3604 1719 impin-

289 1762 467 1818 vivere
501 1779 600 1818 suo
629 1733 730 1817 ﬂos
779 1733 1045 1832 exemp“;
1080 1733 1383 1833 compe‘mt’
1427 1733 1610 1815 ahhuc
1637 1759 1695 1814 in
1728 1759 1887 1816 nobis
1916 1758 1962 1817 Β
1997 1750 2147 1805 gens,
2180 1733 2479 1833 praemissis
2526 1735 2798 1833 malorum
2843 1736 3309 1833 oppressionibus,
3342 1736 3604 1794 inﬁrmo-

292 1868 423 1908 voce
454 1851 873 1908 calumniatoris
908 1852 1084 1906 utitur
1117 1868 1131 1916 ;
1165 1849 1415 1922 quisquis
1444 1866 1575 1906 vero
1606 1858 1891 1921 peccatum

286 1941 530 1996 suadens
558 1941 720 1996 etiam
768 1947 968 1997 terrere
1011 1957 1112 1997 nos
1159 1947 1319 2011 appet
1345 1947 1384 2008 t,
1411 1939 1526 2012 jam
1570 1948 1763 1996 contra
1791 1955 1891 1995 nos

285 2030 523 2086 brachio
545 2030 849 2102 tyrannidis
877 2030 1052 2086 saevit.
1086 2029 1256 2086 Aliud
1285 2039 1367 2086 est
1402 2030 1551 2086 enim
1583 2030 1722 2086 vitia
1755 2044 1892 2086 sua-

286 2119 414 2175 dere
466 2119 727 2187 vivendo,
791 2119 943 2176 aliud
997 2118 1189 2191 jubere
1251 2118 1527 2175 terrendo.
1572 2120 1716 2175 Dum
1764 2133 1893 2189 ergo

289 2213 542 2285 exempla
570 2214 726 2270 malae
756 2213 991 2269 actionis
1018 2212 1339 2284 aspicimus,
1360 2212 1518 2286 quasi
1549 2211 1731 2267 adhuc
1758 2218 1894 2266 stre-

286 2303 463 2373 pitum
487 2303 903 2360 calumniatoris
930 2303 1187 2359 audimus
1212 2321 1225 2371 ;
1257 2302 1391 2358 dum
1420 2318 1552 2358 vero
1582 2302 1637 2357 vi
1668 2315 1892 2373 peccare

281 2392 555 2463 cogimur,
583 2392 698 2465 jam
731 2401 1033 2466 tyrannum
1065 2393 1122 2448 in
1151 2392 1315 2450 corde
1343 2393 1706 2448 sustinemus.

345 2505 439 2565 24.
489 2510 702 2564 Eorum
764 2514 935 2562 tamen
991 2507 1260 2561 conatibus
1324 2507 1577 2561 resistunt
1617 2506 1894 2559 electorum

274 2604 501 2652 mentes.
536 2596 624 2650 Ad
652 2597 820 2650 Deum
849 2594 1079 2648 eundum
1116 2600 1211 2659 est,
1236 2611 1342 2648 non
1367 2595 1538 2648 solum
1562 2610 1661 2664 per
1686 2593 1891 2658 mollia,

271 2684 368 2740 sed
400 2685 569 2739 etiam
590 2700 691 2755 per
718 2700 931 2755 aspera.
964 2713 1035 2724 -
1063 2682 1168 2739 Sed
1210 2682 1563 2738 robustorum
1596 2688 1803 2738 mentes
1834 2681 1891 2737 in

275 2777 391 2830 Deo
425 2773 799 2829 immobiliter
825 2774 952 2829 ﬁxae
980 2780 1136 2829 tanto
1184 2774 1285 2829 ista
1320 2772 1652 2843 despiciunt,
1686 2779 1891 2844 quanto

277 2870 525 2921 cernunt
554 2863 700 2936 quod
720 2871 911 2919 contra
929 2870 1197 2934 praecepta
1217 2862 1521 2919 conditoris
1542 2870 1885 2919 excrescunt.

280 2952 640 3010 JEternit’atis
683 2952 884 3024 quippe
928 2952 1152 3023 praemia
1202 2953 1577 3024 praestolantes
1626 2951 1772 3007 vires
1820 2968 1891 3007 ex

281 3042 718 3099 adversitatibus
747 3048 993 3108 sumunt,
1020 3042 1147 3113 quia
1177 3049 1453 3098 crescente
1482 3057 1665 3113 pugna
1694 3041 1889 3111 glorio-

283 3132 482 3187 siorem
519 3130 625 3185 sibi
648 3145 759 3184 non
780 3129 1068 3200 ambigunt
1092 3146 1308 3186 manere
1339 3131 1650 3187 victoriam.
1676 3129 1766 3185 Sic
1786 3129 1893 3185 ita-
1925 3126 1969 3187 C

286 3237 387 3295 que
407 3224 718 3277 electorum
736 3219 1004 3276 desideria
1026 3219 1158 3275 dum
1178 3229 1542 3292 premuntur,
1561 3220 1893 3276 adversitate

283 3313 604 3384 proﬁciunt,
640 3311 784 3367 sicut
814 3312 954 3382 ignis
985 3311 1117 3367 ﬂatu
1164 3312 1433 3383 premitur
1461 3319 1523 3366 ut
1550 3318 1758 3367 crescat
1789 3328 1802 3377 ;
1839 3317 1893 3367 et

283 3404 427 3460 unde
453 3403 618 3476 quasi
639 3402 917 3474 exstingui
943 3403 1207 3470 cernitur,
1240 3402 1366 3458 inde
1396 3401 1704 3458 rdboratur.
1738 3406 1798 3460 In
1829 3418 1893 3457 eo

285 3510 526 3567 namque
556 3492 897 3549 ostendimus
925 3500 1131 3565 quanta
1157 3493 1224 3548 ad
1255 3493 1554 3548 Dominum
1586 3491 1892 3562 cupiditate

288 3582 607 3655 ﬂagramus,
637 3582 683 3637 si
726 3598 836 3637 non
882 3581 1060 3638 solum
1107 3581 1176 3637 ad
1217 3598 1343 3637 eum
1388 3598 1484 3652 per
1511 3581 1811 3653 tranquilla
1838 3585 1896 3636 et

285 3673 508 3740 mollia,
545 3670 637 3727 sed
657 3673 818 3728 etiam
838 3688 936 3745 per
954 3688 1147 3744 aspera
1167 3678 1222 3726 et
1240 3670 1378 3725 dura
1406 3670 1728 3725 transimus.
1756 3669 1896 3724 Hinc

287 3778 534 3836 namque
563 3761 823 3834 propheta
851 3762 929 3818 ait
962 3779 972 3817 :
1010 3760 1114 3829 Qui
1137 3758 1360 3832 perfecit
1392 3759 1546 3830 pedes
1576 3774 1713 3813 meos
1742 3758 1896 3828 quasi

186 3882 197 3891 ~
286 3851 639 3924 cervi(Psal.
672 3867 813 3920 xvn,
862 3850 979 3922 34).
1027 3849 1236 3907 Cervus
1282 3848 1431 3905 enim
1462 3863 1589 3903 cum
1621 3846 1892 3902 montium

285 3939 412 4013 juga
438 3940 793 4007 conscendit,
826 3942 842 3975 ι
876 3955 1105 4012 quaeque
1124 3938 1321 4011 aspicit
1339 3953 1549 4010 aspera,
1572 3934 1809 4010 quaeque
1838 3952 1895 3993 se

290 4028 569 4101 objiciunt
597 4028 845 4085 sentibus
874 4027 1100 4099 illigata,
1133 4027 1261 4083 dato
1292 4027 1436 4083 saltu
1473 4025 1893 4098 transgreditur,

291 4126 341 4172 et
367 4118 582 4193 absque
610 4119 728 4174 ullo
746 4132 940 4175 cursus
968 4117 1055 4173 sui
1074 4117 1358 4174 obstaculo
1389 4117 1449 4173 in
1477 4116 1764 4189 superiora
1791 4116 1896 4171 ele-

294 4216 467 4265 vatur.
488 4210 577 4265 Ita
596 4208 763 4264 etiam
784 4208 1083 4264 electorum
1105 4214 1314 4264 mentes
1336 4223 1565 4280 quaeque
1585 4205 1693 4263 sibi
1716 4207 1774 4261 in
1792 4204 1897 4263 hoc

296 4299 497 4356 mundo
548 4298 812 4355 obsistere
858 4307 1019 4371 atque
1060 4297 1283 4353 obviare
1330 4297 1704 4369 conspiciunt,
1754 4312 1898 4353 con-

294 4388 672 4461 templationis
700 4389 843 4443 saltu
870 4386 1288 4455 transcendunt,
1327 4395 1380 4442 et
1402 4402 1552 4442 more
1576 4401 1893 4452 cervorum,

293 4477 567 4551 despectis
594 4486 931 4536 terrenarum
965 4493 1148 4533 rerum
1178 4476 1448 4544 sentibus,
1482 4476 1539 4531 in
1569 4490 1800 4547 superna
1834 4490 1891 4530 se
1930 4491 1978 4550 Ι)

295 4568 561 4624 evehunt.
588 4568 728 4625 Hinc
744 4585 962 4625 rursum
979 4567 1117 4623 dicit
1150 4583 1161 4620 :
1195 4568 1269 4622 Et
1297 4566 1351 4619 in
1367 4566 1475 4621 Deo
1498 4582 1604 4619 meo
1636 4570 1897 4635 transgre-

296 4666 418 4721 diar
458 4683 676 4721 murum
736 4666 929 4738 (Ibid,
974 4663 1092 4735 30).
1147 4659 1290 4716 822
1334 4664 1522 4718 Murus
1574 4660 1775 4734 quippe
1817 4666 1899 4715 est

297 4772 457 4812 omne
497 4755 648 4830 quod
679 4757 866 4812 itineri
898 4762 1084 4810 nostro
1127 4753 1406 4825 objicitur,
1456 4768 1523 4807 ne
1552 4751 1619 4807 ad
1649 4767 1773 4806 eum
1803 4750 1897 4823 qui

296 4844 571 4918 diligitur,
584 4854 912 4902 transeatur.
933 4843 1038 4901 Sed
1056 4861 1274 4899 murum
1298 4842 1748 4914 transgredimur,
1771 4856 1897 4897 cum

297 4950 408 5006 pra:
438 4953 628 4991 arnore
658 4953 905 5007 supernae
936 4935 1144 5007 patriae,
1178 4950 1405 5006 quaeque
1454 4933 1510 4987 in
1559 4931 1664 4989 hoc
1696 4929 1901 4985 mundo

297 5021 509 5080 fuerint
539 5024 753 5095 objecta
772 5026 1063 5081 calcamus.
1099 5024 1240 5079 Hinc
1272 5039 1367 5095 per
1384 5021 1641 5078 eumdem
1664 5019 1900 5092 Prophe-

300 5120 410 5169 tam
441 5116 679 5172 certanti
710 5115 906 5169 animae
952 5114 1219 5169 Dominus
1247 5113 1384 5168 dicit
1419 5131 1429 5167 :
1464 5111 1742 5167 Exaudivi
1776 5117 1820 5164 te
1848 5110 1904 5164 in

299 5204 605 5261 abscondito
636 5205 968 5276 tempestatis,
993 5204 1218 5275 probaui
1248 5210 1292 5258 te
1324 5204 1396 5258 ad
1425 5219 1595 5273 aquas
1616 5201 1905 5257 contradic-

305 5296 467 5352 tionis
480 5298 664 5367 (Psal.
686 5312 860 5365 Lxxx,
877 5296 957 5369 8).
981 5295 1383 5352 Absconditum
1399 5295 1602 5368 quippe
1620 5300 1907 5366 tempesta-

382 5534 398 5570 ί
431 5532 669 5603 Turon.,
700 5533 746 5591 si
772 5548 964 5606 aspera
1005 5547 1220 5603 qumque
1247 5547 1300 5585 se
1327 5527 1914 5606 objiciunt._Pratel._et

306 5606 403 5663 alii
431 5608 654 5673 Norm.,
695 5603 909 5678 quisque
956 5621 1008 5678 se
1035 5619 1247 5674 aspera,
1277 5619 1493 5674 quaeque
1530 5603 1800 5672 objiciunt.
1834 5604 1915 5659 Ita

310 5694 537 5750 quoque
566 5679 751 5750 Baluz.
775 5677 1015 5750 ethColb.

386 5751 408 5784 ²
439 5746 529 5805 Ita
568 5749 774 5816 Baluz.,
808 5748 986 5816 Colb.,
1038 5746 1257 5805 Ebroic.
1305 5747 1509 5819 aliique
1537 5746 1723 5803 Norm.
1756 5747 1918 5802 Deest

658 5848 899 5902 Parnm“
944 5844 1189 5900 LXXVI.

2002 1840 2122 1880 rum
2155 1840 2286 1881 mox
2315 1823 2800 1896 pusillanimitates
2828 1827 3172 1900 exsequitur,
3204 1827 3394 1886 dicens
3428 1846 3440 1885 ;

2455 1966 2684 2024 CAPUT
2713 1968 2819 2027 xv
2851 1966 2994 2041 [Rea
3029 1969 3154 2043 XI].

2074 2078 2243 2139 Vnus.
2278 2080 2364 2139 10.
2401 2113 2462 2124 -
2492 2084 2568 2139 Et
2598 2101 2701 2138 non
2732 2083 2892 2152 dixit,
2944 2083 3041 2140 Ubi
3086 2090 3159 2139 est
3186 2084 3330 2141 Deus
3358 2084 3451 2157 qui
3477 2085 3603 2157 fecit

2001 2186 2081 2225 me
2111 2171 2137 2225 ?

2073 2261 2161 2317 25.
2198 2260 2300 2328 Qui
2317 2260 2594 2316 tentatione
2620 2258 2919 2334 frangitur,
2935 2264 3035 2320 Dei
3043 2264 3437 2336 providentiam
3468 2263 3604 2321 serio

2002 2368 2107 2405 non
2135 2350 2343 2421 rogitat.
2376 2381 2446 2391 —
2474 2351 2590 2405 Mos
2616 2366 2780 2406 sacrae
2811 2352 3108 2425 Scripturae
3138 2361 3220 2409 est
3250 2362 3312 2410 ut
3343 2371 3374 2411 a
3404 2356 3607 2429 singu-

2003 2441 2104 2496 lari
2150 2456 2381 2496 numero
2424 2440 2492 2496 ad
2535 2441 2802 2513 pluralem
2850 2440 3035 2498 subito
3078 2451 3339 2514 transeat,
3385 2453 3547 2519 atque
3575 2462 3608 2504 a

2002 2529 2200 2603 plurali
2222 2546 2361 2603 sape
2391 2546 2447 2585 se
2477 2529 2545 2585 ad
2565 2530 2897 2603 singularem
2921 2539 3118 2589 vertat.
3145 2532 3298 2590 Unde
3318 2534 3449 2590 Eliu
3477 2550 3606 2591 cum

2001 2618 2242 2676 diceret:
2273 2620 2612 2685 Clamabunt,
2644 2627 2691 2674 et
2718 2619 3013 2689 ejulabunt,
3042 2638 3391 2699 nequaquam
3421 2626 3606 2684 subdi-

2000 2708 2084 2765 dit
2117 2728 2127 2765 :
2159 2710 2280 2767 Non
2311 2709 2597 2779 dixerunt,
2629 2710 2723 2766 ubi
2755 2718 2837 2768 est
2877 2713 3024 2769 Deus
3057 2731 3069 2769 :
3098 2714 3221 2771 Non
3249 2716 3390 2771 dixit
3418 2717 3508 2772 ubi
3534 2725 3609 2774 est

1999 2800 2160 2855 Deus.
2194 2801 2242 2856 A
2272 2801 2473 2873 plurali
2518 2801 2718 2873 quippe
2761 2818 2993 2860 numero
3037 2804 3094 2860 in
3124 2806 3465 2879 singularem
3500 2823 3607 2864 ve—

2001 2888 2254 2957 niens,ad
2270 2906 2555 2961 personam
2570 2889 2752 2945 subito
2766 2891 2973 2948 inﬁrmi
2986 2893 3419 2967 uniuscujusque
3435 2903 3608 2951 trans-

2002 2977 2128 3045 ivit,
2160 2977 2391 3033 fortasse
2432 2979 2563 3050 quia
2604 2995 2635 3033 a
2678 2980 2909 3051 singulis
2953 2981 3151 3037 melius
3196 2984 3609 3054 recognoscitur

2003 3065 2272 3138 quidquid
2304 3067 2324 3100 ²
2355 3064 2465 3121 dici
2496 3064 2563 3121 de
2593 3066 2672 3122 eis
2692 3067 3045 3140 singulariter
3067 3069 3309 3140 auditur,
3335 3081 3396 3130 ut
3426 3072 3495 3129 ad
3515 3089 3610 3130 cor

2003 3174 2161 3213 suum
2179 3156 2411 3229 quisque
2427 3156 2631 3226 redeat,
2645 3166 2698 3214 et
2713 3159 2772 3213 in
2794 3160 3086 3233 semetipso
3104 3162 3209 3219 hoc
3219 3164 3365 3236 quod
3383 3164 3449 3221 de
3475 3182 3610 3221 uno-

2001 3263 2217 3320 quoque
2237 3247 2443 3304 dicitur
2462 3247 2844 3321 reprehendat.
2867 3250 3209 3322 Singularem
3234 3254 3403 3325 igitur
3423 3238 3611 3311 nume-

2001 3353 2123 3392 rum
2158 3339 2353 3405 tenuit,
2390 3337 2578 3394 dicens
2611 3356 2623 3393 :
2656 3339 2776 3395 Non
2805 3339 2964 3409 dixit,
2993 3342 3088 3398 Ubi
3108 3349 3181 3396 est
3201 3344 3340 3399 Deus
3369 3345 3461 3415 qui
3489 3345 3614 3414 fecit

2004 3442 2098 3482 me.
2130 3427 2391 3499 Quisquis
2424 3428 2570 3483 enim
2598 3427 2991 3485 adversitatum
3016 3430 3378 3490 tribulatione
3407 3434 3608 3506 frangi-

2002 3523 2093 3570 tur
2119 3532 2150 3570 a
2178 3533 2287 3588 quo
2317 3515 2494 3573 factus
2515 3524 2597 3572 est
2626 3518 2857 3574 minime
2877 3520 3319 3592 comtemplatur.
3353 3523 3491 3579 Nam
3515 3523 3612 3597 qui

2003 3604 2148 3678 quod
2178 3620 2288 3661 non
2324 3613 2438 3662 erat
2468 3605 2618 3675 fecit,
2668 3608 2876 3664 factum
2926 3608 3044 3665 sine
3074 3609 3472 3681 gubernatione
3502 3628 3611 3667 non

2004 3697 2242 3764 deserit;
2278 3705 2332 3753 et
2358 3699 2453 3770 qui
2494 3696 2729 3768 benigne
2763 3696 3045 3754 hominem
3077 3699 3352 3768 condidit,
3391 3718 3613 3773 nequa—

2004 3801 2166 3858 quam
2200 3784 2401 3855 injuste
2432 3786 2668 3840 cruciari
2698 3786 2971 3857 permittit
3002 3805 3015 3852 ;
3081 3803 3181 3842 nec
3209 3788 3343 3843 sinit
3372 3790 3614 3859 neglecte

2006 3875 2183 3946 perire
2204 3873 2351 3947 quod
2373 3879 2472 3939 est,
2497 3872 2593 3945 qui
2612 3871 2716 3928 hoc
2731 3873 2897 3929 etiam
2918 3873 3065 3946 quod
3090 3891 3201 3929 non
3218 3875 3328 3931 fuit
3358 3878 3378 3911 ³
3401 3878 3615 3932 creavit

2006 3972 2067 4021 ut
2087 3972 2245 4021 esset.
2267 3962 2405 4021 Cum
2421 3977 2549 4035 ergo
2566 3978 2784 4020 causam
2805 3961 3185 4019 tribulationis
3210 3972 3411 4022 nostra:
3433 3967 3615 4039 requi-

2006 4055 2200 4121 rimus,
2223 4059 2277 4109 et
2298 4052 2529 4109 fortasse
2550 4051 2761 4109 tardius
2779 4051 3115 4120 invenimus,
3151 4054 3171 4087 ‘
3203 4059 3285 4109 est
3305 4053 3410 4111 ista
3435 4056 3615 4111 consi-

2006 4143 2235 4210 deratio,
2281 4142 2428 4216 quod
2474 4142 2616 4199 nihil
2666 4142 2868 4215 injuste
2899 4142 3192 4214 patiamur,
3236 4143 3369 4216 quia
3404 4144 3451 4199 si
3501 4145 3617 4201 Deo

2006 4239 2228 4289 auctore
2257 4249 2449 4289 sumus
2478 4232 2572 4306 qui
2601 4249 2714 4288 non
2744 4231 2972 4300 fuimus,
3004 4234 3118 4289 Deo
3148 4241 3367 4306 regente
3398 4248 3511 4290 non
3539 4234 3614 4289 af-

2008 4322 2251 4395 ﬂigimur
2281 4320 2485 4393 injuste
2515 4320 2611 4396 qui
2641 4338 2852 4378 sumus.
2885 4320 3150 4395 Sequitur
3183 4340 3195 4379 :

2309 4456 2536 4515 CAPUT
2564 4456 2695 4514 XVI
2728 4456 2867 4530 [Vet.
2891 4458 2993 4524 XI,
3010 4460 3130 4517 Rec.
3154 4456 3314 4535 XI

2078 4575 2215 4631 lum.
2249 4604 2321 4617 —-
2352 4575 2454 4631 Cui
2485 4575 2629 4631 dedit
2655 4575 2898 4632 carmina
2935 4577 2992 4631 in
3020 4583 3183 4633 nocte.

2077 4666 2165 4723 26.
2207 4667 2285 4723 Ne
2329 4665 2625 4733 vincamur,
2668 4665 2812 4720 Deus
2862 4666 3230 4723 tribulationes
3269 4670 3622 4723 consolatione

2008 4757 2199 4812 condit.
2233 4787 2303 4799 —
2332 4756 2563 4813 Carmen
2594 4756 2651 4811 in
2683 4765 2842 4813 nocte
2871 4764 2951 4814 est
2986 4758 3177 4814 laetitia
3209 4759 3263 4812 in
3295 4757 3621 4812 tribulatio-

2010 4865 2096 4916 ne,
2130 4848 2258 4920 quia
2287 4847 2385 4903 etsi
2421 4847 2690 4919 pressuris
2710 4848 3133 4920 temporalitatis
3173 4845 3491 4915 aﬂligimur,
3526 4859 3622 4915 spe

2007 4938 2120 5010 jam
2142 4945 2328 4991 tamen
2359 4936 2425 4991 de
2454 4937 2758 4993 aeternitate
2788 4935 3106 5007 gaudemus.
3140 4934 3401 4992 Carmina
3422 4932 3622 4989 Paulus

2013 5028 2071 5083 in
2105 5033 2264 5081 nocte
2296 5024 2642 5097 prmdicabat,
2676 5024 2864 5080 dicens
2898 5041 2910 5079 :
2947 5025 3046 5095 Spe
3086 5022 3391 5093 gaudentes,
3420 5022 3477 5075 in
3509 5023 3624 5076 tri-

2014 5115 2281 5170 bulatione
2305 5114 2561 5185 patientes
2590 5115 2772 5185 (Rom.
2814 5129 2916 5181 xu,
2951 5114 3065 5183 l2).
3101 5110 3334 5167 Carmen
3379 5109 3436 5166 in
3466 5119 3625 5169 nocte

2014 5204 2191 5259 David
2222 5210 2547 5273 sumpserat,
2579 5202 2673 5274 qui
2704 5201 2921 5257 dicebat
2953 5218 2964 5257 :
3010 5202 3089 5257 Tu
3114 5200 3247 5255 mihi
3274 5216 3327 5254 es
3351 5198 3626 5272 refugium

2014 5311 2047 5350 a
2072 5309 2329 5366 pressura
2349 5307 2468 5363 quae
2485 5287 2832 5345 circumdedit
2844 5305 2943 5360 me,
2965 5289 3255 5347 exsultatio
3273 5304 3410 5358 mea,
3431 5288 3628 5346 redime

2020 5524 2126 5584 dici
2157 5526 2216 5583 in
2244 5523 2447 5583 Editis.

2094 5602 2114 5635 ³
2142 5599 2340 5655 Pratel.
2373 5606 2427 5655 et
2470 5597 2726 5655 nonnulli
2755 5594 2968 5667 Norm.,
3008 5596 3219 5655 curavit
3245 5603 3305 5655 ut
3328 5598 3477 5656 esset.

2096 5673 2116 5707 θ’
2148 5672 2370 5739 Pratel.,
2402 5676 2478 5744 est
2504 5670 2607 5727 ista
2625 5671 2828 5744 concita
2847 5673 2988 5729 ratio
3010 5690 3031 5739 ;
3060 5670 3205 5744 quod
3226 5672 3391 5728 etiam
3423 5669 3627 5743 legitur

2029 5744 2088 5800 in
2121 5743 2289 5813 Utic.,
2324 5743 2508 5800 Baluz.
2542 5749 2596 5799 et
2616 5741 2774 5800 Colb.

3312 5840 3377 5895 l2
