4152 6182
585 221 689 276 363
1793 232 2061 290 SANCTI
2099 235 2436 299 GREGORII
2471 244 2700 303 MAGNI

3777 263 3873 322 361s

581 360 661 396 me
677 361 711 398 a
732 341 1178 457 circumdatam“?
1198 347 1324 457 me!
1327 346 1671 457 Psal.lulxxr,‘
1681 353 1711 408 7
1714 352 1785 422 ),¹
1805 353 1948 411 Ecce
1968 365 2181 456 noctem
2211 379 2262 439 Α
2289 367 2560 438 superbiai
2578 370 2808 442 spiritus
2826 372 3007 430 elevat
3031 391 3046 442 ;
3079 390 3182 434 nec
3202 377 3496 436 deﬂuendo
3517 380 3646 438 imis
3665 385 3875 457 subjici.

580 444 886 500 pressuram
909 431 1180 501 nominat,
1203 441 1258 491 et
1277 442 1461 494 tamen
1479 437 1826 497 liberatorem
1849 459 2008 500 suum
2040 445 2182 502 inter

577 518 855 590 angustias
887 522 1312 581 exsultationem
1360 536 1538 584 vocat.
1590 530 1746 586 Foris
1795 533 2018 606 quidem
2067 553 2181 593 nox

575 607 779 663 eratin
807 609 1243 669 circumdatione
1272 631 1554 686 pressurae,
1596 617 1690 674 sed
1734 621 1884 679 intus
1929 627 2181 683 carmina

575 698 724 758 823
745 705 1075 762 resonabant
1095 708 1117 742 ²
1137 707 1204 764 de
1224 713 1599 769 consolatione
1620 715 1846 774 laetitiae.
1866 719 2006 786 Quia
2025 721 2175 776 enim

573 793 642 848 ad
683 801 891 850 aeterna
933 795 1131 868 gaudia
1177 797 1358 855 redire
1404 816 1515 858 non
1565 820 1873 875 possumus,
1922 808 2031 863 nisi
2081 825 2179 880 per

572 883 896 956 temporalia
923 883 1275 955 detrimenta,
1309 894 1423 944 tota
1459 906 1623 948 sacrae
1654 893 1950 966 Scriptura;
1983 897 2176 952 inten—

571 973 652 1029 tio
672 981 754 1030 est
775 975 796 1010 ³
817 979 879 1028 ut
898 989 1018 1046 spes
1037 976 1312 1032 manentis
1339 977 1545 1035 latitia
1569 996 1668 1037 nos
1695 982 1842 1038 inter
1869 982 1987 1040 haec
2014 992 2178 1040 tran-

570 1065 762 1121 sitoria
799 1063 1026 1121 adversa
1069 1065 1403 1123 corroboret.
1452 1068 1606 1125 Unde
1645 1078 1700 1126 et
1745 1072 2002 1130 Ezechiel
2035 1090 2174 1146 pro-

571 1153 737 1226 pheta
765 1153 973 1209 librum
1003 1169 1061 1210 se
1099 1155 1370 1226 accepisse
1417 1163 1667 1227 testatur,
1717 1160 1775 1216 in
1819 1178 1929 1235 quo
1957 1163 2173 1236 scriptae

569 1249 723 1298 erant
765 1242 1202 1311 lamentationes,
1249 1261 1468 1302 carmen
1510 1255 1566 1302 et
1609 1264 1692 1304 vae
1737 1249 1953 1322 (Ezech.
1990 1268 2054 1320 ιι,
2084 1253 2168 1324 9)-

567 1329 712 1398 Quid
739 1331 886 1386 enim
918 1331 1060 1387 libro
1077 1331 1200 1400 hoc,
1224 1334 1332 1390 nisi
1361 1335 1554 1392 divina
1573 1337 1791 1412 eloquia
1815 1339 2124 1412 ﬁgurantur
2144 1340 2172 1397 ?

566 1419 697 1486 Quae
727 1421 857 1494 quia
883 1421 1044 1478 nobis
1073 1422 1345 1495 lacrymas
1374 1425 1662 1501 luctusque
1692 1431 2043 1502 praecipiunt,
2078 1431 2169 1486 Ia—

566 1509 928 1566 mentationes
955 1509 1014 1566 in
1042 1525 1108 1566 eo
1135 1511 1350 1584 scripta;
1387 1516 1722 1573 referuntur.
1757 1517 1988 1576 Carmen
2021 1536 2169 1592 quo-

565 1616 670 1673 que
688 1608 744 1656 et
770 1616 853 1656 vaa
882 1600 1187 1670 continent,
1221 1604 1351 1676 quia
1379 1605 1458 1661 sic
1486 1605 1554 1663 de
1573 1624 1668 1680 spe
1687 1609 1948 1680 gaudium
1971 1607 2165 1681 praedi-

562 1695 709 1757 cant,
729 1688 752 1724 δ
771 1689 904 1744 utin
926 1690 1180 1762 praesenti
1194 1698 1378 1749 tamen
1401 1711 1683 1766 pressuras
1703 1705 1864 1770 atque
1883 1697 2166 1770 angustias

565 1775 830 1833 incident.
863 1775 1093 1834 Carmen
1140 1785 1194 1834 et
1242 1797 1324 1838 va:
1371 1785 1678 1854 continent,
1730 1787 1858 1858 quia
1903 1787 2007 1842 etsi
2047 1787 2166 1845 illic

563 1864 752 1922 dulcia
779 1867 1110 1938 appetimus,
1143 1869 1296 1941 prius
1324 1887 1544 1930 necesse
1572 1883 1655 1930 est
1680 1882 1742 1930 ut
1762 1874 1854 1931 hic
1879 1890 2063 1931 amara
2085 1883 2163 1931 to-

562 1955 818 2011 leremus.
843 1954 1074 2014 Carmen
1102 1965 1159 2014 et
1183 1975 1266 2016 vae
1295 1959 1585 2034 discipulis
1615 1963 1946 2036 praedicabat
1975 1965 2161 2020 Domi-

561 2063 684 2116 nus,
725 2063 849 2104 cum
901 2048 1118 2107 dicebat
1162 2067 1175 2108 :
1227 2053 1351 2108 Hac
1394 2055 1595 2111 locutus
1635 2072 1752 2111 sum
1794 2056 1960 2124 vobis,
2006 2063 2065 2110 ut
2107 2057 2164 2110 in

555 2153 638 2192 me
675 2153 857 2208 pacem
900 2139 1133 2196 habeatis
1159 2159 1182 2208 ;
1221 2142 1280 2197 in
1321 2143 1518 2199 mundo
1556 2161 1869 2216 pressuram
1913 2144 2162 2199 habebitis

555 2226 744 2303 (Joan.
776 2243 896 2297 xvr,
927 2228 1045 2300 33).
1079 2230 1162 2287 Ac
1202 2231 1247 2287 si
1282 2241 1467 2305 aperte
1496 2232 1704 2291 diceret
1737 2251 1748 2288 :
1782 2233 1866 2290 Sit
1903 2231 2062 2289 vobis
2093 2233 2160 2289 de

558 2331 643 2372 me
673 2316 906 2374 interius
937 2316 1086 2392 quod
1119 2320 1457 2378 consolando
1501 2321 1729 2392 reﬁciat,
1775 2323 1905 2396 quia
1945 2323 2052 2378 erit
2091 2321 2160 2378 de

557 2407 764 2486 inundo
809 2408 1054 2465 exterius
1107 2408 1254 2483 quod
1307 2411 1584 2468 saeviendo
1629 2413 1868 2486 graviter
1924 2418 2155 2484 premat.

555 2495 695 2565 Quia
740 2511 868 2570 ergo
912 2496 1167 2554 inﬁrmus
1209 2501 1440 2574 quisque
1481 2517 1608 2559 cum
1655 2503 1948 2575 premitur,
1993 2517 2024 2556 a
2067 2517 2158 2572 spe

555 2585 742 2657 gaudii
773 2586 947 2642 nimia
983 2587 1440 2658 pusillanimitate
1484 2590 1735 2658 lassatur,
1769 2598 1824 2645 et
1855 2590 1987 2646 dum
2019 2589 2158 2645 foris

555 2673 785 2730 adversa
803 2675 1022 2743 tolerat,
1046 2675 1196 2732 intus
1216 2676 1568 2734 obliviscitur
1579 2695 1689 2751 quo
1709 2678 1997 2752 gaudebat,
2017 2679 2156 2734 bene

553 2762 940 2821 dicituero-n
985 2764 1146 2834 dixit,
1204 2766 1302 2822 Ubi
1348 2773 1424 2821 est
1465 2767 1607 2822 Deus
1651 2769 1744 2838 qui
1780 2767 1902 2838 fecit
1939 2785 2037 2836 me,
2065 2770 2157 2839 qui

552 2853 694 2908 dedit
721 2853 961 2909 carmina
1000 2853 1060 2908 in
1100 2861 1246 2910 nocte
1285 2855 1313 2912 9
1363 2856 1421 2912 Si
1469 2855 1618 2912 enim
1649 2858 1753 2913 ista
1780 2858 2008 2927 diceret,
2039 2859 2153 2914 vim

552 2959 716 3016 quam
753 2944 964 3016 patitur
989 2951 1320 3018 temperaret
1351 2963 1365 3013 ;
1399 2953 1454 3002 et
1483 2962 1582 3019 per
1611 2945 1718 3004 hoc
1745 2946 1892 3020 quod
1921 2963 2156 3004 mansu-

554 3051 672 3091 rum
732 3033 882 3092 intus
940 3043 1228 3109 quaereret,
1288 3035 1347 3092 id
1403 3035 1552 3110 quod
1598 3036 1735 3094 foris
1771 3037 2153 3094 transitorium

551 3123 786 3180 sustinet
834 3105 975 3180 esse
1008 3105 1357 3180 intolerabile
1407 3105 1520 3180 non
1573 3117 1888 3184 aestimaret.
1948 3127 2154 3200 Sequi-
2183 3105 2228 3166 (ἶ

555 3219 641 3268 mr
673 3256 686 3269 ’
937 3299 1166 3360 CAPUT
1194 3301 1351 3361 xvu
1390 3299 1534 3375 [Rea
1566 3301 1756 3375 XIII].

621 3418 793 3480 Vnus.
827 3419 914 3478 ll.
943 3449 1015 3462 --
1046 3419 1150 3488 Qui
1176 3417 1322 3474 docet
1345 3434 1442 3473 nos
1469 3433 1631 3491 super
1644 3417 1888 3488 jumenta
1909 3424 2082 3486 terra,
2104 3423 2152 3480 et

548 3527 706 3581 super
733 3511 968 3565 volucres
987 3510 1102 3565 ειειὶ
1127 3508 1304 3564 erudit
1337 3524 1453 3564 nos.

618 3597 708 3654 27.
738 3599 880 3654 Deus
905 3616 1002 3655 nos
1023 3599 1168 3655 docet
1190 3598 1370 3655 carnis
1388 3597 1705 3670 voluptates,
1727 3602 1775 3653 et
1800 3597 2024 3670 spiritus
2043 3597 2149 3653 ela-

550 3688 739 3742 tionem
767 3703 964 3744 ravere.
995 3719 1066 3732 —
1107 3687 1367 3744 Iumenta
1394 3694 1552 3744 terrae
1581 3693 1732 3756 sunt,
1762 3685 1858 3761 qui
1886 3701 1991 3742 usu
2019 3686 2148 3744 vitae

547 3777 782 3833 carnalis
813 3777 924 3834 ima
953 3784 1254 3853 appetunt;
1283 3771 1536 3835 volucres
1561 3793 1693 3835 vero
1712 3777 1837 3835 ϐαδιὶ
1868 3783 2016 3846 sunt,
2053 3775 2148 3850 qui

548 3865 794 3938 superba
821 3867 1163 3925 curiositatis
1209 3868 1394 3926 studio
1423 3867 1686 3926 sublimia
1713 3872 2144 3942 perscrutantur.

547 3955 635 4011 Illi
666 3956 904 4013 vivendo
923 3973 980 4012 se
999 3956 1283 4028 deponunt
1299 3959 1454 4014 infra
1473 3976 1638 4032 quam
1667 3967 1818 4028 sunt,
1849 3957 1944 4015 isti
1965 3955 2147 4029 inqui-

549 4042 718 4099 rendo
744 4059 801 4098 se
828 4046 1046 4100 elevant
1091 4045 1237 4100 ultra
1265 4062 1427 4116 quam
1470 4055 1720 4116 possunt.
1751 4049 1772 4082 ⁵
1803 4047 1935 4102 Illos
1963 4046 2022 4100 in
2050 4046 2148 4100 in-

546 4131 694 4187 ﬁmis
721 4131 974 4204 voluptas
993 4130 1184 4202 dejicit
1204 4131 1405 4200 carnis,
1430 4133 1562 4188 istos
1581 4133 1738 4204 quasi
1760 4134 1818 4188 in
1837 4133 2147 4206 superiori-

546 4223 650 4278 bus
675 4221 837 4293 erigit
864 4221 1038 4279 libido
1066 4221 1425 4278 curiositatis.
1459 4223 1577 4279 Illis
1619 4237 1715 4294 per
1743 4239 1900 4280 sacra
1927 4225 2148 4297 eloquia

544 4309 750 4367 dicitur
781 4330 793 4367 :
827 4311 1002 4369 Nolite
1027 4309 1148 4384 fieri
1175 4309 1311 4365 sicut
1337 4325 1500 4382 equus
1519 4316 1568 4366 et
1594 4311 1794 4378 mulus,
1823 4311 2015 4382 quibus
2041 4331 2148 4369 non

543 4407 621 4457 est
660 4401 948 4458 intellectus
985 4401 1168 4473 (Psal.
1213 4416 1374 4468 xxxi,
1403 4400 1470 4472 9)
1503 4417 1525 4466 ,'
1554 4402 1576 4438 ⁸
1609 4401 1836 4458 istorum
1877 4401 2142 4474 superbus

545 4490 699 4546 labor
726 4491 1057 4563 increpatur,
1088 4489 1220 4546 dum
1251 4489 1457 4548 dicitur
1488 4507 1500 4547 :
1534 4491 1752 4549 Altiora
1781 4499 1904 4550 tene
1928 4494 2142 4564 quasie-

542 4580 645 4645 ris,
673 4586 722 4634 et
747 4579 983 4650 fortiora
1013 4588 1058 4636 te
1083 4596 1147 4634 ne
1173 4585 1438 4636 scrutatus
1470 4579 1640 4651 fueris
1670 4583 1868 4654 (Eccli.
1902 4599 1988 4651 ιιι,
2019 4581 2138 4654 22).

544 4669 662 4725 Illis
671 4669 877 4726 dicitur
895 4689 906 4726 :
925 4669 1240 4741 Mortiﬁcate
1252 4670 1484 4726 membra
1504 4677 1698 4736 vestra,
1720 4688 1839 4741 quae
1851 4676 2145 4742 suntsuper

545 4767 765 4827 terram,
793 4759 1222 4831 fornicationem,
1251 4760 1664 4826 immunditiam,
1697 4761 1986 4826 libidinem,
2027 4778 2144 4816 con-

540 4852 913 4924 cupiscentiam
939 4852 1137 4907 malam
1177 4850 1414 4922 (Coloss.
1462 4867 1548 4917 ru,
1593 4849 1659 4921 5)
1690 4867 1711 4914 ;
1744 4848 1864 4904 istis
1893 4848 2100 4904 dicitur
2127 4869 2138 4906 :

542 4943 705 5000 Nemo
732 4959 824 4996 eos
852 4941 1078 5013 decipiat
1098 4957 1197 5012 per
1237 4939 1626 5011 philosophiam
1654 4944 1704 4993 et
1728 4937 1940 4994 inanem
1967 4937 2146 5009 falla-

543 5031 679 5086 ciam
705 5032 942 5102 (Coloss.
974 5047 1038 5100 ιι,
1065 5029 1149 5101 8).
1182 5029 1351 5084 Docet
1382 5027 1550 5099 igitur
1579 5043 1679 5082 nos
1709 5027 1855 5083 Deus
1873 5042 2036 5098 super
2057 5025 2146 5098 ju-

543 5129 728 5177 menta
753 5129 912 5180 terrae
939 5129 995 5179 et
1023 5120 1270 5177 volucres
1298 5118 1446 5187 cceli,
1467 5118 1597 5192 quia
1615 5117 1747 5173 dum
1771 5116 1877 5174 hoc
1891 5116 2038 5190 quod
2053 5135 2141 5174 su-

547 5225 665 5264 mus
681 5212 1044 5283 agnoscimus,
1063 5226 1166 5268 nec
1183 5209 1365 5268 carnis
1377 5224 1478 5264 nos
1500 5206 1797 5264 inﬁrmitas
1815 5204 2027 5279 dejicit,
2041 5223 2143 5264 nec

623 5416 634 5448 ¹
668 5414 928 5486 Yindoc.,
957 5432 1064 5472 ecce
1093 5415 1156 5471 de
1182 5421 1326 5471 nocte
1347 5431 1663 5486 pressuram
1689 5413 1948 5471 nominat.

618 5487 640 5520 ²
669 5485 992 5554 Τιιτοηηάε
1019 5485 1368 5542 consolatione
1408 5485 1656 5556 justitice.

618 5559 639 5589 ³
670 5557 876 5630 Al.,_ut
902 5574 991 5628 spe
1017 5560 1295 5627 manentis,
1325 5557 1473 5630 quod
1503 5556 1667 5614 habet
1695 5556 1852 5616 Colb.

615 5630 638 5664 ⁴
669 5626 1026 5702 Υἱιιάᾳοηῆιρ
1220 5626 1502 5702 praesentes
1514 5645 1816 5702 pressurae.

615 5704 636 5734 ³⁵
668 5699 864 5756 Pratel.
898 5705 953 5753 et
979 5697 1094 5764 alii,
1123 5697 1246 5755 illo}
1274 5699 1331 5752 in
1353 5697 1603 5768 inﬁma...
1635 5699 1762 5756 istos
1779 5699 1938 5770 quasi
1962 5698 2021 5753 in
2050 5713 2138 5754 su-

2291 471 2435 524 mur,
2472 475 2572 516 nec
2597 460 2962 533 superbiendo
2998 462 3068 520 de
3093 464 3426 524 sublimibus
3465 469 3742 528 inﬂamur.
3776 474 3877 542 Qui

2291 547 2438 603 enim
2467 565 2628 606 carne
2658 551 2878 618 labitur,
2906 552 3285 624 jumentorum
3316 560 3571 630 appetitu
3593 566 3878 632 prosterni-

2289 641 2408 704 tur;
2443 638 2537 710 qui
2561 655 2691 695 vero
2707 642 2996 698 extollitur
3017 652 3218 714 mente,
3244 662 3396 702 more
3417 648 3712 706 volucrum
3730 653 3877 724 quasi

2289 725 2528 782 levitatis
2558 744 2734 800 penna
2761 731 3098 790 sublevatur.

2358 814 2381 890 [
2393 818 2496 874 Vel.
2522 819 2638 877 XII
2639 820 2679 895 .]
2703 821 2790 878 28.
2814 824 3074 894 Superbia
3097 827 3332 882 luxuria
3349 831 3707 890 seminarium.
3743 834 3882 891 Caro

2283 908 2472 978 mergit
2495 924 2625 978 quos
2639 912 2864 982 superba
2893 913 3110 970 scientia
3137 915 3390 973 sublevat.
3415 919 3562 975 Iuste
3575 938 3718 977 mens
3731 923 3880 978 amit-

2286 993 2348 1048 tit
2384 997 2563 1052 carnis
2603 999 2892 1056 dominium
2937 1003 2984 1057 si
3023 1003 3132 1058 Deo
3158 1005 3358 1060 servire
3395 1007 3622 1080 deneget.
3670 1040 3742 1052 —
3780 1010 3881 1068 Sed

2282 1082 2330 1137 si
2354 1084 2648 1156 vigilanter
2689 1089 3016 1158 intenditur,
3056 1099 3116 1146 ut
3145 1100 3200 1148 et
3238 1097 3439 1151 mentis
3483 1095 3792 1166 humilitas,
3829 1108 3881 1156 et

2282 1173 2462 1230 carnis
2502 1176 2826 1235 castimonia
2857 1187 3126 1250 teneatur,
3170 1182 3281 1238 cito
3320 1187 3724 1258 cognoscimus,
3755 1190 3880 1264 quia

2280 1259 2512 1316 alterum
2541 1263 2854 1320 custoditur
2881 1283 2950 1322 ex
2979 1268 3168 1324 altero.
3200 1270 3338 1326 Nam
3384 1269 3580 1327 multis
3613 1289 3754 1346 saepe
3770 1259 3880 1332 su-

2279 1351 2468 1421 perbia
2522 1352 2756 1410 luxuriae
2813 1357 3172 1414 seminarium
3230 1360 3364 1430 fuit,
3424 1363 3556 1436 quia
3609 1363 3741 1422 dum
3790 1384 3878 1424 eos

2278 1439 2507 1510 spiritus
2536 1443 2689 1514 quasi
2742 1443 2800 1498 in
2857 1444 3028 1500 altum
3085 1448 3280 1516 erexit,
3339 1465 3465 1506 caro
3507 1453 3528 1487 ⁷
3561 1452 3620 1508 in
3676 1453 3879 1511 inlimis

2279 1529 2489 1584 mersit.
2522 1529 2587 1584 Hi
2620 1531 2768 1586 enim
2813 1534 2966 1604 prius
3002 1544 3210 1593 secreto
3251 1538 3556 1608 elevantur,
3593 1541 3688 1598 sed
3716 1552 3877 1616 post-

2277 1619 2504 1675 modum
2535 1619 2755 1693 publice
2807 1635 3092 1696 corruunt,
3151 1628 3280 1702 quia
3327 1629 3458 1685 dum
3508 1634 3738 1690 occultis
3778 1635 3875 1691 in-

2274 1715 2589 1766 tumescunt
2617 1710 2862 1768 motibus
2901 1715 3104 1785 cordis,
3143 1719 3344 1789 apertis
3381 1719 3586 1777 cadunt
3625 1723 3870 1794 lapsibus

2273 1803 2698 1880 corporis.824
2720 1809 2812 1868 Sic
2839 1812 2920 1869 sic
2946 1815 3076 1870 elati
3099 1814 3249 1886 justa
3271 1815 3488 1873 fuerant
3511 1819 3874 1878 retributione

2272 1897 2526 1967 feriendi,
2557 1907 2620 1956 ut
2648 1902 2778 1974 quia
2823 1901 3192 1973 superbiendo
3229 1920 3285 1960 se
3324 1903 3645 1964 hominibus
3673 1909 3874 1980 praefe-

2271 1994 2421 2054 runt,
2437 1987 2770 2044 luxuriando
2785 2005 2958 2062 usque
2971 1989 3040 2045 ad
3045 2000 3425 2062 Jumentorum
3445 1995 3871 2053 similitudinem

2270 2075 2651 2135 devolvantur.
2685 2079 2856 2134 Homo
2883 2079 3084 2152 quippe
3135 2098 3253 2136 cum
3282 2083 3337 2136 in
3365 2085 3564 2140 honore
3589 2092 3738 2152 esset,
3766 2103 3874 2141 non

2268 2165 2548 2234 intellexit,
2575 2174 2910 2240 comparatus
2940 2175 3015 2223 est
3033 2167 3291 2238 jumentis
3317 2170 3706 2242 insipientibus,
3735 2179 3786 2229 et
3803 2174 3872 2229 si-

2269 2255 2412 2311 milis
2440 2255 2614 2326 factus
2641 2264 2715 2312 est
2740 2257 2853 2314 illis
2883 2257 3056 2330 (Psal.
3080 2274 3277 2327 xnvm,
3301 2259 3414 2330 13).
3439 2260 3606 2327 Quasi
3625 2261 3872 2318 scientia:

2268 2344 2414 2400 enim
2445 2345 2570 2401 illos
2599 2346 2657 2402 in
2685 2347 2860 2402 altum
2901 2361 3081 2418 penna
3119 2347 3521 2418 sublevaverat,
3573 2349 3641 2406 de
3669 2349 3875 2424 quibus

2267 2432 2468 2488 Paulus
2497 2433 2604 2491 hoc
2643 2434 2792 2508 quod
2819 2442 2874 2491 et
2919 2435 3172 2509 superius
3222 2437 3556 2508 protulimus
3600 2437 3822 2494 dicebat
3854 2457 3867 2496 :

2270 2522 2411 2589 Quia
2436 2540 2554 2578 cum
2582 2527 2938 2596 cognovissent
2964 2527 3156 2592 Deum,
3175 2543 3286 2582 non
3311 2529 3446 2583 sicut
3473 2529 3642 2585 Deum
3669 2531 3872 2603 glorifi-

2266 2619 2536 2681 caverunt,
2565 2620 2662 2670 aut
2687 2616 2893 2686 gratias
2921 2621 3156 2687 egerunt,
3181 2615 3272 2670 sed
3298 2625 3624 2673 evanuerunt
3649 2621 3710 2675 in
3738 2621 3872 2691 cogi-

2268 2701 2551 2756 tationibus
2578 2704 2690 2758 suis
2722 2704 2898 2774 (Rom.
2931 2722 2971 2773 ι,
3011 2704 3131 2776 21).
3165 2704 3457 2772 Quomodo
3483 2714 3666 2765 autem
3697 2709 3756 2764 in
3769 2707 3870 2781 ju—

2267 2798 2594 2859 mentorum,
2625 2799 2722 2848 aut
2767 2793 3058 2866 plusquam
3101 2792 3483 2864 jumentorum
3526 2797 3868 2870 voluptatem

2263 2877 2586 2948 deciderint,
2633 2879 2884 2936 subdidit
2928 2880 3118 2938 dicens
3151 2900 3163 2936 :
3210 2882 3464 2937 Tradidit
3507 2901 3592 2938 eos
3638 2887 3786 2942 Deus
3812 2886 3869 2941 in

2263 2967 2524 3023 desideria
2554 2969 2574 3002 ⁸
2604 2970 2781 3024 cordis
2799 2987 3001 3036 eorum,
3020 2969 3078 3024 in
3107 2970 3500 3026 immunditiam
3519 2973 3722 3043 (Ibid.,
3745 2974 3866 3046 24).

2265 3057 2407 3114 Ecce
2437 3075 2566 3115 caro
2597 3059 2788 3116 mersit
2816 3076 2954 3133 quos
2981 3059 3218 3132 superba
3271 3061 3502 3117 scientia
3528 3063 3867 3132 sublevavit,

2261 3154 2316 3202 et
2342 3163 2374 3202 a
2402 3148 2590 3204 volatu
2619 3149 2909 3206 volucrum
2943 3149 3090 3204 ultra
3117 3151 3428 3222 appetitum
3455 3150 3594 3223 lapsi
3624 3160 3763 3209 sunt
3783 3152 3871 3224 ju-

2261 3245 2570 3294 mentorum
2605 3259 2618 3308 ;
2651 3247 2828 3312 atque;
2857 3239 2986 3296 inde
3014 3241 3120 3298 sub
3159 3257 3218 3297 se
3247 3242 3504 3314 prostrati
3533 3251 3688 3313 sunt,
3721 3242 3868 3301 unde

2260 3344 2423 3400 super
2463 3345 2522 3385 se
2568 3329 2647 3385 ire
2685 3328 3036 3386 videbantur.
3071 3329 3392 3388 Curandum
3441 3332 3625 3406 itaque
3670 3341 3772 3402 est,
3814 3341 3866 3389 et

2260 3417 2412 3472 omni
2458 3417 2709 3474 custodia
2737 3435 2894 3476 mens
2930 3436 2963 3476 a
2993 3419 3267 3492 superbiai
3313 3429 3529 3478 tumore
3569 3419 3860 3477 servanda.

2259 3505 2379 3562 Non
2407 3505 2557 3562 enim
2585 3515 2712 3564 ante
2737 3508 2932 3566 oculos
2949 3507 3050 3564 Dei
3069 3525 3259 3565 vacuae
3283 3509 3625 3566 transvolant
3657 3509 3863 3582 cogita-

2260 3591 2435 3649 tiones
2463 3604 2662 3650 nostrae
2690 3613 2705 3661 ;
2738 3603 2792 3651 et
2820 3596 2976 3652 nulla
3001 3605 3279 3654 momenta
3301 3597 3562 3669 temporis
3599 3613 3704 3671 per
3731 3597 3862 3654 ani—

2259 3697 2410 3738 mum
2438 3688 2724 3740 transeunt
2757 3682 2878 3740 sine
2906 3692 3054 3742 statu
3100 3685 3503 3742 retributionis.
3536 3687 3700 3744 Intus
3734 3702 3860 3760 ergo

2257 3769 2412 3828 videt
2438 3773 2584 3828 Deus
2603 3771 2750 3846 quod
2778 3781 3020 3830 mentem
3045 3773 3245 3842 elevat,
3275 3781 3330 3830 et
3357 3773 3568 3831 idcirco
3587 3774 3862 3848 permittit

2259 3859 2393 3918 foris
2419 3861 2755 3919 invalescere
2781 3861 2930 3936 quod
2959 3861 3216 3934 deponat.
3252 3863 3409 3920 Intus
3440 3863 3594 3936 prius
3622 3862 3859 3920 extolli-

2257 3957 2369 4018 tur,
2398 3949 2546 4023 quod
2575 3950 2711 4007 foris
2734 3950 3088 4025 postmodum
3113 3951 3352 4010 luxuria:
3380 3953 3742 4027 corruptione
3769 3951 3857 4009 fe-

2257 4038 2450 4096 riatur.
2499 4038 2781 4098 Occultam
2825 4041 3084 4099 videlicet
3131 4043 3350 4116 culpam
3384 4043 3639 4117 sequitur
3677 4049 3856 4118 aperta

2257 4127 2556 4201 percussio,
2587 4139 2648 4187 ut
2676 4131 2837 4188 malis
2856 4131 3226 4188 exterioribus
3255 4133 3526 4188 interiora
3553 4134 3856 4206 puniantur

2255 4225 2310 4274 et
2337 4233 2431 4274 cor
2459 4217 2677 4290 publice
2703 4228 2944 4289 corruat,
2971 4219 3119 4294 quod
3149 4221 3384 4278 latenter
3410 4220 3678 4278 tumebat.
3713 4219 3855 4276 Hinc

2257 4305 2458 4379 quippe
2486 4322 2581 4378 per
2607 4307 2744 4364 Osee
2788 4315 2981 4366 contra
3011 4309 3284 4367 Israelitas
3330 4309 3538 4368 dicitur
3570 4327 3582 4364 :
3619 4308 3859 4380 Spiritus

2253 4394 2623 4466 fornicationis
2654 4399 2713 4454 in
2739 4398 2908 4453 medio
2929 4415 3132 4468 eorum,
3153 4405 3204 4454 et
3225 4399 3513 4455 Dominum
3540 4414 3652 4453 non
3674 4413 3857 4469 cogno-

2175 4462 2225 4522 D
2251 4462 2439 4542 perunt
2463 4488 2611 4560 (Ose.
2645 4504 2700 4554 v,
2724 4487 2806 4558 4).
2829 4487 2936 4555 Qui
2956 4496 3018 4544 ut
3045 4462 3358 4545 ostenderet
3372 4485 3524 4562 quod
3580 4462 3864 4544 causalibi

2250 4573 2400 4633 diuis
2435 4591 2504 4632 ex
2549 4577 2711 4648 culpa
2752 4577 3063 4649 proruperit
3108 4576 3385 4646 elationis,
3430 4592 3564 4632 mox
3608 4572 3858 4632 subdidit

2249 4665 2456 4723 dicens:
2480 4668 2555 4722 Et
2574 4667 2902 4738 respondebit
2917 4667 3234 4739 arrogantia
3253 4667 3428 4723 Israel
3445 4667 3504 4720 in
3530 4663 3732 4734 faciem
3749 4662 3858 4734 ejus

2249 4759 2443 4829 (Ibid,
2475 4759 2556 4832 5).
2589 4759 2670 4815 Ac
2706 4758 2753 4814 si
2783 4757 2992 4815 diceret
3025 4777 3036 4816 :
3071 4757 3245 4830 Culpa
3273 4773 3396 4832 quae
3431 4772 3529 4828 per
3560 4755 3855 4812 elationem

2251 4847 2454 4904 mentis
2473 4847 2532 4902 in
2548 4848 2764 4905 occulto
2787 4847 2948 4903 latuit
2969 4863 3064 4920 per
3081 4847 3263 4904 carnis
3284 4845 3562 4903 luxuriam
3586 4845 3647 4900 in
3671 4851 3854 4918 aperto

2252 4938 2553 5011 respondit.
2586 4939 2820 4997 Proinde
2869 4956 2963 5011 per
3007 4938 3343 4996 humilitatis
3369 4934 3687 4995 custodiam
3735 4948 3854 4990 ser—

2253 5029 2433 5086 vanda
2458 5040 2540 5087 est
2568 5030 2842 5086 munditia
2873 5030 3161 5087 castitatis.
3201 5031 3258 5087 Si
3289 5028 3438 5085 enim
3501 5027 3590 5099 pie
3626 5023 3854 5098 spiritus

2249 5119 2353 5176 sub
2390 5122 2504 5176 Deo
2530 5119 2816 5191 premitur,
2848 5136 2974 5177 caro
3014 5119 3210 5176 illicite
3253 5133 3418 5190 super
3442 5115 3704 5188 spiritum
3744 5125 3850 5168 non

2251 5208 2480 5265 levatur.
2506 5207 2678 5265 Habet
2705 5209 2904 5283 quippe
2925 5207 3153 5280 spiritus
3169 5206 3529 5266 commissum
3549 5203 3660 5261 sibi
3675 5200 3846 5259 domi-

2243 5431 2483 5486 perwra.

2319 5487 2342 5566 ξ
2373 5483 2632 5566 Xindoc.,
2662 5481 2884 5566 istorum
2913 5482 3521 5566 superbiai'ncrepatur.

2319 5555 2601 5636 f_Ebr‘oic.
2631 5561 2689 5636 et
2709 5554 2810 5636 alii
2831 5554 3360 5636 Nor:§.,__in_inf§_ma.
3421 5624 3433 5636 _
3485 5624 3500 5636 α
3575 5621 3587 5633 θ

2246 5699 2302 5754 ἀ,
2319 5629 2340 5662 ⁸
2365 5629 2446 5709 Ita
2473 5626 2694 5694 Pratel.,
2719 5626 2926 5696 Baluz.,
2955 5627 3112 5686 Colb.
3138 5627 3200 5682 In
3214 5624 3467 5683 'Excusis
3485 5624 3705 5695 legitur.
3730 5631 3844 5672 ror-

2284 5715 2329 5755 is
2357 5713 2460 5755 sui.
