4152 6182
324 219 425 276 365

1053 223 1429 283 MORALIUM
1469 229 1600 285 LIB.
1646 230 1849 290 XXVII
1890 264 1960 277 —-
2000 236 2071 293 IN
2110 237 2339 295 CAPUT
2381 240 2597 298 XXXV
2640 244 2699 299 Β.
2741 246 2884 302 JUB.

3510 251 3616 314 366

322 348 470 402 nium
496 344 699 412 carnis,
729 345 775 443 si
808 352 990 443 tamen
1020 347 1123 403 sub
1141 350 1387 445 ‘Domino
1424 355 1765 425 recognoscit
1784 355 1915 428 jura
1943 361 1994 422 Α
2026 358 2183 428 Quod
2234 362 2454 436 quidem
2497 363 2733 437 intelligi
2781 376 2835 424 et
2874 370 3037 426 aliter
3076 380 3253 444 potest
3284 393 3296 431 :
3343 376 3447 445 Qui
3473 378 3617 435 docet

319 433 575 508 legitima;
606 432 911 491 servitutis.
943 436 1082 492 Nam
1109 435 1155 492 si
1184 446 1463 496 auctorem
1507 458 1670 499 suum
1716 461 1916 517 super—

317 523 516 580 biendo
545 523 871 592 contemnit,
897 523 1023 596 jure
1050 532 1104 581 et
1133 542 1164 582 a
1188 527 1434 601 subjecta
1469 548 1634 588 carne
1663 534 1914 604 praelium

316 613 563 685 suscipit.
611 612 767 669 Unde
797 620 850 669 et
878 612 975 670 ille
991 614 1208 687 primus
1238 618 1560 677 inobediens
1589 638 1721 679 mox
1740 632 1802 679 ut
1828 642 1913 681 su-

316 706 615 780 perbiendo
647 708 917 780 peccavit,
936 709 1192 783 pudenda
1206 715 1453 771 contexit
1484 717 1692 787 (Genes.
1717 735 1802 787 nr,
1832 720 1909 791 7).

316 798 449 867 Quia
479 798 630 855 enim
661 801 1057 858 contumeliam
1087 804 1315 874 spiritus
1361 807 1474 863 Deo
1523 807 1734 878 intulit,
1783 827 1912 865 mox

315 888 710 944 contumeliam
742 890 925 946 carnis
942 890 1175 948 invenit.
1199 895 1271 949 Et
1290 895 1418 967 quia
1438 898 1652 954 auctori
1680 914 1779 955 suo
1798 915 1913 955 esse

313 977 564 1034 subditus
607 977 814 1047 noluit,
852 978 946 1051 jus
988 983 1173 1039 carnis
1217 985 1450 1042 subditas
1494 1004 1658 1061 quam
1697 989 1914 1063 regebat

313 1065 520 1134 amisit,
553 1074 617 1123 ut
647 1067 704 1122 in
721 1068 900 1140 seipso
930 1068 1187 1129 videlicet
1216 1073 1604 1132 inobedientia:
1631 1096 1742 1135 suae
1771 1095 1914 1135 con—

311 1156 453 1212 fusio
484 1155 841 1226 redundaret,
873 1165 929 1214 et
952 1169 1239 1233 superatus
1276 1162 1526 1235 disceret,
1577 1167 1710 1240 quid
1739 1168 1914 1224 elatus

309 1245 604 1303 amisisset.

376 1330 520 1406 [νει.
553 1333 745 1409 ΧῙῙΙ.]
776 1335 864 1392 29.
901 1336 960 1393 Si
987 1339 1161 1395 cordis
1188 1341 1536 1399 humilitatem
1563 1346 1910 1418 negligamus,

308 1423 447 1478 Deus
470 1424 651 1478 carnis
680 1425 1030 1497 integritatem
1046 1428 1280 1500 despicit.
1300 1462 1371 1473 —
1387 1433 1586 1491 Nullus
1613 1451 1740 1507 ergo
1768 1444 1912 1508 post-

307 1526 467 1583 quam
500 1528 737 1585 superna
766 1523 1020 1588 appetere
1050 1521 1300 1591 coeperit,
1339 1521 1385 1578 si
1415 1522 1600 1580 carnis
1628 1525 1912 1597 voluptate

307 1602 695 1673 prosternitur,
732 1605 750 1639 ¹
790 1611 921 1660 tunc
950 1622 1005 1662 se
1035 1606 1249 1664 victum
1291 1608 1524 1680 judicet,
1556 1629 1682 1669 cum
1729 1621 1911 1686 aperte

307 1705 617 1768 superatur.
640 1699 698 1756 Si
729 1699 878 1756 enim
900 1702 1224 1776 plerumque
1254 1706 1408 1762 virus
1438 1706 1692 1765 libidinis
1720 1709 1788 1765 de
1815 1727 1912 1766 ra-

305 1784 422 1842 dice
454 1788 703 1845 nascitur
730 1789 1007 1861 elationis,
1028 1800 1161 1848 tunc
1180 1811 1309 1851 caro
1337 1795 1494 1865 vicit,
1525 1814 1651 1854 curn
1681 1799 1909 1871 spiritus

306 1874 546 1933 latenter
575 1880 843 1937 intumuit
876 1900 887 1937 :
933 1881 1052 1955 jam
1094 1892 1229 1942 tunc
1273 1887 1458 1944 anima
1503 1906 1599 1962 per
1636 1890 1906 1963 originem

305 1967 489 2037 culpae
530 1967 586 2023 in
616 1970 974 2041 petulantiam
999 1972 1379 2045 jumentorum
1410 1978 1631 2047 cecidit,
1659 1995 1786 2035 cum
1816 1981 1908 2035 ef—

306 2054 541 2112 ferendo
564 2074 639 2126 se,
671 2077 819 2117 more
843 2063 1160 2133 volucrum,
1191 2066 1335 2123 ultra
1364 2084 1527 2140 quam
1562 2068 1754 2125 debuit
1781 2086 1906 2126 evo-

303 2143 463 2201 lavit.
500 2147 641 2207 Hinc
669 2158 751 2207 est
778 2152 926 2209 enim
956 2155 1105 2227 quod
1134 2156 1297 2229 longa
1324 2158 1666 2216 continentia
1686 2167 1909 2232 repente

302 2233 565 2302 solvitur,
601 2237 735 2295 hinc
765 2242 912 2314 quod
942 2245 1267 2319 plerumque
1296 2254 1350 2303 et
1378 2264 1552 2321 usque
1582 2248 1651 2304 ad
1694 2249 1910 2305 senium

301 2323 598 2396 virginitas
655 2340 871 2387 servata
930 2333 1182 2391 vitiatur.
1238 2336 1381 2405 Quia
1418 2336 1567 2393 enim
1611 2338 1910 2410 negligitur

300 2418 450 2477 825
483 2422 778 2483 humilitas
804 2428 1009 2497 cordis,
1057 2439 1241 2487 rectus
1278 2431 1454 2504 judex
1482 2433 1714 2505 despicit
1741 2435 1906 2490 etiam

300 2510 688 2584 integritatem
744 2518 1021 2587 corporis;
1064 2526 1120 2573 et
1160 2520 1491 2592 quandoque
1518 2537 1614 2592 per
1660 2529 1905 2593 apertum

299 2601 521 2655 malum
544 2600 809 2671 reprobos
834 2604 1154 2672 annuntiat,
1184 2622 1323 2677 quos
1351 2607 1561 2663 dudum
1579 2609 1835 2681 reprobos
1850 2611 1907 2666 in

298 2688 533 2743 occulto
563 2688 848 2745 tolerabat.
880 2692 1017 2747 Nam
1048 2694 1143 2766 qui
1163 2693 1260 2750 diu
1279 2703 1553 2752 servatum
1585 2697 1791 2755 bonum
1819 2716 1905 2756 su-

295 2774 427 2830 bito
459 2776 726 2846 perdidit,
757 2779 901 2850 apud
948 2782 1299 2853 semetipsum
1335 2784 1489 2841 intus
1515 2786 1665 2843 aliud
1699 2789 1905 2845 malum

299 2862 510 2931 tenuit,
545 2862 567 2897 ²
597 2879 666 2919 ex
704 2879 812 2937 quo
864 2867 1015 2923 aliud
1066 2869 1251 2926 subito
1299 2873 1480 2945 erupit
1526 2891 1622 2947 per
1659 2877 1806 2949 quod
1836 2876 1906 2933 ab

297 2951 688 3023 omnipotente
716 2954 828 3009 Deo
856 2955 1019 3011 etiam
1049 2965 1185 3014 tunc
1198 2961 1413 3018 alienus
1427 2964 1662 3033 exstitit,
1685 2966 1906 3038 quando

2022 467 2118 507 nos
2146 469 2305 524 super
2322 452 2564 523 jumenta
2588 460 2764 521 term,
2786 461 2833 511 et
2851 474 3011 530 super
3038 463 3274 520 volucres
3301 466 3415 522 caeli
3442 468 3618 523 erudit

2023 559 2137 597 nos.
2179 543 2315 599 Nam
2348 544 2494 602 sicut
2513 543 2893 618 jumentorum
2915 548 3188 606 vocabulo
3220 553 3475 625 signatur
3501 557 3617 613 vita

2025 628 2317 688 hominum
2344 634 2526 690 carnis
2544 631 2727 690 adhuc
2756 636 2997 692 motibus
3025 637 3397 709 subditorum,
3428 642 3506 700 ita
3524 661 3617 718 ap:

2024 719 2319 791 pellatione
2341 723 2627 781 volucrum
2650 723 2921 797 ﬁguratur
2935 725 3101 783 elatio
3120 728 3416 801 spirituum
3432 749 3618 805 super-

2022 806 2241 878 borum,
2275 821 2335 869 ut
2364 828 2461 885 per
2481 811 2736 884 jumenta
2755 815 2976 888 quidem
3001 815 3204 872 terreni
3227 817 3503 889 homines,
3520 838 3617 895 per

2023 901 2274 960 volucres
2298 920 2431 961 vero
2472 905 2744 964 daemonia
2770 908 3141 982 designentur.
3176 910 3331 969 Unde
3358 930 3486 971 cum
3533 932 3616 972 se-

2023 992 2174 1047 mina
2202 994 2474 1051 Dominus
2494 994 2658 1067 juxta
2686 998 2833 1053 viam
2855 998 3061 1056 diceret
3080 1000 3360 1071 cecidisse,
3391 1003 3616 1077 subjun-

2022 1079 2099 1151 git
2137 1099 2148 1137 :
2191 1083 2450 1140 Venerunt
2478 1086 2714 1143 volucres
2732 1090 2866 1155 creti,
2888 1095 2937 1145 et
2953 1091 3281 1148 comederunt
3308 1110 3369 1149 ea
3400 1095 3612 1167 (Matth.

2021 1186 2148 1239 xm,
2177 1170 2258 1244 4),
2279 1173 2544 1233 nimirum
2575 1193 2671 1249 per
2699 1180 2951 1238 volucres
2980 1181 3202 1255 signans
3228 1200 3414 1242 aereas
3441 1194 3615 1260 potes-

2020 1268 2178 1318 tates.

2093 1350 2184 1409 31.
2218 1353 2401 1409 Sancti
2424 1355 2549 1411 dum
2576 1357 2686 1413 Deo
2715 1376 2768 1414 se
2805 1360 3056 1427 subdunt,
3087 1369 3272 1419 cuncta
3303 1366 3616 1423 transitoria

2020 1449 2277 1511 superant
2317 1450 2364 1497 et
2402 1445 2711 1516 despiciunt.
2746 1477 2817 1488 —
2841 1447 3027 1505 Sancti
3080 1458 3264 1507 autem
3306 1453 3437 1521 viri,
3488 1457 3617 1528 quia

2021 1547 2125 1587 nec
2156 1531 2348 1588 inﬁma
2374 1532 2666 1590 hominum
2697 1536 2949 1609 exempla
2976 1548 3261 1611 appetunt,
3278 1558 3378 1598 nec
3396 1558 3612 1601 rursum

2021 1619 2360 1678 daemoniaca
2402 1622 2706 1680 subtilitate
2752 1624 3042 1695 falluntur,
3076 1635 3131 1683 et
3171 1645 3334 1701 super
3364 1629 3614 1702 jumenta

1943 1722 1991 1783 Β
2021 1717 2201 1778 terrae,
2236 1718 2290 1767 et
2318 1729 2481 1785 super
2509 1714 2633 1769 cceli
2664 1714 2917 1771 volucres
2939 1716 3144 1773 virtute
3174 1718 3506 1775 eruditionis
3523 1736 3615 1776 ex-

2019 1807 2291 1855 crescunt.
2345 1799 2518 1871 Super
2553 1800 2807 1871 jumenta
2851 1802 2998 1859 enim
3044 1812 3203 1862 terra:
3245 1806 3425 1865 edocti
3463 1818 3612 1877 sunt,

2017 1888 2148 1960 quia
2176 1887 2447 1961 quidquid
2479 1889 2536 1944 in
2567 1889 2696 1947 imis
2727 1900 2903 1963 potest
2929 1894 3128 1949 ambiri
3149 1895 3482 1968 despiciunt.
3515 1899 3615 1954 Su-

2017 1993 2114 2049 per
2140 1978 2393 2034 volucres
2422 1995 2638 2051 quoque
2668 1981 2793 2036 coeli
2824 1982 3025 2037 eruditi
3047 1992 3196 2048 sunt,
3229 1982 3359 2056 quia
3386 1986 3613 2041 omnes8

2018 2066 2430 2123 immundorum
2452 2068 2747 2141 spirituum
2766 2069 2996 2127 insidias
3015 2072 3614 2145 comprehendunt.Su-

2018 2171 2113 2230 per
2122 2154 2375 2227 jumenta
2390 2165 2547 2215 terrae
2577 2158 2755 2215 edocti
2776 2168 2928 2226 sunt,
2959 2160 3089 2234 quia
3107 2161 3251 2217 nihil
3281 2161 3339 2217 in
3369 2161 3474 2220 bac
3499 2163 3615 2219 vita

2018 2244 2166 2316 quod
2194 2246 2441 2318 praeterit
2470 2254 2742 2320 quaerunt.
2775 2248 2948 2321 Super
2978 2249 3232 2307 volucres
3257 2249 3382 2306 coeli
3410 2249 3612 2307 eruditi

2017 2341 2168 2399 sunt,
2198 2336 2330 2408 quia
2372 2345 2664 2409 potestates
2692 2354 2897 2407 aereas,
2929 2355 3065 2412 quas
3101 2339 3284 2396 adhuc
3311 2356 3408 2413 per
3434 2339 3614 2398 carnis

2018 2424 2399 2482 inﬁrmitatem
2457 2426 2716 2495 tolerant,
2764 2426 2879 2499 jam
2934 2427 3063 2484 vitae
3112 2427 3323 2485 meritis
3377 2429 3609 2486 calcant.

2015 2512 2220 2571 Paulus
2242 2513 2357 2586 jam
2386 2531 2551 2588 super
2575 2514 2827 2588 jumenta
2855 2524 3012 2573 terra:
3040 2516 3270 2574 edoctus
3296 2516 3495 2586 fuerat,
3516 2517 3614 2575 di-

2014 2618 2176 2660 cens:
2209 2605 2371 2663 Multi
2390 2605 2528 2660 enim
2555 2606 2850 2662 ambulant.
2880 2607 2952 2662 Et
2980 2606 3143 2679 paulo
3172 2614 3295 2679 post
3326 2625 3339 2664 :
3373 2607 3614 2676 Quorum

2015 2693 2139 2765 ﬁnis
2165 2693 2413 2760 interius,
2443 2711 2672 2766 quorum
2714 2696 2841 2751 deus
2883 2702 3062 2751 venter
3105 2702 3200 2767 est,
3243 2704 3291 2754 et
3335 2698 3509 2771 gloria
3553 2699 3614 2754 in

2015 2783 2323 2854 confusione
2354 2784 2617 2857 ipsorum,
2646 2786 2740 2857 qui
2770 2792 2978 2843 terrena
3005 2786 3239 2859 sapiunt.
3270 2787 3471 2845 Nostra
3499 2806 3613 2844 au-

2018 2877 2118 2927 tem
2158 2874 2487 2930 conversatio
2514 2874 2573 2929 in
2600 2875 2741 2931 caelis
2771 2881 2843 2931 est
2883 2877 3114 2948 (Philip.
3150 2892 3237 2944 m,
3283 2876 3491 2948 i8-20).
3541 2879 3613 2933 Et

2015 2979 2235 3019 rursum
2268 2979 2431 3034 super
2478 2964 2729 3020 volucres
2775 2965 2898 3021 coeli
2936 2965 3213 3021 eruditum
3258 2982 3315 3022 se
3360 2974 3610 3034 noverat,

301 3057 356 3097 se
384 3041 437 3097 ei
470 3058 570 3114 per
600 3044 932 3102 munditiam
963 3049 1209 3122 corporis
1254 3051 1523 3110 inhaerere
1554 3059 1902 3116 monstravit.
1943 3074 1989 3137 ρ
2014 3067 2140 3108 cum
2171 3050 2424 3107 dicebat!
2469 3052 2692 3108 Νεεσὶείε
2736 3052 2989 3123 quoniam
3022 3055 3233 3124 07196108
3252 3053 3613 3123 iudicabimus

298 3130 439 3198 Quia
472 3132 647 3205 igitur
687 3136 889 3193 mentis
919 3138 1084 3195 elatio
1130 3141 1199 3197 ad
1241 3142 1605 3214 pollutionem
1636 3149 1906 3220 pertrahit

297 3220 504 3289 carnis,
536 3224 895 3295 reproborum
924 3244 1068 3285 cora
1100 3232 1290 3287 volatu
1320 3235 1610 3292 volucrum
1640 3237 1708 3293 ad
1738 3247 1907 3310 petu-

297 3310 531 3367 lantiam
558 3313 825 3386 mergitur
847 3313 1250 3386 jumentorum.
1283 3322 1467 3381 Sancti
1498 3336 1679 3383 autem
1707 3329 1815 3384 viri
1838 3345 1904 3387 ne

298 3401 551 3473 appetitu
580 3402 883 3461 bestialiad
902 3405 1138 3465 luxuriae
1169 3413 1486 3485 voraginem
1514 3415 1902 3489 devolvantur,

302 3493 546 3550 sollicite
574 3496 936 3567 cogitationes
966 3502 1167 3558 mentis
1196 3519 1227 3558 a
1255 3504 1523 3576 superbiae
1553 3508 1741 3565 volatu
1769 3526 1905 3565 cus-

300 3584 565 3652 todiunt;
596 3601 659 3641 ac
687 3602 755 3642 ne
785 3588 842 3642 in
874 3588 1068 3646 inﬁma
1092 3591 1413 3664 desipiendo
1430 3606 1710 3665 corruant,
1741 3615 1903 3655 omne

300 3672 452 3745 quod
486 3672 795 3731 sublimiter
819 3677 1063 3750 sapiunt,
1095 3678 1387 3737 humiliter
1415 3695 1694 3755 premunt.
1738 3686 1902 3743 Recte

299 3761 496 3836 itaque
525 3762 754 3822 dicitur:
792 3768 896 3835 Qui
941 3768 1086 3825 docet
1137 3787 1234 3826 nos
1260 3788 1419 3844 super
1437 3773 1679 3842 jumenta
1726 3781 1900 3846 terris,

297 3858 347 3908 et
371 3871 541 3928 super
565 3857 800 3913 volucres
829 3859 945 3916 caeli
972 3860 1151 3917 erudit
1175 3878 1291 3919 nos.
1318 3862 1612 3935 Subaudis,
1636 3865 1742 3924 hoc
1770 3882 1900 3940 quo-

302 3958 403 4014 que
432 3959 553 4000 non
580 3942 744 4002 dixit.

364 4033 450 4090 30.
486 4035 558 4091 In
585 4036 824 4093 adversis
850 4039 1140 4110 deﬁcimus,
1164 4043 1299 4114 quia
1321 4045 1596 4116 prosperis
1624 4045 1704 4102 uti
1728 4046 1900 4103 mode-

308 4131 419 4180 rate
436 4126 720 4183 nescimus.
751 4158 823 4168 —
850 4127 967 4184 Hoc
985 4130 1169 4203 itaque
1198 4132 1346 4205 quod
1369 4132 1637 4205 jumentis
1654 4151 1718 4192 ac
1745 4136 1900 4192 volu-

302 4215 482 4273 cribus
513 4218 814 4288 antecellit,
846 4236 971 4276 eum
1002 4236 1113 4278 non
1141 4222 1279 4281 dicit
1299 4225 1357 4281 in
1386 4226 1745 4285 tribulatione
1773 4244 1899 4284 me-

304 4306 544 4375 morari;
584 4324 649 4364 ac
673 4309 720 4364 si
749 4306 985 4365 diceret:
1022 4310 1282 4370 Inﬁrmus
1311 4315 1543 4388 quisque
1571 4316 1779 4375 idcirco
1807 4334 1899 4374 ne-

2016 3142 2044 3211 (
2048 3142 2082 3196 Ι
2110 3142 2236 3198 Cor.
2268 3140 2418 3213 vr,3)
2452 3140 2611 3202 ‘iSub
2634 3157 2691 3197 se
2704 3139 2958 3214 jumenta
2986 3140 3260 3212 cernebat,
3290 3142 3419 3216 quia
3446 3142 3612 3199 vidc—

2018 3227 2147 3286 licet
2172 3229 2231 3285 in
2270 3235 2415 3286 terra
2442 3228 2626 3287 adhuc
2664 3230 2876 3304 positus
2903 3233 2924 3267 ⁸
2956 3230 3200 3288 calcabat
3226 3247 3405 3287 mores
3431 3230 3607 3287 homi-

2015 3333 2149 3374 num
2182 3318 2276 3393 qui
2308 3318 2367 3375 in
2395 3319 2606 3376 inﬁmis
2642 3327 3058 3377 conversantur.
3088 3320 3161 3376 Et
3199 3336 3418 3377 rursum
3447 3322 3609 3377 vola-

2014 3412 2133 3462 tum
2176 3408 2469 3465 volucrum
2515 3409 2837 3466 meritorum
2880 3409 3146 3483 dignitate
3181 3409 3607 3477 transcenderat,

2015 3495 2145 3568 quia
2164 3496 2451 3554 subiturus
2477 3496 2720 3554 coelestia
2757 3496 3137 3569 judicaturum
3164 3514 3220 3553 se
3248 3499 3469 3570 angelos
3496 3513 3608 3553 non

2014 3582 2320 3655 ignorabat.
2354 3584 2416 3639 In
2446 3584 2559 3641 illis
2587 3585 3003 3642 immundorum
3034 3585 3249 3655 inﬁma,
3270 3586 3329 3643 in
3358 3586 3481 3644 istis
3506 3602 3611 3643 su-

2013 3670 2313 3743 perborum
2346 3688 2563 3729 summa
2590 3678 2734 3736 826
2764 3673 3026 3731 calcabat.
3061 3673 3201 3748 [Vet.
3241 3674 3417 3749 XIV.)
3447 3675 3610 3731 Men-

2010 3775 2094 3824 tes
2113 3770 2315 3841 quippe
2343 3778 2659 3826 sanctorum
2688 3770 3005 3826 transitoria
3032 3778 3232 3827 cuncta
3276 3769 3607 3841 despiciunt,

2010 3867 2065 3915 et
2093 3860 2196 3915 sub
2225 3876 2282 3915 se
2311 3860 2420 3915 labi
2448 3860 2719 3933 quidquid
2748 3861 3014 3932 superbit,
3046 3861 3316 3933 quidquid
3345 3861 3608 3933 praeterit,

2009 3948 2494 4020 contemplantur;
2548 3956 2602 4003 et
2633 3948 2789 4021 quasi
2818 3947 2877 4003 in
2909 3949 3146 4023 quodam
3175 3964 3357 4005 rerum
3405 3949 3610 4007 vertice

2009 4037 2347 4103 constitutas,
2389 4044 2545 4093 tanto
2591 4037 2697 4095 sibi
2743 4037 2932 4094 omnia
2978 4038 3199 4095 subesse
3237 4037 3608 4111 conspiciunt,

2008 4137 2216 4204 quanto
2244 4128 2566 4201 semetipsas
2591 4129 2779 4186 verius
2809 4131 3021 4187 auctori
3049 4130 3299 4188 omnium
3320 4130 3563 4189 subdunt
3590 4146 3606 4197 ;

2008 4226 2172 4293 atque
2202 4218 2333 4275 inde
2358 4226 2558 4276 cuncta
2584 4219 3005 4290 transcendunt,
3044 4221 3190 4278 unde
3218 4220 3448 4279 creatori
3477 4238 3608 4279 cun-

2007 4314 2226 4364 ctorum
2258 4323 2391 4364 vera
2419 4323 2476 4365 se
2505 4307 2822 4365 humilitate
2851 4309 3228 4367 substernunt.
3254 4311 3414 4369 Dicat
3438 4327 3604 4384 ergo:

304 4409 577 4470 quaquam
606 4412 663 4453 se
696 4397 753 4453 in
783 4399 1195 4470 perturbatione
1217 4403 1558 4474 corroborat,
1600 4407 1729 4479 quia
1754 4415 1808 4462 et
1836 4407 1894 4464 in

2017 4397 2120 4466 Qui
2149 4398 2293 4454 docet
2323 4415 2419 4453 nos
2447 4414 2609 4469 super
2625 4398 2869 4467 jumenta
2898 4407 3073 4466 term,
3102 4406 3151 4455 et
3177 4418 3338 4473 super
3370 4404 3610 4457 volucres

303 4486 711 4559 tranquillitate
739 4504 852 4544 non
881 4495 1148 4561 temperat
1178 4510 1192 4559 ;
1224 4500 1277 4549 et
1296 4493 1422 4549 ideo
1468 4494 1643 4552 nescit
1669 4494 1899 4556 adversa

304 4573 560 4644 tolerare,
594 4577 721 4649 quia
748 4579 1084 4636 constitutus
1111 4581 1168 4635 in
1185 4582 1458 4655 prosperis
1484 4583 1814 4655 cogitatione
1842 4603 1901 4645 se

304 4676 410 4718 non
440 4665 605 4722 novit
640 4683 673 4722 a
709 4666 901 4724 volatu
918 4667 1207 4725 volucrum
1227 4686 1493 4742 premere,
1523 4688 1625 4729 nec
1653 4674 1901 4730 carnales

305 4761 481 4811 motus
523 4773 555 4812 a
594 4754 974 4828 jumentorum
1019 4759 1264 4832 ingluvie
1298 4760 1602 4818 sublevare.
1644 4762 1749 4819 Sed
1797 4762 1903 4821 hoc

304 4840 458 4901 beato
477 4845 585 4903 Job
617 4856 772 4905 tanto
803 4847 1260 4908 inconvenienter
1286 4851 1512 4922 dicitur,
1546 4861 1753 4927 quanto
1782 4850 1918 4909 vita'

306 4931 420 5005 ejus
457 4936 607 4995 inter
643 4939 754 4996 alta
808 4949 862 4997 et
918 4940 1111 4998 inﬁma
1161 4942 1492 5000 mirabiliter
1542 4951 1898 5017 temperatur.

376 5112 393 5147 ¹
426 5113 692 5193 Vindoc.,
728 5122 852 5193 tunc
883 5134 934 5193 s_e
955 5115 1159 5187 justum
1178 5118 1381 5190 judicet
1411 5138 1433 5185 ;
1477 5136 1597 5193 quas
1648 5120 1811 5193 lectio
1845 5119 1905 5176 in

210 5186 221 5189 “
308 5184 600 5255 superﬁcie
631 5187 860 5263 optima.
894 5184 1124 5263 Praestat
1155 5184 1335 5247 tamen
1367 5184 1554 5259 altera,
1586 5190 1746 5263 cujus
1770 5208 1907 5247 sen-

309 5268 399 5333 sus
429 5266 513 5312 est
541 5274 634 5333 eos
664 5259 758 5331 qui
785 5260 970 5333 carnis
1007 5260 1287 5332 voluptate
1310 5259 1752 5333 prosternuntur
1794 5278 1905 5318 non

308 5329 713 5415 tuncﬁcmpisse
742 5330 852 5415 v‘ici
883 5339 1097 5412 tantum
1119 5329 1361 5415 juapdo
1395 5342 1582 5405 aperto
1620 5334 1905 5415 lapsuusu-

309 5398 485 5477 perati
515 5398 664 5477 sunt,
692 5401 786 5477 sed
812 5402 965 5477 prius
985 5398 1185 5477 mentis
1217 5398 1471 5477 elatione,
1504 5420 1633 5477 quae
1655 5398 1907 5477 libidinis

307 5468 471 5548 radix
499 5468 1087 5548 est,_fuisse_'dejectos.
1121 5473 1182 5529 Id
1208 5475 1438 5548 minime
1458 5468 1773 5548 inielligens
1791 5476 1907 5531 ali-

310 5539 436 5665 quis
485 5545 711 5610 sciolus,
760 5539 1193 5625 absurdumque,
1243 5546 1356 5602 imo
1401 5539 1906 5629 impiumjcensens

349 5626 498 5665 lcere
523 5630 651 5665 eum
681 5617 773 5665 rmi
806 5617 863 5665 in
904 5617 1181 5665 luxuriam
1230 5616 1436 5665 labitur
1478 5634 1578 5665 nm
1606 5626 1754 5665 vmm
1794 5634 1903 5665 nnn

349 5609 498 5668 icere
523 5630 652 5692 eum
681 5609 776 5691 qui
806 5617 864 5673 in
904 5609 1184 5692 luxuriam
1230 5616 1454 5692 labitur
1478 5609 1578 5692 pro
1606 5619 1754 5678 victo
1794 5634 1906 5675 non

310 5684 679 5755 reputandum
697 5684 851 5757 'esse,
886 5686 1244 5746 scribendum
1270 5684 1529 5762 putavit':
1558 5692 1901 5748 nullus.......

2016 4487 2132 4541 caeli
2147 4487 2324 4541 erudit
2338 4488 2543 4543 nos.Ac
2562 4487 2608 4542 si
2624 4486 2849 4543 diceret:
2873 4487 3132 4544 Inﬁrmus
3153 4488 3608 4560 pusillanimitate

2018 4575 2198 4630 victus
2233 4573 2339 4631 ista
2368 4590 2481 4629 non
2511 4574 2678 4643 dixit,
2698 4583 2752 4630 et
2771 4575 2979 4633 idcirco
2994 4578 3145 4632 eum'5
3166 4577 3467 4634 adversitas
3494 4585 3607 4633 ten-
3670 4646 3685 4661 ο

2011 4663 2242 4720 tationis
2278 4663 2537 4736 perculit,
2568 4663 2698 4737 quia
2741 4664 3157 4738 tranquillitatis
3201 4674 3446 4739 tempore
3491 4665 3608 4721 haec

2015 4764 2215 4813 cuncta
2236 4756 2580 4814 transeuntia
2595 4756 2748 4812 nulla
2762 4757 3097 4830 perfectione
3118 4758 3411 4829 superavit.
3431 4753 3607 4825 Hujus

2009 4846 2161 4902 enim
2190 4847 2319 4903 vitae
2344 4845 2573 4903 adversa
2594 4862 2705 4903 non
2721 4846 3176 4919 perhorresceret,
3194 4846 3239 4901 si
3256 4841 3607 4915 perfectionis

2011 4936 2209 4991 merito
2237 4936 2403 4993 etiam
2434 4936 2676 4994 secunda
2704 4936 2981 4994 calcasset.
3014 4934 3274 5006 Sequitur
3304 4948 3318 4987 :

2015 5123 2136 5172 tunc
2163 5132 2218 5172 se
2235 5115 2445 5186 justum
2464 5116 2701 5187 judicet;
2730 5122 3005 5187 expuncta
3039 5126 3173 5169 voce
3200 5110 3412 5168 victum.

2082 5186 2627 5269 {iliades-aesque
2655 5187 2726 5242 αά
2757 5186 2948 5269 αῖίαάε.
3268 5254 3278 5266 .
3320 5252 3351 5269 ..
3518 5253 3529 5264 .

2091 5259 2116 5335 ᾖ
2144 5259 2344 5335 Pratel.
2375 5256 2549 5335 etalii
2572 5258 2785 5335 Norm.,
2816 5256 3481 5335 malignorum_spirituum_
3508 5256 3604 5308 in-

2215 5329 2478 5406 Nonnulli
2497 5330 2724 5406 fortasse
2746 5327 3066 5406 maluerunt
3083 5326 3322 5406 scribere
3349 5326 3605 5406 maligno-

2010 5417 2136 5456 rum
2165 5415 2328 5472 quam
2358 5398 2773 5472 immundorum,
2808 5397 2952 5472 quod
2982 5397 3166 5472 potius
3208 5398 3289 5472 sit
3323 5396 3604 5468 maligno-

2013 5488 2137 5528 rum
2158 5468 2323 5567 quam
2354 5468 2771 5549 immundorum
2800 5468 3095 5552 spirituum
3127 5468 3355 5525 insidias
3372 5475 3600 5524 struere.

2085 5545 2108 5578 ‘
2137 5541 2399 5599 Vindoc..
2426 5541 2649 5598 Ebroic.
2682 5548 2736 5597 et
2763 5541 2858 5598 alii
2886 5542 3100 5599 Norm..
3130 5541 3364 5598 calcabat
3392 5545 3598 5594 mentes.

2086 5556 2108 5578 ⁸
2146 5556 2399 5612 Vinuoc.,
2426 5556 2649 5598 unrorc.
2682 5556 2736 5597 et
2763 5556 2858 5598 am
2886 5556 3100 5610 1V0rm.,

2086 5616 2106 5649 ⁵
2138 5613 2364 5684 Pratel.,
2393 5612 2731 5671 adversitatis
2761 5612 2994 5670 tentatio.
