4152 6182
550 239 654 292 367

937 358 1168 416 CAPUT
1197 361 1380 420 XVIII
1407 360 1552 438 [Rea
1589 364 1767 438 XIV].

617 474 788 532 Vnus.
824 475 909 532 12.
929 506 1000 518 -
1029 477 1112 534 Ibi
1129 480 1452 549 clamabunt,
1473 489 1641 538 etnon
1661 481 1907 539 exaudiet
1924 493 2148 557 propter

544 563 845 636 superbiam
873 567 1163 625 malorum.

615 656 704 716 32.
736 659 878 716 Iusti
900 663 1285 734 permittuntur
1311 664 1544 737 opprimi
1575 673 1636 720 ut
1656 673 1982 739 purgentur,
2012 675 2060 724 et
2087 674 2147 724 ut

542 765 915 822 oppressorum
936 752 1174 824 nequitia
1203 759 1687 810 consummetur.—
1707 755 1789 812 Ibi
1806 755 2064 813 videlicet
2085 757 2143 812 in

541 837 923 910 tribulatione,
953 847 1014 896 ut
1041 857 1070 896 e
1099 848 1288 898 contra
1337 840 1404 896 de
1452 841 1650 913 gaudio
1703 843 1970 916 scriptum
2012 853 2094 900 est
2127 863 2139 901 :

541 926 675 982 Filii
701 946 973 984 servorum
1005 936 1218 984 tuorum
1250 929 1614 985 inhabitabunt
1642 932 2000 1001 ibi(Psal.CI,
2021 935 2138 1005 29).

542 1013 649 1072 Sed
681 1016 901 1073 videtur
929 1015 1201 1074 incertum
1230 1024 1416 1073 utrum
1447 1017 1594 1073 dicat
1623 1036 1634 1074 :
1689 1019 1916 1092 Propter
1943 1038 2144 1094 super-

543 1102 692 1162 biam
727 1107 998 1162 malorum
1028 1122 1138 1161 non
1160 1105 1417 1160 exaudiet
1437 1124 1450 1173 ;
1470 1115 1802 1180 an,propter
1829 1109 2140 1180 superbiam

541 1194 814 1251 malorum
845 1193 1182 1250 clamabunt.
1236 1194 1474 1267 Intelligi
1505 1204 1685 1251 autem
1714 1197 1913 1253 melius
1939 1206 2138 1270 potest,

541 1283 586 1338 si
616 1299 728 1338 non
759 1282 1010 1339 exaudiri
1041 1283 1226 1356 potius
1253 1289 1474 1356 propter
1502 1285 1772 1342 malorum
1801 1287 2138 1360 superbiam,

539 1387 702 1444 quam
731 1371 964 1428 clamare
993 1374 1317 1429 referantur.
1351 1373 1485 1430 Nam
1517 1373 1662 1448 quod
1693 1383 1916 1448 propter
1956 1375 2140 1432 malo—

539 1477 662 1518 rum
711 1462 1022 1536 superbiam
1052 1464 1312 1532 clamant,
1339 1463 1452 1536 jam
1481 1455 1644 1538 supra
1673 1465 1885 1522 dictum
1926 1475 2027 1535 est,
2074 1483 2150 1525 eo.

539 1569 702 1608 versu
731 1569 840 1626 quo
869 1553 1110 1610 dicitur:
1145 1555 1372 1626 Propter
1396 1555 1782 1610 multitudinem
1815 1557 1830 1590 ¹
1875 1556 2140 1611 violento-

539 1658 664 1695 rum
687 1642 1246 1716 clamabunt.Aliquid
1259 1660 1386 1716 ergo
1403 1642 1562 1699 nobis
1573 1643 1680 1700 hoc
1695 1659 1859 1699 versu
1887 1643 2142 1701 innuitur

1765 243 2014 299 SANCTI
2053 243 2392 304 GREGORII
2431 247 2663 307 MAGNI

3753 267 3850 324 368

2182 375 2233 433 Α
2261 373 2522 444 sapientes
2542 377 2841 446 morientes,
2870 380 3032 438 simul
3057 382 3312 456 insipiens
3327 393 3376 442 et
3389 390 3585 443 stultus
3605 391 3858 462 peribunt

2257 471 2279 533 (
2289 465 2442 553 Psat.
2474 482 2670 536 XLVIII,
2701 468 2812 541 il).
2838 469 2986 538 Quos
3005 471 3152 528 enim
3171 473 3468 532 visibiliter
3482 477 3624 534 mori
3645 481 3853 553 conspi.

2257 552 2433 622 ciunt,
2466 553 2826 614 invisibiliter
2853 559 3041 616 vivere
3071 579 3226 634 posse
3254 581 3368 621 non
3398 566 3662 635 credunt;
3698 552 3856 642 atque

2255 661 2320 700 eo
2349 653 2559 702 reatum
2581 646 2927 706 inﬁdelitatis
2946 668 3058 708 sua;
3086 655 3391 724 cumulant,
3406 671 3515 729 quo
3544 657 3662 712 visa
3685 666 3859 714 morte

2257 731 2502 790 fidelium
2559 734 2626 792 de
2681 739 2987 796 aeternitate
3027 741 3332 814 desperant.
3394 744 3567 816 Igitur
3621 746 3855 804 violenti

2255 823 2458 896 quique
2497 823 2626 882 inde
2655 830 2677 862 ‘
2706 827 2949 886 deterius
2977 829 3262 901 deﬁciunt,
3293 833 3438 888 unde
3465 842 3657 889 contra
3682 834 3856 892 vitam

2253 908 2636 997 innocentium
2667 917 2910 972 exterius
2955 921 3350 976 convalescunt
3372 939 3407 994 ;_
3438 930 3696 997 tantoque
3729 925 3860 982 illos

2252 995 2452 1055 intima
2479 1002 2683 1060 veritas
2719 1021 2750 1061 a
2779 1021 2835 1061 se
2875 1005 3020 1063 foras
3063 1007 3234 1080 ejicit,
3287 1017 3492 1082 quanto
3529 995 3625 1068 eos
3667 1021 3859 1071 contra

2252 1104 2380 1145 suos
2407 1093 2789 1164 temporaliter
2818 1096 2966 1168 quod
2997 1098 3192 1153 volunt
3222 1114 3379 1170 posse
3403 1101 3696 1172 permittit.

2322 1179 2408 1237 33.
2435 1185 2708 1242 Malorum
2727 1205 2884 1259 paena
2911 1189 3152 1260 gravior,
3183 1195 3259 1244 est
3287 1191 3639 1262 prosperitas.
3670 1194 3858 1251 Mani-

2250 1267 2444 1338 festum
2473 1279 2549 1328 est
2569 1276 2962 1347 reprobationis
2989 1277 3266 1334 indicium.
3289 1309 3362 1321 —
3379 1279 3642 1354 Quisquis
3672 1282 3856 1358 itaque

2249 1358 2524 1418 bonorum
2547 1364 2717 1420 vitam
2745 1367 3250 1440 persequitur,tunc
3269 1367 3354 1442 pej
3361 1385 3453 1425 ore
3473 1369 3685 1428 ultione
3705 1371 3856 1430 dam-

2250 1457 2434 1521 natur,
2467 1468 2596 1509 cum
2638 1454 2792 1511 nulla
2818 1455 2870 1510 ei
2903 1454 3230 1513 adversitate
3259 1458 3534 1515 resistitur
3563 1478 3579 1528 ;
3629 1468 3684 1516 et
3718 1469 3856 1520 tunc

2253 1539 2504 1600 fortioris
2534 1545 2628 1601 iraa
2657 1546 2917 1619 periculis
2945 1546 3212 1620 subjacet,
3243 1565 3369 1604 cum
3399 1565 3656 1622 prospere
3683 1567 3854 1624 pera-

2249 1631 2328 1704 git
2349 1633 2498 1704 quod
2522 1636 2777 1710 nequiter
2791 1637 3152 1710 concupiscit,
3177 1637 3305 1712 quia
3324 1638 3580 1696 videlicet
3603 1640 3853 1699 vindicta

537 1729 682 1803 quod
715 1731 879 1804 paulo
907 1731 1170 1788 subtilius
1198 1732 1531 1802 attendatur,
1564 1733 1694 1807 quia
1723 1751 1864 1806 saepe
1893 1735 2138 1808 oppressi
2166 1741 2212 1803 B
2247 1721 2473 1791 superni
2497 1721 2701 1794 indic“
2729 1723 2798 1779 ad
2827 1725 3014 1781 ῖῑιῐυτίι
3047 1741 3172 1782 eum
3215 1725 3485 1801 ευρρίίοίεῑ
3518 1729 3850 1788 “servando

537 1821 765 1894 quidam
794 1821 927 1879 dum
967 1823 1348 1893 clamaverint,
1379 1841 1449 1880 ex
1477 1841 1533 1881 se
1584 1825 1806 1898 quidem
1855 1835 2138 1884 merentur

536 1911 742 1982 audiri,
777 1914 871 1970 sed
918 1921 1103 1972 tamen
1146 1932 1335 1972 eorum
1373 1915 1646 1972 desideria
1694 1926 1915 1990 propter
1947 1919 2134 1992 ‘oppri-

538 2001 814 2059 mentium
843 2004 1158 2076 superbiam
1189 2004 1538 2062 differuntur.
1562 2007 1750 2062 Justus
1771 2007 1970 2080 quippe
1991 2010 2136 2063 Deus

535 2099 589 2148 et
617 2108 745 2148 suos
771 2093 1046 2166 permittit
1077 2093 1452 2166 temporaliter
1481 2095 1743 2168 opprimi,
1770 2103 1825 2150 et
1852 2095 2135 2151 violento-

534 2196 658 2236 rum
681 2181 948 2238 malitiam
973 2183 1226 2256 nequiter
1246 2184 1454 2256 augeri,
1477 2192 1538 2240 ut
1557 2183 1692 2240 dum
1709 2183 1908 2241 horum
1936 2185 2051 2240 vita
2076 2185 2136 2240 in

537 2273 867 2348 purgatione
907 2274 1126 2346 teritur,
1158 2276 1382 2333 illorum
1426 2275 1672 2350 nequitia
1699 2285 2134 2334 consummatur.

537 2361 676 2435 [Vet.
713 2362 858 2438 XV.)
898 2364 1228 2442 Plerumque
1277 2383 1408 2424 vero
1437 2366 1659 2435 accidit,
1699 2373 1762 2421 ut
1785 2365 1923 2439 justi
1952 2366 2010 2421 in
2039 2365 2137 2420 tri-

535 2447 818 2510 bulatione
839 2453 1190 2526 deprehensi,
1210 2473 1508 2531 supernum
1531 2455 1788 2512 solatium
1805 2455 1969 2511 etiam
2000 2463 2136 2511 tem-

538 2542 802 2618 poraliter
829 2545 1157 2616 percipiant,
1188 2547 1336 2622 quod
1376 2555 1558 2602 tamen
1600 2561 1713 2601 non
1761 2545 2136 2617 temporaliter

537 2634 855 2706 implorant.
889 2635 1101 2692 Salvari
1130 2635 1406 2694 enimnon
1436 2643 1656 2708 propter
1683 2650 1762 2703 se,
1791 2635 1884 2690 sed
1916 2643 2138 2706 propter

539 2724 977 2782 adversariorum
1025 2723 1256 2781 salutem
1303 2725 1724 2797 concupiscunt,
1753 2731 1816 2779 ut
1843 2723 1975 2779 dum
2009 2723 2135 2779 illos

539 2813 888 2886 omnipotens
907 2814 1052 2869 Deus
1073 2812 1147 2875 ab
1164 2813 1448 2871 immensis
1463 2812 1880 2886 periculisfacto
1897 2811 2132 2885 quodam

545 2901 814 2960 miraculo
845 2902 1062 2972 liberat,
1092 2903 1358 2960 virtutem
1392 2920 1546 2960 suam
1589 2902 1724 2976 ipsis
1765 2902 1928 2958 etiam
1959 2919 2134 2974 perse-

534 2991 824 3050 cutoribus
878 2993 1232 3064 innotescat;
1289 3002 1451 3068 atque
1501 2993 1629 3050 inde
1677 2991 2018 3051 adversarios
2065 2990 2135 3048 ad

535 3083 896 3138 :eternitatem
929 3082 1184 3152 redimat,
1215 3083 1360 3140 unde
1382 3101 1509 3141 suos
1541 3083 1914 3156 temporaliter
1940 3083 2134 3150 salvat,
2168 3107 2211 3170 ο

535 3171 679 3225 sicut
707 3171 977 3241 Propheta
1006 3187 1225 3244 quoque
1256 3190 1446 3228 vocem
1467 3183 1773 3244 martyrum
1801 3170 2131 3242 suscipiens,

533 3259 628 3314 ait:
651 3260 880 3330 Propter
900 3259 1139 3314 inimicos
1159 3277 1295 3314 meos
1324 3261 1466 3332 eripe
1492 3278 1572 3315 me
1603 3262 1775 3332 (Psal.
1795 3276 1994 3326 LXVIII,
2019 3258 2132 3331 19).

533 3350 614 3404 Ac
635 3346 684 3402 si
708 3346 942 3404 diceret:
969 3347 1196 3418 Propter
1225 3364 1312 3402 me
1337 3348 1558 3420 quidem
1589 3349 1725 3421 eripi
1753 3348 1818 3404 de
1845 3345 2134 3419 temporali

535 3435 890 3492 tribulatione
918 3451 1031 3492 non
1059 3443 1276 3508 appeto,
1308 3435 1402 3491 sed
1425 3444 1607 3491 tamen
1628 3436 1767 3509 eripi
1796 3443 2018 3508 propter
2035 3434 2133 3491 ad-

534 3525 806 3582 versarios
836 3541 986 3582 meos
1014 3524 1368 3598 concupisco,
1400 3533 1460 3582 ut
1477 3525 1607 3581 dum
1639 3543 1760 3584 mea
1788 3526 1910 3596 vita.
1931 3523 2132 3581 salvari

533 3617 863 3676 mirabiliter
890 3617 1158 3685 cernitur,
1191 3617 1311 3690 ipso
1349 3617 1745 3676 miraculorum
1777 3617 1903 3673 visu
1931 3615 2131 3672 inimi~

532 3726 723 3766 corum
753 3709 961 3766 duritia
1007 3716 1383 3767 convertatur.
1415 3709 1570 3768 Sicut
1604 3726 1732 3782 ergo
1777 3723 1917 3781 saepe
1946 3707 2131 3762 Domi-

533 3815 638 3857 nus
663 3815 890 3858 suorum
921 3799 1094 3856 vitam
1123 3799 1498 3872 temporaliter
1517 3815 1615 3872 pro
1632 3797 1986 3854 inimicorum
2004 3811 2130 3852 con-

537 3890 784 3948 versione
805 3889 990 3963 eripit,
1022 3889 1098 3945 ita
1128 3905 1270 3962 saepe
1299 3905 1525 3946 suorum
1555 3905 1716 3946 voces
1745 3895 1967 3961 propter
1981 3885 2131 3942 dam-

531 3980 811 4036 nationem
845 3979 1294 4052 persequentium
1341 3995 1454 4035 non
1500 3977 1751 4046 exaudit,
1781 3985 1842 4033 ut
1873 3975 2132 4032 videlicet

533 4067 661 4123 inde
688 4074 900 4121 reatum
943 4083 1103 4122 suum
1146 4067 1451 4137 cumulent,
1502 4067 1648 4122 unde
1696 4065 2044 4138 praevaluisse
2073 4080 2130 4120 se

533 4153 785 4226 nequiter
827 4154 1082 4226 gaudent.
1129 4157 1268 4214 Nam
1307 4155 1401 4229 qui
1443 4153 1750 4210 invisibilia
1794 4153 2124 4226 despiciunt.

532 4242 744 4298 moveri
775 4259 1174 4318 nonnunquam
1206 4243 1524 4300 visibilibus
1563 4241 1845 4318 miraculis
1874 4250 2124 4313 possunt.

532 4328 638 4388 Sed
666 4329 873 4386 idcirco
901 4349 1026 4389 cum
1051 4332 1219 4404 justis
1248 4335 1568 4406 plerumque
1600 4331 1676 4386 nil
1708 4331 1911 4386 mirum
1940 4329 2129 4386 visibi-

531 4421 658 4478 liter
685 4421 885 4492 agitur,
917 4423 1044 4496 quia
1073 4439 1262 4479 eorum
1286 4422 1586 4480 adversarii
1617 4421 1921 4478 illuminari
1939 4420 2128 4476 invisi-

529 4511 718 4567 biliter
743 4528 854 4568 non
885 4521 1183 4569 merentur.
1216 4515 1443 4570 Dicatur
1468 4531 1612 4587 ergo:
1640 4513 1720 4570 Ibi
1743 4513 2063 4578 clamabant,
2081 4517 2127 4566 et

528 4619 635 4659 non
657 4604 901 4660 exaudiet
921 4610 1146 4677 propter
1175 4607 1473 4676 superbiam
1503 4608 1876 4662 malorum.Ac
1895 4605 1940 4660 si
1967 4603 2126 4660 dice—

529 4703 646 4753 ret:
700 4696 898 4754 Reatus
943 4694 1374 4770 opprimentium
1405 4703 1428 4737 π
1454 4697 1647 4754 audire
1677 4711 1840 4751 voces
1870 4694 2125 4766 prohibet

528 4802 934 4860 oppressorum.
967 4787 1078 4843 Nec
1107 4785 1420 4858 eripiuntur
1461 4787 1756 4844 visibiliter
1789 4782 1950 4854 justi,
1981 4787 2124 4846 827

526 4884 550 4920 ⁸
579 4883 711 4957 quia
754 4885 954 4942 salvari
1001 4881 1362 4940 invisibiliter
1411 4900 1522 4940 non
1575 4888 1858 4937 merentur
1905 4879 2120 4952 injusti.

526 4972 680 5031 Unde
716 4991 938 5032 rursum
963 4989 1060 5048 per
1088 4974 1416 5046 Prophetam
1443 4970 1648 5027 dicitur
1681 4988 1692 5026 :
1751 4969 1885 5026 Cum
1931 4969 2124 5025 viderit

604 5165 620 5202 ¹
651 5167 711 5223 In
741 5167 1117 5240 superioribus
1143 5166 1240 5225 ubi
1270 5166 1425 5224 locus
1452 5161 1546 5223 hic
1572 5161 1674 5240 Job
1703 5162 2125 5240 exponitur,pro

531 5235 877 5312 violentoriim
910 5242 1108 5312 legitur
1131 5240 1599 5312 calumniatorum.
1635 5235 1934 5312 Utramque
1954 5235 2125 5312 inter-

529 5310 1048 5384 pretationempati
1096 5321 1272 5384 potest
1322 5311 1622 5368 Hebraicus
1657 5310 1864 5367 textus.
1898 5311 2115 5384 Aliqua:

531 5378 809 5505 I'ersiones
837 5378 1042 5437 hab—ent
1064 5378 1287 5458 propter
1308 5385 1619 5458 potentiam,
1650 5389 1872 5457 propter
1916 5378 2127 5438 oioien-

555 5466 680 5505 tam.

555 5466 660 5506 tam
669 5492 680 5504 .

601 5521 622 5556 ³
652 5520 768 5588 AL,
807 5523 1012 5580 audiri.

854 5593 1013 5650 Rom.
1045 5595 1189 5652 Sixti
1219 5597 1292 5667 V,
1320 5607 1376 5654 et
1401 5601 1707 5669 nonnulla,
1750 5598 1877 5670 quia
1923 5597 2126 5670 saluari

528 5663 963 5748 pisibilitefwnqn
1018 5663 1307 5748 merentur,
1366 5672 1647 5748 mendose.
1692 5663 1837 5748 Mss:
1881 5667 2125 5748 Anglic."

525 5739 741 5805 Norm.,
773 5733 1182 5805 Vindoc.,etc.,
1204 5733 1519 5811 veteresque
1547 5744 1720 5810 Edit.,
1752 5740 1953 5797 habent
1974 5733 2130 5796 invi?-

2245 1808 2506 1880 deseruit,
2537 1812 2630 1868 cui
2677 1812 2769 1868 hic
2797 1813 2853 1868 in
2883 1815 3032 1870 malo
3060 1815 3283 1872 obviare
3311 1817 3659 1890 contempsit.
3695 1820 3842 1878 Hinc

2243 1905 2390 1960 enim
2421 1922 2519 1977 per
2545 1906 2872 1980 Prophetam
2916 1911 3188 1969 Dominus
3215 1913 3388 1970 dicit:
3439 1915 3634 1972 Dimisi
3663 1933 3748 1972 eos
3777 1935 3848 1972 se-

2241 1995 2469 2050 cundum
2497 1995 2758 2052 desideria
2786 1999 2962 2054 cordis
2985 2018 3192 2072 eorum,
3224 2005 3245 2038 ⁸
3276 2010 3324 2058 et
3346 2004 3495 2060 ibunt
3521 2005 3578 2061 in
3606 2007 3853 2062 volunta-

2245 2085 2377 2142 tibus
2396 2088 2506 2142 suis
2521 2087 2693 2160 (Psal.
2718 2105 2890 2161 LXXX,
2917 2091 3034 2164 13).
3059 2093 3203 2151 Hinc
3230 2112 3450 2152 rursum
3473 2097 3701 2155 dicitur:
3728 2099 3854 2157 Non

2243 2183 2319 2232 est
2343 2178 2496 2250 virga
2524 2179 2623 2234 Dei
2651 2197 2807 2252 super
2834 2181 2956 2238 illos
2983 2183 3132 2258 (Job.
3163 2200 3285 2255 XXI,
3306 2186 3388 2260 9).
3414 2187 3558 2245 Hinc
3585 2189 3757 2246 etiam
3781 2189 3853 2246 de

2244 2265 2364 2339 ipso
2391 2284 2584 2324 eorum
2616 2269 2791 2342 capite
2817 2270 3084 2342 scriptum
3114 2282 3193 2330 est
3225 2292 3236 2330 :
3271 2275 3450 2331 Faciet
3490 2284 3538 2332 et
3559 2295 3850 2352 prospera-

2245 2356 2388 2412 bitur
2413 2360 2588 2429 (Dan.
2627 2363 2883 2434 vIII,12).
2913 2362 3056 2420 Hinc
3083 2381 3270 2422 rursus
3299 2365 3366 2422 de
3393 2365 3587 2423 eodem
3617 2367 3850 2428 dicitur:

2243 2445 2318 2502 Et
2341 2445 2494 2504 dolus
2523 2449 2581 2504 in
2610 2467 2772 2506 manu
2801 2449 2914 2520 ejus
2951 2451 3212 2526 dirigetur
3237 2455 3410 2526 (Dan.
3457 2473 3584 2526 VIII,
3613 2457 3737 2532 25).
3787 2457 3854 2513 In

2247 2551 2417 2593 manu
2455 2538 2658 2612 quippe
2688 2540 3022 2598 Antichristi
3060 2539 3220 2599 dolus
3247 2543 3529 2618 dirigitur,
3558 2547 3580 2582 ⁸
3625 2546 3762 2620 quia
3792 2545 3852 2603 in

2244 2624 2353 2684 hoc
2382 2628 2528 2700 quod
2558 2635 2749 2686 contra
2776 2629 2953 2686 bonos
2982 2631 3328 2704 proposuerit
3356 2631 3587 2704 implere
3626 2643 3855 2708 tempo-

2244 2721 2432 2776 raliter
2459 2723 2615 2779 nulla
2641 2724 2974 2782 adversitate
3001 2724 3357 2799 praepeditur.
3382 2725 3524 2784 Hinc
3552 2744 3746 2784 rursus
3759 2743 3852 2801 per

2244 2810 2592 2868 Salomonem
2614 2811 2820 2870 dicitur
2853 2833 2864 2870 :
2898 2814 3240 2888 Prosperitas
3269 2816 3551 2871 stultorum
3574 2817 3768 2888 perdet
3786 2817 3848 2874 il-

2247 2901 2322 2955 los
2355 2899 2542 2972 (Prov.
2573 2919 2614 2972 ι,
2645 2903 2759 2975 32).
2797 2902 2937 2977 [Vet.
2970 2903 3149 2979 XVI.]
3189 2904 3536 2962 Manifestum
3567 2921 3702 2978 ergo
3730 2923 3848 2980 per-

2244 2988 2473 3046 ditionis
2501 2990 2769 3048 indicium
2802 3002 2902 3060 est,
2927 2993 3150 3066 quando
3169 2993 3436 3050 al‘fectatis
3455 2992 3847 3066 iniquitatibus

2244 3081 2582 3156 subsequens
2612 3083 2760 3140 favet
2797 3083 3041 3153 eﬂ'ectus,
3073 3093 3127 3142 et
3155 3085 3308 3141 nulla
3349 3083 3712 3141 contrarietas
3742 3085 3844 3140 im-

2245 3170 2396 3242 pedit
2450 3171 2597 3244 quod
2646 3189 2800 3229 mens
2845 3189 3101 3246 perversa
3140 3173 3468 3246 conceperit.
3518 3173 3656 3229 Nam
3703 3187 3845 3244 saepe

2243 3273 2538 3330 pravorum
2571 3258 2861 3317 hominum
2883 3261 3016 3318 dum
3047 3261 3335 3318 tardantur
3354 3271 3498 3330 vota,
3532 3259 3840 3330 mutantur;

2243 3353 2296 3401 et
2325 3346 2457 3402 dum
2503 3347 2890 3405 dilﬁcultatem
2930 3351 3288 3423 perfectionis
3333 3351 3595 3419 sentiunt,
3627 3359 3842 3407 reatum

2243 3437 2400 3492 mala:
2428 3438 2664 3494 actionis
2707 3449 3012 3511 agnoscunt
3046 3459 3059 3507 ;
3111 3449 3166 3497 et
3211 3441 3413 3516 quibus
3459 3441 3612 3513 prius
3641 3439 3838 3496 invitis

2243 3526 2661 3597 contradicitur,
2695 3528 2942 3585 volentes
2971 3529 3325 3601 postmodum
3347 3527 3454 3586 hoc
3475 3527 3622 3602 quod
3647 3543 3840 3584 conce-

2242 3627 2454 3691 perant,
2485 3617 2862 3675 adversantur.
2897 3618 3038 3686 Quia
3081 3619 3252 3691 igitur
3280 3618 3455 3675 malos
3483 3634 3610 3674 cum
3640 3616 3844 3674 deserit

2240 3705 2510 3764 Dominus
2556 3708 2853 3780 praevalere
2881 3707 3174 3781 permittit,
3221 3715 3276 3764 et
3303 3706 3450 3764 unde
3479 3707 3841 3780 superborum

2239 3795 2487 3869 nequitia
2534 3797 2834 3868 perﬁcitur,
2894 3795 3023 3853 inde
3093 3795 3394 3853 humilium
3451 3795 3842 3868 longanimitas

2239 3894 2670 3956 consummatur,
2701 3887 2920 3944 dicatur
2944 3893 3089 3943 recte
3120 3905 3132 3943 :
3179 3886 3263 3943 Ibi
3308 3885 3628 3954 clamabunt,
3657 3891 3709 3940 et
3734 3902 3843 3941 non

2237 3975 2485 4030 exaudiet
2503 3982 2726 4047 propter
2753 3966 3057 4048 superbiam
3083 3979 3370 4034 malorum.
3405 3975 3668 4050 Sequitur
3703 3993 3716 4032 :

2663 4065 2891 4123 CAPUT
2919 4066 3054 4123 XIX
3087 4065 3230 4140 [Rea
3262 4065 3410 4141 XV].

2307 4153 2479 4212 Vsus.
2529 4155 2612 4212 i3.
2661 4186 2732 4198 —
2770 4156 2946 4228 Neque
2987 4157 3124 4212 enim
3152 4156 3366 4227 frustra
3395 4157 3576 4213 audiet
3601 4156 3770 4224 Deus,
3795 4158 3842 4210 et

2241 4242 2576 4313 Omnipotens
2604 4243 2936 4316 singulorum
2963 4263 3150 4302 causas
3169 4246 3479 4302 intuebitur.

2310 4329 2396 4386 34.
2427 4329 2704 4388 Desideria
2741 4341 3042 4390 sanctorum
3087 4353 3142 4390 eo
3173 4335 3492 4391 cumulatius
3530 4332 3841 4389 exaudiun-

2239 4425 2348 4489 tur,
2386 4438 2488 4492 quo
2521 4423 2745 4479 tardius.
2769 4455 2839 4466 —
2867 4425 3178 4480 Notandum
3210 4425 3359 4499 quod
3379 4423 3489 4481 duo
3510 4431 3640 4481 sunt
3671 4423 3839 4492 dicta,

2233 4510 2364 4582 quia
2391 4519 2445 4568 et
2473 4513 2797 4570 clamantem
2829 4531 2939 4570 non
2969 4515 3171 4571 frustra
3195 4515 3372 4585 audit,
3403 4521 3456 4571 et
3475 4522 3662 4570 tamen
3695 4509 3843 4586 quod

2235 4601 2446 4672 patitur
2479 4602 2720 4676 respicit,
2770 4612 2824 4661 et
2877 4605 3137 4662 exaudire
3186 4622 3347 4662 voces
3396 4604 3739 4671 dissimulat,
3789 4603 3842 4657 et

2234 4693 2379 4765 quod
2410 4697 2786 4770 unusquisque
2816 4698 3012 4753 tolerat
3043 4713 3154 4752 non
3207 4696 3445 4768 ignorat.
3487 4696 3662 4752 Nemo
3713 4707 3842 4764 ergo

2234 4783 2328 4856 qui
2359 4784 2570 4839 tardius
2593 4785 2818 4841 auditur
2845 4785 3030 4840 credat
3059 4783 3205 4857 quod
3234 4800 3265 4839 a
3305 4799 3540 4856 superna
3569 4797 3706 4838 cura
3735 4795 3842 4836 ue-

2235 4871 2487 4944 gligatur.
2519 4873 2668 4944 Saepe
2697 4874 2844 4928 enim
2880 4882 3067 4929 nostra
3095 4873 3386 4940 desideria,
3418 4872 3548 4946 quia
3583 4870 3842 4927 celeriter

2233 4975 2346 5016 non
2375 4959 2537 5032 ﬁunt,
2576 4961 2993 5028 exaudiuntur;
3045 4972 3099 5020 et
3152 4961 3299 5036 quod
3347 4959 3570 5034 impleri
3615 4958 3838 5016 concite

2233 5159 2480 5219 sibiliter.

2306 5238 2327 5270 ‘
2358 5236 2440 5291 Ita
2477 5230 2738 5302 Vindoc.,
2767 5233 2994 5300 Turon.,
3027 5232 3236 5302 Baluz.,
3267 5233 3449 5304 Colb.,
3481 5233 3683 5290 Pratel.
3712 5229 3834 5286 alii-

2234 5323 2338 5380 que
2357 5307 2572 5374 Norm.,
2602 5320 2815 5360 necnon
2845 5313 2956 5360 vet.
2990 5304 3093 5360 Ed.
3117 5305 3179 5360 In
3206 5315 3410 5362 recent.
3422 5303 3439 5374 ,
3468 5303 3720 5360 interius.

2303 5381 2326 5416 ⁸
2358 5377 2618 5434 Vindoc..
2650 5377 2858 5434 Baluz..
2889 5376 3042 5432 Colb.
3085 5384 3138 5432 et
3177 5378 3313 5434 Dler.
3345 5378 3562 5434 Norm..
3595 5382 3645 5430 et
3673 5375 3836 5429 ibunt

2303 5392 2326 5416 '
2365 5392 2618 5443 vmuoc.,
2650 5392 2858 5443 ualuz.,
2889 5392 3042 5432 com.
3085 5392 3138 5432 et
3176 5392 3313 5448 pler.
3345 5392 3562 5444 morm.,
3595 5392 3645 5430 et
3673 5392 3835 5454 ioung

2237 5451 2292 5504 in
2319 5447 2976 5520 voluptatibussuisJ’rior
2993 5447 3156 5504 lectio
3181 5449 3427 5505 concinit
3457 5448 3632 5520 magis
3647 5452 3835 5502 textui

2235 5520 2401 5577 Hebr.
2432 5517 2485 5575 et
2519 5517 2787 5590 Vulgata},
2820 5521 2874 5576 in
2901 5520 3358 5576 adinventionibus
3395 5521 3528 5576 suis.

2307 5594 2329 5628 ⁶
2359 5591 2450 5648 Sic
2477 5589 2688 5663 Belum,
2709 5590 2896 5663 Colb.,
2955 5589 3172 5648 Ebroic.
3208 5591 3414 5663 aliique
3441 5592 3632 5650 Norm.
3665 5589 3834 5644 Deest

2239 5666 2291 5720 in
2323 5663 2381 5720 in
2411 5661 2809 5722 recentioribus
2834 5663 2937 5721 Ed.
3036 5725 3044 5735 ,
