4152 6182
310 323 418 382 369

1047 319 1422 378 MORALIUM
1461 320 1598 383 LIB.
1636 322 1840 380 XXVI.
1883 351 1953 368 -
1991 322 2060 380 IN
2102 323 2329 381 CAPUT
2372 324 2582 381 XXXV
2625 324 2687 381 B.
2728 324 2870 380 JOB.

3505 327 3612 383 370

309 444 568 520 petimus,
608 450 662 498 et
689 442 807 515 ipsa
834 442 1031 498 melius
1058 443 1314 501 tarditate
1343 456 1713 520 prosperatur.
1746 448 1899 519 Saepe
1927 447 1980 508 A
2005 447 2053 503 si
2082 448 2455 505 illuminatam
2483 464 2540 504 se
2567 454 2734 520 atque
2760 447 3106 506 sublevatam
3133 467 3255 523 quae
3284 452 3343 509 in
3372 450 3614 511 tenebris

312 551 421 591 vox
450 539 632 589 nostra
658 548 724 588 eo
752 531 1036 604 perﬁcitur
1053 549 1162 606 quo
1182 532 1465 604 differtur;
1498 544 1695 593 etcum
1719 552 1901 608 super-

307 624 591 680 ﬁcietenus
633 621 827 695 petitio
874 622 1190 696 negligitur,
1235 633 1363 683 vota
1406 635 1593 683 nostra
1633 626 1800 683 altius
1842 626 1902 682 in

307 710 700 783 cogitationum
743 709 924 767 radice
969 715 1359 786 complentur:
1406 718 1550 773 sicut
1595 724 1648 772 et
1694 716 1903 772 semina

309 802 565 859 messium
605 802 730 874 gelu
758 817 941 873 pressa
970 802 1304 873 solidantur;
1350 814 1403 861 et
1433 823 1541 879 quo
1570 806 1637 862 ad
1663 804 1904 877 superﬁ—

307 890 443 949 ciem
484 888 698 945 tardius
739 899 965 959 exeunt,
1014 894 1117 947 eo’
1160 894 1227 948 ad
1261 894 1470 965 frugem
1510 893 1904 966 multipliciora

307 989 662 1054 consurgunt.
695 980 981 1038 Desideria
1008 983 1191 1055 itaque
1212 993 1395 1041 nostra
1418 986 1681 1043 dilatione
1709 995 1902 1042 exten-

306 1068 534 1139 duntur,
581 1078 645 1125 ut
673 1070 996 1143 proﬁciant;
1048 1071 1363 1145 proﬁciunt,
1412 1083 1471 1130 ut
1518 1075 1583 1130 ad
1626 1076 1730 1132 hoc
1757 1073 1905 1149 quod

304 1167 627 1233 perceptura
657 1167 785 1216 sunt
815 1162 1227 1228 convalescant;
1252 1164 1628 1221 exercitantur
1646 1165 1703 1221 iu
1721 1172 1905 1220 certa-

305 1249 475 1319 mine,
531 1255 594 1305 ut
642 1253 787 1312 828
838 1249 1138 1323 majoribus
1183 1251 1536 1309 cumulentur
1566 1253 1809 1327 praemiis
1844 1251 1904 1307 in

303 1345 690 1414 retributione,
738 1344 894 1401 labor
946 1346 1285 1418 protrahitur
1331 1366 1548 1423 pugna,
1596 1356 1658 1405 ut
1699 1354 1906 1404 crescat

301 1450 509 1491 corona
539 1433 805 1491 victoriae.
852 1435 991 1491 Suos
1018 1452 1146 1508 ergo
1177 1436 1445 1494 Dominus
1486 1455 1614 1495 cum
1644 1438 1907 1495 velociter

302 1547 414 1587 non
446 1529 696 1598 exaudit,
725 1545 834 1601 quo
862 1528 1123 1601 repellere
1153 1529 1399 1587 creditur
1428 1530 1619 1588 trahit.
1652 1532 1905 1586 Internus

300 1619 505 1694 quippe
534 1627 616 1674 est
644 1616 910 1685 medicus,
943 1625 997 1674 et
1027 1627 1374 1692 peccatorum
1396 1620 1454 1676 in
1476 1618 1636 1676 nobis
1656 1618 1906 1690 contagia

298 1725 424 1782 quae
453 1708 631 1765 inesse
660 1707 982 1765 medullitus
1002 1709 1257 1782 reprobat
1276 1717 1442 1777 secat,
1459 1708 1736 1767 abscindit
1752 1708 1907 1764 virus

2008 538 2223 611 jacebat
2278 540 2544 613 agnoscit.
2600 540 2729 598 Haec
2780 555 2908 612 ergo
2955 538 3015 595 in
3071 542 3361 615 semetipsa
3414 552 3618 613 cuncta

2013 629 2359 701 recolligens,
2400 630 2533 685 dum
2578 628 2723 685 bona
2749 636 2970 702 accepta
3006 629 3337 698 considerat,
3387 632 3615 691 adversa

2015 734 2134 790 quas
2164 720 2359 775 tolerat
2381 736 2491 775 non
2520 727 2770 785 accusat;
2810 735 2911 792 nec
2925 717 3303 791 desperatione
3319 719 3615 792 frangitur,

2016 823 2135 880 quae
2182 816 2465 866 tantorum
2517 826 2811 866 munerum
2868 808 3245 866 consolatione
3304 809 3615 879 roboratur,

2016 896 2145 970 quia
2172 914 2320 970 spem
2362 897 2428 954 de
2477 897 2681 954 futuris
2714 899 2929 970 recipit,
2976 898 3109 954 dum
3142 906 3413 955 transacta
3440 898 3617 955 bene-

2016 987 2143 1044 ﬁcia
2169 987 2527 1059 recognoscit.
2573 988 2730 1044 Dicat
2760 989 2941 1061 itaque
2971 1006 2982 1043 :
3017 988 3208 1044 Etiam
3235 1007 3353 1045 cum
3379 989 3611 1045 danais:

2016 1079 2137 1133 Non
2169 1080 2486 1142 considerat,
2508 1078 2758 1148 judicare
2789 1097 2969 1135 coram
2996 1080 3110 1144 illo,
3139 1085 3189 1134 et
3215 1087 3451 1151 exspecta
3477 1097 3615 1135 eum.

2017 1170 2097 1224 Ac
2124 1168 2167 1222 si
2209 1167 2416 1222 diceret
2451 1186 2462 1224 :
2497 1167 2634 1225 Cum
2684 1169 2894 1226 idcirco
2942 1171 3088 1226 Deus
3132 1170 3475 1227 considerare
3505 1186 3617 1226 non

2017 1257 2279 1327 creditur,
2324 1258 2453 1330 quia
2486 1258 2635 1314 tarde
2674 1259 2984 1327 miseretur,
3038 1259 3238 1315 intima
3268 1256 3620 1333 cogitationis

2016 1346 2321 1419 ingredere,
2364 1354 2527 1418 atque
2573 1347 2688 1403 illic
2714 1364 2896 1404 coram
2939 1347 3058 1419 ejus
3090 1350 3266 1407 oculis
3305 1366 3482 1407 causa)
3510 1358 3620 1406 tum

2011 1433 2285 1506 judicium
2323 1435 2575 1507 suscipe;
2619 1439 2706 1492 et3
2737 1455 2857 1510 quas
2887 1437 3001 1509 ipse
3033 1440 3273 1496 vivendo
3306 1441 3619 1510 contulisti,

2018 1526 2103 1581 vel
2139 1542 2259 1598 quae
2286 1524 2715 1584 misericorditer
2740 1528 3053 1600 percepisti,
3088 1528 3375 1597 discerne;
3407 1539 3460 1587 et
3488 1538 3621 1587 tunc

2018 1614 2085 1670 ad
2112 1615 2229 1686 spei
2263 1613 2523 1672 ﬁduciam
2553 1616 2718 1685 redis,
2747 1617 2879 1674 dum
2903 1618 3047 1687 bona
3073 1626 3239 1675 tantae
3258 1618 3623 1691 benignitatis

2018 1704 2316 1772 erubescis,
2349 1714 2621 1777 quatenus
2647 1706 2794 1763 inter
2824 1707 3053 1764 adversa
3080 1708 3313 1765 fidenter
3342 1718 3623 1781 exspectes

297 1798 616 1872 putredinis
656 1798 802 1856 ferro
847 1798 1254 1865 tribulationis;
1303 1808 1358 1857 et
1407 1817 1516 1874 quo
1565 1816 1728 1856 voces
1776 1798 1907 1872 aegri
1939 1811 1988 1872 Β
2018 1810 2180 1868 quem
2220 1800 2273 1848 et
2318 1801 2442 1864 post
2489 1794 2690 1850 delicta
2732 1797 3038 1868 propitium
3088 1798 3303 1855 recolis.
3344 1798 3623 1870 Speranda

296 1887 499 1944 audire
547 1886 879 1955 dissimulat,
914 1905 978 1946 eo
1022 1889 1365 1962 aegritudinis
1410 1890 1578 1947 ﬁnem
1623 1897 1903 1963 procurat.

290 1977 455 2054 .Hinc
502 1976 647 2034 enim
677 1977 944 2051 Propheta
971 1979 1047 2035 ait
1089 1997 1102 2036 :
1147 1979 1289 2036 Deus
1330 1997 1494 2049 meus,
1541 1979 1778 2037 clamabo
1808 1996 1908 2050 per

295 2066 465 2130 diem,
495 2073 664 2122 etnon
681 2069 959 2136 exaudies;
994 2076 1041 2126 et
1058 2076 1224 2138 nocte,
1247 2077 1417 2126 etnon
1445 2071 1515 2127 ad
1544 2068 1909 2141 insipientiam

296 2155 435 2210 mihi
479 2157 657 2224 (Psal.
706 2174 837 2226 xvr,
883 2158 977 2231 3).
1025 2160 1105 2215 Ac
1157 2159 1203 2215 si
1246 2158 1456 2216 diceret
1496 2176 1507 2215 :
1552 2160 1909 2232 Nequaquam

296 2245 445 2302 mihi
474 2246 543 2303 ad
573 2247 949 2320 insipientiam
970 2249 1189 2322 proﬁcit
1210 2250 1357 2325 quod
1388 2250 1477 2307 die
1506 2266 1569 2308 ac
1596 2256 1757 2306 nocte
1787 2248 1910 2305 cla-

294 2345 547 2393 mantem
580 2355 665 2394 me
694 2340 956 2395 continue
986 2356 1096 2395 non
1118 2341 1365 2409 exaudis,
1406 2341 1536 2415 quia
1556 2340 1701 2396 unde
1734 2354 1819 2392 me
1848 2336 1908 2391 in

292 2426 595 2499 temporali
627 2426 1176 2501 tribulationequasi
1215 2430 1443 2498 deseris,
1486 2429 1614 2485 inde
1643 2428 1712 2483 ad
1742 2435 1910 2482 aeter-

287 2532 432 2573 nam
460 2518 790 2587 sapientiam
814 2520 938 2588 plus
957 2518 1163 2573 erudis.
1184 2520 1325 2574 Hinc
1344 2520 1510 2574 etiam
1527 2519 1663 2575 dicit
1689 2536 1699 2572 :
1726 2518 1809 2573 Ad
1807 2518 1911 2587 ju-

286 2611 379 2661 tor
412 2605 479 2658 in
503 2605 1010 2674 opportunitatibus,
1033 2606 1090 2659 in
1108 2606 1446 2662 tribulatione
1467 2608 1637 2679 (Psal.
1676 2624 1754 2674 1x,
1796 2605 1907 2677 10).

288 2692 757 2749 Tribulatiouem
787 2694 990 2766 quippe
1020 2694 1286 2761 dicturus,
1311 2696 1744 2767 opportunitates
1762 2711 1910 2766 pra:-

291 2782 486 2850 misit,
520 2781 650 2853 quia
679 2797 819 2853 saape
851 2788 905 2837 et
944 2782 1298 2839 tribulatione
1337 2783 1692 2859 conterimur,
1740 2791 1794 2839 et
1818 2789 1911 2839 ta-

294 2887 437 2930 men
485 2877 859 2943 opportunum
895 2870 1141 2927 nondum
1175 2872 1298 2927 est2
1349 2880 1411 2929 ut
1456 2873 1525 2929 ad
1571 2872 1910 2930 desiderium

289 2958 606 3033 ereptionis
661 2957 1005 3032 adjuvemur.
1070 2960 1294 3017 Dicatur
1350 2977 1478 3034 ergo
1511 2979 1522 3017 :
1556 2964 1734 3033 Neque
1774 2963 1913 3017 enim

290 3048 412 3119 {rus
423 3053 519 3103 ira
546 3047 730 3103 audiet
754 3048 917 3114 Deus,
948 3054 997 3104 et
1014 3050 1350 3124 Omnipotens
1370 3052 1703 3122 singulorum
1722 3068 1908 3106 causas

2016 1882 2219 1939 etenim
2265 1882 2484 1939 fuerant
2528 1900 2764 1954 superna
2815 1883 3113 1956 adjutoria,
3164 1887 3331 1943 etiam
3380 1887 3428 1942 si
3469 1888 3637 1957 nulla,

2015 1971 2281 2028 beneﬁcia
2338 1972 2761 2044 praecessissent.
2830 1974 3239 2047 Sciendumque
3293 1975 3426 2048 quia
3478 1976 3625 2031 Deus

2018 2060 2301 2117 hominem
2330 2075 2495 2133 quem
2520 2062 2757 2135 benigne
2776 2062 3028 2121 condidit
3047 2065 3235 2139 inique
3256 2080 3368 2121 non
3389 2064 3620 2138 spernit.

2088 2151 2175 2208 36.
2214 2151 2316 2220 Qui
2336 2151 2613 2223 prceterita
2655 2169 2877 2210 munera
2918 2154 3237 2220 considerat,
3278 2154 3473 2223 futura
3516 2171 3624 2227 non

2017 2241 2267 2312 desperet.
2299 2270 2369 2281 —
2397 2240 2742 2297 Pensandum
2769 2249 2850 2299 est
2889 2242 3057 2315 igitur
3085 2243 3273 2316 quanti
3296 2250 3377 2300 est
3394 2243 3623 2315 periculi

2018 2337 2288 2387 transacta
2318 2346 2546 2386 munera
2570 2347 2809 2399 cernere,
2838 2340 2892 2387 et
2916 2332 3103 2389 futura
3136 2332 3444 2405 desperare;
3476 2336 3622 2396 829
3676 2340 3679 2349 ’

2018 2429 2207 2503 quanti
2241 2436 2321 2483 est
2352 2429 2622 2500 periculi‘
2652 2429 2699 2483 si
2726 2430 2784 2484 in
2814 2429 2918 2486 hac
2942 2430 3177 2502 procella
3198 2429 3622 2488 tribulationum

2019 2518 2417 2590 desperationis
2448 2517 2736 2590 naufragio
2767 2517 3142 2592 frangimur,5
3174 2520 3269 2592 qui
3303 2520 3371 2577 ad
3405 2528 3623 2593 portum

2018 2608 2132 2681 spei
2162 2607 2313 2662 velut
2343 2607 2627 2663 immensis
2663 2607 2890 2666 funibus
2938 2609 3228 2682 praeteritis
3275 2609 3435 2667 donis
3468 2612 3615 2683 liga-

2019 2714 2161 2753 mur.
2206 2697 2435 2752 Dicatur
2476 2697 2660 2771 itaque
2705 2706 2849 2754 recte
2885 2699 3177 2755 :Judieare
3211 2717 3388 2756 coram
3426 2701 3543 2771 illo,
3580 2710 3627 2757 et

2021 2794 2259 2860 exspecta
2287 2804 2421 2842 eum.
2469 2787 2605 2843 Nam
2642 2787 2739 2862 qui
2770 2788 3125 2861 semetipsum
3156 2806 3341 2845 coram
3371 2792 3485 2847 Deo
3515 2809 3624 2848 non

2015 2874 2253 2948 judicat,
2294 2892 2419 2931 eum
2465 2874 2597 2931 dum
2650 2876 2917 2949 afﬂigitur
2964 2894 3079 2934 non
3121 2885 3419 2949 exspectat.
3458 2878 3627 2951 Cujus

2020 2965 2169 3021 enim
2203 2964 2346 3020 bona
2368 2966 2704 3036 praecessisse
2720 2966 3055 3034 dissimulat,
3072 2965 3160 3038 adj
3170 2968 3348 3023 utoria
3368 2968 3625 3041 subsequi

2021 3069 2180 3126 posse
2210 3052 2496 3126 desperat;
2551 3062 2604 3111 et
2650 3072 2776 3110 cum
2810 3055 3215 3127 praeteritorum
3251 3056 3623 3128 obliviscitur,

290 3136 611 3239 intuebitur.
642 3134 784 3211 [νει.
805 3137 1024 3239 3071.]
1072 3138 1352 3239 Sedvquia
1394 3140 1724 3239 plerumque
1753 3155 1903 3195 non-
1944 3174 1989 3239 C
2024 3141 2190 3239 etiam
2236 3142 2689 3215 subsequentium
2733 3143 2981 3216 largitate
3012 3142 3316 3202 fraudetur.
3365 3144 3474 3202 Sed
3502 3163 3625 3225 ecce

297 3228 442 3284 nulli
490 3233 547 3282 et
592 3225 713 3299 ipsa
734 3296 735 3299 η
758 3224 1021 3300 adjutorii
1071 3226 1329 3285 tarditate
1388 3229 1739 3304 franguntur,
1782 3237 1906 3304 apte

303 3315 598 3389 subjungit
630 3334 641 3372 :

728 3404 957 3463 CAPUT
985 3406 1094 3463 xx
1138 3404 1281 3481 [Rea
1314 3407 1492 3482 XVI].

367 3495 548 3553 Vsus.
588 3494 673 3550 14.
707 3525 777 3537 -
803 3494 987 3552 Etiam
1000 3512 1133 3551 eum
1159 3496 1363 3552 dixeris
1396 3515 1407 3552 :
1444 3498 1562 3555 Non
1592 3494 1910 3568 considerat,

291 3581 548 3651 judicare
575 3600 752 3639 coram
781 3584 899 3653 illo,
932 3591 981 3640 et
1009 3591 1248 3657 exspecta
1277 3602 1415 3640 eum.

378 3671 471 3730 35.
515 3673 903 3747 Desperationis
926 3676 1165 3746 procella
1197 3673 1485 3747 ingruente,
1506 3675 1577 3729 ad
1604 3673 1912 3728 «memoriam

268 3762 607 3818 revocanda
635 3770 757 3818 sunt
781 3764 882 3821 Dei
916 3765 1180 3837 beneﬁcia.
1210 3794 1281 3805 —
1319 3765 1569 3819 Fortasse
1599 3762 1747 3818 enim
1779 3762 1911 3817 dum

304 3851 523 3909 clamor
550 3860 735 3909 noster
765 3853 921 3927 quasi
969 3852 1289 3927 negligitur,
1327 3869 1451 3926 spes
1490 3869 1609 3926 quae
1639 3850 1789 3907 cordi
1815 3851 1913 3932 in-

302 3952 417 4000 erat
447 3943 799 4001 inﬁrmatur:
834 3953 887 4002 et
915 3964 1151 4020 superna
1171 3947 1450 4020 adjutoria
1462 3946 1719 4003 defutura
1739 3944 1911 4001 credi-

303 4047 446 4100 mus,
479 4034 616 4106 quia
645 4033 857 4091 tardius
886 4035 1276 4109 impetramus;
1318 4055 1382 4095 ac
1419 4053 1556 4110 pene
1589 4035 1913 4093 inconside-

302 4129 417 4178 rata
444 4124 566 4179 Deo
598 4139 716 4179 esse
745 4124 1179 4196 ingemiscimus,
1217 4143 1337 4200 quae
1375 4127 1552 4183 inulta
1589 4127 1907 4183 toleramus.

303 4208 406 4267 Sed
435 4228 569 4268 cum
622 4212 727 4270 ista
758 4230 857 4269 nos
890 4213 1285 4287 desperationis
1331 4218 1570 4289 procella
1597 4214 1910 4282 conturbat,

305 4313 575 4357 concussa
604 4317 761 4358 mens
788 4302 955 4360 citius
983 4304 1042 4360 in
1084 4312 1305 4377 portum
1344 4306 1459 4378 spei
1499 4323 1554 4362 se
1583 4305 1837 4371 collocat,
1867 4302 1911 4357 si

305 4403 496 4446 causas
525 4405 655 4447 suas
682 4408 809 4448 cum
853 4392 1092 4449 Domino
1141 4393 1418 4450 subtiliter
1445 4401 1656 4467 pensat,
1697 4393 1741 4448 si
1772 4391 1917 4448 bona

306 4475 422 4549 ejus
448 4478 523 4535 ad
554 4480 878 4536 memoriam
907 4489 1149 4550 revocat,
1198 4484 1242 4539 si
1286 4483 1427 4539 mala
1457 4499 1577 4555 quae
1607 4481 1765 4537 bonis
1796 4478 1913 4551 ejus

308 4566 556 4623 reddidit
602 4568 746 4640 apud
783 4570 1133 4641 semetipsam
1181 4571 1378 4627 callide
1420 4587 1531 4625 non
1574 4577 1820 4636 excusat,
1865 4571 1912 4625 si

308 4656 601 4728 perpendit
630 4659 763 4732 quid
796 4658 866 4716 ab
895 4674 960 4713 eo
986 4656 1133 4730 juste
1163 4659 1365 4715 meruit
1380 4666 1433 4714 et
1453 4658 1587 4731 quid
1616 4658 1914 4713 clementer

308 4748 544 4819 accepit,
566 4747 612 4803 si
641 4748 814 4805 vitam
844 4764 998 4805 suam
1025 4748 1294 4805 vivaciter
1325 4746 1574 4815 discutit,
1605 4747 1651 4802 si
1673 4753 1797 4801 ante
1814 4746 1911 4801 Dei

308 4834 501 4893 oculos
514 4853 679 4894 omne
698 4839 845 4913 quod
859 4839 971 4913 agit
985 4838 1308 4895 examinans
1324 4838 1672 4910 semetipsam
1693 4836 1916 4892 sibimet

309 4940 422 4982 non
449 4927 763 4998 abscondit,
796 4929 843 4987 si
871 4929 1072 4987 factam
1101 4945 1157 4985 se
1186 4946 1306 5003 quae
1342 4945 1453 4985 non
1483 4935 1604 4984 erat
1633 4924 1910 4995 meminit,

388 5140 403 5213 ξ
441 5140 655 5213 βῆιιιιη
685 5142 756 5198 ad
782 5140 991 5213 frugem
1009 5141 1454 5213 multipliciorem.

386 5210 407 5245 ³
440 5211 575 5280 Ed.,
606 5207 666 5268 ut
693 5207 955 5270 desiderio
982 5207 1278 5283 ereptionis.
1323 5209 1610 5283 Meliusin
1637 5208 1764 5283 Mss.
1792 5207 1917 5283 _Tu—

312 5297 462 5354 ron.,
512 5284 768 5354 Vindoc.,
814 5283 995 5353 Colb.,
1037 5279 1322 5350 Norman.,
1370 5288 1431 5338 ut
1469 5281 1540 5337 ad
1576 5279 1911 5346 desiderium,

312 5351 421 5431 hoc
444 5361 554 5431 est,
588 5362 647 5431 ut
674 5351 958 5431 secundum
976 5351 1313 5431 desiderium.
1431 5425 1445 5431 _
1614 5428 1622 5431 Α
1672 5422 1706 5431 η

385 5425 407 5459 ³
440 5424 700 5500 Longip.,
739 5427 869 5499 quid
903 5443 1075 5483 causa
1103 5432 1157 5481 tu
1185 5427 1231 5482 ei
1260 5424 1477 5481 vivendo
1505 5422 1798 5486 contulisti,
1828 5422 1915 5477 vel

312 5512 703 5648 (lugeyindocw
732 5572 794 5648 si
806 5571 863 5625 in
887 5570 992 5648 liae
1018 5568 1130 5648 vita
1152 5568 1385 5648 procella
1419 5566 1845 5648 tribulationum:
1884 5636 1893 5646 .

386 5640 411 5723 ἦ
442 5639 977 5723 V’indo§.,__Ebroic.,
1026 5646 1082 5723 et
1126 5638 1243 5723 alii,
1286 5638 1379 5708 qui
1411 5638 1483 5693 ad
1519 5644 1733 5709 portum
1770 5638 1913 5710 ﬁdei.

317 5709 510 5766 Baluz.
542 5720 595 5766 et
612 5713 792 5782 Colb.,
823 5713 951 5785 quia
977 5712 1049 5767 ad
1070 5716 1302 5782 portum.

390 5784 414 5819 ⁵
445 5781 683 5844 Vindoc.
713 5791 767 5841 et
795 5784 1017 5851 Pratel.,
1050 5781 1415 5855 longanimiter
1442 5786 1817 5853 exspectamus.

2026 3229 2160 3286 dum
2194 3248 2296 3288 nos
2316 3231 2639 3303 afﬂigimur,
2659 3231 2791 3290 dum
2813 3232 3209 3290 consolationis
3230 3235 3487 3307 gratiam6
3510 3220 3623 3311 lou-

2023 3321 2317 3397 ganimiter
2362 3322 2720 3392 sustinemus,
2753 3322 2883 3379 mali
2918 3323 2987 3380 ad
3020 3322 3206 3397 pejora
3234 3334 3624 3400 prorumpunt,

2022 3417 2186 3483 atque
2215 3413 2312 3466 eo"
2346 3411 2658 3486 iniquitatis
2703 3413 3123 3486 exaggeratione
3170 3413 3489 3487 proﬁciunt,
3520 3431 3628 3488 quo

2022 3499 2141 3555 sine
2190 3500 2415 3555 verbere
2470 3501 2882 3575 relinquuntur.
2929 3503 2999 3557 Et
3050 3510 3235 3557 tamen
3279 3502 3628 3576 omnipotens

2022 3596 2310 3660 peccantes
2338 3589 2772 3646 misericorditer
2800 3599 3099 3662 exspectat,
3119 3599 3339 3664 tempus
3362 3591 3429 3647 ad
3452 3591 3622 3664 poeni-

2021 3679 2250 3734 tentiam
2300 3678 2517 3748 tribuit,
2570 3679 2719 3752 quod
2764 3694 2874 3734 non
2924 3680 3206 3736 conversis
3246 3680 3315 3735 ad
3361 3680 3628 3753 gravioris

2023 3776 2206 3825 reatus
2235 3769 2618 3825 testimonium
2649 3769 2853 3832 vertit;
2892 3769 3162 3839 patienter
3210 3770 3349 3825 iram
3400 3770 3618 3835 retinet,

2024 3874 2189 3930 quam
2248 3856 2578 3929 quandoque
2638 3854 3111 3912 irretractabiliter
3164 3856 3418 3912 effundit.
3475 3855 3629 3912 Unde

2022 3955 2147 4021 apte
2176 3946 2554 4019 subjungitur.

2236 4035 2463 4094 CAPUT
2493 4033 2626 4091 XXI
2656 4031 2805 4113 [Vet.
2822 4032 3034 4098 XVIII,
3065 4033 3186 4089 Rec.
3205 4028 3412 4107 XVII].
3472 4090 3473 4095 η

2094 4125 2267 4182 Vsus.
2301 4126 2385 4182 l5.
2423 4155 2495 4167 —
2520 4126 2671 4181 Nunc
2699 4124 2836 4181 enim
2856 4140 2961 4179 non
2990 4120 3157 4194 infert
3183 4120 3424 4194 furorem
3453 4142 3628 4195 suum,

2023 4230 2112 4271 nec
2139 4214 2413 4270 ulciscitur
2442 4215 2595 4271 valde
2624 4215 2808 4270 scelus.

2095 4302 2182 4359 37.
2216 4303 2356 4359 Deus
2374 4303 2456 4358 hic
2485 4304 2575 4358 diu
2607 4304 2939 4374 toleratquos
2960 4302 3017 4357 in
3030 4309 3283 4358 (sternam
3306 4307 3379 4359 est
3397 4301 3632 4359 damna-

2025 4388 2196 4447 turus.
2227 4422 2299 4433 —
2333 4391 2442 4447 Diu
2471 4392 2671 4464 quippe
2700 4391 2847 4447 Deus
2876 4392 3109 4447 tolerat8
3140 4407 3298 4464 quem
3336 4390 3395 4446 in
3425 4408 3628 4466 perpe—
3732 4387 3734 4389 ’

2027 4488 2184 4537 tuum
2210 4481 2470 4547 damnat;
2523 4490 2575 4535 et
2603 4480 2848 4537 furorem
2880 4496 3029 4537 nunc
3058 4481 3262 4537 inferre
3292 4480 3627 4550 dissimulat,

2025 4570 2154 4643 quia
2180 4568 2574 4625 effundendum
2604 4569 2722 4625 sine
2749 4568 2858 4624 fine
2880 4570 2936 4624 in
2958 4577 3236 4642 posterum
3259 4564 3458 4626 servat.
3488 4569 3629 4625 Ele-

2021 4665 2235 4715 ctorum
2267 4676 2504 4733 namque
2543 4665 2623 4714 est
2668 4658 2760 4715 hic
2804 4659 3038 4729 conteri,
3070 4667 3132 4717 ut
3170 4660 3238 4717 ad
3272 4659 3496 4732 praemia
3523 4656 3630 4712 de-

2021 4748 2185 4805 beant
2231 4756 2447 4804 wternas
2495 4747 2819 4804 hereditatis
2854 4748 3085 4806 erudiri.
3133 4750 3392 4805 Nostrum
3428 4753 3509 4799 est
3538 4743 3631 4799 hic

2022 4837 2235 4909 ﬂagella
2266 4837 2565 4911 percipere,
2589 4837 2789 4911 quibus
2809 4854 2896 4895 ser
2906 4846 3068 4894 vatur
3087 4836 3153 4893 de
3170 4833 3473 4892 aeternitate
3490 4847 3630 4903 gau—

2022 4925 2168 4983 dere.
2215 4927 2357 4984 Hinc
2386 4926 2535 4983 enim
2569 4926 2836 5000 scriptum
2867 4935 2948 4983 est
2982 4944 2993 4983 :
3027 4925 3295 4998 Flagellat
3326 4935 3528 4976 omnem
3555 4919 3631 4991 ﬁ—

2096 5135 2115 5169 ⁷
2148 5134 2250 5192 Hic
2278 5131 2495 5189 variant
2521 5134 2649 5191 Mss.
2681 5141 2733 5189 et
2759 5131 2933 5189 Editi.
2966 5130 3080 5187 Alii
3111 5128 3261 5186 enim
3291 5126 3519 5195 habent,
3543 5148 3631 5199 ag-

2022 5206 2342 5279 gregatione,
2388 5212 2451 5260 ut
2484 5205 2689 5261 Turon.
2724 5210 2918 5279 et‘vet.
3132 5201 3308 5259 Paris.
3343 5200 3627 5279 ac_Basil.,

2025 5272 2226 5357 Quibus
2256 5277 2526 5357 pleraque
2553 5272 3075 5357 consentiunt,_al_ii,
3111 5272 3544 5357 είιτέιειᾳιενιιξξῳιεςἢ
3566 5281 3629 5329 ut

2025 5340 2226 5419 legitur
2253 5340 2312 5402 in
2344 5340 2604 5419 viridem,
2636 5344 2892 5419 Longip.,
2914 5340 3139 5419 ’B_aluz.,
3159 5340 3346 5419 Colb.,
3376 5340 3626 5411 Ebroic.,

2026 5360 2226 5419 tegitur
2253 5362 2312 5402 ιιι
2352 5360 2604 5413 Vineae,
2637 5360 2892 5473 neniis”
2925 5360 3139 5414 uatum,
3159 5360 3310 5403 uom.

2026 5418 2343 5497 ceterisque
2372 5417 2560 5497 _Norm.
2592 5424 2654 5497 e_t_
2676 5416 2798 5497 in"
2840 5416 2914 5497 fit.
2945 5417 3119 5497 Paris.
3152 5416 3310 5497 _1605.

2100 5491 2121 5523 ⁸
2149 5488 2272 5545 Hic"
2284 5488 2478 5544 vitiata
2502 5497 2581 5544 est
2611 5488 2714 5544 Ed.
2749 5488 2928 5544 Vatic.
2975 5488 3110 5547 1589
3138 5489 3372 5546 duarum
3402 5488 3630 5543 vocula-

2026 5578 2172 5628 rum,
2203 5578 2354 5631 quem
2382 5568 2437 5616 et
2454 5560 2582 5629 quia
2610 5559 3071 5631 transpositione;
3110 5560 3376 5616 nimirum
3408 5558 3629 5631 legitur:

2027 5634 2120 5689 diu
2155 5633 2345 5703 quippe
2374 5632 2513 5687 Deus
2544 5633 2752 5698 tolerat,
2784 5631 2913 5702 quia
2942 5633 2998 5687 in
3024 5640 3279 5689 internum
3309 5633 3552 5695 damnat;
3580 5635 3631 5685 et

2028 5706 2334 5776 furorem...
2356 5703 2683 5770 dissimulat,
2712 5720 2888 5775 quem,
2917 5711 3024 5762 etc.
