4152 6182
349 3674 356 3687 ι
465 3653 534 3710 de
594 3651 888 3726 iniquitate
946 3651 1286 3724 percutitur,

457 363 557 421 371

1650 357 1899 416 SANCTI
1937 357 2275 418 GREGORII
2312 361 2542 419 MAGNI

3641 369 3744 428 372

462 489 591 546 lium
617 499 773 559 quem
817 481 1004 556 recipit
1033 481 1218 555 (Hebr.
1248 497 1355 552 xu,
1389 481 1471 555 6).
1513 479 1658 540 Hinc
1685 480 1755 539 ad
1791 482 2057 540 Joannem
2085 485 2137 545 A
2166 485 2450 542 sentiendo
2477 485 2752 560 despexit,
2784 487 2975 546 dicens
3009 506 3021 544 :

433 609 436 614 -
459 562 666 635 dicitur
687 593 698 632 :
729 576 844 648 Ego
863 590 996 646 quos
1007 591 1129 630 amo
1141 591 1310 648 arguo
1331 579 1382 630 et
1399 573 1597 646 castigo
1621 572 1810 646 (Apoc.
1831 591 1918 642 in,
1935 574 2048 646 19).

460 667 604 724 Hinc
624 666 817 722 Petrus
842 663 921 720 ait
953 681 965 718 :
1005 665 1226 736 Tempus
1253 668 1330 720 est
1365 669 1425 718 ut
1453 663 1678 734 incipiat
1694 661 1962 733 judicium
1992 663 2055 718 de

459 759 611 814 domo
640 755 741 812 Dei
766 755 832 825 (Ι
859 756 1004 812 Petr.
1029 771 1109 820 1v,
1133 753 1248 825 17).
1276 753 1382 810 Ubi
1410 769 1542 810 mox
1569 751 1894 810 admirando
1913 753 2055 810 sub-

453 845 641 920 jungit
670 863 683 901 :
721 845 780 902 Si
805 849 979 900 autem
988 843 1225 916 primum
1241 860 1277 898 a
1293 842 1467 908 nobis,
1487 843 1580 913 qui
1607 843 1730 912 finis
1757 860 1940 898 eorum
1962 842 2057 914 qui

459 954 564 994 non
583 937 802 994 credunt
815 933 916 992 Dei
933 933 1222 1005 Evangelia
1241 932 1430 1004 (Ibid.,
1455 933 1548 1004 17)
1565 933 1594 989 7
1608 933 1836 989 Peccata
1855 933 2055 1007 quippe

461 1019 803 1102 nequaquam
833 1023 1026 1081 divina
1053 1023 1314 1080 severitas
1339 1021 1518 1078 inulta
1536 1037 1815 1079 remanere
1835 1021 2056 1094 permit-

462 1117 558 1185 tit,
587 1115 682 1173 sed
708 1114 789 1172 ira
811 1111 1012 1186 judicii
1038 1128 1071 1168 a
1097 1119 1285 1168 nostra
1313 1110 1407 1169 hic
1435 1111 1780 1184 correptione
1808 1110 2052 1180 inchoat,

459 1207 596 1263 utin
619 1203 977 1278 reproborum
1000 1201 1353 1260 damnatione
1371 1201 1741 1275 conquiescat.
1765 1202 1910 1258 Eant
1929 1216 2057 1274 ergo

459 1311 608 1352 nunc
635 1291 874 1366 reprobi,
903 1300 959 1350 et
977 1291 1324 1366 voluptatum
1347 1307 1568 1349 suarum
1590 1290 1861 1348 desideria
1881 1291 2059 1348 inulta

459 1383 750 1456 iniquitate
777 1389 1195 1448 consumment;
1227 1391 1390 1456 atque
1403 1397 1470 1438 eo
1488 1381 1814 1456 temporalia
1845 1379 2058 1454 ﬂagella

459 1489 571 1530 non
609 1473 869 1542 sentiant,
911 1489 1020 1546 quo
1055 1480 1260 1528 aeterna
1295 1487 1388 1528 eos
1415 1469 1689 1544 supplicia
1714 1480 2055 1542 exspectant.

459 1563 604 1621 Bene
636 1567 819 1620 autem
858 1561 1036 1618 inulta
1062 1577 1253 1617 eorum
1295 1557 1545 1633 nequitia
1587 1557 1760 1615 Cham
1803 1568 2060 1631 peccante

459 1654 671 1726 signata
695 1658 797 1720 est,
818 1651 908 1708 cui
937 1667 968 1706 a
992 1658 1143 1724 patre
1173 1649 1380 1707 dicitur
1405 1665 1418 1704 :
1450 1648 1768 1706 Maledictus
1802 1649 2060 1706 Chanaan

455 1761 611 1818 puer,
633 1759 815 1800 servus
833 1742 936 1798 erit
951 1740 1221 1812 fratribus
1247 1738 1358 1794 suis
1376 1738 1540 1808 (Gen.
1573 1737 1780 1809 1x,25).
1803 1739 2061 1795 Chanaan

2738 575 2965 634 CAPUT
2993 577 3171 635 XXII.

2235 667 2404 726 Vens.
2439 669 2525 726 16.
2555 699 2626 710 -
2651 665 2800 742 Ergo
2827 670 2926 726 Job
2953 667 3168 741 frustra
3197 670 3372 743 aperit
3405 689 3464 726 os
3509 688 3688 739 suum,
3721 680 3769 729 et

2162 757 2352 830 absque
2379 760 2595 815 scientia
2623 759 2780 815 verba
2808 759 3147 832 multiplicat.

2232 846 2320 904 40.
2361 849 2716 920 Superborum
2745 850 2875 906 vitia
2912 853 3036 904 sunt
3063 849 3382 920 loquacitas,
3427 855 3476 904 et
3511 850 3774 908 audiendi

2165 935 2715 1010 impatientia—Haec
2744 939 3006 995 nimirum
3039 936 3311 1007 inferens,
3335 939 3558 996 beatum
3587 941 3690 998 Job
3718 949 3773 999 et

2164 1027 2244 1084 nil
2273 1029 2438 1086 scisse
2461 1030 2673 1098 asserit,
2703 1037 2758 1086 et
2786 1030 2964 1086 multa
2981 1029 3230 1094 dixisse;
3265 1035 3322 1084 et
3349 1045 3474 1087 cum
3505 1030 3622 1104 ipse
3650 1049 3771 1106 qua

2165 1118 2330 1173 sentit
2351 1118 2653 1191 loquaciter
2663 1117 3044 1186 inferat,hunc
3057 1117 3126 1174 de
3141 1118 3284 1174 vitio
3304 1118 3656 1192 loquacitatis
3668 1138 3771 1178 ac-

2164 1215 2336 1264 cusat.
2385 1207 2491 1266 Sed
2539 1208 2645 1266 hoc
2694 1224 2914 1283 quoque
2943 1223 3059 1265 esse
3087 1208 3372 1282 proprium
3401 1210 3772 1282 arrogantium

2165 1297 2366 1354 vitium
2413 1299 2571 1367 solet,
2619 1305 2682 1356 ut
2721 1306 2777 1356 et
2822 1313 2995 1371 pauca
3043 1297 3272 1356 credant
3317 1315 3439 1374 quas
3467 1299 3573 1372 ipsi
3602 1300 3775 1357 multa

2166 1384 2432 1457 dixerint,
2463 1395 2519 1445 et
2554 1389 2730 1446 multa
2755 1388 2984 1446 credant
3003 1405 3125 1463 qua
3147 1390 3282 1463 ipsis
3301 1407 3474 1464 pauca
3491 1389 3771 1448 dicuntur.

2169 1478 2310 1547 Quia
2352 1477 2501 1534 enim
2540 1494 2639 1534 sua
2665 1477 2849 1536 dicere
2879 1495 3094 1552 semper
3122 1479 3338 1549 volunt,
3368 1479 3550 1536 aliena
3585 1479 3776 1536 audire

2169 1583 2281 1623 non
2298 1573 2548 1639 possunt;
2581 1567 2698 1623 vim
2719 1584 2778 1625 se
2791 1567 2904 1640 pati
2925 1569 3266 1638 existimant,
3287 1569 3334 1626 si
3354 1585 3416 1625 ea
3431 1585 3552 1643 quae
3568 1569 3777 1626 immo-

2169 1657 2354 1712 derate
2403 1655 2671 1726 sentiunt,
2732 1657 3149 1715 immoderatius
3206 1675 3316 1714 non
3357 1656 3660 1714 effundant.
3701 1659 3776 1714 Et

2169 1745 2422 1820 quamvis
2450 1744 2648 1801 beatus
2675 1744 2778 1801 Job
2807 1745 2875 1803 ad
2905 1745 3024 1819 ejus
3050 1746 3218 1805 verba
3244 1747 3497 1814 tacuerit,
3537 1746 3668 1803 Elin
3695 1753 3774 1802 ta-

461 1833 717 1890 videlicet
753 1831 925 1891 Cham
969 1828 1137 1886 ﬁlius.
1169 1828 1242 1884 Et
1270 1826 1402 1902 quid
1438 1834 1520 1883 est
1546 1826 1694 1902 quod
1725 1826 1897 1885 Cham
1937 1845 2058 1902 pec-
2086 1851 2134 1912 Β
2168 1852 2294 1892 men
2323 1835 2390 1890 de
2410 1834 2882 1906 locutioneillius,
2907 1853 3016 1911 qua
3033 1837 3226 1896 amicis
3245 1836 3618 1911 responderat,
3635 1853 3778 1894 cau-

459 1931 618 1982 cante
637 1922 895 1983 Chanaan
915 1919 1032 1993 ejus
1052 1919 1202 1976 ﬁlius
1225 1917 1556 1974 sententiam
1572 1917 1804 1974 ultionis
1823 1917 2059 1992 accipit?

461 2012 606 2081 Quid
633 2019 714 2068 est
733 2011 878 2084 quod
895 2025 1006 2066 non
1030 2008 1087 2064 in
1104 2023 1182 2076 se,
1198 2005 1292 2064 sed
1309 2006 1366 2062 in
1388 2005 1706 2079 posteritate
1727 2007 2056 2079 percutitur,

463 2101 570 2158 uisi
595 2100 742 2176 quod
773 2099 1129 2172 reproborum
1172 2095 1432 2170 nequitiae
1479 2095 1572 2152 hic
1604 2095 1830 2170 quidem
1866 2095 2059 2152 inultae

463 2191 782 2266 proﬁciunt,
806 2189 901 2246 sed
925 2189 982 2244 in
1003 2195 1284 2261 posterum
1311 2186 1589 2242 feriuntur
1605 2185 1634 2242 ?
1659 2185 1890 2243 Dicatur
1907 2201 2054 2259 ergo:

461 2290 616 2348 Nunc
639 2288 776 2344 enim
815 2303 922 2342 non
960 2283 1123 2356 infert
1151 2283 1392 2356 furorem
1437 2298 1614 2349 suum,
1660 2298 1752 2338 nec
1787 2281 2062 2339 ulciscitur

462 2379 617 2435 valde
641 2377 826 2434 scelus.

533 2491 621 2548 38.
653 2493 764 2550 Eos
793 2497 964 2548 tamen
981 2489 1274 2561 aliquando
1302 2489 1400 2544 hac
1425 2488 1484 2544 in
1511 2486 1622 2544 vita
1641 2486 1810 2558 ferire
1829 2487 2060 2544 inchoat.

461 2613 533 2624 —
559 2580 873 2640 Notandum
917 2594 1048 2634 vero
1073 2587 1156 2634 est
1183 2577 1330 2652 quod
1359 2577 1678 2644 subintulit,
1719 2576 1902 2644 Valde,
1935 2575 2064 2648 quia

463 2672 567 2727 etsi
599 2668 847 2743 quaedam
897 2665 1286 2738 longanimiter
1328 2666 1544 2735 tolerat,
1587 2663 1842 2738 quaedam
1879 2673 2063 2720 tamen

463 2755 629 2814 etiam
654 2754 714 2811 in
743 2754 847 2811 hac
876 2753 992 2810 vita
1014 2751 1252 2824 ﬂagellat
1277 2759 1333 2809 et
1355 2751 1448 2808 hic
1469 2766 1870 2823 nonnunquam
1900 2749 2064 2806 ferire

466 2845 709 2915 inchoat,
741 2843 890 2920 quod
918 2851 1122 2900 aeterna
1147 2840 1502 2899 damnatione
1529 2847 1894 2900 consummat.
1917 2840 2064 2912 Ergo

465 2945 520 2994 et
548 2935 816 2993 nonnulla
843 2935 1100 3008 percutit,
1125 2942 1180 2990 et
1198 2931 1466 2989 nonnulla
1489 2931 1671 2990 inulta
1702 2927 2062 3002 derelinquit,

467 3026 596 3102 quia
621 3025 670 3082 si
693 3025 848 3082 nulla
882 3030 1168 3092 resecaret,
1200 3021 1325 3098 quis
1346 3022 1522 3078 Deum
1550 3035 1637 3076 res
1667 3018 1939 3074 humanas
1959 3034 2066 3074 cu-

467 3132 587 3173 rare
605 3115 882 3173 crederet?
900 3116 971 3172 Et
991 3129 1198 3180 rursus,
1221 3112 1268 3169 si
1287 3111 1380 3168 hic
1398 3118 1597 3168 cuncta
1617 3113 1947 3182 percuteret,
1967 3121 2066 3162 ex-

2168 1942 2282 1982 sam
2313 1923 2645 1982 invectionis
2675 1925 2944 1994 invenit,’
2971 1933 3034 1984 ut
3062 1927 3171 1984 sibi
3191 1927 3453 1985 exhibere
3471 1927 3642 1984 latius
3661 1925 3778 2000 ejus

2168 2015 2451 2072 silentium
2481 2021 2688 2087 posset,
2739 2015 2901 2088 aique
2946 2023 3010 2072 ut
3052 2015 3168 2088 ipse
3211 2018 3390 2073 multa
3431 2016 3777 2090 respondeat,

2170 2104 2328 2160 illum
2373 2102 2541 2159 verba
2587 2103 2989 2176 multiplicasse
3027 2103 3336 2161 conﬁrmat.
3381 2105 3520 2162 Nam
3562 2112 3617 2160 et
3647 2121 3780 2161 mox

2169 2193 2332 2250 initia
2358 2193 2588 2266 prolixae
2616 2192 2916 2250 locutionis
2945 2193 3273 2262 exorditur;
3323 2201 3378 2250 et
3411 2194 3566 2267 quasi
3595 2193 3784 2252 adhuc

2171 2283 2252 2340 uil
2275 2283 2502 2352 dixerit,
2531 2281 2794 2340 inchoare
2819 2291 3070 2341 conatur.
3103 2283 3260 2342 Unde
3289 2282 3579 2340 subditur:

2373 2399 2606 2460 CAPUT
2634 2401 2824 2458 XXIII
2859 2400 3001 2476 [Vet.
3032 2402 3154 2468 XX,
3183 2403 3305 2461 Hec.
3337 2399 3576 2474 XVIII].

2243 2491 2388 2562 Cara.
2413 2507 2618 2559 xxxvr,
2660 2489 2835 2547 Vens.
2881 2490 2934 2559 1,
2965 2491 3022 2548 2.
3049 2521 3120 2533 —
3147 2490 3361 2546 Addens
3389 2506 3594 2562 quoque
3622 2489 3780 2554 Eliu,

2171 2582 2330 2638 etiam
2355 2581 2462 2637 hac
2493 2582 2693 2636 locutus
2721 2585 2832 2635 est:
2868 2579 3082 2636 Sustine
3110 2595 3192 2634 me
3215 2579 3523 2651 paululum,
3553 2585 3604 2634 et
3630 2579 3781 2634 indi-

2171 2670 2298 2726 cabo
2330 2669 2442 2724 tibi.

2242 2757 2331 2814 41.
2363 2758 2456 2814 Ea:
2475 2755 2812 2827 multiloquio
2828 2771 2984 2812 suam
3001 2755 3301 2812 doctrinam
3318 2755 3620 2812 metiuntur.
3638 2756 3779 2814 Dum

2173 2863 2278 2903 sese
2320 2851 2602 2915 ostentant,
2645 2861 2751 2918 pro
2793 2845 2904 2902 Deo
2936 2845 3083 2917 loqui
3117 2845 3343 2918 ﬁngunt.
3372 2875 3443 2888 —
3469 2845 3641 2902 Multa
3663 2842 3773 2916 jam

2173 2936 2408 3003 dixerat,
2443 2936 2466 2970 ³
2497 2941 2554 2992 et
2579 2933 2842 2991 sustineri
2870 2932 3056 2991 adhuc
3091 2934 3379 3006 paululum
3413 2939 3614 3006 sperat,
3646 2933 3778 3006 quia

2174 3025 2434 3082 videlicet
2459 3031 2774 3097 arrogantes
2801 3039 2964 3096 grave
2993 3039 3051 3080 se
3081 3023 3348 3080 damnum
3382 3022 3587 3095 perpeti
3613 3021 3778 3096 judi-

2174 3122 2322 3182 cant,
2343 3114 2388 3170 si
2411 3113 2699 3171 scientiam
2727 3129 2884 3170 suam
2912 3113 3178 3186 loquendi
3208 3111 3481 3170 brevitate
3507 3112 3781 3170 constrin-

467 3214 704 3262 tremum
717 3203 996 3276 judicium
1016 3203 1162 3258 unde
1177 3207 1324 3265 830
1333 3199 1592 3257 restaret?
1613 3197 1870 3266 Quaedam
1894 3197 2066 3268 igitur
2100 3212 2144 3273 ί]
2174 3219 2234 3274 ga
2243 3210 2320 3258 nt.
2353 3203 2527 3259 Tanto
2541 3202 2689 3258 enim
2707 3201 3038 3273 semetipsos
3059 3201 3292 3258 credunt
3305 3201 3581 3260 doctiores
3601 3209 3779 3258 osten-

464 3301 762 3368 feriuntur,
785 3305 848 3355 ut
869 3298 1101 3356 rectoris
1127 3297 1302 3355 nostri
1322 3312 1487 3370 super
1505 3313 1607 3352 nos
1627 3292 2063 3352 sollicitudinem

466 3387 848 3455 formidemus;
867 3385 1114 3461 quadam
1137 3402 1268 3442 vero
1284 3385 1464 3442 inulta
1481 3391 1862 3452 servantur,ut
1880 3381 2067 3439 adhuc

459 3476 743 3550 judicium
761 3482 964 3532 restare
991 3473 1312 3532 sentiamus.
1343 3475 1489 3530 Bene
1518 3489 1647 3546 ergo
1674 3471 1882 3528 dicitur
1915 3487 1926 3526 :
1962 3470 2067 3527 Nec

465 3565 740 3622 ulciscitur
778 3563 930 3621 valde
967 3565 1152 3633 scelus,
1183 3563 1314 3638 quia
1343 3562 1477 3619 dum
1507 3562 1772 3634 exiguum
1801 3557 2065 3632 quiddam

1370 3648 1714 3708 inconversis
1787 3647 2068 3704 mentibus

467 3742 656 3800 aterni
678 3741 795 3816 jam
817 3740 1018 3816 judicii
1045 3743 1317 3800 sententia
1345 3740 1690 3816 propinatur.

537 3833 626 3893 39.
654 3834 822 3892 Aliud
849 3839 924 3891 est
945 3839 1145 3891 rectum
1172 3833 1362 3900 dicere,
1401 3830 1556 3888 aliud
1581 3834 1735 3885 recte.
1769 3857 1842 3870 —
1869 3826 2070 3884 Totum

467 3924 652 3998 itaque
681 3923 788 3981 hoc
807 3923 875 3980 ab
900 3922 1031 3981 Eliu
1050 3931 1262 3980 rectum
1279 3921 1506 3988 dicitur,
1529 3919 1577 3977 si
1600 3926 1748 3976 recte
1771 3915 2068 3973 diceretur.

467 4013 584 4070 Scit
609 4013 757 4068 enim
787 4012 922 4084 quid
949 4013 1101 4084 loqui
1129 4011 1343 4077 debeat,
1382 4009 1479 4064 sed
1503 4009 1595 4064 cui
1626 4009 1888 4076 loquatur
1917 4005 2072 4075 igno-

469 4109 573 4157 rat.
612 4100 757 4156 Vera
799 4107 929 4154 sunt
968 4113 1207 4172 namque
1235 4113 1356 4169 quae
1396 4095 1563 4162 dixit,
1607 4092 1704 4150 sed
1732 4108 1766 4147 a
1790 4090 1939 4148 beati
1968 4090 2072 4147 Job

470 4185 936 4259 increpationibus
963 4187 1164 4252 aliena,
1207 4185 1338 4257 quia
1383 4191 1538 4238 tanto
1584 4181 1688 4236 hac
1717 4180 2069 4251 correptione

470 4293 582 4333 non
599 4275 981 4348 eguit,quanto
999 4289 1100 4329 nec
1113 4272 1299 4344 aliqua
1319 4269 1774 4343 pusillanimitate
1789 4269 2062 4340 peccavit.

472 4363 612 4439 [Vet.
644 4361 821 4438 XIX.]
861 4361 968 4420 Sed
995 4361 1124 4436 quia
1161 4357 1330 4432 justis
1358 4357 1498 4414 viris
1534 4357 1675 4415 solet
1711 4356 1930 4416 occasio
1957 4372 2074 4414 esse

471 4455 742 4513 virtutum
792 4452 956 4510 elatio
991 4448 1374 4525 superborum,
1425 4447 1643 4506 occulto
1682 4445 1902 4520 judicio
1941 4462 2068 4502 cum

2173 3289 2320 3357 dere,
2352 3297 2559 3362 quanto
2587 3305 2645 3344 se
2675 3289 2962 3362 potuerint
2991 3289 3403 3362 multiplicitate
3434 3289 3784 3363 loquacitatis

2173 3378 2402 3451 aperire.
2427 3377 2534 3434 Sed
2562 3376 2692 3450 quia
2723 3393 2866 3449 saepe
2895 3376 3002 3433 sibi
3025 3377 3274 3434 sentiunt
3288 3377 3498 3435 silentii
3519 3395 3785 3435 reveren-

2175 3469 2308 3525 tiam
2339 3483 2453 3524 non
2491 3465 2716 3536 deferri,
2763 3467 2989 3524 Domini
3035 3484 3436 3542 nonnunquam
3482 3469 3784 3540 potentiam

2175 3555 2244 3614 de
2275 3573 2385 3630 quo
2421 3555 2572 3630 quasi
2610 3554 2917 3628 loquuntur
2947 3555 3252 3625 insinuant,
3295 3573 3360 3614 ac
3387 3555 3488 3612 sub
3513 3561 3786 3628 praetextu

2178 3646 2332 3702 illius
2373 3645 2484 3702 sibi
2523 3643 2808 3702 silentium
2837 3645 3088 3718 exigunt,
3129 3644 3277 3719 quod
3315 3645 3546 3701 minime
3575 3660 3784 3702 meren-

2177 3741 2305 3802 tur;
2355 3741 2410 3790 et
2440 3733 2574 3791 dum
2603 3733 2952 3806 specieteuus
2986 3735 3161 3791 Deum
3193 3734 3500 3807 proferunt,
3532 3734 3786 3790 auditum

2179 3823 2286 3879 sibi
2315 3839 2384 3879 ex
2413 3823 2720 3880 reverentia
2747 3821 2866 3894 ejus
2886 3823 3194 3895 exigentes,
3220 3825 3242 3860 ⁴
3275 3839 3332 3880 se
3359 3823 3585 3880 student
3613 3823 3788 3896 magis

2179 3911 2466 3969 ostendere
2493 3927 2655 3984 quam
2685 3911 2840 3967 illius
2867 3911 3012 3969 facta
3041 3911 3358 3985 praedicare.
3390 3913 3544 3970 Unde
3572 3919 3628 3968 et
3647 3912 3786 3969 Eliu

2184 3998 2305 4071 subj
2315 4000 2492 4071 ungit,
2526 3998 2718 4055 dicens
2751 4015 2764 4054 :

2253 4089 2478 4144 Inm.—
2495 4087 2682 4143 Adhuc
2707 4087 2846 4142 enim
2873 4087 3036 4144 habeo
3065 4089 3207 4160 quod
3229 4107 3334 4162 pro
3362 4091 3471 4148 Deo
3501 4091 3712 4162 loquar.

2264 4183 2402 4240 831
2437 4177 2578 4246 Quia
2604 4192 2736 4233 vero
2764 4193 3166 4252 nonnunquam
3187 4179 3443 4238 doctores
3464 4180 3642 4238 sancti
3660 4196 3790 4238 cre-

2181 4277 2282 4334 bro
2310 4284 2564 4349 repetunt
2590 4277 2637 4333 si
2666 4293 2774 4352 qua
2791 4277 3083 4335 obscurius
3102 4279 3316 4347 dicunt,
3346 4287 3410 4336 ut
3428 4296 3551 4353 quas
3570 4279 3790 4336 occulta

2180 4365 2481 4440 praedicant
2508 4366 2824 4424 auditorum
2859 4367 3122 4425 cordibus
3154 4385 3290 4426 voce
3325 4369 3443 4426 haec
3475 4365 3790 4424 iterationis

2179 4455 2497 4525 infundant,
2520 4456 2842 4530 plerumque
2858 4455 2964 4514 hoc
2990 4463 3258 4529 appetunt
3277 4457 3444 4514 etiam
3470 4461 3789 4528 arrogantes

472 4546 630 4602 beato
665 4542 767 4601 Job
795 4542 996 4616 agitur,
1047 4549 1110 4598 ut
1144 4547 1266 4614 post
1310 4539 1524 4612 ﬂagella
1569 4554 1856 4612 poenarum
1899 4535 2068 4594 etiam
2099 4561 2147 4621 ι)
2177 4545 2478 4614 imitari,et
2503 4545 2802 4602 insolenter
2828 4560 2893 4601 ea
2917 4561 3040 4619 quae
3068 4545 3319 4602 dixerint
3349 4546 3638 4618 replicant,
3671 4559 3787 4600 non

473 4656 568 4716 per
595 4639 762 4697 verba
787 4638 1162 4714 arrogantium
1189 4642 1418 4693 crescat.
1449 4635 1592 4691 Ecce
1611 4633 1760 4690 enim
1781 4639 1936 4689 tanto
1956 4647 2068 4688 ma-

474 4729 556 4803 gis
583 4745 615 4785 a
641 4727 910 4802 superbia
936 4726 1192 4784 ministro
1221 4723 1528 4797 despicitur
1549 4725 1566 4758 ί
1609 4729 1816 4795 quanto
1843 4736 1877 4776 a
1899 4721 2067 4794 magi-

473 4827 586 4876 stra
619 4819 847 4876 veritate
890 4815 1224 4874 intrinsecus
1258 4813 1404 4870 idem
1434 4811 1734 4868 refovetur.
1765 4809 1904 4866 Nam
1934 4811 2070 4868 Eliu

474 4919 760 4987 postquam
790 4915 873 4966 tot
900 4907 1068 4965 fortia
1089 4921 1146 4963 se
1173 4904 1382 4963 dixisse
1405 4901 1686 4976 cognovit,
1716 4899 1852 4976 quid
1879 4899 2074 4958 elatio-

476 5002 562 5058 nis
589 5008 822 5075 gestaret
855 4998 1086 5075 aperuit,
1131 5003 1294 5072 atque
1341 4991 1582 5053 beatum
1609 4992 1712 5051 Job
1753 4993 1865 5050 alta
1907 4991 1975 5050 de
2013 5007 2072 5049 se

551 5231 566 5264 ¹
601 5230 809 5288 Locum
836 5229 988 5287 hunc
1013 5227 1073 5286 in
1101 5226 1285 5284 Editis
1312 5232 1368 5283 et
1396 5223 1454 5281 in
1483 5221 1814 5288 quibusdam
1832 5221 1960 5280 Mss.
1988 5222 2069 5280 iu-

475 5301 804 5370 terpolatum
839 5299 1188 5358 restituimus
1203 5314 1307 5370 ope
1330 5293 1676 5370 Cod.AColb.,
1705 5293 1914 5370 Belum,
1937 5294 2071 5370 Vin-

476 5366 623 5440 docs,
667 5370 915 5440 Ebroic.,
961 5371 1182 5438 Pratel.,
1227 5366 1367 5427 Utic.
1411 5366 1758 5440 aliorumque
1786 5366 2068 5440 NormJn

476 5437 658 5511 Editis
683 5439 902 5511 legitur,
930 5447 1128 5511 quanto
1154 5437 1189 5496 α
1209 5441 1426 5511 veritate
1450 5437 1782 5511 intrinsecus,
1803 5437 1860 5492 id
1879 5443 1957 5511 est
1975 5438 2070 5511 hu-

475 5509 718 5581 militatis
736 5508 992 5581 magistra
1020 5509 1304 5580 refovetur.
1338 5509 1520 5581 Verba
1539 5508 1686 5581 haec:
1717 5508 1777 5563 id
1803 5514 1876 5562 est
1903 5508 2069 5581 humi-

479 5579 648 5652 litatis
665 5577 942 5652 nwgistra,
969 5577 1355 5652 explicationis
1377 5580 1550 5652 gratia
1569 5579 1830 5635 videntur
1857 5577 2064 5652 addita.

475 5655 539 5730 In
567 5649 772 5730 Turou.
815 5649 975 5730 Cod.,
1008 5649 1306 5730 corrupte“:
1340 5649 1536 5730 quanto
1569 5652 1732 5723 magis
1759 5649 2072 5730 auctoritate

479 5724 790 5780 intrinsecus
845 5720 1128 5791 refovetur.
1174 5720 1558 5780 Hallucinatus
1598 5720 1681 5778 est
1721 5720 2070 5778 amanuensis

476 5795 660 5869 legens
687 5803 782 5852 aut
809 5793 1039 5850 forsitan
1067 5807 1100 5848 a
1127 5792 1367 5850 dictante
1388 5792 1692 5864 excipiens,
1713 5791 1860 5865 quod
1880 5797 2068 5864 postea

2177 4652 2286 4710 quo
2307 4636 2622 4694 auditorum
2651 4635 2913 4694 cordibus
2943 4635 3228 4694 insinuare
3256 4653 3342 4693 res
3371 4641 3656 4708 appetant,
3689 4632 3788 4691 sed

2178 4739 2287 4798 quo
2315 4740 2506 4782 eorum
2541 4723 2757 4796 judicio
2797 4723 2976 4782 videri
3008 4724 3332 4798 eloquentes
3374 4723 3596 4780 volunt.
3637 4719 3794 4779 Unde

2181 4812 2310 4868 Eliu
2339 4811 2684 4884 subjungens
2710 4812 2812 4868 ait.

2253 4901 2422 4960 Vens.
2453 4900 2506 4957 3.
2537 4930 2610 4943 --
2634 4902 2883 4974 Repetam
2917 4901 3192 4958 scientiam
3227 4917 3398 4958 meam
3437 4919 3472 4958 a
3497 4900 3791 4974 principio.

2250 4988 2357 5046 Sed
2383 4989 2515 5064 quia
2540 4989 2824 5050 nominata
2847 4990 3096 5060 scientia,
3129 4997 3317 5048 tumor
3346 4989 3532 5048 cordis
3561 4989 3620 5046 in
3650 5004 3791 5048 voce

2179 5222 2401 5298 scripsit
2425 5224 2762 5298 auctoritate,
2787 5243 2884 5298 pro
2911 5244 2948 5282 a
2968 5227 3211 5298 veritate.

2253 5295 2274 5328 ²
2306 5295 2480 5354 Locus
2507 5295 2913 5373 obscurus'tam
2957 5297 3018 5354 in
3049 5299 3178 5356 Mss.
3211 5314 3375 5373 quam
3416 5297 3790 5373 in_Yulgatis.

2187 5367 2939 5442 ln‘manu_exaratis_legi_tur
2960 5376 3136 5442 posset
3165 5367 3266 5442 pro
3279 5370 3452 5442 possit
3468 5367 3791 5442 Editorum.

2251 5438 2384 5509 ilta
2428 5439 2658 5506 Turon.,
2707 5438 2979 5508 Vindoc,
3015 5438 3200 5498 Balui.
3229 5485 3243 5509 ,
3279 5438 3472 5508 _Colb.,
3524 5440 3782 5505 Ebroic.,

2178 5507 2382 5584 aliique
2411 5509 2598 5584 Norm.
2631 5517 2816 5584 et_vet.
2847 5507 2955 5568 Ed.
2971 5512 3144 5584 Paris.
3167 5507 3236 5567 Ini
3252 5507 3492 5584 vulgatis
3511 5512 3791 5584 plerisque

2179 5579 2654 5656 legiturpostulat,
2687 5581 3032 5656 locoisperat.
3077 5583 3247 5639 Vetus
3275 5579 3380 5638 Ed'.
3421 5579 3790 5656 Basil.,rpa"u-

2180 5649 2351 5736 lul‘um
2379 5649 2659 5736 imperati
2685 5655 2837 5736 quod
2859 5649 3147 5736 "festinans
3187 5655 3568 5726 typographus
3602 5649 3774 5727 ilegit,

2178 5729 2231 5778 et
2255 5721 2542 5796 legendum
2575 5721 2748 5781 edidit
2778 5742 2876 5796 pro
2906 5729 3102 5796 sperat.

2255 5794 2272 5828 ‘
2305 5793 2526 5864 Pratel.,
2558 5814 2610 5852 se
2627 5793 2807 5870 potius
2831 5793 3061 5852 student.
