4152 6182
348 336 452 394 373

1064 331 1439 389 MORALIUM
1477 332 1612 391 LIB.
1654 333 1861 393 XXVI.
1904 365 1972 380 —
2010 339 2082 396 IN
2120 339 2352 399 CAPUT
2390 344 2629 402 XXXVI
2669 347 2733 400 Β.
2772 348 2914 403 JOB.

3547 357 3656 415 374

349 463 628 523 claruerat
643 477 661 551 _;
685 474 957 551 arrogans
968 465 1155 551 aperte
1184 460 1551 551 cognoscitur,
1584 461 1759 517 sinon
1777 464 1944 521 citius
1972 467 2025 527 A
2057 483 2223 524 mano
2254 473 2399 534 832
2422 469 2637 542 judicio
2669 470 2816 543 quod
2844 471 2902 551 in
2920 472 3080 531 nobis
3096 479 3425 549 reprehendi
3449 480 3644 540 debeat

351 553 543 626 aliquo
572 548 845 606 velamine
876 546 1153 619 pallietur.
1186 548 1341 605 Unde
1372 565 1503 604 mox
1531 549 1588 606 in
1620 553 1955 610 occultatio—

358 660 427 699 ne
442 657 553 697 suaa
573 631 899 710 arrogantiae
913 638 1137 694 Domini
1152 636 1427 710 justitiam
1446 639 1814 710 subinferens,
1836 643 1915 698 ait
1937 660 1949 699 :

421 732 559 787 Iern.
591 758 664 769 —
690 729 766 784 Et
792 733 1122 799 operatorem
1144 745 1311 782 meum
1335 730 1569 800 probabo
1589 729 1815 800 justum.

422 818 494 874 Ut
523 816 656 873 dum
688 815 845 891 quasi
877 831 976 887 pro
1004 815 1103 871 Dei
1130 813 1349 886 justitia
1377 816 1642 889 loquitur,
1673 818 1818 890 apud
1839 818 1954 875 hu-

359 924 516 963 mana
538 905 759 978 judicia
787 903 1061 979 quidquid
1090 912 1406 976 arroganter
1434 904 1610 963 eﬂluit
1637 915 1949 964 excusetur.

355 996 612 1072 Sequitur
631 1014 643 1052 :

917 1108 1146 1166 CAPUT
1176 1111 1380 1169 XXIV.

422 1226 733 1285 Vens.4.-—
752 1226 877 1287 Vere
894 1228 1033 1283 enim
1050 1229 1246 1300 absque
1263 1231 1532 1286 mendacio
1551 1246 1811 1286 sermones
1829 1230 1949 1285 mei.

420 1318 510 1375 42.
536 1318 913 1375 Testimonium
937 1336 973 1374 a
999 1319 1108 1374 Deo
1135 1335 1243 1374 non
1274 1320 1534 1389 habentes,
1564 1320 1630 1375 ab
1657 1319 1954 1375 hominibus

353 1414 621 1480 quaerunt.
640 1437 713 1449 —
732 1406 870 1464 Cum
902 1407 971 1463 ab
1001 1407 1238 1464 inﬁrmis
1267 1408 1612 1465 auditoribus
1640 1425 1696 1464 se
1716 1407 1952 1480 intelligi

352 1514 462 1553 non
484 1512 647 1569 posse
674 1497 1047 1568 conspiciunt,
1078 1499 1258 1553 solent
1286 1499 1606 1570 plerumque
1635 1500 1799 1554 etiam
1815 1497 1954 1569 justi

354 1585 580 1642 laudare
608 1586 756 1643 bona
784 1602 906 1659 quas
934 1584 1147 1654 dicunt,
1172 1602 1284 1641 non
1307 1602 1416 1659 quo
1436 1586 1540 1659 ipsi
1563 1588 1677 1642 suis
1698 1586 1953 1642 laudibus

354 1674 596 1743 inhient,
619 1675 714 1731 sed
735 1690 845 1747 quo
865 1674 1142 1731 auditores
1158 1691 1286 1731 suos
1304 1674 1371 1730 ad
1403 1675 1662 1732 audiendi
1684 1674 1952 1731 sollicitu-

350 1764 542 1821 dinem
557 1763 880 1831 accendant,
898 1771 961 1819 ut
978 1762 1111 1819 dum
1133 1780 1323 1821 eorum
1344 1780 1479 1820 voce
1499 1762 1949 1836 proferuntur,ab

351 1855 579 1912 illorum
611 1828 874 1911 cordibus
896 1854 1196 1911 ardentiori
1226 1855 1424 1912 affectu
1454 1828 1759 1927 rapiantur.
1792 1828 1947 1909 Unde
1981 1828 2028 1888 B

348 1943 562 2000 Paulus
575 1960 699 2001 cum
716 1943 1162 2002 miraCorinthiis
1177 1952 1231 2002 et
1246 1945 1419 2001 multa
1432 1942 1777 2016 dixissetzadj
1785 1942 1949 1998 unxit

353 2034 432 2091 0s
460 2038 699 2088 nostrum
720 2040 866 2108 patet
898 2033 972 2089 ad
1002 2051 1114 2101 vos,
1158 2053 1189 2090 ο
1240 2034 1528 2100 Corinthii,
1575 2050 1667 2089 cor
1707 2039 1946 2087 nostrum

352 2123 637 2178 dilatatam
657 2129 729 2177 est
750 2122 839 2195 (II
857 2124 984 2180 Cor.
1008 2141 1086 2192 v1,
1113 2124 1226 2195 11).
1245 2123 1350 2180 Sed
1370 2130 1683 2195 arrogantes
1701 2122 1833 2178 dum
1854 2138 1950 2178 cor

351 2209 630 2267 bonorum
660 2213 938 2280 nesciunt,
968 2218 1023 2269 et
1050 2213 1194 2268 solas
1222 2212 1518 2285 aliquando
1540 2228 1702 2268 voces
1731 2210 1954 2265 imitan-

352 2306 465 2368 tur,
486 2300 723 2357 efferunt
742 2301 1020 2359 laudando
1039 2318 1161 2375 quae
1190 2302 1403 2368 dicunt,
1436 2317 1549 2357 non
1569 2300 1716 2373 quod
1736 2299 1815 2355 eis
1835 2306 1948 2353 tor-

354 2404 454 2461 por
496 2388 847 2447 audientium
895 2390 1173 2461 displicet,
1213 2391 1307 2447 sed
1346 2390 1496 2463 quod
1528 2389 1640 2447 sibi
1671 2388 1952 2445 inhianter

349 2478 589 2550 placent.
606 2479 891 2535 Justorum
907 2494 1101 2535 vocem
1118 2479 1398 2534 imitantes
1417 2479 1703 2545 simulant,
1720 2476 1814 2532 sed
1836 2476 1949 2531 vim

348 2568 510 2624 vocis
540 2568 820 2638 ignorant.
851 2565 1060 2620 Vident
1089 2566 1237 2638 quod
1262 2565 1398 2635 justi
1427 2565 1735 2637 proferunt,
1753 2563 1848 2620 sed
1863 2579 1952 2619 ne-

322 2652 545 2711 'sciunt
574 2652 721 2725 quod
752 2652 1069 2725 requirunt.
1101 2652 1240 2710 Cum
1272 2653 1420 2709 enim
1457 2655 1473 2689 ¹
1505 2653 1678 2709 sancti
1707 2652 1953 2708 doctores

347 2741 579 2798 laudem
603 2741 1013 2813 praedicationis
1040 2743 1305 2809 exaltant,
1339 2742 1494 2814 quasi
1514 2758 1680 2798 manu
1710 2742 1863 2797 vocis
1883 2741 1951 2797 ab

350 2830 486 2887 imis
515 2828 946 2900 cogitationibus
974 2829 1140 2886 corda
1169 2830 1511 2886 audientium
1544 2831 1746 2897 levant,
1770 2839 1831 2886 ut
1858 2846 1950 2885 ex-

349 2931 513 2973 cussa
532 2914 800 2971 velociter
817 2914 983 2971 dictis
1002 2917 1358 2989 sequentibus
1377 2918 1531 2973 velut
1550 2917 1608 2973 in
1630 2917 1828 2974 itinere
1847 2934 1952 2973 oc-

350 3012 579 3062 currant
607 3010 662 3059 et
690 3010 846 3060 tanto
874 3020 937 3060 ea
966 3004 1346 3075 intelligentia
1375 3006 1637 3077 amplexu
1663 3006 1950 3073 constrin-

353 3103 503 3168 gant,
536 3102 744 3168 quanto
782 3094 881 3151 illa
908 3102 963 3151 et
1004 3095 1160 3168 quasi
1201 3096 1521 3168 priusquam
1564 3103 1852 3152 cernerent
1892 3096 1949 3151 in

2063 582 2176 623 non
2208 565 2491 624 habemus.
2524 568 2658 623 Nam
2682 567 3007 641 plerumque
3026 572 3398 645 negligentius
3416 579 3658 651 cogitan-

2062 661 2144 711 tes
2172 657 2410 712 elatione
2441 657 2740 729 pulsamur,
2766 674 2929 730 quam
2959 666 3145 716 tamen
3175 669 3416 720 tacentes
3445 669 3660 738 premi-

2063 761 2206 801 mus.
2231 745 2335 801 Sed
2358 745 2463 801 nisi
2482 746 2869 803 retractatione
2888 748 3105 805 concita
3119 755 3311 806 tumor
3328 754 3578 811 occultus
3599 756 3657 812 in

2064 834 2180 906 ipso
2219 832 2391 891 cubili
2422 833 2624 902 cordis,
2660 835 2717 890 in
2747 852 2857 908 quo
2883 836 3079 906 oritur,
3112 839 3428 909 suﬂ'ocetur,
3474 858 3655 899 coram

2062 922 2316 980 districto
2346 921 2537 994 judice
2566 940 2728 979 omne
2760 926 3018 982 meritum
3050 935 3251 984 nostra:
3280 930 3517 987 actionis
3550 949 3659 988 ex-

2063 1016 2382 1088 stinguitur.
2406 1016 2550 1072 Hinc
2580 1032 2708 1088 ergo
2738 1019 3080 1088 pensandum
3110 1028 3193 1076 est
3223 1022 3320 1079 illa
3347 1022 3531 1079 cordis
3548 1025 3656 1080 ela-

2061 1104 2141 1160 tio
2170 1112 2373 1177 quanta
2402 1106 2881 1164 animadversione
2910 1108 3284 1180 damnabitur,
3335 1129 3457 1186 quae
3486 1129 3658 1186 usque

2061 1195 2129 1250 ad
2157 1193 2442 1250 audaciam
2460 1195 2613 1253 vocis
2635 1198 2899 1267 nutritur,
2933 1199 2979 1255 si
3000 1216 3175 1273 neque
3196 1201 3313 1259 haec
3332 1209 3414 1258 est
3433 1219 3657 1260 excusa-

2060 1281 2190 1338 bilis
2220 1299 2340 1356 quae
2372 1282 2430 1338 in
2450 1284 2613 1341 corde
2635 1285 2869 1344 latenter
2888 1287 3159 1347 oboritur.
3184 1290 3656 1350 Considerandum

2062 1390 2279 1447 quoque
2300 1374 2479 1447 qualis
2508 1374 2843 1433 intrinsecus
2871 1387 3082 1451 regnat,
3105 1398 3226 1453 quae
3263 1400 3328 1440 eo
3356 1399 3533 1456 usque
3550 1400 3658 1440 ser-

2061 1470 2186 1519 vata
2217 1470 2318 1530 est,
2364 1470 2426 1518 ut
2472 1464 2637 1520 etiam
2684 1465 2829 1522 foras
2872 1483 3159 1539 erumpere
3202 1486 3312 1525 non
3353 1471 3654 1529 erubescat.

2059 1552 2191 1609 Eliu
2218 1568 2346 1623 ergo
2378 1552 2508 1625 quia
2535 1570 2732 1627 magna
2760 1555 2953 1625 sensit,
2987 1558 3338 1631 semetipsum
3370 1558 3660 1617 humiliter

2060 1650 2363 1715 temperare
2382 1645 2639 1714 nescivit,
2662 1647 2907 1704 scientiae
2926 1649 3311 1707 celsitudinem
3334 1653 3533 1719 tenuit,
3556 1652 3658 1709 hu-

2062 1733 2313 1788 militatis
2340 1734 2571 1805 gratiam
2602 1738 2916 1805 recusavit;
2947 1746 3001 1794 et
3021 1738 3151 1795 dum
3170 1740 3420 1813 sequitur
3442 1741 3656 1798 bonum

2061 1821 2082 1855 ²
2112 1837 2223 1893 quo
2252 1821 2392 1877 bene
2416 1821 2597 1879 dicere
2628 1825 2880 1896 appetiit,
2910 1826 3117 1884 bonum
3157 1845 3266 1901 quo
3294 1829 3433 1886 bene
3464 1830 3655 1887 vivere

2057 1909 2326 1981 potuisset
2344 1909 2548 1966 amisit.
2574 1911 2801 1968 Scientia
2821 1913 3011 1985 quippe
3028 1914 3236 1985 inﬂuat,
3266 1918 3499 1973 Charitas
3526 1933 3657 1974 vero

2057 1998 2282 2069 aediﬁcat
2303 1998 2362 2068 (Ι
2390 1998 2514 2055 Cor.
2546 2015 2669 2068 vm,
2704 2001 2781 2072 1).
2806 2000 2911 2057 Sed
2932 2000 3047 2074 jam
3078 2019 3227 2061 nunc
3255 2011 3466 2061 rectum
3484 2004 3654 2074 dicat,

2058 2085 2205 2158 quod
2232 2092 2415 2144 tamen
2444 2095 2588 2145 recte
2617 2087 2800 2145 dicere
2821 2089 3056 2162 ignorat.
3080 2092 3215 2148 Nam
3252 2100 3540 2166 postquam
3573 2095 3654 2150 in-

2057 2174 2214 2232 ﬂatas
2224 2176 2397 2232 animi
2413 2178 2771 2249 cogitationes
2788 2196 2883 2251 per
2901 2180 3069 2237 verba
3081 2182 3339 2238 elationis
3349 2181 3653 2251 exhalavit,

2058 2262 2260 2319 fortem
2290 2264 2620 2320 sententiam
2649 2264 2919 2336 subdidit,
2951 2266 3172 2325 dicens:

2282 2404 2510 2462 CAPUT
2538 2406 2727 2465 XXVI
2758 2407 2896 2481 [Vet.
2928 2409 3080 2478 XXI,
3110 2411 3229 2467 Hec.
3250 2407 3426 2482 XIX].

2134 2524 2303 2581 Vnus.
2335 2525 2390 2582 5.
2422 2555 2492 2567 —
2520 2527 2663 2583 Deus
2687 2533 2921 2599 potentes
2948 2546 3055 2585 non
3090 2529 3293 2600 objicit,
3325 2547 3441 2587 cum
3469 2532 3517 2587 et
3546 2530 3654 2604 ipse

2060 2612 2131 2667 sit
2150 2619 2352 2685 potens.

2131 2729 2467 2789 44.Potentia
2489 2737 2814 2806 temporalis,
2829 2738 2925 2793 etsi
2945 2737 3100 2807 bona,
3122 2737 3365 2795 elationis
3378 2738 3652 2795 tentationi

2060 2826 2134 2874 est
2152 2821 2401 2878 obnoxia.
2435 2822 2538 2890 Qui
2560 2840 2612 2878 se
2632 2824 2775 2882 videt
2787 2827 2916 2897 plus
2932 2827 3130 2882 caeteris
3144 2843 3315 2898 posse,
3332 2829 3458 2899 plus
3472 2845 3655 2899 sapere

2059 2908 2218 2980 facile
2237 2911 2421 2966 credit.
2447 2912 2546 2966 Hic
2576 2913 2793 2969 Solane
2820 2914 3030 2970 similis.
3053 2945 3126 2956 —
3153 2915 3216 2970 In
3232 2931 3335 2971 usu
3351 2916 3480 2970 vitae.
3496 2931 3653 2970 mor—

2058 2999 2186 3055 talis
2206 2999 2455 3071 quazdam
2480 3017 2551 3056 ex
2580 2990 2891 3073 semetipsis
2920 3010 3050 3058 sunt
3077 3005 3266 3071 noxia,
3298 3003 3547 3076 quadam
3565 3021 3653 3059 ve-

2060 3104 2123 3144 ro
2165 3103 2235 3143 ex
2279 3086 2369 3143 his
2398 3105 2518 3160 quae
2547 3088 2693 3146 circa
2724 3090 2842 3162 ipsa
2867 3098 3175 3147 versantur.
3218 3092 3307 3148 Ex
3348 3094 3653 3166 semetipsis

355 3201 489 3243 voce
529 3184 808 3241 laudantis
854 3192 1193 3241 amaverant.
1235 3185 1341 3242 Sed
1371 3185 1508 3253 haec,
1540 3192 1603 3241 ut
1630 3185 1774 3253 dixi,
1805 3201 1951 3241 arro-
1988 3178 2032 3240 G
2060 3176 2310 3251 quaedam
2355 3185 2486 3233 sunt
2531 3177 2720 3247 noxia,
2768 3178 2912 3236 sicut
2954 3187 3174 3252 peccata
3218 3189 3381 3255 atque
3423 3181 3650 3256 ﬂagitia.

360 3283 544 3348 gantes
563 3275 838 3332 nesciunt.
863 3275 1004 3343 Quia
1030 3276 1179 3333 enim
1209 3276 1347 3333 foris
1375 3283 1458 3332 est
1486 3275 1633 3349 quod
1662 3283 1946 3349 appetunt,

352 3362 488 3437 quid
535 3364 608 3420 sit
638 3363 790 3420 intus
818 3362 1180 3420 desiderabile
1209 3365 1410 3422 sentire
1439 3380 1551 3420 non
1581 3372 1826 3437 possunt.
1872 3366 1950 3420 De

352 3452 651 3509 electorum
681 3452 884 3524 quippe
912 3452 1161 3509 Ecclesia
1187 3454 1455 3525 scriptum
1486 3460 1598 3510 est:
1628 3453 1813 3510 Omnis
1839 3454 1948 3524 glo-

354 3540 440 3595 ria
470 3540 585 3610 ejus
613 3539 741 3613 ﬁlia:
768 3556 949 3611 regum
975 3541 1041 3596 ab
1070 3540 1215 3596 intus
1248 3540 1421 3611 (Psal.
1444 3557 1596 3609 κων,
1621 3541 1735 3613 14).
1769 3541 1842 3597 Et
1867 3556 1949 3596 sa-

354 3629 572 3702 pientes
599 3629 846 3701 virgines
876 3629 933 3685 in
964 3629 1111 3685 vasis
1148 3629 1332 3684 oleum
1377 3637 1593 3702 portare
1635 3629 1950 3686 referuntur

359 3716 581 3788 (Matth.
625 3733 758 3785 xxv,
801 3716 883 3791 4).
936 3716 1090 3773 Unde
1119 3723 1175 3773 et
1202 3724 1517 3772 sanctorum
1546 3734 1680 3774 voce
1708 3717 1942 3774 dicitur:

357 3805 549 3863 Gloria
576 3812 759 3861 nostra
784 3808 891 3863 hac
919 3811 1013 3873 est,
1038 3798 1389 3861 testimonium
1407 3806 1732 3860 conscientiae
1757 3812 1950 3859 nostra:

356 3894 446 3966 (II
473 3895 601 3951 Cor.
636 3911 676 3963 ι,
712 3895 825 3966 12).
872 3897 1205 3966 Arrogantes
1233 3900 1435 3962 autem,
1468 3894 1598 3967 quia
1624 3909 1807 3951 coram
1836 3894 1949 3948 Deo

353 3983 706 4040 conscientia
732 4000 845 4039 suae
873 3983 1255 4039 testimonium
1284 3998 1399 4039 non
1430 3981 1655 4051 habent,
1696 3988 1951 4055 quaerunt

353 4088 532 4127 coram
562 4070 892 4128 hominibus
919 4070 1299 4127 testimonium
1330 4071 1482 4127 vocis
1510 4071 1739 4137 alienas;
1784 4087 1945 4143 quam

353 4177 477 4218 cum
506 4160 662 4217 tarde
690 4159 994 4233 reperiunt,
1026 4160 1132 4233 ipsi
1161 4160 1328 4218 etiam
1357 4160 1416 4216 in
1445 4160 1841 4234 impudentiam
1861 4159 1948 4217 sui

353 4253 559 4309 favoris
571 4258 896 4325 erumpunt.
916 4251 974 4309 Si
990 4252 1139 4307 enim
1152 4267 1267 4307 non
1284 4252 1581 4309 inveniunt
1596 4269 1757 4310 voces
1771 4252 1946 4308 homi-

352 4348 508 4406 num,
526 4356 663 4413 quas
683 4339 966 4396 inbianter
984 4347 1326 4411 exspectant,
1349 4340 1456 4412 ipsi
1484 4340 1771 4397 scientiam
1792 4356 1946 4398 suam

353 4426 635 4485 laudantes
663 4428 990 4501 praedicant.
1038 4428 1191 4484 Unde
1229 4435 1285 4483 et
1320 4428 1453 4484 Eliu
1489 4428 1677 4485 subdit
1718 4430 1943 4487 dicens:

917 4566 1146 4624 CAPUT
1194 4568 1376 4625 XXV.

419 4689 558 4745 Iam.
586 4716 656 4729 —
684 4688 761 4744 Et
781 4685 1019 4760 perfecta
1048 4684 1264 4741 scientia
1288 4685 1611 4758 probabitur
1641 4685 1757 4741 tibi.

418 4778 508 4836 43.
535 4778 729 4835 Cordis
746 4777 905 4833 elatio
929 4776 1049 4833 licet
1063 4777 1286 4845 occulta,
1315 4775 1726 4841 inexcusabilis;
1750 4781 1946 4847 quanto

352 4867 518 4940 magis
542 4883 664 4939 qua
680 4867 850 4922 verbis
863 4865 1017 4938 foras
1030 4866 1279 4938 erumpit.
1298 4897 1369 4908 —
1386 4864 1663 4923 Nimirum
1692 4865 1863 4922 sensit
1890 4881 1947 4921 se

354 4973 551 5029 magna
577 4954 883 5023 dicturum,
907 4953 1003 5011 sed
1031 4954 1269 5011 tumenti
1297 4954 1461 5012 corde
1481 4954 1588 5011 hoc
1615 4954 1761 5029 quod
1781 4954 1849 5011 de
1868 4970 1946 5011 se-

356 5047 589 5119 metipso
618 5044 935 5103 sublimiter
963 5044 1256 5101 aestimavit
1284 5053 1462 5103 tacere
1492 5061 1603 5102 non
1634 5045 1849 5119 potuit:
1895 5052 1950 5101 et

357 5134 564 5193 idcirco
607 5134 757 5210 quod
785 5140 997 5191 rectum
1027 5134 1199 5190 sensit
1228 5134 1505 5191 laudando
1547 5134 1908 5208 praecucurrit
1933 5151 1944 5189 :

355 5224 485 5299 quia
494 5222 611 5296 jam
627 5222 851 5298 quidem
867 5221 1061 5279 divino
1069 5220 1283 5295 judicio
1299 5239 1425 5280 reus
1441 5223 1655 5292 esset,si
1672 5239 1870 5297 magna
1882 5222 1950 5279 de

357 5328 415 5369 se
441 5313 633 5369 saltem
664 5309 881 5368 silendo
900 5309 1176 5367 sensisset.
1208 5311 1353 5367 Ante
1382 5311 1589 5369 subtile
1616 5313 1765 5369 enim
1793 5312 1951 5369 veri-

362 5400 489 5457 tatis
507 5415 740 5457 examen
769 5398 947 5456 securi
976 5397 1203 5455 omnino
1232 5415 1344 5456 non
1372 5416 1587 5471 sumus,
1606 5401 1771 5457 etiam
1788 5402 1834 5457 si
1854 5401 1951 5458 hu-

435 5629 452 5700 t
486 5626 761 5700 Vindoc.,_
780 5625 923 5683 Utic.
948 5631 1004 5681 et
1016 5623 1114 5700 alii
1133 5624 1346 5700 Horon,
1370 5627 1540 5682 sancti
1554 5630 1948 5700 pradicatores.

435 5699 457 5734 ³
487 5698 715 5771 Pratel.,
747 5698 936 5771 bonum
964 5696 1105 5771 quod
1134 5696 1253 5771 bene
1278 5697 1447 5771 dicere
1472 5696 1687 5771 appetit.

435 5772 457 5807 ³
488 5770 722 5839 Turon.,
743 5769 973 5828 Domino
1001 5768 1346 5827 observiendi.
1379 5770 1444 5827 In
1472 5768 1669 5828 Prata].
1701 5777 1757 5829 et
1784 5772 1951 5840 Utic.,

2058 3266 2317 3335 Quasdam
2349 3282 2480 3322 vero
2509 3282 2908 3341 nonnunquam
2940 3267 3102 3325 nobis
3131 3285 3201 3325 ex
3229 3268 3320 3326 his
3346 3286 3470 3344 quae
3507 3271 3653 3329 circa

2057 3356 2176 3430 ipsa
2204 3364 2335 3413 sunt
2364 3364 2585 3423 nocent,
2617 3357 2761 3413 sicut
2788 3358 3107 3429 temporalis
3135 3360 3405 3430 potentia,
3438 3360 3523 3416 vel
3550 3377 3654 3417 co—

2058 3448 2187 3520 pula
2213 3446 2541 3519 conjugalis.
2565 3446 2779 3503 Bonum
2810 3462 3047 3520 namque
3074 3455 3157 3504 est
3184 3447 3528 3520 conjugium,
3559 3449 3649 3505 sed

2057 3536 2203 3591 mala
2220 3542 2350 3591 sunt
2379 3551 2500 3608 quas
2529 3535 2675 3591 circa
2694 3535 2836 3591 illud
2867 3552 2936 3591 ex
2965 3535 3134 3609 hujus
3162 3537 3355 3593 mundi
3384 3553 3517 3594 cura
3534 3553 3653 3594 suc-

2057 3630 2328 3680 crescunt.
2364 3623 2517 3680 Unde
2546 3624 2748 3680 Paulus
2776 3624 2880 3678 ait:
2919 3625 3022 3690 Qui
3048 3632 3228 3681 autem
3247 3643 3363 3681 cum
3394 3644 3567 3683 uxore
3580 3633 3657 3683 est

2056 3712 2248 3782 cogitat
2272 3728 2390 3782 qua:
2400 3717 2523 3767 sunt
2549 3712 2755 3777 mundi,
2776 3714 3250 3785 quomodoplaceat
3269 3715 3433 3773 umori
3455 3717 3513 3785 (Ι
3523 3717 3651 3773 Cor.

2056 3814 2159 3863 vn,
2190 3797 2308 3868 33).
2361 3799 2516 3854 Unde
2555 3805 2609 3854 et
2650 3798 2982 3871 quibusdam
3028 3802 3257 3854 meliora
3301 3801 3651 3869 persuadens,

2058 3903 2150 3941 eos
2179 3903 2210 3941 a
2237 3886 2498 3958 conjugio
2526 3895 2771 3954 revocat,
2802 3886 3024 3943 dicens:
3054 3889 3165 3944 Hoc
3188 3893 3361 3942 autem
3383 3888 3520 3952 dico,
3550 3905 3656 3942 non

2059 3982 2117 4031 ut
2139 3977 2382 4047 laqueum
2409 3975 2555 4030 vobis
2569 3975 2834 4044 injiciam,
2853 3977 2942 4032 sed
2954 3976 3027 4033 ad
3045 3977 3103 4032 id
3116 3975 3259 4047 quod-
3271 3976 3539 4031 honestum
3559 3982 3652 4046 est,

2058 4073 2103 4122 et
2130 4066 2274 4138 quod
2301 4065 2608 4136 facultatem
2630 4066 2864 4137 prwbeat
2889 4066 3001 4122 sine
3019 4065 3382 4138 impedimento
3414 4067 3434 4101 ³
3457 4065 3655 4121 Domi-

2056 4174 2186 4212 num
2212 4157 2520 4213 obsecrandi
2547 4156 2735 4229 (Ibid,
2766 4156 2881 4229 35).
2931 4158 3075 4213 Dum
3105 4172 3234 4227 ergo
3261 4162 3480 4211 tenetur
3506 4155 3653 4228 quod

2057 4264 2169 4303 non
2199 4256 2379 4314 nocet,
2430 4263 2500 4303 ex
2529 4247 2692 4303 rebus
2715 4245 2880 4318 juxta
2908 4246 3104 4319 positis
3132 4245 3503 4302 committitur
3529 4246 3655 4319 ple-
3726 4314 3729 4317 λ

2059 4352 2291 4410 rumque
2320 4336 2469 4409 quod
2493 4344 2685 4403 nocet;
2718 4337 2863 4392 sicut
2882 4353 3023 4408 saepe
3044 4342 3251 4393 rectum
3276 4335 3654 4409 mundumque

2058 4424 2162 4481 iter
2204 4425 2501 4496 pergimus,
2548 4432 2601 4479 et
2629 4433 2812 4480 tamen
2842 4425 2978 4480 ortis
2999 4423 3162 4496 juxta
3202 4423 3349 4480 viam
3394 4424 3655 4495 vepribus

1972 4535 2021 4594 D
2058 4530 2154 4586 per
2175 4512 2503 4568 vestimenta
2520 4513 2843 4569 retinemur.
2875 4514 2938 4568 In
2958 4512 3050 4568 via
3070 4513 3294 4586 quidem
3316 4513 3523 4570 munda
3542 4528 3653 4568 non

2059 4598 2411 4667 offendimus,
2431 4598 2527 4655 sed
2546 4614 2579 4654 a
2593 4599 2762 4656 latere
2782 4601 3028 4657 nascitur
3047 4617 3156 4673 quo
3170 4615 3499 4673 pungamur.
3529 4599 3655 4656 Ma-

2059 4704 2163 4760 gna
2195 4694 2278 4744 est
2306 4687 2471 4743 etiam
2503 4688 2750 4760 potentia
2779 4689 3120 4762 temporalis,
3161 4705 3282 4763 quae
3313 4688 3479 4744 habet
3507 4687 3653 4759 apud

2054 4779 2231 4833 Deum
2269 4776 2529 4832 meritum
2575 4793 2738 4832 suum
2767 4776 2834 4833 de
2863 4776 3009 4835 bona
3050 4776 3527 4835 administratione
3573 4788 3653 4827 re-

2055 4868 2313 4941 giminis;
2353 4883 2751 4940 nonnunquam
2812 4876 2996 4925 tamen
3052 4884 3117 4924 eo
3173 4868 3294 4939 ipso
3341 4879 3451 4937 quo
3490 4876 3653 4936 praee-

2057 4958 2230 5014 minet
2284 4957 2518 5027 caeteris,
2575 4959 2813 5015 elatione
2869 4956 3220 5031 cogitationis
3285 4949 3650 5017 intumescit;

2057 5047 2079 5081 ⁴
2135 5053 2189 5101 et
2245 5044 2378 5101 dum
2435 5045 2505 5102 ad
2561 5062 2723 5103 usum
2778 5052 2979 5102 cuncta
3033 5042 3338 5115 subjacent,
3396 5039 3528 5097 dum
3587 5039 3658 5097 ad

2056 5140 2249 5190 votum
2280 5132 2545 5190 velociter
2557 5131 2712 5206 jussa
2743 5133 3113 5205 complentur,
3141 5129 3276 5186 dum
3307 5144 3500 5186 omnes
3529 5129 3653 5186 sub-

2057 5220 2162 5279 diti
2204 5220 2251 5277 si
2281 5237 2389 5294 qua
2416 5221 2556 5278 bene
2586 5230 2736 5294 gesta
2763 5228 2893 5277 sunt
2922 5218 3181 5276 laudibus
3208 5219 3464 5288 efferunt,
3513 5220 3656 5276 male

2060 5308 2227 5382 gestis
2264 5316 2448 5366 autem
2495 5311 2649 5366 nulla
2696 5308 3023 5365 auctoritate
3062 5307 3470 5376 contradicunt,
3515 5307 3651 5365 dum

2060 5398 2382 5471 plerumque
2404 5396 2632 5454 laudant
2649 5397 2815 5454 etiam
2846 5397 2994 5471 quod
3013 5395 3303 5471 objurgare
3321 5396 3653 5466 debuerunt,

2063 5629 2289 5704 Domino
2304 5629 2617 5704 observandi
2634 5637 2736 5704 ,'_et
2763 5629 2833 5686 ad
2859 5646 3057 5704 marg,
3089 5630 3416 5687 obsecrandi.
3443 5629 3657 5686 Utram-

2064 5717 2170 5775 que
2188 5702 2326 5775 lect.
2361 5700 2527 5757 habet
2541 5699 2709 5775 _Colb.

2133 5774 2157 5810 ⁸
2186 5772 2414 5842 Turon.,
2445 5779 2494 5829 et
2520 5773 2645 5829 dum
2666 5774 2787 5830 usui
2811 5780 3014 5832 cuncta.
