4152 6182
458 279 563 334 375

1646 232 1896 330 smvc'ri
1933 275 2271 336 GREGOBII
2308 277 2535 335 mem

3652 281 3756 337 376

461 402 718 459 seductus
743 399 812 456 ab
842 399 930 455 his
958 399 976 433 ί
998 414 1119 474 quae
1150 397 1296 458 infra
1323 400 1658 470 subduntur,
1689 416 1852 473 super
1867 417 1922 458 se
1939 401 2054 457 ani-
2081 409 2136 468 Α
2169 419 2295 458 men
2325 403 2664 476 corrigendis
2686 403 2921 461 aliorum
2944 403 3095 460 vitiis
3115 412 3238 476 apta
3255 405 3610 462 exsecutione
3627 423 3755 477 prae-

461 509 584 549 mus
610 489 868 560 tollitur;
900 497 955 546 et
982 490 1114 547 dum
1145 490 1280 548 foris
1310 492 1582 549 immenso
1615 492 1802 548 favore
1823 491 2054 548 circum-

461 582 646 652 datur,
669 581 818 638 intus
847 580 1078 638 veritate
1107 590 1407 652 vacuatur;
1439 591 1603 656 atque
1633 581 1839 638 oblitus
1867 582 1974 649 sui,
1999 581 2057 637 in

463 688 624 729 voces
655 688 712 728 se
744 671 950 744 spargit
975 671 1216 740 alienas;
1244 673 1520 746 talemque
1544 688 1598 728 se
1621 670 1816 739 credit,
1839 672 2054 745 qualem
2085 696 2097 707 I

461 762 598 818 foris
642 760 818 830 audit,
864 777 974 818 non
1017 762 1233 835 qualem
1277 763 1426 818 intus
1472 761 1781 819 discernere
1825 761 2053 828 debuit;

462 850 738 924 subjectos
795 849 1052 924 despicit,
1120 867 1320 926 eosque
1381 851 1616 924 mquales
1675 851 1783 906 sibi
1849 859 2056 906 naturae

429 1009 442 1021 Ι
462 941 655 998 ordine
681 956 792 997 non
822 939 1102 1013 agnoscit;
1137 947 1192 996 et
1215 957 1352 1013 quos
1383 948 1528 996 sorte
1560 940 1846 1012 potestatis
1873 955 2056 996 exces-

463 1031 616 1100 serit,
655 1028 1060 1087 transcendisse
1106 1045 1164 1084 se
1206 1029 1373 1086 etiam
1414 1029 1542 1084 vitae
1590 1029 1804 1084 meritis
1841 1027 2054 1094 credit;

461 1119 678 1177 cunctis
715 1134 770 1175 se
799 1119 1037 1175 aestimat
1065 1116 1304 1190 amplius
1336 1133 1544 1190 sapere,
1577 1115 1778 1191 quibus
1807 1133 1865 1172 se
1905 1117 2058 1172 videt

461 1210 698 1282 amplius
726 1225 902 1282 posse.
936 1209 997 1266 In
1029 1209 1267 1284 quodam
1294 1211 1496 1283 quippe
1525 1223 1580 1264 se
1613 1208 1906 1265 constituit
1937 1208 2055 1264 cul-

463 1298 612 1356 mine
649 1299 796 1372 apud
841 1299 1231 1373 semetipsum;
1276 1307 1330 1356 et
1369 1299 1464 1374 qui
1507 1314 1662 1372 aqua
1697 1299 1909 1356 caeteris
1949 1314 2059 1353 na-

463 1398 604 1447 turae
675 1390 996 1447 conditione
1059 1389 1479 1463 constringitur,
1549 1394 1692 1453 833
1761 1404 1832 1444 ex
1901 1404 2058 1461 aquo

461 1487 733 1558 respicere
761 1494 986 1544 caeteros
1017 1487 1374 1559 dedignatur;
1424 1487 1610 1560 sicque
1641 1501 1813 1558 usque
1841 1485 1912 1540 ad
1941 1483 2058 1558 ejus

461 1574 888 1632 similitudinem
906 1575 1128 1632 ducitur
1149 1575 1216 1631 de
1238 1591 1346 1648 quo
1366 1574 1631 1646 scriptum
1648 1581 1730 1630 est
1755 1591 1766 1628 :
1795 1575 1956 1631 Omne
1973 1590 2058 1628 su-

462 1662 616 1718 blime
642 1663 802 1728 videt,
831 1670 880 1718 et
911 1664 1018 1734 ipse
1037 1668 1111 1718 est
1131 1679 1230 1718 rex
1249 1679 1410 1733 super
1431 1663 1700 1718 uni-versos
1717 1663 1857 1736 ﬁlios
1877 1667 2058 1734 super1

2165 499 2444 564 parantur.
2489 491 2640 548 Unde
2663 501 2716 548 et
2739 510 2834 566 per
2852 493 3082 549 Paulum
3104 491 3308 550 dicitur
3328 511 3338 549 :
3363 493 3610 552 Minister
3623 495 3760 549 enim

2165 583 2266 638 Dei
2285 589 2378 649 est,
2399 583 2592 638 vindex
2621 584 2675 636 in
2706 583 2845 638 iram
2875 583 2921 638 ei
2949 583 3038 654 qui
3058 585 3255 640 malum
3279 584 3388 654 agit
3421 584 3597 654 (Rom.
3631 601 3760 652 x111,

2167 669 2246 743 4).
2281 669 2418 744 [νει.
2452 670 2661 746 ΧΧΙΙ.]
2695 670 2832 727 Cum
2859 688 2986 742 ergo
3017 671 3272 744 potentize
3304 671 3624 744 temporalis
3657 671 3762 728 mi-

2167 761 2456 816 nisterium
2481 761 2802 832 suscipitur,
2824 776 3036 816 summa
3056 776 3187 815 cura
3208 759 3551 830 vigilandum
3573 767 3678 827 est,
3700 767 3764 816 ut

2167 847 2304 906 sciat
2329 849 2558 922 quisque
2587 857 2641 904 et
2669 864 2882 904 sumere
2918 864 2986 902 ex
3019 863 3080 903 ea
3107 846 3254 920 quod
3283 845 3530 917 adjuvat,
3577 853 3631 903 et
3654 863 3763 902 ex-

2167 954 2406 1011 pugnare
2435 937 2581 1010 quod
2610 945 2814 1004 tentat;
2847 945 2901 993 et
2929 936 3193 1009 aequalem
3222 952 3278 994 se
3308 951 3434 990 cum
3467 935 3563 992 illa
3591 943 3762 992 caete-

2166 1027 2243 1082 ris
2271 1043 2510 1096 cernere,
2545 1035 2598 1082 et
2643 1035 2827 1083 tamen
2875 1043 2930 1082 se
2978 1023 3334 1098 peccantibus
3375 1025 3494 1080 zelo
3532 1025 3761 1081 ultionis

2167 1116 2441 1185 praferre.
2489 1117 2662 1184 Quam
2691 1115 3078 1172 discretionem
3108 1113 3326 1186 plenius
3355 1115 3760 1185 cognoscimus,

2167 1206 2214 1262 si
2242 1205 2406 1261 etiam
2437 1207 2722 1278 potestatis
2751 1203 3133 1262 ecclesiasticae
3163 1204 3416 1274 exempla
3445 1219 3752 1261 cernamus.

2167 1295 2360 1350 Petrus
2386 1311 2642 1368 namque,
2670 1303 2893 1352 auctore
2921 1295 3058 1360 Deo,
3097 1291 3358 1349 Ecclesiae
3391 1293 3761 1365 principatum

2166 1391 2358 1440 tenens
2390 1401 2422 1440 a
2448 1384 2587 1440 bene
2615 1392 2806 1456 agente
2834 1382 3114 1448 Cornelio,
3162 1388 3218 1438 et
3246 1397 3360 1438 sese
3389 1381 3441 1438 ei
3475 1381 3764 1440 humiliter

2168 1473 2991 1546 prosternente,immoderatius
3012 1472 3263 1528 venerari
3281 1471 3578 1540 recusavit,
3598 1488 3764 1546 seque

2170 1563 2255 1618 illi
2283 1563 2526 1619 similem
2557 1563 2896 1634 recognovit,
2923 1561 3112 1620 dicens
3136 1579 3148 1618 :
3185 1550 3369 1633 Surge,
3397 1579 3461 1616 ue
3488 1561 3693 1632 feceris,
3714 1567 3764 1616 et

2166 1669 2256 1723 ego
2273 1653 2384 1722 ipse
2411 1653 2566 1708 homo
2595 1669 2713 1706 sum
2745 1648 2886 1724 (Act.
2910 1667 2968 1720 x,
2999 1650 3116 1723 26).
3159 1649 3264 1707 Sed
3297 1665 3422 1706 cum
3447 1649 3676 1705 Ananiaa
3705 1656 3761 1706 et

464 1750 562 1806 bite
588 1749 716 1823 (Job
742 1767 858 1820 xm,
887 1751 1004 1825 25).
1023 1752 1096 1807 Et
1116 1751 1182 1808 de
1203 1749 1362 1824 cujus
1383 1767 1608 1824 corpore
1629 1751 1862 1810 dicitur:
1901 1753 2058 1808 Gene-
2091 1767 2138 1827 Β
2166 1739 2451 1814 Sapphiraa
2471 1741 2690 1812 culpam
2713 1742 2939 1814 reperit,-
2969 1758 3100 1799 mox
3128 1748 3328 1814 quanta
3350 1756 3514 1813 super
3534 1747 3762 1797 caeteros

463 1839 604 1895 ratio
657 1839 808 1910 cujus
855 1839 1047 1896 excelsi
1081 1845 1206 1895 sunt
1248 1839 1406 1908 oculi,
1457 1846 1504 1895 et
1543 1839 1813 1912 palpebra:
1853 1839 1966 1909 ejus
2001 1839 2060 1894 in

461 1928 574 1982 alta
614 1933 866 1982 surrectae
913 1927 1100 1998 (Prov.
1132 1942 1270 1994 xxx,
1301 1926 1412 1998 13).
1459 1925 1547 1982 Ad
1575 1925 1694 1998 ejus
1725 1924 2060 1982 similitudi—

462 2033 588 2072 nem
618 2015 861 2084 ducitur,
895 2015 991 2088 qui
1017 2015 1296 2089 singulare
1320 2015 1541 2073 culmen
1564 2024 1844 2091 appetens,
1879 2023 1933 2071 et
1960 2032 2060 2072 so-

461 2104 664 2162 cialem
720 2105 1041 2178 angelorum
1101 2103 1271 2161 vitam
1319 2104 1650 2178 despiciens,
1701 2106 1810 2162 ait:
1869 2104 2058 2160 Ascen-

464 2197 586 2252 dam
631 2213 790 2269 super
831 2196 1166 2252 altitudinem
1211 2197 1470 2263 nubium;
1515 2197 1706 2254 similis
1748 2215 1836 2253 ero
1879 2195 2060 2252 Altis-

462 2287 594 2344 simo
625 2287 784 2360 (Isai.
816 2303 936 2356 xiv,
969 2285 1080 2360 14).
1101 2285 1242 2345 Miro
1268 2305 1398 2362 ergo
1420 2285 1634 2362 judicio
1663 2289 1814 2345 intus
1842 2287 2057 2344 foveam

465 2375 789 2449 dejectionis
806 2376 1042 2446 invenit,
1061 2377 1192 2436 dum
1209 2379 1346 2436 foris
1365 2395 1422 2435 se
1441 2378 1498 2435 in
1515 2379 1760 2436 culmine
1774 2376 2059 2450 potestatis

465 2465 989 2539 extollit.Apostatai
1005 2465 1208 2540 quippe
1224 2468 1418 2540 angelo
1438 2466 1638 2523 similis
1652 2466 1908 2533 efﬁcitur,
1927 2463 2058 2520 dum

465 2553 634 2612 homo
666 2552 990 2610 hominibus
1019 2570 1136 2610 esse
1164 2555 1364 2611 similis
1403 2555 1752 2626 dedignatur.
1799 2553 1890 2612 Sic
1932 2555 2059 2611 Saul

463 2641 532 2696 ab
553 2639 889 2696 humilitatis
917 2641 1113 2696 merito
1144 2643 1200 2697 in
1223 2649 1496 2698 tumorem
1519 2641 1788 2712 superbiae
1818 2640 2060 2697 culmine

465 2727 752 2802 potestatis
777 2728 1046 2785 excrevit.
1077 2729 1179 2784 Per
1193 2728 1566 2786 humilitatem
1583 2731 1784 2806 quippe
1805 2729 2060 2801 praelatus

465 2825 548 2876 cst
573 2833 668 2892 per
686 2818 1000 2890 superbiam
1023 2819 1367 2892 reprobatus,
1397 2820 1636 2876 Domino
1655 2825 1944 2876 attestante
1966 2819 2059 2891 qui

465 2910 543 2966 ait
567 2927 578 2966 :
611 2910 796 2976 Nonne
823 2927 940 2966 cum
970 2928 1103 2966 esses
1126 2914 1390 2984 parvulus
1420 2912 1478 2967 in
1505 2911 1672 2967 oculis
1701 2911 1824 2978 tuis,
1841 2918 1998 2984 caput
2016 2918 2062 2968 te

464 2999 710 3056 constitui
737 3000 796 3054 in
817 2999 1058 3056 tribubus
1077 2997 1249 3057 Israel
1271 3002 1330 3073 (Ι
1341 3003 1465 3073 Reg.
1484 3017 1582 3068 xv,
1607 3001 1698 3073 17)
1717 3000 1745 3057 7
1762 3001 2073 3082 Parvulum.

2167 1831 2414 1904 potentia
2439 1831 2778 1887 excrevisset
2807 1831 3052 1888 ostendit
3085 1831 3226 1910 (Act.
3248 1848 3308 1900 v,
3325 1831 3381 1898 5,
3403 1829 3558 1900 seq.).
3577 1827 3762 1884 Verbo

2167 1921 2314 1977 enim
2329 1935 2522 1976 eorum
2538 1919 2710 1976 vitam
2728 1921 3155 1992 perculit,quam
3173 1920 3373 1994 spiritu
3389 1923 3764 1992 perscrutante

2168 2008 2566 2082 deprehendit;
2598 2016 2653 2066 et
2681 2025 2961 2065 summum
2989 2024 3048 2064 se
3071 2009 3218 2064 intra
3239 2007 3543 2065 Ecclesium
3574 2011 3763 2063 contra

2168 2106 2386 2172 peccata
2411 2097 2666 2166 recoluit,
2692 2097 2861 2172 quod,
2894 2097 3108 2154 honore
3134 2097 3242 2153 sibi
3270 2096 3628 2154 vehementer
3657 2095 3763 2152 im-

2167 2205 2358 2262 penso,
2387 2204 2570 2245 coram
2599 2187 2736 2244 bene
2767 2186 3052 2260 agentibus
3079 2184 3342 2241 fratribus
3368 2201 3482 2242 non
3510 2185 3757 2257 agnovit.

2167 2277 2290 2335 lllic
2327 2277 2771 2336 communionem
2804 2277 3136 2350 aequalitatis
3162 2275 3368 2332 meruit
3395 2274 3658 2331 sanctitas
3676 2291 3759 2332 ac-

2169 2366 2358 2434 tionis,
2389 2371 2535 2428 834
2561 2365 2655 2422 hic
2679 2367 2828 2422 zelus
2849 2366 3079 2422 ultionis
3109 2365 3130 2400 ³
3155 2363 3247 2436 jus
3275 2363 3491 2436 aperuit
3529 2370 3759 2436 potesta-

2165 2463 2262 2533 tis,
2292 2464 2494 2520 Paulus
2518 2463 2658 2520 bene
2677 2462 2964 2535 agentibus
2979 2461 3243 2518 fratribus
3262 2461 3546 2534 przelatum
3573 2475 3629 2515 se
3644 2475 3762 2515 esse

2170 2549 2470 2621 nesciebat,
2505 2568 2633 2609 cum
2662 2551 2900 2608 diceret:
2955 2552 3075 2606 Non
3100 2551 3231 2621 quia
3257 2547 3595 2604 dominamur
3641 2549 3763 2620 ﬁdei

2170 2651 2376 2709 vestra,
2393 2643 2482 2698 sed
2495 2641 2766 2711 adjutores
2787 2657 2968 2696 sumus
2987 2639 3172 2712 gaudii
3189 2639 3350 2694 vestri
3365 2639 3454 2711 (II
3470 2636 3757 2710 Cor.r,23).

2169 2732 2351 2804 Atque
2372 2731 2524 2786 illico
2545 2730 2806 2802 adjunxit
2831 2747 2841 2784 :
2872 2730 3004 2786 Fide
3019 2729 3156 2784 enim
3174 2729 3346 2783 statis.
3369 2728 3450 2784 Ac
3463 2729 3512 2783 si
3526 2727 3754 2784 diceret:

2171 2821 2297 2876 Ideo
2327 2836 2438 2876 non
2477 2820 2830 2876 dominamur
2857 2819 2988 2876 ﬁdei
3027 2826 3240 2886 vestrae,
3271 2817 3400 2890 quia
3444 2817 3553 2873 fide
3581 2817 3756 2874 statis.

2173 2911 2430 2982 quuales
2457 2911 2606 2965 enim
2635 2909 2796 2965 vobis
2823 2925 3036 2978 sumus,
3061 2909 3153 2965 ubi
3183 2923 3282 2964 vos
3305 2915 3447 2962 stare
3475 2908 3757 2979 cognosci-

2173 3015 2314 3058 mus.
2376 3001 2540 3068 Quasi
2579 3001 2864 3073 prazlatum
2905 3016 2961 3056 se
3002 2997 3264 3054 fratribus
3305 3011 3420 3052 esse
3458 2997 3754 3065 nesciebat,

464 3103 522 3143 se
538 3095 664 3145 ante
685 3095 1006 3161 potestatem
1040 3089 1278 3157 viderat,
1309 3091 1427 3158 sed,
1459 3091 1631 3148 fultus
1657 3090 1946 3162 temporali
1969 3105 2060 3162 po-
2099 3130 2144 3188 Ο
2170 3107 2296 3146 cum
2329 3089 2568 3146 diceret:
2623 3090 2774 3146 Facti
2802 3105 2982 3144 sumus
3005 3087 3226 3160 parvuli
3255 3087 3310 3140 iu
3337 3085 3506 3141 medio
3535 3091 3764 3141 vestrum

466 3176 660 3242 tentia,
685 3175 799 3246 jam
837 3193 895 3232 se
939 3179 1231 3248 parvulum
1277 3195 1388 3234 non
1437 3179 1674 3234 videbat.
1725 3178 2060 3234 Caeterorum

465 3277 702 3336 namque
756 3263 1168 3336 comparatione
1220 3281 1277 3320 se
1329 3264 1666 3337 praeferens;
1693 3281 1952 3336 magnum
2005 3281 2061 3321 se

465 3349 613 3424 apud
631 3365 690 3406 se
719 3367 835 3407 esse
853 3350 1160 3423 judicabat.
1197 3351 1338 3409 Miro
1367 3359 1549 3408 autem
1580 3353 1745 3408 modo
1769 3369 1896 3409 cum
1916 3353 2062 3425 apud

465 3457 522 3496 se
543 3439 824 3512 parvulus,
841 3438 988 3512 apud
1007 3439 1307 3496 Dominum
1331 3455 1562 3513 magnus
1585 3459 1597 3508 ;
1621 3457 1748 3498 cum
1771 3457 1900 3497 vero
1917 3441 2062 3513 apud

465 3545 521 3586 se
536 3545 783 3602 magnus,
806 3528 952 3602 apud
965 3529 1266 3587 Dominum
1287 3531 1552 3603 parvulus
1567 3531 1694 3588 fuit.
1720 3531 1944 3604 Magnos
1961 3547 2061 3588 nos

465 3619 734 3676 Dominus
759 3619 906 3692 apud
935 3635 1034 3676 nos
1058 3635 1174 3678 esse
1204 3619 1462 3694 prohibet
1491 3637 1587 3694 per
1627 3620 1952 3694 prophetam
1982 3621 2064 3676 di-

465 3723 625 3768 cens:
669 3710 755 3769 γω
781 3709 875 3780 qui
903 3709 1160 3782 sapientes
1188 3711 1309 3767 estis
1328 3710 1386 3766 iu
1405 3711 1572 3767 oculis
1592 3711 1798 3779 vestris,
1819 3716 1868 3766 et
1885 3727 2064 3766 coram

465 3798 844 3871 vobismetipsis
866 3799 1152 3872 prudentes
1185 3799 1340 3873 (Isai.
1367 3818 1428 3870 v,
1458 3801 1574 3876 2i).
1602 3800 1681 3858 Ne
1707 3800 1892 3872 magni
1919 3799 2064 3873 apud

466 3905 566 3946 nos
608 3905 724 3947 esse
755 3881 1073 3962 debeamus,
1113 3892 1315 3949 Paulus
1355 3889 1682 3962 admonens,
1730 3891 1845 3948 ait:
1893 3892 2067 3948 Nolite

460 3979 745 4050 prudentes
769 3995 874 4035 esse
901 3982 1048 4052 apud
1075 3981 1413 4051 vosmetipsos
1445 3982 1621 4052 (Rom.
1654 3996 1757 4048 xu,
1787 3979 1900 4050 15).
1931 3981 2066 4036 Ple-

466 4081 701 4136 rumque
725 4079 852 4134 ergo
883 4068 1018 4122 dum
1048 4083 1118 4122 ex
1143 4067 1517 4138 subjectorum
1545 4065 1828 4123 affluentia
1847 4067 2066 4124 animus

465 4150 712 4218 inﬂatur,
746 4151 804 4205 in
832 4153 1030 4209 luxum
1059 4154 1330 4226 superbiae
1370 4154 1488 4226 ipso
1534 4155 1797 4226 potentiae
1841 4156 2064 4229 fastigio

466 4239 814 4298 lenocinante
843 4241 1238 4314 corrumpitur.
1341 4243 1350 4250 '

535 4329 623 4385 45.
641 4329 897 4400 Legitima
919 4338 1150 4405 potestas
1177 4349 1238 4388 ea
1267 4337 1362 4399 est,
1389 4347 1508 4404 qua:
1535 4349 1694 4407 super
1721 4334 1928 4408 culpas,
1958 4351 2064 4390 non

461 4435 622 4492 super
638 4417 871 4476 homines
889 4421 1130 4494 erigitur.
1152 4423 1208 4479 S.
1225 4423 1374 4479 Petri
1391 4425 1708 4497 exemplum,
1729 4432 1776 4482 et
1797 4427 1853 4484 S.
1875 4427 2080 4486 Pauli..

2173 3181 2230 3251 (I
2262 3181 2434 3236 Thess.
2467 3197 2528 3246 ιι,
2562 3181 2640 3249 7),
2663 3186 2737 3246 et,
2760 3179 2868 3235 Nos
2887 3185 3060 3234 autem
3076 3195 3250 3234 servos
3269 3184 3467 3233 vestros
3477 3195 3574 3250 per
3587 3179 3764 3234 Iesum

2175 3268 2444 3324 Christum
2461 3269 2550 3338 (II
2578 3268 2701 3324 Cor.
2735 3284 2814 3335 IV,
2846 3267 2927 3340 5).
2958 3267 3062 3324 Sed
3091 3285 3216 3324 cum
3247 3269 3466 3340 culpam
3496 3283 3616 3340 quis
3647 3283 3764 3322 cor-

2171 3351 2274 3425 rigi
2295 3352 2574 3408 debuisset
2605 3353 2840 3422 invenit,
2873 3354 3025 3410 illico
3054 3355 3376 3426 magistrum
3407 3371 3462 3410 se
3481 3370 3596 3410 esse
3616 3370 3764 3410 reco-

2171 3443 2298 3511 luit,
2346 3442 2565 3499 dicens:
2619 3442 2760 3510 Quid
2789 3443 2997 3499 vultis?
3023 3443 3084 3498 iu
3109 3445 3265 3516 virga
3308 3444 3512 3500 veniam
3555 3445 3628 3499 ad
3673 3460 3762 3499 vos

2175 3535 2234 3605 (Ι
2261 3533 2386 3600 Cor.
2420 3547 2500 3600 Iv,
2525 3532 2670 3604 2i)?
3151 3540 3162 3544 ‘

2243 3620 2331 3677 46.
2381 3621 2605 3677 Prtelati
2651 3621 2778 3676 dum
2815 3623 2999 3692 culpas
3034 3627 3272 3694 puniunt
3297 3619 3425 3691 jure
3465 3620 3759 3693 potestatis,

2171 3711 2398 3780 aequales
2417 3727 2470 3766 se
2484 3710 2550 3765 iis
2564 3710 2656 3780 qui
2674 3711 3018 3782 corriguntur
3031 3716 3320 3782 agnoscant
3329 3727 3432 3782 per
3449 3709 3762 3766 humilitatis

2173 3800 2482 3856 custodiam.
2515 3801 2656 3872 Ipsis
2675 3801 2833 3856 etiam
2853 3817 2904 3856 se
2927 3807 3274 3872 postponant,
3303 3815 3491 3872 quare.
3515 3829 3580 3842 -
3605 3801 3764 3856 Sum-

2175 3905 2298 3944 mus
2327 3890 2512 3962 itaque
2538 3890 2690 3945 locus
2719 3889 2856 3944 bene
2877 3890 3104 3961 regitur,
3125 3906 3250 3946 cum
3278 3889 3325 3946 is
3345 3889 3438 3962 qui
3459 3897 3654 3962 praeest
3682 3891 3763 3946 vi-

2174 3977 2272 4033 tiis
2285 3977 2470 4050 potius
2487 3992 2650 4049 quam
2672 3977 2934 4034 fratribus
2949 3977 3284 4035 dominatur.
3305 3978 3544 4036 Cunctos
3563 3979 3764 4053 quippe

2175 4074 2371 4122 natura
2411 4065 2646 4138 aequales
2677 4067 2892 4138 genuit;
2925 4073 2987 4122 ut
3013 4075 3192 4124 autem
3223 4067 3319 4124 alii
3358 4067 3428 4124 ad
3466 4067 3760 4142 regendum

2173 4155 2298 4212 aliis
2313 4154 2752 4225 committantur,
2783 4173 2894 4213 non
2925 4173 3016 4214 eos
3046 4165 3260 4227 natura,
3302 4158 3398 4216 sed
3427 4159 3589 4232 culpa
3617 4165 3762 4232 post-

2174 4243 2349 4316 ponit.
2389 4243 2557 4301 Vitiis
2571 4259 2700 4318 ergo
2721 4261 2777 4301 se
2797 4245 2998 4303 debent
3018 4254 3255 4304 rectores
3275 4247 3504 4321 erigere,
3527 4261 3758 4320 quorum

2172 4342 2226 4390 et
2240 4349 2402 4392 causa
2420 4336 2817 4408 praeferuntur;
2838 4346 2892 4394 et
2911 4355 3036 4394 cum
3055 4337 3437 4412 delinquentes
3456 4337 3760 4409 corrigunt,

2171 4426 2411 4484 sollicite
2431 4427 2736 4495 attendant,
2768 4435 2830 4483 ut
2849 4443 2944 4499 per
2963 4426 3316 4500 disciplinam
3337 4428 3521 4500 culpas
3538 4425 3766 4499 quidem

462 4487 541 4551 -——
549 4507 654 4564 Sed
682 4506 836 4565 aliud
866 4517 948 4568 est
967 4487 1236 4586 quaelibet
1263 4512 1406 4570 bona
1435 4487 1552 4571 nori
1579 4487 1714 4586 esset,
1737 4516 1888 4573 aliud
1919 4516 2064 4572 bona
2091 4487 2140 4546 D
2165 4514 2289 4588 jure
2310 4516 2596 4589 potestatis
2611 4487 2830 4584 feriant,
2849 4487 2958 4572 .sed
2989 4533 3085 4589 per
3104 4487 3765 4574 humilitatiscustodiam

462 4598 602 4654 bene
643 4595 848 4655 habere
880 4602 1109 4659 nescire.
1157 4602 1309 4658 Bona
1339 4620 1577 4678 namque
1605 4613 1688 4662 est
1727 4606 1920 4663 ordine
1961 4623 2060 4662 suo

462 4687 732 4762 potentia,
753 4681 849 4747 sed
877 4699 1036 4748 cauta
1064 4691 1302 4764 regentis
1332 4693 1542 4766 indiget
1571 4695 1705 4750 vita.
1731 4695 1904 4767 Igitur
1921 4695 2061 4752 bene

393 4840 396 4842 .
463 4779 608 4839 hanc
635 4787 878 4852 exercet,
905 4780 1001 4856 qui
1029 4787 1084 4838 et
1111 4781 1348 4838 retinere
1377 4783 1531 4840 illam
1553 4786 1793 4850 noverit,
1811 4792 1864 4841 et
1883 4785 2058 4856 impu-

460 4887 646 4944 gnare.
691 4869 838 4928 Bene
870 4870 1013 4929 hanc
1042 4876 1280 4940 exercet,
1314 4872 1411 4946 qui
1441 4873 1546 4928 scit
1578 4889 1676 4945 per
1706 4873 1860 4930 illam
1898 4890 2062 4946 super

461 4961 650 5034 culpas
665 4959 826 5034 erigi,
855 4969 911 5018 et
938 4962 1042 5020 scit
1071 4977 1198 5018 cum
1229 4959 1328 5017 illa
1353 4960 1568 5019 caeteris
1583 4961 1894 5036 aqualitate
1913 4979 2057 5022 com-

461 5050 871 5120 poni.Humana
887 5052 1036 5109 enim
1052 5067 1208 5108 mens
1229 5051 1555 5126 plerumque
1575 5053 2057 5124 extollitur,etiam

461 5155 587 5196 cum
608 5141 763 5198 nulla
781 5150 1048 5214 potestate
1076 5141 1338 5210 fulcitur;
1367 5149 1572 5216 quanto
1607 5144 1778 5217 magis
1805 5143 1865 5200 in
1885 5144 2057 5200 altum

463 5243 518 5283 se
555 5230 738 5304 erigit,
759 5247 884 5288 cum
915 5249 971 5290 se
997 5233 1162 5290 etiam
1193 5233 1243 5288 ei
1277 5240 1514 5306 potestas
1545 5231 1844 5306 adjungit?
1886 5234 1956 5290 Et
1982 5243 2059 5292 ta-

541 5498 769 5580 '_I:3diti,
790 5517 914 5580 quia
934 5503 1404 5580 intrc_i_sul_)duutur
1423 5525 1456 5580 ;7
1469 5507 1616 5580 quod
1637 5509 2060 5580 emendavimus

463 5569 1314 5648 ex_Mss.‘iiongipnNindoc,
1367 5569 1579 5648 Baltiz.,
1624 5578 1806 5646 Colb.,
1857 5581 2054 5638 Pratel.

462 5641 695 5724 aliisque
713 5641 902 5724 North.
914 5641 1116 5724 ,Gilot.
1141 5641 1324 5724 tamen
1344 5650 1414 5705 ad
1442 5641 1746 5724 marginem
1765 5641 2058 5712 annotavit

467 5713 634 5784 infra,
667 5720 881 5773 retento
910 5713 966 5769 in
997 5721 1154 5771 textu
1183 5717 1346 5775 intra.

2171 4607 2406 4679 aequales
2451 4623 2508 4663 se
2552 4607 2686 4679 ipsis
2716 4606 2977 4664 fratribus
3005 4608 3026 4642 ³
3059 4607 3156 4680 qui
3201 4609 3556 4680 corriguntur
3600 4622 3767 4678 agno-

2169 4701 2342 4752 scant.
2375 4685 2638 4764 Quamvis
2669 4697 2989 4769 plerumque
3017 4696 3183 4752 etiam
3214 4696 3440 4768 dignum
3468 4700 3550 4750 est
3571 4702 3631 4750 ut
3652 4709 3771 4750 eos-

2168 4783 2291 4840 dem
2314 4802 2450 4858 quos
2479 4785 2807 4857 corrigimus
2836 4785 3004 4842 tacita
3028 4785 3188 4843 nobis
3221 4784 3552 4857 cogitatione
3573 4783 3763 4856 praefe-

2166 4889 2376 4930 ramus.
2424 4875 2652 4930 Illorum
2704 4891 2940 4949 namque
2981 4892 3077 4948 per
3119 4892 3219 4932 nos
3267 4873 3405 4930 vitia
3449 4870 3765 4946 disciplinae

2169 4964 2191 4999 ἰ
2221 4963 2408 5036 vigore
2424 4962 2731 5032 feriuntur;
2757 4963 2816 5020 in
2835 4963 2924 5021 his
2945 4979 3079 5022 vero
3094 4981 3215 5039 quae
3235 4965 3340 5038 ipsi
3357 4962 3765 5022 committimus

2169 5070 2235 5109 ne
2277 5051 2433 5110 verbi
2477 5053 2698 5126 quidem
2741 5055 2809 5114 ab
2847 5056 3034 5132 aliquo
3075 5057 3391 5116 invectione
3436 5057 3762 5114 laceramur.

2168 5145 2340 5202 Tanto
2359 5161 2488 5218 ergo
2503 5145 2648 5219 apud
2660 5147 2960 5206 Dominum
2980 5147 3336 5223 obligatiores
3353 5163 3546 5206 sumus
3557 5153 3766 5222 quanto

2166 5234 2312 5308 apud
2327 5233 2581 5293 homines
2595 5237 2769 5294 inulte
2797 5254 3106 5312 peccamus.
3139 5237 3280 5315 [Vet.
3312 5235 3555 5314 XXIIII]
3584 5237 3765 5296 Disci-

2239 5513 2261 5547 ³
2290 5513 2500 5580 Baluz.,
2515 5511 2609 5581 jus
2637 5520 2912 5585 apparuit.

2239 5585 2260 5671 εξ
2290 5585 2562 5671 ᾼΙηθιιοδ
2591 5585 2882 5671 corrigunt.

2244 5656 2258 5732 ξ
2291 5655 2380 5732 S_ic
2416 5653 2647 5732 Norin.,_
2671 5653 2855 5732 Ba'luz.
2888 5666 2942 5732 et
2969 5657 3066 5714 alii
3095 5674 3233 5732 quos
3260 5663 3591 5732 sequuntur.
3629 5653 3760 5712 Yet.

2165 5725 2272 5784 Ed.
2301 5727 2367 5784 In
2395 5735 2600 5786 recent.
2633 5729 2833 5802 legitur
2861 5729 3054 5802 vigore.
3110 5725 3128 5732 ’
3337 5725 3359 5732 ’
3503 5731 3514 5740 “
