4152 6182
257 315 346 378 377
965 311 1335 370 MORALIUM
1393 315 1526 372 LIB.
1588 316 1792 375 XXVI.
1833 348 1904 362 —-
1942 319 2012 377 IN
2048 317 2278 390 CAPUT
2339 321 2578 378 XXXVI
2619 323 2680 378 B.
2721 324 2863 380 JOB.

3470 335 3574 394 378

255 447 400 518 plina
425 449 602 500 autem
630 449 817 498 nostra
840 441 1090 498 subditos
1117 449 1273 499 tanto
1301 442 1495 501 divino
1518 443 1731 517 judicio
1793 448 1851 503 li-
1882 450 1935 512 A
1964 449 2194 522 quidem
2233 449 2294 506 in
2333 449 2597 522 potentia,
2633 450 2727 508 sed
2756 459 3034 524 potentem
3079 473 3136 516 se
3181 475 3298 517 esse
3340 463 3569 534 nescire;

253 535 489 592 beriores
505 531 701 600 reddit,
723 539 928 604 quanto
958 531 1049 588 hic
1077 549 1266 589 eorum
1296 535 1485 607 culpas
1512 535 1630 591 sine
1651 537 1849 594 vindi—

251 635 333 685 cta
361 643 466 682 non
494 623 711 680 deserit.
744 623 1022 679 Servanda
1049 623 1234 697 itaque
1263 631 1342 680 est
1371 624 1428 680 in
1458 624 1621 682 corde
1652 624 1849 682 humi-

259 717 393 784 litas,
431 723 484 770 et
513 716 568 769 in
599 731 762 786 opere
793 713 1104 786 disciplina.
1124 717 1303 788 Atque
1325 716 1468 772 inter
1489 716 1606 772 hzec
1621 717 1848 773 solerter

256 807 586 875 intuendum,
617 823 687 862 ne
709 807 842 862 dum
874 807 1292 864 immoderatius
1330 810 1641 866 custoditur
1671 810 1848 866 virtus

255 899 593 968 humilitatis,
624 899 914 954 solvantur
935 898 1063 970 jura
1091 899 1410 971 regiminis;
1441 901 1635 956 etdum
1659 903 1847 973 praela-

253 1001 332 1049 tus
356 989 587 1064 quisque
619 988 744 1060 plus
772 1004 830 1042 se
859 1004 1020 1060 quam
1051 988 1206 1044 decet
1231 989 1442 1061 dejicit,
1499 991 1848 1047 subditorum

255 1084 403 1138 vitam
432 1079 706 1150 stringere
736 1077 839 1134 sub
867 1077 1178 1150 disciplina:
1221 1079 1444 1136 vinculo
1497 1099 1610 1137 non
1654 1082 1845 1154 possit.

253 1172 546 1228 Teneamns
574 1162 706 1240 ergo
733 1167 980 1224 exterius
1011 1169 1156 1240 quod
1209 1186 1308 1242 pro
1336 1170 1571 1227 aliorum
1613 1172 1850 1228 utilitate

253 1259 596 1331 suscipimus,
620 1265 907 1314 teneamus
937 1257 1170 1314 interius
1197 1259 1345 1331 quod
1375 1259 1442 1315 de
1480 1269 1670 1318 nostra
1695 1262 1852 1318 aesti-

253 1350 474 1406 matione
507 1348 801 1406 sentimus.
844 1347 952 1404 Sed
998 1357 1180 1405 tamen
1213 1351 1470 1408 decenter
1515 1353 1852 1425 quibusdam

254 1440 661 1512 erumpentibus
713 1439 886 1511 signis
941 1440 1075 1496 tales
1113 1458 1212 1496 nos
1257 1442 1405 1514 apud
1438 1459 1538 1499 nos
1585 1461 1702 1500 esse
1741 1445 1853 1517 ipsi

254 1530 401 1586 etiam
431 1529 530 1603 qui
565 1528 727 1586 nobis
755 1528 1034 1586 commissi
1051 1539 1180 1588 sunt
1201 1548 1312 1587 non
1328 1533 1605 1608 ignorent,
1631 1543 1694 1591 ut
1709 1545 1764 1592 et
1786 1535 1854 1592 de

253 1619 569 1674 auctoritate
596 1627 784 1677 nostra
811 1619 959 1692 quod
987 1620 1290 1677 formident
1319 1623 1565 1693 videant,
1588 1633 1642 1681 et
1661 1625 1728 1682 de
1749 1625 1853 1682 hn-

251 1707 470 1765 militate
502 1709 653 1782 quod
691 1709 982 1766 imitentur
1024 1719 1344 1784 agnoscant.
1409 1714 1632 1769 Servata
1669 1724 1851 1771 autem

249 1799 567 1857 auctoritate
595 1798 904 1871 regiminis,
934 1799 1004 1857 ad
1021 1817 1117 1858 cor
1135 1808 1385 1858 nostrum
1401 1801 1518 1858 sine
1540 1804 1844 1861 cessatione
1871 1814 1918 1874 Β

248 1887 553 1958 redeamus,
575 1897 626 1944 et
641 1889 1050 1946 consideremus
1063 1891 1282 1948 assidue
1303 1891 1450 1964 quod
1464 1909 1656 1949 sumus
1670 1911 1848 1966 aequa-
1951 1948 1958 1955 .

247 1977 374 2032 liter
394 1994 524 2034 cum
545 1978 752 2035 caeteris
776 1978 1010 2048 conditi,
1041 1996 1154 2036 non
1175 1981 1322 2053 quod
1349 1983 1728 2054 temporaliter
1747 2000 1850 2039 cae-

246 2065 374 2122 teris
401 2067 636 2139 praelati.
659 2068 904 2124 Potestas
931 2069 1080 2124 enim
1110 2077 1318 2144 quanto
1348 2072 1592 2128 exterius
1619 2073 1849 2142 eminet,

247 2161 393 2211 tanto
421 2157 599 2228 premi
641 2157 877 2214 interius
917 2157 1097 2228 debet,
1129 2176 1198 2216 ne
1219 2161 1610 2232 cogitationem
1637 2163 1848 2230 vincat,

244 2259 308 2301 ne
335 2244 393 2300 in
423 2244 850 2303 delectationem
877 2247 964 2304 sui
997 2247 1247 2305 animum
1279 2250 1476 2322 rapiat,
1511 2267 1581 2306 ne
1602 2249 1718 2322 jam
1750 2251 1854 2307 sub

245 2350 298 2391 se
322 2351 478 2391 mens
504 2352 625 2392 eam
657 2352 842 2410 regere
872 2353 984 2394 non
1012 2337 1205 2410 possit,
1235 2339 1328 2396 cui
1356 2356 1413 2396 se
1457 2339 1691 2397 libidine
1743 2341 1854 2398 do-

255 2427 502 2484 minandi
531 2430 815 2503 supponit.

302 2515 394 2573 47.
436 2519 724 2575 Ροιεδιαιὶε
756 2519 1027 2576 humiliter
1063 2520 1452 2576 administratis
1480 2523 1774 2591 exemptum
1802 2521 1856 2575 in

238 2605 438 2662 David.
472 2606 898 2661 —BeneDavid
918 2607 1074 2678 regni
1093 2607 1394 2679 potentiam
1415 2624 1600 2679 regere
1609 2617 1856 2687 noverat,

237 2693 334 2765 qui
351 2692 657 2748 elationem
687 2691 926 2764 ejusdem
958 2695 1215 2766 potentia:
1231 2696 1579 2768 semetipsum
1598 2713 1857 2768 premen-

244 2780 312 2838 do
343 2780 630 2848 vincebat,
653 2781 842 2838 dicens
867 2802 878 2839 :
909 2785 1154 2850 Domine,
1185 2803 1292 2840 non
1320 2793 1392 2840 est
1443 2789 1736 2843 exaltatum
1764 2807 1856 2845 cor

242 2889 408 2928 meum
431 2871 610 2940 (Psal.
625 2888 799 2938 cxxx,
827 2873 901 2944 1).
917 2873 1130 2946 Quippe
1145 2873 1202 2930 in
1227 2873 1344 2945 ejus
1359 2874 1692 2934 humilitatis
1711 2895 1855 2950 aug-

249 2968 494 3016 mentum
527 2958 823 3031 subjunxit
847 2979 858 3016 :
891 2962 1070 3032 Neque
1097 2963 1222 3018 elati
1248 2965 1521 3020 suntoculi
1536 2966 1652 3022 mei.
1673 2968 1854 3039 Atque

249 3049 450 3106 addidit
483 3067 496 3106 :
531 3049 712 3120 Neque
739 3051 1010 3106 ambulavi
1039 3052 1095 3105 in
1111 3051 1338 3123 magnis.
1371 3054 1443 3108 Et
1470 3053 1651 3110 adhuc
1667 3055 1855 3111 subti-

252 3139 452 3196 lissima
485 3139 848 3212 semetipsum
869 3141 1228 3214 inquisitione
1258 3142 1580 3213 discutiens,
1612 3146 1856 3204 ait:Ne-

251 3245 339 3300 que
365 3231 420 3284 in
447 3229 794 3286 mirabilibus
821 3247 979 3302 super
991 3249 1088 3288 me.
1107 3232 1418 3307 Omnesque
1438 3235 1603 3292 etiam
1633 3237 1854 3308 cogita—

248 3318 410 3376 tiones
428 3335 560 3376 suas
580 3337 611 3376 a
644 3320 820 3378 fundo
849 3321 1032 3379 cordis
1059 3323 1413 3395 exhauriens,
1442 3331 1587 3390 835
1607 3327 1852 3400 subjun-

252 3417 338 3488 git,
362 3418 554 3476 dicens
577 3437 588 3474 :
618 3419 678 3476 Si
705 3437 814 3475 non
839 3422 1112 3477 humiliter
1135 3424 1418 3480 sentiebam
1453 3428 1576 3483 'sed
1615 3426 1853 3482 excitavi

239 3497 478 3567 animum
517 3527 709 3567 meam.
767 3511 908 3569 Ecce
939 3512 1272 3570 humilitatis
1302 3515 1537 3581 hostiam
1554 3517 1621 3573 ab
1651 3517 1852 3573 intimo

251 3599 423 3656 cordis
440 3600 684 3657 oblatam
701 3600 893 3658 crebro
914 3602 1166 3674 replicat,
1183 3612 1237 3658 et
1253 3604 1451 3660 iterum
1468 3613 1630 3678 atque
1648 3606 1848 3661 iterum

251 3689 570 3746 conﬁtendo
595 3689 784 3747 oil‘erre
830 3707 945 3748 non
970 3701 1175 3759 cessat;
1213 3709 1440 3765 eamque
1468 3695 1852 3766 multipliciter

251 3789 472 3852 loquens
494 3777 703 3852 judicis
723 3781 810 3837 sui
838 3781 1015 3838 oculis
1043 3789 1300 3837 ostentat.
1332 3782 1477 3849 Quid
1511 3789 1592 3838 est
1626 3783 1770 3839 hoc?
1799 3791 1852 3840 et

252 3871 516 3945 quomodo
539 3871 689 3928 istud
717 3872 1048 3930 sacriﬁcium
1077 3873 1191 3928 Deo
1223 3873 1244 3906 ²
1261 3873 1472 3945 placere
1501 3881 1848 3945 cognoverat,

253 3961 385 4029 quod
398 3961 454 4018 in
473 3970 778 4034 conspectu
797 3961 916 4033 ejus
931 3970 1082 4018 tanta
1108 3963 1396 4019 iteratione
1416 3963 1570 4019 vocis
1586 3963 1851 4019 immola-

253 4045 354 4117 bat,
373 4051 474 4108 nisi
492 4051 650 4124 quod
663 4050 848 4108 vicina
863 4066 978 4107 esse
999 4051 1252 4124 superbia
1269 4053 1589 4125 potentibus
1605 4053 1764 4121 solet,
1796 4061 1850 4109 et

256 4152 375 4207 pene
403 4157 621 4212 semper
649 4141 812 4196 rebus
840 4140 1194 4198 afﬂuentibus
1223 4141 1388 4197 elatio
1424 4142 1684 4212 sociatur,
1719 4141 1851 4216 quia

257 4234 303 4281 et
326 4245 457 4301 sape
487 4229 746 4286 humoris
777 4229 1115 4286 abundantia
1145 4230 1408 4287 duritiam
1442 4231 1537 4288 dat
1569 4232 1801 4289 tumoris
1822 4232 1850 4289 *ἲ

321 4314 452 4389 [νει.
483 4320 627 4376 XXI
636 4317 721 4392 V.]
752 4318 842 4375 48.
874 4321 1024 4376 Rara
1053 4319 1368 4376 humilitatis
1397 4327 1445 4375 et
1468 4322 1741 4392 potestatis
1769 4337 1848 4376 so-

257 4404 415 4464 cietas.
439 4439 511 4452 --
542 4409 747 4465 Mirum
777 4425 909 4465 vero
943 4409 1103 4464 valde
1124 4416 1204 4464 est
1233 4425 1358 4465 cum
1389 4409 1447 4464 in
1470 4409 1728 4466 cordibus
1745 4427 1850 4466 su-

257 4493 495 4557 blimium
528 4508 722 4572 regnat
748 4500 1038 4556 humilitas
1067 4515 1302 4556 morum.
1335 4499 1490 4556 Unde
1507 4499 1846 4572 pensandum
1879 4530 1928 4588 Β

259 4592 331 4640 est
355 4589 478 4662 quia
501 4597 752 4662 potentes
781 4590 986 4664 quique
1005 4605 1130 4645 cum
1153 4588 1439 4644 humiliter
1458 4590 1697 4661 sapiunt,
1715 4589 1844 4645 cul-

261 4689 376 4731 men
392 4687 668 4736 extraneae
684 4687 739 4735 et
753 4678 906 4752 quasi
923 4679 1080 4748 longe
1098 4677 1286 4750 positae
1306 4677 1526 4734 virtutis
1545 4679 1844 4751 attingunt,

261 4771 308 4818 et
331 4775 468 4824 recte
494 4768 603 4826 hac
654 4769 859 4826 virtute
897 4767 1192 4825 Dominum
1239 4768 1568 4841 quantocius
1607 4770 1844 4842 placant,

261 4854 378 4923 quia
405 4856 544 4914 illud
573 4859 624 4914 ei
650 4861 671 4894 ³
702 4859 1030 4916 sacriﬁcium
1063 4857 1349 4915 humiliter
1395 4859 1651 4927 otl‘erunt,
1700 4859 1846 4934 quod

262 4951 498 5011 potentes
525 4947 778 5005 invenire
806 4948 904 5004 vix
933 4955 1178 5020 possunt.
1211 4947 1584 5005 Subtilissima
1613 4965 1847 5022 namque

262 5046 341 5088 ars
359 5034 582 5094 vivendi
610 5045 692 5096 est
711 5039 931 5095 culmen
945 5045 1148 5108 tenere,
1167 5037 1398 5110 gloriam
1426 5054 1702 5112 premere;
1735 5055 1848 5096 esse

335 5259 346 5331 ξ
386 5261 613 5331 Turon.,
645 5264 694 5318 si
722 5265 974 5320 exaltu-vi.

269 5398 277 5406 ι
331 5329 350 5364 ³
378 5329 644 5410 Emendat
660 5335 822 5410 hunc
847 5337 1027 5393 locum
1057 5335 1329 5393 Jamezius
1360 5353 1429 5410 ex
1454 5337 1582 5410 Mss.
1606 5337 1848 5410 Anglic,

267 5403 318 5478 in
346 5403 721 5478 quibuslegit,
747 5409 956 5478 placere
989 5425 1094 5461 non
1124 5415 1358 5463 noverat.
1392 5409 1452 5464 ln
1485 5409 1613 5470 Mss,
1644 5403 1853 5465 nostris

265 5469 441 5545 Norin.
475 5483 528 5530 et
551 5469 777 5545 ini—iliis,
807 5495 1022 5534 necnon
1054 5479 1111 5532 in
1145 5479 1394 5545 Vulgatis
1425 5489 1590 5536 veter.
1634 5488 1728 5537 aut
1752 5497 1849 5536 re-

267 5543 590 5620 centioribus
617 5543 795 5604 exstat
825 5550 988 5606 lectio
1007 5564 1168 5620 quam
1198 5543 1572 5608 exhibuimus.

331 5615 606 5739 3tTuron.,
635 5621 858 5690 Pratel.,
889 5615 1057 5688 Uticf,
1097 5621 1419 5692 sacriﬁcium
1453 5630 1686 5695 potentes
1714 5626 1851 5696 olfe-

331 5704 358 5739 η
391 5727 403 5739 .

270 5700 358 5740 run
367 5700 403 5742 ε.

335 5758 353 5791 ⁸
381 5757 606 5834 Turoni,
636 5765 708 5822 ad
739 5765 1011 5837 repetenda
1061 5763 1245 5824 noxia.

1957 539 2026 596 ad
2057 539 2344 612 largienda
2373 540 2518 597 bona
2547 548 2821 614 potentem
2852 558 2910 598 se
2938 561 3284 617 cognoscere,
3311 553 3332 586 ⁴
3371 551 3442 608 ad
3477 570 3574 610 re—

1957 629 2246 700 pendenda
2273 630 2442 686 noxia
2471 647 2632 686 omne
2671 630 2820 704 quod
2850 641 3101 703 potenter
3129 636 3275 692 valet
3297 638 3568 710 ignorare.

1958 716 2122 772 Recte
2152 717 2334 790 itaque
2364 719 2430 774 de
2463 719 2672 776 talibus
2701 719 2940 777 dicitur:
2998 723 3140 778 Deus
3190 732 3423 796 potentes
3468 747 3574 786 non

1957 807 2158 875 objicit,
2189 826 2306 862 cum
2333 815 2380 863 et
2437 811 2543 880 ipse
2572 811 2641 863 sit
2663 817 2868 881 potens.
2903 813 3080 868 Deum
3114 814 3319 887 quippe
3365 815 3571 877 imitari

1959 895 2254 965 desiderat,
2287 897 2380 970 qui
2429 898 2710 970 fastigium
2769 902 3029 972 potentias
3084 903 3281 960 alienis
3329 904 3574 963 intentus

1957 985 2318 1054 utilitatibus,
2349 995 2404 1042 et
2434 1005 2544 1044 non
2576 989 2690 1044 suis
2722 989 2984 1046 laudibus
3005 993 3182 1048 elatus
3199 993 3569 1062 administrat,

1959 1075 2054 1148 qui
2087 1076 2341 1146 praelatus
2367 1079 2580 1132 cmteris
2610 1078 2864 1150 prodesse
2893 1081 3122 1152 appetit,
3177 1098 3288 1138 non
3321 1099 3566 1155 praeesse.

1959 1163 2212 1219 Tumoris
2241 1181 2476 1236 namque
2505 1167 2692 1234 elatio,
2741 1185 2852 1224 non
2891 1169 3031 1225 ordo
3062 1171 3350 1243 potestatis
3380 1171 3439 1228 in
3465 1171 3570 1228 cri-

1961 1253 2110 1308 mine
2141 1260 2241 1307 est.
2264 1254 2575 1310 Potentiam
2595 1257 2749 1312 Deus
2775 1258 2994 1326 tribuit,
3017 1261 3312 1317 elationem
3337 1278 3467 1318 vero
3480 1278 3570 1334 po-

1960 1342 2146 1398 tentia:
2177 1341 2386 1398 malitia
2405 1351 2605 1398 nostrae
2622 1347 2827 1404 mentis
2849 1347 3084 1404 invenit.
3122 1350 3404 1408 Tollamus
3443 1368 3571 1424 ergo

1963 1431 2105 1505 quod
2139 1431 2205 1486 de
2234 1437 2424 1487 nostro
2474 1433 2833 1503 contulimus,
2892 1443 2947 1490 et
2979 1435 3126 1491 bona
3155 1446 3284 1493 sunt
3309 1455 3428 1510 quas
3458 1441 3572 1496 Deo

1963 1522 2228 1594 largiente
2257 1520 2618 1593 possidemus.
2647 1523 2790 1592 Quia
2830 1525 2978 1581 enim
3030 1543 3375 1602 nequaquam
3423 1527 3576 1600 justa

1963 1610 2229 1684 potentia,
2259 1610 2354 1668 sed
2381 1612 2527 1669 actio
2554 1628 2724 1686 prava
2778 1613 3093 1684 damnatur,
3152 1627 3275 1690 apte
3327 1615 3572 1690 subjun-

1963 1700 2110 1772 gitur
2135 1717 2149 1756 :

2350 1789 2577 1846 CAPUT
2609 1793 2821 1850 xxvn
2850 1791 2994 1867 [Rec.
3030 1793 3177 1869 XX].

2030 1877 2202 1934 Vsus.
2233 1875 2287 1934 6.
2317 1906 2386 1919 —
2413 1879 2513 1936 Sed
2540 1897 2644 1936 non
2672 1883 3072 1956 salvatimpios,
3097 1893 3145 1940 et
3157 1885 3426 1956 judicium
3435 1903 3573 1958 pau-

1954 1968 2170 2040 peribus
2185 1967 2387 2025 tribuit.

2029 2058 2120 2114 49.
2150 2059 2290 2113 Deus
2299 2059 2569 2130 potestatis
2580 2061 2884 2134 superbiam
2905 2079 3010 2118 non
3031 2063 3390 2123 celsitudinem
3409 2068 3574 2123 dam-

1960 2153 2074 2203 nat.
2099 2178 2169 2189 -
2197 2148 2480 2221 Scriptura
2507 2167 2658 2208 sacra
2680 2152 3010 2225 plerumque
3049 2171 3340 2226 pauperes,
3373 2155 3565 2214 humi-

1962 2235 2042 2291 les
2075 2251 2270 2291 vocare
2319 2237 2624 2293 consuevit.
2685 2238 2840 2294 Unde
2869 2239 2927 2296 in
2971 2241 3274 2314 Evangelio
3302 2259 3428 2300 cum
3466 2244 3574 2300 ad-

1957 2323 2201 2396 jectione
2260 2324 2486 2395 spiritus
2541 2325 2922 2394 nominantur,
2977 2329 3108 2386 dum
3149 2330 3390 2387 dicitur:
3424 2319 3577 2389 Beati

1957 2431 2218 2485 pauperes
2241 2415 2456 2486 spiritu,
2475 2416 2726 2486 quoniam
2741 2417 2975 2487 ipsorum
2999 2426 3071 2474 est
3091 2437 3307 2491 regnum
3326 2423 3576 2477 caelorum

1963 2503 2184 2572 (Matth.
2216 2519 2272 2571 v,
2305 2503 2381 2575 3).
2402 2505 2422 2538 ³
2441 2504 2582 2572 Quia
2602 2504 2750 2560 enim
2771 2506 2986 2564 divitiae
3010 2508 3308 2565 visibiliter
3327 2519 3578 2583 potentes

1964 2591 2284 2658 ostendunt,
2306 2593 2451 2664 apud
2480 2595 2802 2666 semetipsos
2834 2614 3096 2670 pauperes
3123 2609 3274 2668 sunt,
3309 2601 3405 2673 qui
3447 2600 3579 2658 elati

1967 2684 2024 2741 in
2053 2685 2170 2740 suis
2199 2686 2556 2742 conscientiis
2575 2704 2688 2743 non
2710 2696 2860 2744 sunt.
2884 2691 2996 2745 Eos
3025 2705 3154 2744 vero
3176 2689 3376 2762 impios
3391 2700 3570 2761 vocat,

1965 2773 2061 2846 qui
2089 2781 2184 2830 aut
2212 2791 2244 2829 a
2261 2774 2392 2830 ﬁdei
2424 2776 2621 2848 pietate
2641 2776 2907 2849 disjuncti
2929 2787 3079 2847 sunt,
3103 2786 3198 2835 aut
3218 2779 3274 2835 in
3303 2779 3408 2837 hoc
3428 2779 3578 2854 quod

1965 2862 2200 2920 ﬁdeliter
2227 2865 2459 2922 credunt
2489 2867 2673 2938 pravis
2710 2867 2816 2923 sibi
2872 2869 3118 2925 moribus
3157 2870 3570 2926 contradicunt.

1963 2957 2103 3025 Quia
2129 2976 2258 3030 ergo
2286 2961 2636 3032 omnipotens
2665 2963 2820 3018 Deus
2851 2962 3078 3017 malitiae
3098 2961 3434 3032 superbiam,
3464 2977 3578 3017 non

1965 3047 2226 3120 potentiae
2246 3049 2631 3105 celsitudinem
2649 3050 2897 3118 damnat,
2921 3059 3209 3122 postquam
3225 3049 3436 3107 dictum
3459 3056 3572 3108 est:

1885 3172 1928 3233 Ο
1963 3139 2104 3194 Deus
2129 3145 2364 3210 potentes
2382 3156 2491 3194 non
2529 3139 2732 3209 objicit,
2762 3156 2879 3194 cum
2909 3145 2956 3194 et
2985 3140 3094 3210 ipse
3120 3141 3192 3194 sit
3203 3145 3410 3212 pote-ns,
3432 3146 3577 3196 recte

1964 3226 2353 3299 subjungitur:
2391 3229 2490 3284 Sed
2517 3245 2622 3282 non
2651 3230 2825 3283 salvat
2856 3228 3064 3299 impios,
3090 3235 3138 3285 et
3148 3229 3414 3299 judicium
3441 3246 3576 3302 pau-

1955 3317 2175 3388 peribus
2207 3317 2410 3373 tribuit.
2445 3317 2504 3374 Id
2534 3323 2632 3384 est,
2672 3318 2843 3374 elatos
2884 3317 3142 3386 destruit,
3175 3317 3414 3374 humiles
3445 3335 3578 3375 vero

1961 3421 2057 3478 per
2077 3405 2354 3479 judicium
2377 3407 2578 3464 liberos
2607 3407 2810 3464 reddit.
2845 3407 2948 3465 Vel
2982 3407 3428 3480 certe-judicium
3445 3425 3574 3480 pau-

1961 3497 2182 3567 peribus
2203 3498 2420 3566 tribuit,
2433 3498 2563 3570 quia
2589 3497 2648 3554 hi
2671 3500 2764 3571 qui
2789 3515 2937 3556 nunc
2965 3499 3222 3572 nequiter
3240 3499 3577 3571 opprimun-

1959 3591 2074 3654 tur,
2104 3585 2211 3658 ipsi
2244 3592 2376 3644 tunc
2401 3603 2565 3660 super
2622 3603 2973 3659 oppressores
3028 3605 3156 3646 suos
3210 3587 3427 3660 judices
3470 3604 3576 3645 ve-

1959 3676 2147 3733 niunt.

2029 3765 2118 3820 50.
2141 3766 2507 3836 Reproborum
2524 3765 2625 3822 alii
2629 3764 2659 3835 j
2667 3765 2916 3820 udicantu
2927 3782 2976 3832 ν,
2995 3765 3096 3820 alii
3115 3781 3222 3818 non
3231 3763 3571 3832 judicantur.

1959 3881 2030 3896 —
2058 3854 2190 3909 Dum
2221 3855 2424 3926 quippe
2451 3862 2581 3909 sunt
2610 3861 2811 3924 partes,
2829 3852 3136 3908 electorum
3157 3849 3391 3919 scilicet,
3412 3859 3574 3923 atque

1958 3941 2338 4014 reproborum.
2372 3941 2478 3997 Sed
2507 3941 2624 3998 bini
2659 3941 2888 4004 ordines
2916 3942 3122 3998 eisdem
3150 3941 3384 4024 singulis
3409 3943 3573 4014 parti-

1959 4031 2063 4090 bus
2081 4031 2458 4088 continentur.
2490 4033 2604 4089 Alii
2635 4049 2884 4106 namque
2909 4031 3235 4104 judicantur
3247 4040 3303 4088 et
3322 4045 3572 4106 pereunt,

1959 4123 2054 4180 alii
2088 4139 2199 4179 non
2230 4121 2554 4195 judicantur
2573 4131 2630 4180 et
2651 4134 2906 4197 pereunt.
2940 4123 3054 4180 Alii
3077 4121 3402 4196 judicantur
3420 4132 3476 4182 et
3493 4143 3572 4183 re-

1959 4223 2148 4288 gnant,
2177 4215 2272 4272 alii
2303 4231 2414 4272 non
2439 4214 2764 4287 judicantur
2793 4229 2846 4276 et
2862 4221 3006 4300 836
3045 4223 3297 4287 regnant.
3317 4215 3570 4274 Iudican-

1957 4323 2050 4371 tur
2073 4321 2127 4370 et
2155 4323 2384 4386 pereunt
2410 4313 2611 4387 quibus
2641 4316 2663 4352 ⁸
2700 4314 3000 4372 Dominica
3029 4315 3420 4374 inclamatione
3437 4316 3572 4375 dici-

1957 4411 2048 4460 tur
2071 4421 2084 4458 :
2116 4402 2359 4468 Esurim,
2391 4409 2438 4458 et
2465 4420 2572 4458 non
2600 4403 2825 4459 dedistis
2851 4405 2982 4460 mihi
3010 4405 3369 4470 manducare;
3402 4405 3568 4473 silici,

1957 4500 2004 4547 et
2029 4510 2137 4548 non
2173 4493 2396 4548 dedistis
2423 4493 2553 4548 mihi
2575 4499 2760 4565 potum
2780 4512 2801 4559 ;
2829 4495 3010 4566 hospes
3030 4512 3196 4564 eram,
3227 4504 3275 4552 et
3291 4514 3398 4552 non
3414 4497 3568 4553 colle-

1956 4583 2108 4654 gistis
2142 4599 2222 4638 me
2243 4600 2264 4648 ;
2290 4585 2489 4652 nudus,
2518 4590 2566 4639 et
2588 4600 2696 4639 non
2721 4586 3008 4656 opermstis
3027 4602 3108 4645 me
3127 4603 3148 4651 ;
3165 4604 3301 4658 ceger
3313 4594 3362 4644 et
3381 4587 3438 4642 in
3453 4604 3570 4644 car-

1955 4689 2084 4740 cere,
2117 4679 2165 4726 et
2188 4689 2295 4738 non
2320 4673 2575 4728 oisitastis
2603 4691 2683 4730 me
2705 4675 2929 4743 (Matth.
2950 4691 3088 4744 xxv,
3111 4675 3200 4744 42,
3218 4676 3334 4748 43).
3359 4676 3570 4744 Quibus

1955 4762 2337 4834 praemittitur:
2371 4763 2629 4819 Discedite
2651 4781 2686 4819 a
2705 4781 2805 4832 me,
2835 4765 3121 4831 maledicti,
3142 4765 3196 4820 in
3224 4765 3393 4834 ignem
3421 4771 3568 4819 ater-

1956 4869 2104 4918 num,
2132 4853 2225 4924 qui
2249 4859 2476 4924 paratus
2506 4860 2579 4909 est
2606 4854 2818 4910 diabolo
2840 4861 2886 4908 et
2904 4855 3104 4924 angelis
3122 4853 3234 4922 ejus
3257 4851 3563 4922 (Ibid.,41).

1958 4941 2206 4998 Aliivero
2222 4942 2280 4998 in
2297 4950 2545 4998 extremo
2559 4942 2775 5015 judicio
2799 4959 2908 4999 non
2917 4941 3564 5014 judicanturetpereunt,

1957 5031 2024 5088 de
2045 5032 2248 5106 quibus
2266 5033 2539 5105 Propheta
2561 5034 2639 5090 ait
2659 5053 2670 5091 :
2707 5037 2726 5070 7
2755 5035 2880 5089 Non
2912 5035 3194 5102 resurgunt
3220 5027 3372 5100 impii
3392 5027 3446 5084 in
3459 5028 3567 5099 ju-

2029 5266 2050 5299 δ
2082 5265 2164 5320 Ita
2190 5281 2315 5320 cum
2349 5265 2560 5330 Baluz.,
2583 5262 2765 5328 Colb.,
2789 5259 3038 5328 Ebroic.,
3057 5267 3194 5328 etc.,
3226 5269 3438 5318 veteres
3456 5263 3560 5322 Ed.

1959 5338 2022 5392 In
2051 5351 2161 5390 rec.
2185 5334 2407 5404 legitur,
2439 5351 2568 5402 quos
2589 5334 2744 5389 enim.
2939 5403 2942 5404 ν
3013 5403 3022 5404 7
3313 5369 3318 5376 .

2031 5409 2052 5442 δ
2079 5403 2373 5478 Sequimur
2405 5404 2828 5478 Baluz.,_,Colb.,
2881 5403 3144 5478 V'Ai_ndoc.,
3194 5405 3337 5478 Utic.
3385 5417 3440 5464 et
3487 5408 3560 5464 al.

1960 5479 2112 5545 Mss,
2144 5475 2328 5550 potius
2347 5491 2510 5550 quam
2543 5475 2737 5532 Editos
2757 5475 2816 5532 in
2845 5475 3046 5548 quibus
3070 5486 3274 5546 exstat,
3303 5477 3566 5535 dominica

1961 5567 2078 5605 voce
2107 5549 2163 5604 in
2190 5549 2545 5603 dam-natione.

2031 5623 2050 5658 ⁷
2081 5623 2163 5679 Ita
2191 5621 2398 5696 laudati
2426 5621 2553 5676 Mss.
2587 5627 2641 5676 et
2676 5627 2786 5676 vet.
2822 5619 2952 5688 Ed.,
2976 5638 3007 5678 a
3029 5620 3231 5696 quibus
3249 5622 3564 5684 recedentes

1961 5701 2164 5754 recent.
2191 5693 2550 5768 praetulerunt
2576 5709 2682 5749 non
2705 5699 2992 5766 resin-gent.
