4152 6182
536 313 639 372 379

1755 307 2004 367 SANCTI
2040 305 2378 364 GREGORII
2433 305 2660 364 MAGNI

3740 307 3844 364 380

536 448 672 505 dicio
716 445 896 519 (Psal.
929 461 970 513 r,
999 444 1080 515 5).
1109 442 1180 497 Et
1205 441 1272 497 de
1293 440 1492 514 quibus
1520 438 1788 496 Dominus
1815 438 1953 496 dicit
1991 457 2002 496 :
2038 439 2142 508 Qui
2168 447 2219 505 Α
2243 433 2612 507 praestantiori
2639 433 2914 492 desiderio
2946 435 3070 508 plus
3097 433 3362 492 exhibere
3387 442 3654 508 appetunt
3677 451 3838 509 quam

537 543 712 594 autem
737 552 846 591 non
872 531 1054 598 credit,
1074 529 1193 601 jam
1211 530 1485 600 judicatus
1499 530 1776 602 est(Joan.
1799 547 1884 598 III,
1905 529 2021 601 18).
2067 531 2139 589 Et

539 627 605 684 de
633 625 832 700 quibus
857 622 1058 677 Paulus
1084 621 1193 676 ait:
1230 620 1334 687 Qui
1359 620 1470 674 sine
1513 621 1616 692 lege
1650 625 2011 691 peccaverunt,
2030 621 2140 674 sine

540 719 642 788 lege
657 714 908 787 peribunt
937 713 1113 782 (Rom.
1160 727 1223 780 ιι,
1283 711 1394 782 12).
1444 712 1758 782 Resurgunt
1789 727 1915 782 ergo
1971 709 2136 765 etiam

536 819 724 860 omnes
752 801 1024 869 inﬁdeles,
1049 799 1144 856 sed
1172 800 1242 856 ad
1257 807 1615 868 tormentum,
1634 817 1744 856 non
1761 800 1830 856 ad
1835 799 2134 871 judicium.

532 893 653 950 Non
683 889 830 947 enim
861 906 1052 946 eorum
1075 897 1205 946 tunc
1260 905 1422 946 causa
1477 889 1798 954 discutitur,
1834 891 1848 924 ³
1899 888 2031 962 quia
2067 889 2138 944 ad

533 988 886 1053 conspectum
910 980 1148 1037 districti
1160 979 1368 1052 judicis
1381 979 1496 1052 jam
1513 996 1638 1036 cum
1657 978 2008 1034 damnatione
2024 995 2138 1034 suae

533 1071 877 1128 inﬁdelitatis
904 1071 1194 1127 accedunt.
1251 1070 1650 1126 Professionem
1689 1086 1821 1125 vero
1849 1068 1981 1125 ﬁdei
2009 1068 2136 1124 reti-

535 1167 747 1228 nentes,
786 1159 883 1216 sed
910 1159 1266 1232 professionis
1295 1175 1459 1232 opera
1485 1175 1597 1216 non
1626 1157 1908 1226 habentes,
1939 1157 2137 1213 redar—

533 1259 710 1321 guunt
730 1257 794 1306 ut
821 1258 1064 1321 pereant.
1097 1248 1203 1317 Qui
1231 1266 1362 1305 vero
1392 1265 1492 1305 nec
1519 1248 1647 1304 ﬁdei
1677 1256 2015 1304 sacramenta
2039 1253 2136 1301 te—

534 1347 776 1396 nuerunt
793 1339 1221 1411 increpationem
1251 1337 1460 1411 judicis
1486 1339 1544 1394 in
1572 1345 1817 1394 extrema
1845 1335 2140 1392 examina-

533 1426 685 1484 tione
713 1444 825 1485 non
845 1427 1098 1496 audiunt,
1133 1427 1282 1500 quia,
1300 1425 1642 1498 praejudicati
1660 1423 2000 1480 inﬁdelitatis
2025 1426 2139 1479 suae

532 1516 794 1586 tenebris,
816 1515 935 1589 ejus
963 1533 1124 1589 quem
1153 1517 1516 1588 despexerant
1537 1515 1852 1571 invectione
1881 1513 2134 1586 redargui

533 1621 644 1660 non
675 1613 976 1661 merentur.
1001 1605 1090 1661 Illi
1118 1606 1310 1662 saltem
1326 1603 1536 1676 judicis
1554 1605 1723 1660 verba
1737 1603 1992 1673 audiunt,
2010 1603 2143 1677 quia

533 1692 652 1764 ejus
679 1693 809 1750 ﬁdei
836 1694 1029 1750 saltem
1057 1693 1226 1750 verba
1245 1701 1562 1750 tenuerunt.
1586 1695 1683 1750 Isti
1705 1693 1763 1749 in
1788 1693 2140 1750 damnatione

2249 525 2532 599 praeceptis
2561 523 2905 598 generalibus
2932 523 3124 581 audire
3161 533 3476 597 potuerunt.
3509 523 3726 592 Quibus
3752 525 3847 582 do-

2248 613 2452 670 minica
2474 629 2608 668 voce
2634 612 2875 670 dicitur:
2925 615 3022 673 Vos
3057 613 3150 684 qui
3178 615 3200 649 ⁴
3229 613 3522 684 reliquistis
3570 615 3772 683 omnia,
3804 621 3853 670 et

2247 702 2407 756 secuti
2453 701 2574 756 estis
2601 718 2701 770 me,
2730 719 2849 758 cum
2902 702 3094 758 sederit
3136 702 3308 758 Filius
3336 702 3561 758 hominis
3607 708 3754 766 837
3792 704 3854 760 in

2247 797 2362 852 sede
2390 795 2684 867 majestatis
2715 814 2844 867 suae,
2875 799 3114 854 sedebitis
3151 804 3197 852 et
3237 813 3328 852 vos
3373 814 3530 869 super
3577 800 3856 856 duodecim

2249 885 2483 952 thronos,
2551 885 2853 956 judicantes
2895 887 3168 942 duodecim
3211 885 3379 960 tribus
3417 887 3592 942 Israel
3633 889 3852 958 (Matth.

2245 989 2364 1041 XIX,
2398 973 2512 1046 28).
2546 975 2618 1030 Et
2645 974 2712 1030 de
2742 975 2943 1048 quibus
2962 973 3227 1048 propheta
3244 973 3357 1030 ait:
3382 973 3641 1031 Dominus
3663 977 3736 1032 ad
3761 975 3854 1047 ju-

2246 1062 2440 1117 dicium
2467 1065 2775 1134 veniet-pum
2803 1064 3098 1120 senioribus
3119 1063 3310 1135 populi
3322 1061 3407 1117 sui
3433 1063 3596 1134 (Isai.
3629 1079 3715 1132 III,
3738 1063 3849 1138 14).

2245 1153 2316 1208 Et
2344 1152 2416 1208 de
2445 1153 2648 1226 quibus
2677 1155 2957 1223 Salomon,
3009 1155 3034 1189 δ
3086 1169 3213 1211 cum
3267 1151 3334 1209 de
3363 1161 3566 1210 sancta
3595 1153 3854 1212 Ecclesia

2248 1257 2448 1312 sponso
2479 1242 2814 1316 loqueretur,
2846 1243 3037 1299 intulit
3063 1241 3290 1299 dicens:
3333 1241 3540 1298 Nobilis
3571 1241 3630 1297 in
3676 1245 3852 1316 portis

2249 1327 2335 1382 vir
2353 1328 2488 1398 ejus,
2519 1333 2732 1401 quando
2752 1332 2944 1386 sederit
2971 1347 3090 1386 cum
3116 1331 3448 1386 amatoribus
3477 1337 3632 1388 terrm
3658 1335 3852 1406 (Prov.

2247 1433 2411 1484 xxxi,
2437 1418 2554 1490 23).
2591 1420 2660 1475 Hi
2686 1421 2870 1494 itaque
2890 1421 2950 1476 in
2971 1429 3222 1477 extremo
3241 1419 3454 1493 judicio
3472 1437 3586 1478 non
3601 1422 3854 1496 judican-

2249 1513 2342 1562 tur
2369 1515 2425 1562 et
2453 1517 2701 1582 regnant,
2733 1511 2864 1583 quia
2891 1526 3017 1567 cum
3056 1517 3278 1568 auctore
3323 1527 3422 1567 suo
3451 1513 3614 1569 etiam
3638 1513 3855 1586 judices

2251 1595 2504 1653 veniunt.
2538 1599 2930 1672 Relinquentes
2958 1599 3161 1672 quippe
3195 1599 3381 1656 omnia
3433 1602 3556 1674 plus
3599 1611 3856 1677 prompta

2250 1682 2546 1742 devotione
2566 1689 2813 1745 exsecuti
2833 1697 2962 1744 sunt
2984 1690 3005 1724 ⁸
3026 1705 3191 1762 quam
3214 1686 3395 1760 juberi
3413 1691 3740 1762 generaliter
3756 1708 3851 1749 au-

534 1799 632 1839 sua
659 1783 851 1839 ωιθι-ηί
875 1783 1084 1856 judicis
1111 1799 1212 1840 nec
1240 1783 1406 1838 verba
1451 1781 1780 1854 percipiunt,
1839 1781 1968 1855 quia
2020 1780 2140 1853 ejus
2167 1797 2214 1858 Β
2246 1770 2489 1829 dierunt.
2521 1775 2756 1846 Speciali
2785 1793 3023 1850 namque
3045 1777 3294 1851 jussione
3310 1779 3496 1851 paucis
3511 1779 3854 1852 perfectiori-

533 1873 897 1928 reverentiam
928 1889 1031 1929 nec
1059 1872 1228 1929 verbo
1258 1879 1420 1927 tenus
1435 1872 1456 1906 ³
1477 1887 1692 1927 servare
1711 1871 2026 1927 voluerunt.
2045 1870 2134 1926 Illi

531 1959 779 2031 legaliter
805 1967 1056 2032 pereunt,
1088 1959 1217 2032 quia
1243 1959 1344 2015 sub
1383 1959 1499 2032 lege
1527 1959 1694 2032 positi
1724 1964 2130 2031 peccaverunt;

533 2050 653 2107 istis
682 2051 740 2106 in
768 2051 1076 2124 perditione
1096 2068 1194 2108 sua
1213 2050 1280 2107 de
1310 2051 1425 2123 lege
1449 2050 1591 2107 nihil
1608 2050 1816 2108 dicitur
1836 2051 1968 2125 quia
1987 2049 2131 2106 nihil

533 2138 668 2210 legis
697 2138 897 2194 habere
925 2139 1106 2196 conati
1135 2146 1284 2195 sunt.
1317 2137 1457 2211 [νει.
1477 2140 1580 2195 XX
1586 2139 1673 2213 V.]
1705 2139 1968 2210 Princeps
1981 2155 2134 2194 nam-

534 2243 640 2301 que
667 2234 939 2284 terrenam
960 2227 1356 2300 rempublicam
1373 2243 1586 2301 regens,
1603 2227 1762 2284 aliter
1781 2227 1944 2300 punit
1955 2226 2135 2284 civem

535 2316 768 2374 interius
786 2319 1222 2392 delinquentem,
1251 2327 1414 2392 atque
1441 2319 1602 2374 aliter
1647 2319 1894 2376 exterius
1917 2317 2136 2376 hostem

535 2407 913 2464 rebellantem.
936 2409 999 2464 In
1029 2407 1128 2464 illo
1150 2407 1279 2481 jura
1315 2425 1413 2464 sua
1452 2407 1714 2476 consulit,
1766 2424 2006 2480 eumque
2034 2405 2138 2463 sub

535 2496 719 2552 verbis
745 2497 924 2568 digna:
937 2495 1270 2553 invectionis
1283 2497 1492 2554 addicit
1514 2515 1528 2563 ;
1552 2504 1742 2554 contra
1759 2495 1971 2552 hostem
2005 2511 2138 2552 vero

415 2621 428 2628 ι
534 2583 678 2640 bella
702 2592 908 2652 movet,
941 2584 1306 2640 instrumenta
1335 2584 1662 2654 perditionis
1697 2592 1933 2651 exercet,
1953 2583 2139 2657 digna-

533 2687 638 2743 que
666 2670 785 2740 ejus
811 2670 1038 2726 malitiaa
1069 2679 1346 2728 tormenta
1385 2671 1664 2738 retribuit,
1699 2669 1768 2726 de
1806 2673 1950 2728 malo
2005 2688 2137 2728 vero

533 2756 652 2830 ejus
679 2757 813 2830 quid
829 2757 918 2814 lex
947 2757 1146 2814 habeat
1172 2775 1286 2815 non
1335 2759 1588 2832 requirit.
1617 2759 1806 2832 Neque
1833 2760 1984 2816 enim
2019 2759 2135 2832 lege

533 2864 752 2905 necesse
779 2855 863 2906 est
889 2848 1106 2923 perimi,
1137 2849 1231 2924 qui
1262 2850 1377 2922 lege
1416 2865 1696 2924 nunquam
1727 2849 1908 2924 potuit
1939 2849 2130 2907 teneri.

533 2938 613 2994 Ita
640 2955 768 3012 ergo
797 2938 855 2995 in
882 2945 1130 2996 extremo
1141 2937 1356 3012 judicio
1385 2949 1439 2998 et
1482 2939 1672 3012 legalis
1699 2938 1860 2995 illum
1893 2939 2134 2996 invectio

532 3027 770 3100 percutit
817 3028 912 3102 qui
954 3028 1024 3086 ab
1051 3044 1117 3084 eo
1145 3029 1294 3104 quod
1322 3029 1658 3104 professione
1686 3030 1886 3097 tenuit,
1918 3029 2134 3086 actione

2243 1861 2369 1930 bus,
2402 1871 2458 1919 et
2485 1879 2598 1921 non
2624 1867 2953 1937 generaliter
2993 1868 3278 1937 omnibus,
3325 1867 3530 1926 dicitur
3573 1869 3680 1928 hoc
3707 1871 3853 1946 quod

2245 1949 2563 2008 adolescens
2590 1951 2747 2011 dives
2775 1954 3030 2012 audivit:
3073 1958 3212 2014 Vade
3237 1964 3288 2013 et
3315 1959 3335 1993 ⁷
3365 1959 3525 2016 vende
3542 1959 3723 2016 omnia
3740 1977 3856 2034 quae

2245 2039 2425 2106 habes,
2453 2046 2504 2096 et
2527 2041 2600 2096 da
2619 2043 2968 2116 pauperibus,
2996 2050 3047 2100 et
3072 2045 3282 2102 habebis
3302 2047 3610 2104 thesaurum
3629 2049 3688 2103 in
3704 2051 3854 2114 calo,

2243 2129 2422 2184 etveni
2435 2136 2484 2185 et
2499 2147 2709 2201 sequere
2726 2148 2807 2188 me
2828 2134 3047 2206 (Matth.
3079 2149 3202 2202 xIx,
3224 2134 3340 2206 21).
3363 2134 3420 2192 Si
3437 2135 3585 2192 enim
3614 2138 3718 2196 sub
3747 2139 3858 2196 hoc

2243 2225 2520 2290 praecepto
2548 2229 2777 2277 cunctos
2796 2219 2974 2294 jussio
3001 2221 3270 2295 generalis
3297 2222 3644 2296 astringeret,
3679 2227 3701 2261 ⁸
3735 2227 3851 2283 cul-

2245 2323 2313 2380 pa
2340 2307 2584 2380 profecto
2608 2318 2750 2366 esset
2777 2311 2989 2386 aliquid
3043 2329 3144 2370 nos
3177 2312 3246 2370 de
3297 2313 3402 2373 hoc
3446 2316 3655 2374 mundo
3683 2318 3855 2391 possi-

2245 2396 2396 2454 dere.
2427 2398 2534 2455 Sed
2565 2399 2718 2456 aliud
2737 2410 2820 2458 est
2837 2401 2985 2475 quod
3012 2420 3108 2476 per
3136 2421 3343 2462 sacram
3360 2406 3700 2480 Scripturam
3729 2425 3856 2464 om-

2247 2484 2413 2540 nibus
2433 2487 2758 2558 generaliter
2779 2491 3118 2563 przecipitur,
3145 2492 3300 2548 aliud
3349 2494 3498 2566 quod
3537 2495 3856 2568 specialiter

2248 2573 2675 2646 perfectioribus
2697 2575 3016 2648 imperatur.
3047 2580 3116 2635 Hi
3140 2596 3268 2652 ergo
3298 2588 3445 2638 recte
3473 2582 3576 2640 sub
3605 2585 3847 2656 generali

2239 2662 2454 2736 judicio
2474 2681 2585 2721 non
2616 2673 2892 2736 tenentur,
2924 2669 2946 2702 ⁹
2993 2667 3089 2742 qui
3145 2675 3200 2726 et
3254 2681 3524 2745 praecepta
3581 2675 3852 2748 generalia

2243 2755 2487 2812 vivendo
2516 2757 2792 2815 vicerunt.
2825 2757 2981 2816 Sicut
3008 2759 3156 2817 enim
3187 2776 3300 2817 non
3323 2759 3647 2834 judicantur
3673 2775 3727 2824 et
3754 2783 3851 2840 pe-

2242 2851 2427 2913 reunt,
2459 2844 2554 2918 qui
2582 2845 2845 2902 suadente
2900 2846 3130 2920 perﬁdia
3163 2849 3210 2884 ¹⁰
3239 2849 3354 2923 lege
3382 2850 3554 2907 teneri
3582 2863 3851 2910 contem-

2245 2943 2408 3005 nunt,
2440 2935 2518 2992 ita
2543 2951 2656 2992 non
2679 2935 3004 3010 judicantur
3048 2944 3104 2993 et
3152 2946 3400 3011 regnant,
3431 2938 3546 3013 qui,
3576 2940 3852 2999 suadente

2247 3023 2471 3098 pietate,
2491 3025 2656 3082 etiam
2684 3027 2726 3060 ¹¹
2750 3025 2898 3082 ultra
2921 3027 3194 3098 generalia
3207 3026 3411 3084 divinae
3427 3026 3558 3101 legis
3577 3037 3856 3105 praecepta

533 3115 831 3205 declinavit
853 3133 869 3205 Ξ
891 3125 946 3205 et
974 3117 1076 3171 iste
1106 3117 1225 3172 sine
1246 3117 1447 3189 judicii
1482 3116 1796 3174 invectione
1815 3117 2130 3189 perimitur,
2169 3145 2212 3205 ο
2240 3111 2556 3185 proﬁciunt.
2586 3112 2730 3169 Hinc
2781 3123 2862 3205 est
2889 3115 3036 3205 quod
3089 3115 3310 3182 Paulus,
3366 3115 3532 3174 etiam
3588 3119 3852 3192 specialia

532 3203 627 3275 qui
656 3204 773 3273 lege
797 3201 926 3256 ﬁdei
946 3217 1058 3258 non
1083 3210 1322 3258 tenetur.

597 3290 685 3348 51.
719 3291 1027 3346 Electorum
1071 3307 1276 3362 quoque
1319 3290 1420 3347 alii
1455 3290 1729 3362 judicium
1755 3291 1996 3361 subeunt,
2035 3294 2138 3356 alii

528 3397 652 3450 non,
683 3379 773 3436 sed
789 3380 996 3452 judices
1023 3379 1216 3435 sedent.
1246 3409 1318 3421 —
1343 3379 1432 3436 Ex
1474 3379 1771 3438 electorum
1812 3397 1944 3439 vero
1985 3391 2138 3456 parte

527 3470 624 3526 alii
647 3468 972 3543 judicantur
997 3477 1052 3526 et
1070 3476 1320 3542 regnant,
1345 3468 1441 3542 qui
1463 3469 1592 3526 vitae
1613 3471 1856 3529 maculas
1875 3471 2138 3547 lacrymis

527 3567 765 3631 tergunt,
798 3559 895 3632 qui
925 3559 1070 3615 mala
1096 3558 1470 3632 praecedentia
1499 3557 1659 3617 factis
1678 3561 2035 3635 sequentibus
2055 3580 2134 3620 re-

527 3648 822 3719 dimentes,
857 3647 1130 3723 quidquid
1159 3649 1419 3706 illicitum
1448 3650 1746 3724 aliquando
1787 3651 2038 3710 fecerunt
2065 3653 2134 3710 ab

527 3737 703 3796 oculis
724 3737 932 3810 judicis
960 3739 1436 3814 eleemosynarum
1472 3741 1898 3814 superductione
1926 3758 2136 3814 coope-

527 3828 698 3885 riunt.
723 3828 937 3896 Quibus
949 3827 1131 3904 judex
1140 3830 1372 3888 veniens
1391 3830 1448 3886 in
1465 3829 1690 3889 dextera
1703 3831 2134 3889 consistentibus

526 3918 665 3976 dicit
689 3936 700 3974 :
728 3920 977 3987 Esuriui,
1011 3927 1062 3976 et
1088 3920 1308 3977 dedistis
1334 3921 1466 3976 mihi
1493 3922 1814 3978 manducare
1833 3939 1856 3986 ;
1900 3921 2066 3988 silici,
2087 3928 2136 3977 et

527 4008 744 4061 dedistis
779 4009 911 4062 mihi
939 4009 1144 4076 bibere;
1177 4013 1360 4080 hospes
1415 4027 1582 4076 eram,
1614 4015 1664 4064 et
1705 4010 1986 4080 collegistis
2011 4027 2092 4065 me
2111 4029 2133 4075 ,'

528 4093 721 4156 nudus,
751 4096 1152 4166 etcooperuistis
1180 4114 1260 4151 me
1279 4114 1301 4162 ;
1319 4097 1587 4168 inﬁrmus,
1603 4103 1652 4152 et
1667 4095 2020 4154 oisitastisme
2033 4117 2056 4164 ;
2075 4099 2130 4153 in

526 4195 917 4248 carcereeram,
949 4188 998 4237 et
1049 4184 1262 4238 venistis
1314 4183 1386 4238 ad
1440 4199 1519 4238 me
1569 4184 1792 4254 (Matth.
1842 4201 1977 4254 xxv,
2007 4185 2124 4258 35).

527 4266 742 4334 Quibus
766 4271 1072 4340 praemittit,
1129 4271 1320 4328 dicens
1342 4289 1371 4328 ;-
1426 4272 1621 4342 Venite,
1651 4273 1900 4330 benedicti
1944 4275 2128 4332 Patris

526 4355 648 4421 mei,
668 4356 928 4427 possidete
950 4365 1209 4432 paratum
1255 4360 1400 4416 vobis
1426 4378 1642 4434 regnum
1673 4381 1708 4418 a
1761 4363 2128 4420 constitutione

527 4444 724 4500 mundi.
759 4445 957 4516 (Ibid.,
987 4447 1102 4521 34).
1133 4448 1248 4505 Alii
1268 4459 1450 4508 autem
1481 4467 1592 4508 non
1611 4449 1936 4524 judicantur
1963 4461 2017 4510 et
2043 4469 2123 4510 re-

526 4540 695 4606 gnant
721 4533 995 4606 quietiam
1017 4547 1286 4610 pracepta
1303 4539 1435 4612 legis
1455 4542 1477 4576 ³
1500 4541 1833 4614 perfectione
1853 4541 2127 4600 virtutum

525 4621 941 4696 transcendunt,
971 4627 1102 4700 quia
1129 4643 1474 4702 nequaquam
1504 4629 1610 4687 hoc
1629 4631 1807 4687 solum
1829 4631 1976 4704 quod
1989 4647 2122 4688 cun-

525 4712 630 4770 ctis
657 4712 849 4770 divina
877 4714 968 4772 lex
995 4715 1244 4788 praecipit
1272 4717 1500 4788 implere
1555 4719 1802 4776 contenti
1848 4729 1998 4790 sunt,
2029 4720 2124 4777 sed

601 4943 777 5018 f_.‘_l_l.,_
794 4943 888 5015 qui
903 4946 976 5001 ad
997 4953 1338 5018 conspectum.

600 5014 869 5088 fVindOc.
879 5059 896 5084 ,
913 5014 1197 5088 Pratelfet
1209 5018 1305 5074 alii
1332 5019 1499 5076 Norm
1509 5063 1544 5088 .,
1563 5037 1776 5077 servare
1801 5025 2126 5082 maluerunt.

601 5084 768 5159 ML,
791 5087 1133 5159 perfectionis
1163 5090 1371 5147 virtute.

597 5154 621 5189 ‘
641 5153 871 5225 Turon,
893 5153 1190 5232 reliquistis
1218 5162 1396 5218 omnia
1427 5169 1618 5220 vestra.
1661 5163 1884 5232 Pratel.,
1906 5166 2048 5226 Utic.
2071 5177 2129 5226 et

563 5224 604 5280 Ῐ.
633 5225 845 5281 Norm..
877 5231 1166 5281 retinuisti:
1187 5241 1376 5281 capsis-1L

527 5232 604 5297 pl.
633 5232 845 5294 Norm.,
877 5232 978 5286 rel'
1015 5234 1166 5289 uistis
1187 5241 1378 5291 vestra.

547 5363 567 5380 ’λ
600 5295 876 5380 "(Vitiosa1
895 5249 1320 5380 intaussanvilq
1375 5307 1546 5380 Paris.
1593 5307 1752 5378 1605,
1784 5308 1978 5380 Gilot.,
2009 5329 2129 5368 cum

529 5363 810 5454 $3990“?
823 5371 1070 5454 Εσσιεείω
1095 5363 1320 5454 sponse!
1335 5379 1397 5454 In
1411 5363 2121 5454 ΙηὶδέρίόξάιῖἰειίίιέΝὸἑῶξ.

529 5433 756 5514 Turon.,
791 5433 1176 5519 veteribusque
1204 5433 1391 5505 Editis
1438 5433 2126 5526 Ph’r'isl'éi‘a'aiii.Bﬁiiiiié

528 5505 746 5577 legitur,
779 5524 992 5577 sponso.

731 5549 746 5574 ,
779 5527 992 5574 sponso.

600 5578 621 5669 ξ
651 5578 1414 5669 ΙξξιλέίίδελμρηεὶΒἋ-Ρτλιθμ
1430 5594 1637 5669 aliique
1666 5596 1877 5669 North”
1911 5611 2123 5669 necnon

527 5655 638 5732 xei.
660 5649 1215 5732 _Edi_i_.__rar_i§.'g‘lss
1240 5669 1290 5716 et
1350 5649 1629 5732 1518,36
1666 5649 2124 5725 Ὲᾲἐίἰῖἶέῐιὲῗίἧ

525 5721 694 5780 Gilot.
760 5722 918 5794 1571,
966 5723 1144 5783 Vatic.
1196 5731 1354 5802 1589,
1397 5742 1452 5790 et
1491 5721 2123 5812 suscitanti-£11m;

2247 3209 2518 3276 praecepta
2545 3201 2956 3272 transcendens,
2985 3204 3110 3276 plus
3161 3221 3324 3280 opere
3368 3205 3628 3265 exhibuit
3650 3275 3660 3284 .
3685 3225 3852 3283 quam

2248 3289 2597 3346 institutione
2616 3289 2996 3362 permissionis
3021 3293 3234 3366 accepit
3256 3295 3314 3366 (Ι
3337 3295 3578 3364 Thessar,
3603 3297 3680 3370 7).
3706 3297 3846 3356 Cum

2245 3377 2394 3434 enim
2423 3378 2722 3452 accepisset
2749 3389 2812 3436 ut
2839 3381 3204 3454 Evangelium
3234 3382 3538 3456 pradicans
3562 3385 3631 3442 de
3655 3386 3838 3442 Evan-

2247 3467 2388 3540 gelio
2418 3467 2654 3542 viveret,
2694 3477 2749 3526 et
2785 3470 3148 3544 Evangelium
3178 3471 3531 3532 audientibus
3583 3475 3844 3546 contulit,

2245 3565 2300 3615 et
2327 3564 2508 3613 tamen
2537 3557 2830 3632 Evangelii
2877 3560 3192 3633 sumptibus
3229 3562 3522 3620 sustentari
3548 3564 3845 3622 recusavit.

2243 3644 2355 3704 Cur
2382 3661 2510 3719 ergo
2537 3646 2641 3703 iste
2689 3645 2972 3719 judicetur
3023 3659 3085 3706 ut
3113 3659 3320 3724 regnet,
3367 3651 3463 3725 qui
3487 3651 3672 3708 minus
3699 3651 3848 3726 quod

2243 3745 2489 3792 servaret
2518 3736 2754 3809 accepit,
2785 3737 2881 3794 sed
2937 3737 3115 3810 majus
3143 3738 3292 3812 quod
3338 3739 3551 3796 viveret
3594 3740 3846 3798 invenit?

2241 3825 2470 3882 Dicatur
2497 3825 2669 3897 igitur
2699 3833 2881 3882 recte:
2939 3827 3210 3882 Iudicium
3261 3829 3590 3901 pauperibus
3639 3828 3845 3898 tribuit,

2241 3914 2370 3987 quia
2397 3922 2603 3986 quanto
2632 3912 2766 3970 huic
2788 3914 2998 3972 mundo
3028 3930 3226 3988 magna
3253 3914 3572 3974 humilitate
3600 3917 3844 3991 despecti

2239 4010 2389 4071 sunt,
2417 4009 2568 4058 tanto
2597 4009 2732 4061 tunc
2752 4004 2989 4078 acceptis
3010 4005 3234 4063 sedibus
3261 4005 3468 4080 majore
3487 4007 3729 4065 culmine
3743 4023 3840 4080 po-

2238 4091 2450 4148 testatis
2477 4101 2823 4150 excrescunt.
2853 4094 3006 4151 Unde
3034 4103 3089 4152 et
3115 4096 3364 4170 sequitur
3391 4113 3403 4151 :

2600 4179 2828 4239 CAPUT
2857 4182 3099 4241 xxvm
3130 4183 3274 4259 [Rea
3310 4184 3490 4262 XXI].

2309 4272 2478 4329 Vens.
2520 4273 2570 4329 7.
2601 4303 2674 4316 —
2701 4275 2823 4332 Non
2835 4275 3046 4346 auferet
3068 4295 3102 4332 a
3122 4276 3272 4348 justo
3301 4279 3480 4334 oculos
3506 4294 3648 4344 suos,
3667 4283 3717 4334 et
3759 4295 3838 4334 re-

2233 4379 2318 4434 ges
2343 4361 2401 4417 in
2427 4362 2560 4420 solio
2589 4365 2808 4421 collocat
2835 4365 2891 4420 in
2930 4373 3262 4438 perpetuum,
3318 4373 3368 4422 et
3393 4366 3507 4422 illic
3535 4365 3838 4438 eriguntur.

2307 4450 2398 4508 52.
2427 4451 2569 4508 Deus
2587 4451 2763 4522 justas
2795 4460 2919 4509 tunc
2946 4471 3000 4510 m
3019 4455 3139 4527 agis
3166 4456 3403 4529 respicit,
3431 4471 3547 4510 cum
3565 4454 3761 4527 injuste
3785 4455 3855 4526 af

2233 4539 2512 4612 ﬂiguntur.
2543 4570 2614 4582 -—
2661 4541 2976 4600 Abstulisse
3019 4543 3168 4600 enim
3214 4561 3248 4602 a
3287 4542 3453 4616 justis
3497 4543 3690 4603 oculos
3714 4558 3844 4600 suos

2232 4628 2460 4687 fortasse
2506 4627 2780 4688 Dominus
2826 4631 3104 4702 creditur,
3154 4633 3284 4708 quia
3334 4631 3666 4707 injustorum
3720 4648 3841 4688 cru-

2233 4718 2554 4778 delitatibus
2583 4721 2679 4779 hic
2706 4722 2825 4778 sine
2853 4721 3106 4782 vindicta
3131 4722 3462 4792 lacerantur;
3484 4721 3581 4780 sed
3599 4722 3840 4780 famulos

2237 4971 2397 5026 quam
2407 4955 2614 5025 jubere.

2309 5028 2329 5062 ⁷
2355 5027 2582 5108 ρτειιθιτ,
2615 5027 2772 5108 vende
2819 5044 2936 5100 quae
2971 5029 3144 5089 habes.
3176 5030 3366 5090 Baluz.
3396 5037 3452 5088 et
3481 5029 3666 5100 Colh.,
3687 5030 3842 5096 vade,

2239 5098 2484 5170 vende....
2514 5103 2564 5154 et
2588 5099 2727 5164 veni,
2757 5098 2966 5170 sequere
2983 5117 3082 5159 nte.

2311 5171 2332 5204 ⁸
2361 5169 2532 5242 Idem,
2558 5169 2972 5242 culpteprofecto
2993 5177 3140 5228 esset.

2309 5241 2478 5316 {Ala
2500 5241 2655 5316 suis
2670 5241 3010 5316 ειῑιηξισερεαο

2314 5314 2361 5386 Ψ
2380 5314 2471 5386 Ita
2499 5312 2760 5386 Vindoci,
2789 5312 3001 5384 NorinL,
3032 5316 3243 5386 Baluz.,
3276 5317 3435 5376 Colb.
3465 5324 3522 5374 et
3541 5325 3652 5373 vet.
3684 5315 3838 5373 Edit.

2238 5386 2298 5440 In
2315 5384 2464 5464 aliis,
2499 5385 2867 5464 legem_ten_ere.

2313 5457 2354 5490 ¹¹
2388 5457 2451 5510 In
2480 5454 2826 5528 edit.qvatic.
2863 5458 3018 5528 1589,
3051 5459 3218 5517 Gilot.
3253 5461 3412 5528 1571,
3444 5469 3500 5518 et
3527 5459 3845 5527 nonnullis,

2236 5528 2384 5583 ultra
2408 5526 2667 5602 generatis
2696 5527 2888 5586 divina:
2917 5526 3060 5602 legis.
3094 5526 3444 5589 Praetulimus
3473 5531 3619 5590 hanc
3645 5526 3840 5588 lectio;

2237 5614 2384 5684 nem,
2415 5599 2563 5684 ultra
2586 5601 2873 5670 generalia,
2922 5599 3050 5670 etc,
3096 5621 3228 5684 quis
3265 5611 3350 5661 est
3403 5605 3534 5684 Mss.
3583 5602 3846 5684 iugum,

2237 5670 2449 5798 lgor?”
2483 5668 2714 5740 Τιιτὶπι.³
2757 5668 2970 5731 necnon
3017 5668 3396 5748 antiquiorum
3441 5674 3550 5734 Ed.
3581 5668 3754 5732 Paris.
3789 5668 3851 5731 et

2285 5758 2366 5798 asi
2397 5784 2412 5798 .

2285 5758 2412 5800 38H.
