4152 6182
355 354 462 412 381

1073 357 1447 416 MORALIUM
1484 359 1619 417 LIB.
1666 361 1872 419 XXVI.
1913 393 1984 406 —
2023 364 2098 421 IN
2134 365 2362 425 CAPUT
2401 367 2642 426 XXXVI
2682 369 2744 423 Β.
2784 369 2938 425 JOB.

3565 380 3669 437 382

356 501 492 542 suos
518 491 654 539 tunc
689 481 858 553 magis
886 483 1129 553 respicit,
1160 500 1285 540 cum
1334 484 1535 558 injuste
1577 504 1670 543 eos
1699 490 1950 562 nequitia
1978 492 2029 552 A
2055 493 2169 550 Hoc
2197 510 2323 567 ergo
2350 495 2641 552 duodecim
2670 495 2909 563 thronis,
2941 499 3090 569 quod
3138 514 3250 555 uno
3281 502 3489 561 throno
3534 505 3666 562 Filii

357 572 737 646 persequentis
755 570 968 642 aﬂligit.
990 571 1198 628 Videns
1226 574 1375 630 enim
1406 576 1539 648 quid
1561 575 1653 633 hic
1674 576 1963 635 humiliter

355 664 614 729 tolerent,
639 660 903 716 nimirum
915 659 1030 732 jam
1052 662 1320 734 praevidet
1336 666 1472 738 quid
1504 666 1620 723 illic
1649 667 1728 722 eis
1749 668 1958 724 miseri-

356 752 601 810 corditer
628 758 1022 822 recompenset.
1054 753 1177 808 Non
1216 771 1344 827 ergo
1374 756 1552 812 aufert
1581 774 1611 812 a
1634 756 1789 828 justo
1818 773 1962 814 ocu-

359 843 440 899 los
467 859 614 898 suos.
638 842 779 899 Ecce
801 843 903 899 iste
925 843 1563 918 humiliteringemiscit,
1586 848 1681 902 ille
1712 848 1959 919 superbit

357 941 413 989 et
441 932 695 1004 nequiter
723 930 900 988 ﬂoret.
935 933 1041 989 Iste
1072 949 1166 989 cor
1193 935 1451 1002 conterit,
1478 936 1570 991 ille
1600 952 1657 992 se
1687 936 1753 991 de
1784 936 1959 1008 gloria

360 1022 673 1096 iniquitatis
700 1021 940 1078 extollit.
966 1022 1175 1077 Horum
1205 1040 1333 1095 ergo
1362 1025 1485 1097 quis
1515 1024 1723 1080 divinis
1752 1026 1956 1081 obtuti-

357 1114 461 1170 bus
494 1113 653 1183 longe
698 1117 801 1177 est,
836 1110 929 1184 qui
963 1109 1296 1182 injustitiam
1328 1114 1573 1184 pertulit,
1610 1132 1679 1170 an
1710 1116 1806 1187 qui
1836 1130 1956 1169 eam

356 1200 696 1276 patientibus
725 1199 1019 1271 irrogavit;
1070 1201 1163 1273 qui
1213 1218 1501 1273 supernam
1536 1205 1771 1275 gratiam
1812 1204 1957 1259 inter

358 1290 611 1348 mmroris
664 1290 918 1346 tenebras
971 1290 1173 1357 tenuit,
1221 1307 1290 1346 an
1337 1292 1430 1364 qui
1488 1293 1634 1349 inter
1679 1293 1957 1350 exteriora

357 1378 556 1451 gaudia
585 1379 771 1435 lumen
794 1377 1030 1449 justitiae
1059 1379 1210 1435 intus
1233 1380 1423 1436 amisit
1442 1382 1470 1435 ἶ)

430 1487 569 1562 [γει.
603 1486 829 1561 ΠΗ]
862 1487 949 1544 53.
982 1487 1093 1543 Cur
1120 1487 1309 1553 sancti,
1342 1489 1556 1559 regesin
1587 1490 1641 1546 S.
1674 1489 1955 1561 Scriptura

357 1585 633 1635 vocantur.
669 1580 885 1635 Sanctos
904 1580 960 1633 in
991 1578 1176 1633 throno
1206 1596 1325 1633 cum
1358 1580 1568 1636 Christo
1591 1581 1765 1637 sedere
1794 1588 1867 1636 est
1894 1598 1958 1635 ex

357 1667 472 1737 ejus
506 1673 761 1740 potestate
798 1667 1063 1737 judicare.
1110 1698 1181 1708 —
1230 1669 1373 1724 Bene
1417 1677 1598 1724 autem
1641 1668 1818 1724 sancti
1848 1668 1956 1723 viri

354 1753 657 1827 Scriptura:
698 1771 863 1813 sacra:
909 1755 1230 1812 testimonio
1279 1772 1429 1827 reges
1472 1765 1760 1823 vocantur,
1804 1756 1954 1827 quia,

2070 581 2406 654 designatur,
2450 585 2580 657 quia
2626 584 2883 640 videlicet
2930 586 3244 643 universale
3278 588 3559 660 judicium
3601 611 3667 651 ex

2068 672 2384 728 Mediatoris
2414 675 2587 728 nostri
2635 674 3041 731 interventione
3080 677 3407 750 percipitur.
3442 682 3671 739 Dicatur

2069 778 2230 832 ergo:
2264 764 2420 833 Reges
2443 765 2499 819 in
2532 764 2664 818 solio
2694 764 2917 819 collocat
2942 765 2999 819 in
3020 772 3357 837 perpetuum.

2139 852 2228 908 54.
2266 854 2581 909 Sanctorum
2620 854 2779 908 sessio
2817 860 2893 908 est
2920 861 3135 910 azterna.
3178 857 3343 911 Prius
3374 858 3665 926 humiliati,

2068 942 2428 1012 erigentur.—
2440 944 2580 1014 Apte
2598 950 2781 998 autem
2805 943 2861 997 in
2878 951 3201 1015 perpetuum
3224 945 3462 1001 subdens
3483 955 3668 1018 aperte

2067 1029 2201 1101 quid
2230 1030 2379 1087 dicat
2427 1032 2691 1087 insinuat.
2728 1031 2784 1087 Si
2814 1032 2962 1087 enim
3004 1033 3072 1088 de
3100 1034 3305 1089 terreni
3338 1036 3489 1107 regni
3525 1037 3668 1093 solio

2066 1118 2291 1186 diceret,
2326 1120 2642 1175 nullatenus
2673 1121 2731 1175 in
2764 1129 3085 1192 perpetuum
3112 1122 3470 1192 subdidisset,
3497 1128 3517 1160 ³
3541 1125 3670 1198 quia

2066 1207 2159 1278 qui
2191 1207 2330 1262 illud
2361 1208 2652 1279 arripiunt,
2680 1210 2921 1280 profecto
2943 1228 3052 1266 non
3076 1212 3214 1268 ineo
3241 1215 3297 1268 in
3320 1222 3665 1286 perpetuum,

2065 1297 2157 1353 sed
2187 1297 2564 1369 temporaliter
2593 1299 2953 1356 collocantur.
2989 1302 3133 1358 Bene
3160 1312 3347 1359 autem
3377 1304 3628 1360 subdidit
3653 1324 3664 1363 :

2066 1391 2138 1445 Et
2158 1387 2270 1441 illic
2287 1388 2583 1457 eriguntur.
2605 1389 2685 1443 Ac
2705 1388 2749 1442 si
2772 1388 3067 1445 intentioni
3090 1391 3367 1447 audientis
3391 1393 3666 1471 innueret.

2022 1472 2037 1487 ί
2066 1474 2291 1530 dicens:
2325 1475 2468 1542 Quia
2497 1477 2518 1510 ‘
2563 1475 2656 1531 hic
2684 1475 2963 1531 humiliati
2994 1485 3143 1545 sunt,
3186 1479 3305 1535 illic
3350 1482 3665 1551 eriguntur.

2067 1564 2282 1619 Sanctis
2311 1581 2547 1638 namque
2593 1566 2731 1620 viris
2779 1566 2879 1622 iste
2912 1567 3064 1622 locus
3104 1566 3441 1624 humilitatis
3473 1577 3575 1637 est,
3608 1578 3670 1624 ut

2068 1653 2161 1707 ille
2190 1655 2263 1709 sit
2296 1653 2660 1710 celsitudinis.
2680 1655 2838 1710 Unde
2857 1656 2992 1710 alias
3021 1656 3286 1727 scriptum
3304 1665 3415 1712 est:
3442 1659 3463 1693 ⁸
3487 1659 3669 1713 Humi-

2070 1742 2218 1796 liasti
2258 1760 2343 1797 eos
2372 1743 2427 1795 in
2460 1744 2569 1797 loco
2598 1744 2900 1815 a/ﬂictionis
2932 1743 3106 1814 (Psal.
3138 1762 3299 1813 xuii,
3333 1746 3448 1817 20).
3494 1747 3672 1802 Locus

353 1846 574 1918 praelati
604 1845 819 1902 cunctis
848 1844 1090 1902 motibus
1119 1845 1318 1913 carnis,
1347 1845 1509 1902 modo
1539 1846 1775 1900 luxuriae
1796 1861 1954 1917 appe-

2068 1830 2270 1902 quippe
2287 1829 2602 1886 aﬂlictionis
2624 1832 2835 1886 estvita
2857 1848 3116 1901 praesens.
3143 1833 3249 1900 Qui
3271 1850 3400 1906 ergo
3421 1834 3490 1889 ad
3513 1842 3665 1890 aeter-

354 1936 532 1991 titum
562 1935 796 2002 frenant,
828 1940 971 1998 838
1002 1935 1167 1992 modo
1213 1943 1407 1992 aestum
1450 1936 1696 1991 avaritiae
1740 1944 1951 2006 tempe-

351 2042 508 2101 rant,
541 2032 702 2090 modo
729 2034 954 2106 gloriam
985 2035 1241 2091 elationis
1272 2035 1563 2103 inclinant,
1584 2035 1747 2091 modo
1768 2048 1953 2105 sugge-

355 2125 595 2181 stionem
627 2125 819 2180 livoris
840 2126 1102 2194 obruunt,
1128 2126 1291 2183 modo
1313 2127 1495 2199 ignem
1517 2126 1722 2182 furoris
1743 2126 1953 2180 exstin-

355 2221 552 2286 guunt.
586 2213 755 2286 Reges
802 2231 930 2287 ergo
958 2223 1107 2283 sunt,
1154 2215 1283 2287 quia
1327 2216 1702 2271 tentationum
1732 2230 1956 2269 suarum

354 2302 602 2360 motibus
621 2320 730 2360 non
760 2303 1159 2361 consentiendo
1188 2304 1563 2372 succumbere,
1595 2303 1689 2361 sed
1723 2301 1957 2375 regendo

354 2410 585 2465 praeesse
613 2400 910 2450 noverunt.
929 2393 1069 2460 Quia
1089 2392 1259 2464 igitur
1278 2395 1345 2450 ab
1367 2394 1469 2451 hac
1499 2400 1769 2466 potestate
1802 2391 1957 2462 regi—

353 2483 526 2540 mini‘s
554 2483 625 2540 ad
653 2491 982 2557 potestatem
1002 2490 1291 2538 transeunt
1320 2484 1719 2548 retributionis,
1741 2482 1957 2537 dicatur

348 2580 541 2627 recte:
594 2573 756 2641 Reges
782 2570 840 2622 in
881 2570 1011 2623 solio
1049 2571 1273 2624 collocat
1298 2570 1354 2623 in
1379 2576 1710 2640 perpetuum.
1743 2568 1960 2623 Semet-

342 2662 513 2733 ipsos
543 2659 695 2715 enim
726 2657 982 2729 regendo,
1016 2656 1085 2713 ad
1114 2665 1329 2729 tempus
1358 2658 1572 2729 fatigati
1602 2665 1748 2724 sunt,
1778 2658 1870 2714 sed
1902 2658 1956 2712 in

343 2748 518 2821 regni
549 2747 847 2803 erectionis
889 2755 1104 2803 aeterna
1144 2748 1284 2803 solio
1330 2748 1387 2802 in
1419 2754 1740 2819 perpetuum
1772 2747 1954 2802 collo—

347 2845 585 2903 cantur;
612 2843 745 2892 eteo
767 2836 887 2892 illic
913 2838 1194 2908 accipiunt
1221 2837 1357 2892 alios
1380 2837 1544 2909 digne
1553 2836 1822 2907 judicare,
1847 2853 1956 2909 quo

349 2926 453 2984 hic
495 2925 751 2982 nesciunt
793 2924 1154 2997 sibimetipsis
1202 2926 1456 2998 nequiter
1512 2941 1749 2996 parcere.
1814 2926 1957 2981 Hinc

354 3016 507 3073 enim
533 3014 671 3070 alias
698 3013 935 3071 dicitur:
969 3014 1145 3070 Donec
1164 3013 1381 3084 justitia
1403 3021 1742 3070 convertatur
1772 3015 1830 3069 in
1850 3014 1958 3084 ju-

355 3108 556 3163 dicium
586 3108 760 3179 (Psal.
793 3124 950 3176 xcm,
978 3108 1090 3177 15).
1132 3109 1335 3163 Paulus
1363 3108 1431 3164 de
1469 3124 1524 3164 se
1565 3109 1787 3181 suisque
1814 3124 1957 3164 con-

2066 1938 2192 1977 nam
2228 1921 2457 1993 patriam
2489 1920 2743 1989 tendunt,
2766 1937 2913 1977 nunc
2943 1923 3265 1993 semetipsos
3293 1924 3671 1993 temporaliter

2067 2016 2124 2070 in
2159 2013 2479 2070 aﬂlictionis
2508 2014 2628 2070 loco
2657 2012 3068 2085 despiciunt,ut
3087 2022 3225 2071 tunc
3247 2014 3307 2070 in
3336 2014 3461 2072 loco
3477 2014 3664 2086 gaudii

2067 2102 2334 2159 veraciter
2363 2103 2754 2159 sublimentur.
2789 2103 3049 2176 Sequitur
3074 2121 3086 2158 :

2437 2210 2666 2267 CAPUT
2690 2212 2877 2266 XXIX
2910 2210 3055 2283 [Rea
3080 2210 3289 2284 XXII].

2138 2299 2311 2356 Vens.
2333 2298 2388 2366 8,
2418 2300 2473 2356 9.
2496 2330 2567 2341 —
2585 2300 2659 2355 Et
2677 2299 2723 2354 si
2746 2298 2951 2370 fuerint
2980 2300 3035 2353 in
3055 2300 3271 2368 catenis,
3301 2306 3348 2354 et
3367 2298 3672 2354 vinciantur

2066 2389 2284 2460 funibus
2320 2392 2676 2461 paupertatis,
2710 2392 2731 2425 δ
2778 2391 3031 2449 indicabit
3064 2392 3137 2446 eis
3174 2407 3337 2461 opera
3387 2406 3591 2455 eorum,
3621 2396 3671 2444 et

2066 2481 2262 2534 scelera
2289 2496 2489 2547 eorum,
2520 2480 2647 2550 quia
2675 2480 2889 2534 violenti
2918 2480 3140 2550 fuerint.

2137 2569 2226 2625 55.
2264 2570 2473 2626 Catenis
2504 2570 2663 2641 ligari
2691 2587 2744 2624 se
2766 2576 2959 2641 putant
2986 2569 3174 2638 sancti,
3206 2569 3447 2641 quandiu
3476 2569 3559 2624 hic
3590 2570 3668 2623 vi-

2065 2665 2213 2714 vunt.
2244 2689 2314 2700 —
2343 2658 2559 2715 Catenae
2580 2658 2939 2731 obligationis
2970 2666 3099 2713 sunt
3129 2659 3246 2730 ipsa
3276 2657 3460 2714 adhuc
3491 2667 3670 2715 reten-

2066 2747 2145 2802 tio
2194 2752 2338 2810 839
2387 2748 2863 2819 peregrinationis.
2915 2748 3166 2819 Ligatum
3215 2763 3271 2802 se
3322 2746 3409 2801 bis
3457 2746 3667 2802 catenis

2066 2844 2267 2900 Paulus
2306 2853 2610 2917 aspexerat,
2655 2861 2781 2902 cum
2820 2845 3064 2901 dicebat:
3099 2843 3435 2900 Desiderium
3477 2844 3670 2898 habens

2066 2933 2307 2997 dissolvi,
2338 2939 2385 2987 et
2412 2950 2527 2986 cum
2560 2933 2768 2988 Christo
2805 2950 2909 2987 esse
2940 2933 3164 3003 (Philip.
3202 2948 3241 2998 ι,
3276 2930 3393 3001 23).
3425 2931 3664 3000 Pauper-

2067 3021 2195 3076 tatis
2215 3020 2442 3075 funibus
2460 3021 2711 3076 vinctum
2741 3037 2797 3076 se
2820 3036 2935 3075 esse
2964 3019 3243 3085 cernebat,
3267 3017 3485 3089 quando
3508 3033 3664 3072 veras

2065 3108 2293 3165 divitias
2321 3108 2561 3177 intuens,
2595 3124 2684 3163 eas
2712 3108 2877 3163 etiam
2909 3107 3234 3179 discipulis"
3267 3105 3550 3174 exorabat,
3582 3104 3665 3161 di-

355 3197 600 3253 sortibus
630 3196 805 3255 dicit:
846 3199 909 3255 Ut
932 3214 1025 3251 nos
1054 3199 1371 3270 e/ﬁceremur
1390 3196 1606 3267 justitia
1636 3198 1734 3252 Dei
1766 3198 1819 3251 in
1841 3198 1953 3268 ipso
1989 3199 2034 3260 Ο
2063 3214 2222 3253 cens:
2262 3199 2327 3255 Ut
2352 3198 2536 3252 sciatis
2562 3214 2680 3268 qua:
2698 3197 2768 3252 sit
2794 3214 2909 3268 spes
2938 3196 3225 3251 vocationis
3245 3194 3515 3266 ejus,quce
3534 3194 3665 3249 divi-

362 3288 455 3353 (II
487 3286 609 3342 Cor.
644 3304 701 3354 v,
733 3286 850 3358 2i).
882 3285 1108 3342 Justitia
1135 3302 1263 3357 ergo
1307 3286 1364 3341 in
1388 3284 1663 3357 judicium
1695 3286 1950 3353 vertitur,

359 3374 491 3446 quia
519 3374 575 3430 hi
605 3375 700 3447 qui
732 3391 882 3430 nunc
904 3373 1051 3445 juste
1080 3382 1240 3448 atque
1271 3375 1831 3447 irreprehensibiliter
1860 3375 1956 3429 vi-

359 3470 521 3531 vunt,
538 3466 553 3497 ¹
577 3472 709 3520 tunc
722 3462 1013 3534 judicandi
1045 3465 1344 3535 potentiam
1375 3466 1791 3523 nanciscuntur.
1814 3465 1955 3521 Hinc

356 3554 639 3612 Laodiceae
667 3556 925 3613 Ecclesiae
945 3556 1216 3612 Dominus
1245 3556 1383 3613 dicit
1407 3575 1417 3613 :
1456 3557 1558 3625 Qui
1590 3558 1788 3622 vicerit,
1821 3557 1954 3612 dabo

356 3642 408 3698 ei
437 3643 611 3697 sedere
652 3660 846 3698 mecum
894 3643 948 3698 in
996 3644 1181 3699 throno
1212 3661 1343 3712 meo,
1377 3646 1512 3700 sicut
1551 3652 1597 3700 et
1643 3663 1697 3700 eo
1742 3646 1863 3710 vici,
1909 3651 1956 3699 et

356 3730 476 3787 sedi
502 3748 617 3785 cum
654 3731 813 3787 Patre
847 3749 959 3787 meo
1006 3732 1064 3786 in
1112 3732 1297 3786 throno
1332 3732 1444 3800 ejus
1490 3733 1676 3803 (Apoc.
1711 3750 1794 3799 ιιι,
1837 3733 1951 3804 21).

357 3820 605 3877 Vincens
631 3821 901 3877 Dominus
929 3822 987 3876 in
1017 3820 1221 3876 throno
1249 3836 1375 3877 cum
1394 3821 1552 3877 Patre
1569 3821 1774 3876 sedisse
1803 3837 1858 3877 se
1874 3838 1953 3876 as-

356 3910 510 3979 serit,
560 3911 691 3984 quia
735 3918 857 3983 post
885 3910 1155 3983 passionis
1185 3910 1506 3976 certamina,
1537 3916 1659 3981 post
1704 3925 1955 3965 resurre—

357 3999 557 4054 ctionis
586 3998 849 4071 palmam,
882 3999 1085 4055 clarius
1114 4016 1169 4054 se
1214 3998 1472 4053 omnibus
1508 3997 1653 4070 quod
1698 3999 1952 4070 potestati

359 4086 531 4144 Patris
559 4095 703 4145 esset
730 4087 956 4160 aequalis
984 4086 1274 4155 indicavit,
1294 4088 1451 4161 eique
1472 4105 1527 4144 se
1547 4104 1657 4143 non
1680 4087 1952 4159 disparem

358 4177 564 4234 calcato
594 4178 789 4233 mortis
819 4178 1007 4233 aculeo
1036 4177 1300 4234 innotuit.
1335 4178 1489 4234 Unde
1517 4187 1574 4234 et
1600 4177 1784 4234 Mariae
1815 4194 1954 4235 nec-

357 4264 490 4321 dum
518 4265 772 4323 credenti
799 4283 854 4322 se
883 4266 1030 4322 Patri
1062 4267 1321 4333 similem,
1353 4266 1523 4322 dicit:
1560 4266 1684 4323 Noli
1716 4283 1793 4321 me
1825 4272 1952 4321 tan—

354 4371 490 4425 gere,
507 4355 742 4410 nondum
770 4354 906 4409 enim
926 4355 1135 4410 ascendi
1162 4355 1234 4410 ad
1248 4355 1465 4410 Patrem
1497 4355 1677 4425 (Joan.
1712 4371 1809 4422 xx,
1837 4355 1948 4426 17).

357 4443 525 4499 Nobis
572 4442 722 4501 enim
764 4443 823 4499 in
870 4442 1075 4498 throno
1120 4442 1224 4498 ﬁlii
1255 4441 1462 4510 sedere,
1495 4449 1577 4498 est
1606 4458 1676 4497 ex
1704 4442 1952 4513 ejusdem

2068 3288 2153 3342 tia:
2174 3288 2362 3359 gloria:
2396 3287 2718 3343 hwreditatis
2748 3285 2861 3355 ejus
2892 3287 2947 3341 in
2975 3286 3170 3341 sanctis
3215 3285 3434 3356 (Ephes.
3473 3300 3510 3350 ι,
3552 3283 3665 3356 18).

2138 3378 2282 3434 Bene
2309 3386 2491 3434 autem
2520 3386 2643 3450 post
2669 3378 2773 3433 ista
2801 3376 3059 3433 subditur
3084 3394 3095 3432 :
3132 3375 3395 3433 Indicabit
3412 3374 3485 3429 eis
3505 3390 3669 3445 opera

2065 3482 2268 3533 eorum,
2295 3473 2343 3522 et
2386 3469 2579 3523 scelera
2607 3485 2809 3533 eorum,
2839 3467 2968 3538 quia
3010 3466 3224 3522 violenti
3267 3464 3490 3534 fuerint.
3528 3461 3666 3519 Cum

2066 3554 2214 3609 enim
2238 3571 2529 3626 supernam
2560 3556 2789 3626 gloriam
2814 3555 2984 3627 magis
3004 3555 3237 3611 amando
3258 3551 3664 3624 cognoscimus,

2065 3648 2199 3699 tunc
2218 3644 2361 3698 mala
2375 3661 2495 3716 quae
2515 3643 2727 3715 egimus
2742 3644 2994 3713 graviora
3010 3642 3180 3699 fuisse
3198 3641 3489 3697 sentimus.
3511 3637 3665 3696 Unde

2066 3737 2120 3785 et
2139 3730 2339 3786 Paulus
2358 3739 2479 3803 post
2500 3738 2808 3802 perceptam
2831 3730 3061 3800 gratiam
3083 3743 3445 3801 supernorum
3467 3742 3531 3781 ea
3546 3741 3667 3798 quae

2067 3817 2124 3871 in
2153 3833 2210 3872 se
2239 3818 2422 3873 studia
2449 3820 2723 3873 virtutum
2756 3817 3065 3873 crediderat
3108 3817 3280 3870 fuisse
3317 3813 3432 3884 jam
3464 3813 3669 3867 scelera

2065 3905 2444 3977 cognoscebat,
2488 3904 2707 3961 dicens:
2746 3906 2850 3971 Qui
2887 3905 3043 3974 prius
3090 3901 3174 3972 fui
3222 3901 3575 3971 blasphemus,
3622 3903 3671 3951 et

2060 4000 2384 4066 persecutor,
2399 4000 2446 4048 et
2465 3994 2902 4057 contumeliosus;
2931 3991 3019 4046 sed
3047 3987 3465 4045 misericordiam
3495 4002 3667 4041 conse-

2064 4095 2213 4143 cutus
2239 4104 2377 4153 sum,
2407 4088 2535 4159 quia
2564 4087 2817 4159 ignorans
2844 4085 2945 4156 feci
2976 4086 3033 4140 in
3055 4083 3424 4139 incredulitate
3446 4080 3503 4152 (I
3520 4079 3658 4138 Tim.

2065 4194 2106 4245 ι,
2138 4178 2251 4250 13).
2285 4178 2387 4235 Vel
2430 4184 2607 4234 certe:
2650 4176 2750 4233 Sed
2792 4192 2909 4247 qua:
2942 4175 3069 4229 mihi
3110 4172 3331 4244 fuerunt
3362 4172 3533 4238 lucra,
3564 4169 3669 4224 haec

2063 4267 2358 4322 arbitratus
2386 4284 2502 4322 sum
2528 4274 2751 4339 propter
2782 4266 3054 4323 Christum
3091 4263 3405 4320 detrimenta
3437 4259 3662 4332 (Philip.

2064 4372 2147 4424 ιιι,
2182 4357 2259 4428 7).
2293 4356 2446 4414 Unde
2476 4364 2530 4411 et
2557 4363 2679 4428 apte
2707 4356 2997 4411 subditur:

2648 4443 2875 4501 CAPUT
2905 4444 3091 4500 XXX.

359 4533 486 4589 Filii
516 4540 784 4605 potestate
808 4531 1077 4605 judicare.
1111 4532 1251 4599 Quia
1279 4533 1428 4588 enim
1452 4530 1650 4603 judicii
1683 4531 1950 4603 principa-
1985 4552 2034 4610 ι)
2136 4532 2306 4588 Vens.
2343 4532 2428 4589 10.
2454 4563 2525 4573 -
2555 4532 2575 4566 ⁸
2605 4532 2873 4589 Revelabit
2900 4550 3105 4604 quoque
3143 4548 3342 4588 aurum
3369 4547 3572 4599 eorum,
3603 4537 3669 4587 ut

357 4631 476 4679 tum
495 4640 565 4679 ex
584 4622 704 4695 ejus
732 4623 938 4679 virtute
968 4621 1320 4693 percipimus,
1352 4621 1508 4675 velut
1529 4621 1588 4675 in
1608 4620 1809 4676 throno
1838 4619 1954 4691 ejus

357 4712 680 4769 residemus.
707 4709 847 4785 [Vet.
880 4711 984 4766 XX
991 4708 1139 4783 VII.]
1164 4709 1272 4765 Nec
1300 4708 1559 4766 abhorret
1590 4725 1619 4764 a
1648 4725 1777 4764 vero
1807 4708 1954 4781 quod

356 4801 494 4858 alias
535 4816 698 4872 super
736 4798 1026 4855 duodecim
1075 4797 1306 4854 thronos
1352 4798 1374 4833 ³
1421 4803 1687 4853 venturos
1723 4804 1954 4853 testatur

356 4905 471 4945 esse
499 4889 801 4961 discipulos
834 4889 1046 4961 (Matth.
1081 4904 1202 4956 xix,
1233 4887 1350 4961 28),
1384 4886 1476 4944 hic
1504 4904 1635 4944 vero
1666 4888 1723 4943 in
1752 4887 1953 4945 throno

356 4995 456 5034 suo
485 4978 738 5051 perhibet
764 4995 882 5035 esse
910 4994 1170 5035 sessuros.
1206 4978 1306 5034 Per
1336 4978 1569 5034 thronos
1587 4978 1790 5052 quippe
1819 4977 1950 5035 duo-

357 5067 538 5125 decim
569 5068 881 5125 universale
903 5066 1199 5140 judicium,
1233 5084 1329 5141 per
1356 5067 1624 5124 thronum
1664 5084 1794 5123 vero
1823 5068 1950 5124 Filii

358 5155 634 5228 singulare
681 5157 903 5212 culmen
941 5153 1248 5227 judiciaria:
1288 5155 1577 5227 potestatis
1621 5154 1947 5212 ostenditur.

435 5373 448 5405 ¹
480 5370 736 5443 Longip.,
773 5378 893 5426 tunc
911 5368 1193 5439 judicandi
1214 5370 1448 5439 potentia
1477 5374 1719 5424 utuntur.

431 5443 453 5476 ³
483 5442 721 5498 Vindoc.
752 5450 806 5498 et
833 5443 1050 5506 Norm.,
1091 5456 1343 5494 sessuros.

429 5516 451 5545 ³
484 5512 706 5569 Ebroic.
740 5522 792 5569 et
820 5513 915 5568 alii
947 5512 1158 5576 Norin.,
1184 5510 1316 5582 (quia
1345 5512 1536 5582 quique
1567 5511 1720 5567 illud.

428 5586 450 5618 ⁸
483 5585 542 5640 In
574 5592 780 5641 recent.
808 5584 931 5651 Ed,
954 5583 1079 5653 quia
1100 5580 1191 5653 qui
1222 5581 1321 5635 hic.
1346 5580 1632 5639 Redundat
1647 5584 1759 5653 qui,
1777 5582 1950 5639 abest-

356 5672 462 5729 que
490 5671 523 5729 a
552 5656 764 5720 Baluz.,
795 5651 977 5729 Colb.,
1004 5651 1226 5729 Ebroic.
1277 5659 1332 5707 et
1369 5654 1440 5710 al.
1489 5651 1701 5724 Νοτιιιῖ,
1748 5653 1953 5728 quibus

355 5726 665 5784 concinunt
694 5728 865 5784 antia.
897 5726 1125 5783 Excusi.

427 5800 451 5835 ‘
482 5798 683 5857 Pratel.
706 5806 762 5856 et
789 5796 955 5866 Utic.,
985 5796 1281 5855 humiliasti
1310 5814 1419 5852 nos.

2062 4621 2345 4692 corripiat;
2373 4627 2421 4676 et
2451 4624 2712 4693 loquetur,
2746 4628 2803 4677 ut
2830 4628 3169 4678 revertantur
3196 4622 3264 4678 ab
3291 4621 3594 4693 iniquitate.

2131 4710 2220 4767 56.
2267 4712 2462 4767 Amore
2506 4712 2721 4767 caelestis
2771 4712 2958 4783 gloria:
2992 4712 3247 4783 graviora
3293 4711 3429 4783 ﬁunt
3450 4715 3664 4781 peccata

2055 4802 2212 4874 prius
2252 4807 2580 4873 perpetrata.
2625 4831 2696 4842 —
2740 4800 2946 4857 Aurem
2978 4800 3045 4856 ab
3086 4800 3379 4873 iniquitate
3422 4797 3666 4852 revelare

2060 4898 2141 4947 est
2181 4891 2521 4948 intellectum
2564 4890 2898 4964 cognitionis
2942 4890 3175 4963 aperire.
3222 4886 3484 4945 Revelata
3527 4899 3659 4939 vero

2059 4996 2189 5036 aure
2208 4980 2582 5053 unusquisque
2597 4976 3140 5052 corripitur,quando
3157 4975 3494 5031 intrinsecus
3511 4976 3667 5027 aeter-

2060 5084 2255 5125 norum
2286 5068 2557 5125 bonorum
2586 5067 2920 5125 desiderium
2969 5063 3224 5137 percipit,
3255 5069 3309 5117 et
3350 5075 3473 5133 quae
3521 5059 3665 5116 mala

2061 5159 2407 5215 extrinsecus
2436 5157 2781 5230 perpetravit
2810 5153 3081 5228 agnoscit.

2133 5369 2154 5402 ⁵
2185 5367 2392 5432 Baluz.,
2417 5366 2597 5433 Colb.,
2622 5366 2819 5421 Pratel.
2853 5373 2907 5421 et
2938 5365 3103 5432 Utic.,
3136 5365 3228 5421 hic
3255 5372 3310 5420 et
3336 5363 3504 5431 infra,
3523 5364 3663 5418 indi-

2059 5439 2214 5517 cauit.
2249 5438 2445 5517 Facilis
2475 5445 2555 5517 est
2584 5455 2646 5517 ac
2676 5439 2932 5517 frequens
2965 5438 3198 5517 mutatio
3224 5435 3483 5517 litterae-li
3521 5435 3660 5517 in‘v.

2131 5512 2151 5545 ⁷
2186 5512 2268 5565 Ita
2316 5510 2512 5565 melius
2542 5509 2743 5580 legitur
2772 5506 2830 5563 in
2861 5509 3090 5576 Turon.,
3134 5507 3393 5573 Vindoc.,
3428 5506 3660 5580 Pratel.,

2060 5581 2226 5648 Utic.,
2261 5581 2439 5654 Colb.,
2474 5578 2683 5650 Baluz.,
2716 5595 2879 5654 quam
2910 5580 2965 5635 in
2998 5580 3198 5649 Editis,
3229 5578 3551 5654 enarrabat.

2132 5654 2154 5689 ⁸
2187 5652 2325 5725 Utic.
2359 5660 2413 5725 et
2440 5654 2608 5719 Prat.,
2644 5648 2954 5725 reuelauit...
3000 5648 3273 5725 loquitur;
3302 5649 3451 5725 quod
3483 5648 3653 5705 etiam

2059 5724 2265 5783 habent
2293 5724 2450 5782 Colb.
2484 5731 2536 5781 et
2567 5724 2751 5780 Baluz.
