4152 6182
591 333 696 392 383

1810 331 2069 398 SANCTI,
2097 331 2435 392 GREGORII
2469 330 2699 390 MAGNI

3799 337 3900 396 384

665 460 854 518 Potest
868 473 1000 516 vero
1025 458 1084 514 in
1103 454 1310 512 catenis
1327 462 1382 510 et
1411 455 1642 514 funibus
1660 459 2005 532 paupertatis
2032 474 2192 534 pana
2217 461 2269 520 A
2296 455 2672 526 succumbere,
2703 454 2870 512 etiam
2904 455 3141 530 quilibet
3173 455 3392 516 obtusis
3419 459 3682 518 sensibus
3711 464 3902 534 potesti

596 549 764 606 etiam
811 543 1120 617 temporalis
1169 541 1489 602 aﬂlictionis
1543 545 1808 619 intelligi,
1865 548 1996 622 quia
2047 564 2189 620 sape

598 638 693 713 qui
709 632 950 708 jubentis
977 631 1137 687 verba
1158 647 1270 688 non
1297 632 1556 706 audiunt,
1589 635 1840 693 ferientis
1868 637 2189 694 verberibus

597 726 976 790 admonentur,
1011 723 1026 756 ¹
1059 729 1122 778 ut
1153 721 1224 778 ad
1264 721 1411 780 bona
1459 725 1732 782 desideria
1778 727 1972 782 saltem
2014 741 2188 797 pana

597 809 830 873 trahant,
861 823 996 880 quos
1028 811 1254 882 praemia
1283 828 1396 870 non
1439 814 1698 871 invitant.
1733 815 1888 872 Unde
1917 829 2012 886 per
2043 814 2188 868 Pro-

595 897 810 970 phetam
840 895 1075 954 dicitur:
1119 900 1186 956 In
1214 917 1360 958 camo
1392 908 1442 957 et
1486 902 1635 974 freno
1667 901 1924 958 maxillas
1952 916 2134 957 eorum
2165 901 2186 934 ²

591 987 906 1057 constringe,
951 988 1046 1059 qui
1076 1005 1179 1045 non
1208 993 1594 1062 approximant
1627 992 1698 1048 ad
1733 997 1777 1047 te
1809 992 1980 1064 (Psal.
2026 1006 2183 1056 xxxi,

591 1077 671 1149 9).
692 1076 748 1132 Si
771 1094 902 1134 vero
922 1077 1091 1138 etiam
1113 1079 1329 1154 ﬂagella
1347 1083 1676 1157 despiciunt,
1693 1091 1906 1140 constat
1924 1081 2184 1138 nimirum

593 1165 738 1240 quod
759 1174 918 1224 tanto
939 1168 1059 1226 illic
1080 1170 1350 1242 gravioris
1368 1173 1622 1229 vindicta
1636 1169 1904 1242 supplicia
1921 1168 2184 1237 sentiant,

593 1265 798 1332 quanto
835 1259 929 1318 hic
988 1261 1213 1335 majoris
1253 1260 1610 1334 providentia
1663 1258 1892 1328 gratiam
1948 1259 2184 1315 calcant.

597 1347 751 1408 Unde
779 1357 835 1406 et
865 1349 1144 1424 sequitur:

1156 1434 1383 1492 CAPUT
1411 1431 1620 1488 XXXI.

665 1521 834 1576 Vsus.
859 1520 945 1588 11,
979 1519 1064 1575 12.
1087 1549 1158 1562 -
1179 1520 1236 1576 Si
1255 1519 1526 1575 audierint
1553 1525 1601 1575 et
1627 1519 2040 1589 observaverint,
2055 1539 2189 1578 com-

586 1608 802 1681 plebunt
829 1609 937 1666 dies
967 1626 1087 1667 suos
1114 1609 1172 1666 in
1201 1609 1353 1676 bona,
1390 1616 1439 1665 et
1465 1627 1635 1666 annos
1666 1627 1789 1668 suos
1821 1613 1877 1667 in
1903 1613 2100 1684 gloria.
2134 1612 2194 1670 Si

593 1709 771 1760 autem
797 1720 906 1761 non
933 1702 1224 1771 audierint,
1255 1703 1556 1760 transibunt
1577 1721 1681 1776 per
1706 1705 1967 1777 gladium,
1999 1711 2047 1760 et
2072 1721 2191 1760 con-

597 1802 872 1852 sumentur
901 1796 1146 1854 stultitia.

671 1885 758 1941 57.
793 1887 966 1953 Quam
1004 1900 1172 1940 severe
1207 1880 1486 1953 puniendi,
1519 1880 1672 1954 quia
1695 1881 1922 1954 perditis
1951 1881 2191 1938 moribus

594 1989 684 2028 nec
709 1974 933 2044 ﬂagellis
970 1977 1288 2028 coercentur.
1330 2002 1403 2014 —
1444 1971 1547 2029 Per
1589 1971 1799 2028 bonum
1843 1979 1992 2028 recta
2019 1971 2186 2040 actio,

595 2076 692 2132 per
720 2060 949 2131 gloriam
979 2077 1108 2116 vero
1135 2076 1374 2134 superna
1400 2061 1697 2119 retributio
1725 2061 2064 2134 designatur.
2081 2060 2191 2131 Qui

593 2164 720 2220 ergo
739 2147 961 2204 obedire
991 2151 1276 2222 praeceptis
1304 2151 1622 2208 calestibus
1651 2151 1896 2218 student,
1929 2149 2047 2206 dies
2061 2167 2190 2206 suos

593 2235 655 2293 in
682 2235 826 2292 bono
855 2240 1158 2312 complent,
1191 2256 1364 2296 annos
1394 2239 1451 2296 in
1482 2240 1676 2313 gloria,
1711 2238 1843 2312 quia
1869 2246 1925 2295 et
1965 2255 2191 2294 cursum

589 2328 874 2401 prasentis
903 2331 1168 2404 temporis
1198 2331 1256 2388 in
1286 2339 1436 2388 recto
1469 2348 1654 2404 opere,
1683 2338 1737 2387 et
1765 2331 2190 2387 consummatio-

590 2432 718 2474 nem
748 2436 904 2476 suam
940 2419 1233 2492 perﬁciunt
1261 2420 1412 2499 felici
1441 2419 1824 2477 retributione.
1851 2419 1909 2476 Si
1937 2437 2058 2474 vero
2086 2436 2193 2474 non

591 2506 883 2576 audierint,
901 2510 1202 2565 transibunt
1223 2528 1323 2582 per
1339 2509 1596 2582 gladium,
1614 2516 1662 2564 et
1679 2515 2046 2564 consumentur
2065 2509 2192 2564 stul-

600 2595 738 2666 titia,
767 2596 896 2668 quia
927 2605 982 2651 et
1009 2595 1258 2654 vindicta
1286 2615 1377 2653 eos
1398 2598 1455 2652 in
1474 2597 1832 2654 tribulatione
1863 2597 2121 2669 percutit,
2138 2604 2192 2652 et

593 2683 721 2741 ﬁnis
776 2684 835 2740 in
882 2685 1134 2742 fatuitate
1189 2686 1491 2742 concludit.
1551 2685 1689 2760 [Vat
1722 2684 2011 2759 XXVIII.)
2051 2687 2192 2741 Sunt

593 2773 740 2829 enim
771 2773 1027 2830 nonnulli
1057 2789 1193 2846 quos
1213 2791 1243 2829 a
1262 2773 1489 2846 perditis
1510 2773 1756 2829 moribus
1787 2789 1888 2829 nec
1915 2781 2191 2829 tormenta

593 2870 970 2936 compescunt.
988 2863 1067 2918 De
1089 2861 1290 2935 quibus
1321 2879 1416 2936 per
1444 2861 1766 2936 prophetam
1795 2861 2028 2919 dicitur:
2062 2863 2189 2918 Per-

593 2954 801 3010 cussisti
843 2971 927 3010 eos
974 2971 1064 3009 nec
1117 2953 1436 3019 doluerunt;
1463 2954 1747 3025 ﬂagellasti
1791 2970 1896 3022 eos,
1927 2960 1976 3009 et
2009 2970 2190 3008 renue-

593 3050 721 3099 runt
746 3043 978 3116 accipere
999 3041 1336 3114 disciplinam
1367 3041 1581 3115 (Jerem.
1602 3060 1658 3110 v,
1691 3041 1770 3116 3).
1803 3042 1876 3098 Et
1895 3041 1960 3098 de
1989 3041 2189 3116 quibus

593 3131 696 3188 sub
711 3131 1009 3205 Babylonis
1037 3131 1214 3204 specie
1240 3131 1476 3188 dicitur:
1508 3132 1828 3188 Curavimus
1841 3131 2183 3202 Babylonem,

593 3229 773 3279 etnon
809 3229 884 3278 est
911 3229 1102 3278 sanata
1145 3221 1360 3294 (Ierem.
1393 3237 1467 3290 LI,
1499 3221 1580 3293 9).
1621 3223 1699 3277 De
1729 3221 1928 3293 quibus
1966 3236 2185 3276 rursum

591 3310 823 3369 dicitur:
857 3310 1106 3383 Interfeci
1133 3317 1181 3366 et
1201 3310 1416 3384 perdidi
1437 3311 1695 3382 populum
1723 3326 1914 3375 meum,
1943 3315 1991 3364 et
2021 3315 2187 3364 tamen

590 3419 624 3456 a
650 3400 751 3456 viis
777 3401 888 3456 suis
902 3419 1008 3456 non
1026 3406 1150 3456 sunt
1174 3399 1374 3454 reversi
1405 3398 1620 3471 (Jerem.
1640 3413 1735 3464 xv,
1758 3396 1836 3468 7).
1855 3396 1922 3452 Hi
1937 3413 2188 3453 nonnun-

593 3507 758 3564 quam
797 3488 1094 3548 deteriores
1131 3489 1380 3545 existunt
1417 3503 1488 3544 ex
1527 3487 1772 3554 verbere,
1815 3487 1946 3558 quia
1987 3488 2188 3560 pulsati

593 3577 896 3648 doloribus,
930 3582 951 3615 ³
981 3586 1076 3636 aut
1103 3577 1414 3636 contumaci
1445 3577 1747 3651 pertinacia
1775 3575 2026 3634 duriores
2057 3577 2189 3634 exi-

591 3673 765 3736 stunt,
805 3675 920 3737 aut,
963 3667 1110 3742 quod
1151 3665 1306 3740 pejus
1353 3674 1456 3736 est,
1499 3665 1556 3722 in
1609 3665 1964 3738 blasphemia
2021 3665 2186 3720 etiam

591 3757 1062 3832 exasperationem
1100 3757 1418 3831 prosiliunt.
1453 3755 1597 3813 Bene
1639 3773 1766 3830 ergo
1795 3754 2003 3813 dicitur
2041 3755 2189 3828 quod

592 3865 689 3922 per
743 3847 988 3922 gladium
1026 3854 1337 3916 transeunt,
1377 3853 1431 3904 et
1477 3845 1716 3902 stultitia
1761 3849 2185 3912 consumuntur,

591 3938 722 4011 quia
763 3947 991 4010 peccata
1025 3955 1148 4014 qua
1185 3937 1416 4011 ﬂagellis
1451 3936 1739 3994 emendare
1788 3941 1931 3998 840
1977 3933 2190 3990 debue-

589 4042 733 4099 rant,
764 4035 996 4104 ﬂagellis
1023 4043 1368 4106 exaggerant.
1388 4035 1461 4088 Et
1493 4033 1585 4087 hic
1607 4033 1722 4102 jam
1754 4047 1940 4102 poenas
1971 4045 2187 4100 percus-

587 4119 760 4176 sionis
791 4122 1058 4189 sentiunt,
1091 4130 1145 4178 et
1172 4121 1289 4176 illic
1312 4119 1474 4190 justa
1505 4117 1888 4173 retributionis
1916 4117 2190 4189 supplicia

587 4221 699 4262 non
729 4204 992 4262 evadunt.
1026 4208 1271 4262 Fatuitas
1298 4205 1501 4277 quippe
1533 4203 1784 4260 stultitia
1800 4211 1884 4261 est
1899 4205 2188 4279 quodillos

586 4292 666 4350 sic
693 4290 959 4364 iniquitas
987 4292 1213 4367 obligat,
1245 4299 1307 4348 ut
1334 4307 1366 4348 a
1393 4290 1559 4364 culpa
1587 4307 1680 4349 eos
1706 4308 1807 4350 nec
1837 4310 1997 4368 pana
2026 4312 2190 4352 com-

589 4386 788 4456 pescat.
821 4379 1114 4455 Sequitur:

911 4470 1139 4530 CAPUT
1174 4468 1390 4526 XXXII
1431 4467 1573 4546 [Rea
1615 4470 1855 4547 XXIII].

2299 545 2668 604 simulationis
2697 562 2830 602 vero
2859 545 3154 605 falsitatem
3183 548 3436 622 exsequi,
3467 549 3576 606 nisi
3605 549 3703 624 qui
3737 549 3905 606 subti-

2299 637 2454 693 lioris
2483 636 2688 706 ingenii
2717 635 2906 703 fuerit,
2941 651 3050 691 non
3076 643 3273 708 potest.
3308 636 3570 711 Quisquis
3599 638 3754 694 enim
3786 638 3912 694 talis

2297 733 2398 794 est,
2429 725 2497 781 ad
2528 726 2894 783 custodienda
2923 725 3032 782 duo
3063 724 3329 782 videlicet
3355 727 3620 783 continua
3649 727 3915 785 observa-

2299 815 2448 871 tione
2475 814 2766 884 dividitur,
2799 821 2860 869 ut
2889 813 3092 870 callide
3120 814 3349 870 noverit
3369 822 3421 871 et
3449 817 3732 873 occultare
3763 817 3919 890 quod

2297 911 2396 971 est,
2429 912 2484 960 et
2511 911 2787 960 ostentare
2817 902 2966 976 quod
3006 919 3122 958 non
3150 911 3266 969 est;
3315 906 3336 940 δ
3371 912 3426 960 et
3454 921 3584 960 vera
3615 907 3766 961 mala
3797 921 3917 979 prec

2297 1008 2463 1062 mere,
2489 1002 2542 1048 et
2575 995 2710 1050 falsa
2736 993 2881 1049 bona
2909 1001 3252 1060 monstrare;
3287 1009 3387 1050 nec
3415 1009 3471 1050 se
3501 1002 3688 1067 aperte
3719 994 3782 1052 in
3813 994 3920 1053 hoc
3957 1003 3972 1013 '

2297 1082 2443 1154 quod
2475 1083 2696 1138 videtur
2725 1083 3021 1150 extollere,
3058 1090 3244 1156 atque,
3277 1091 3340 1139 ut
3379 1083 3642 1156 majorem
3676 1084 3917 1156 gloriam

2297 1177 2504 1240 teneat,
2531 1175 2552 1209 ⁵
2590 1188 2730 1244 saepe
2758 1188 2816 1228 se
2856 1173 3121 1230 simulare
3162 1173 3394 1246 gloriam
3430 1173 3732 1232 declinare.
3776 1177 3920 1245 Quia

2299 1262 2449 1318 enim
2469 1270 2596 1320 ante
2615 1264 2807 1320 oculos
2835 1263 3132 1320 hominum
3147 1264 3429 1337 sequendo
3460 1281 3578 1322 eam
3609 1268 3917 1341 apprehen-

2301 1349 2428 1407 dere
2457 1369 2568 1408 non
2612 1359 2810 1424 potest,
2859 1352 3044 1410 studet
3084 1353 3410 1428 plerumque
3457 1358 3691 1430 gloriam
3723 1367 3918 1419 tenere

2303 1439 2587 1520 fugiendo.
2609 1440 2734 1499 Hac
2756 1441 2943 1514 itaque
2959 1442 3306 1516 simplicibus
3330 1445 3559 1504 minime
3573 1455 3918 1520 congruunt,

2303 1515 2436 1605 quia
2465 1532 2512 1586 si
2544 1539 2877 1604 congruunt,
2905 1531 3020 1604 jam
3052 1515 3334 1607 simplices
3359 1553 3472 1592 non
3497 1545 3645 1594 sunt.

2373 1622 2464 1678 59.
2497 1623 2649 1678 Iram
2676 1622 2776 1678 Dei
2803 1639 2909 1678 non
2937 1625 3107 1680 solum
3136 1631 3384 1694 meretur,
3415 1627 3504 1682 sed
3523 1633 3804 1698 provocat.
3837 1657 3911 1668 -

2302 1709 2447 1766 Bene
2474 1718 2657 1767 autem
2688 1727 2816 1768 cum
2847 1711 3080 1769 diceret:
3111 1713 3455 1770 Simulatores
3478 1721 3527 1770 et
3553 1715 3759 1784 callidi,
3791 1732 3912 1773 non

2218 1823 2266 1884 Β
2300 1799 2570 1869 subdidit,
2601 1809 2907 1873 merentur,
2944 1802 3042 1859 sed
3081 1811 3377 1876 provocant
3413 1805 3556 1862 iram
3595 1807 3710 1864 Dei.
3755 1807 3910 1864 Iram

2299 1890 2501 1964 quippe
2535 1891 2635 1947 Dei
2666 1891 2888 1962 mereri,
2929 1900 3012 1950 est
3051 1895 3220 1952 etiam
3257 1895 3552 1954 nesciendo
3591 1897 3911 1965 contraire;

2299 1979 2439 2037 scire
2468 1980 2698 2050 bonum,
2731 1982 2828 2038 sed
2857 1983 3154 2054 despicere;
3188 1984 3368 2044 facere
3398 2003 3576 2059 posse,
3608 2003 3708 2043 nec
3745 1987 3911 2044 velle.

2300 2070 2369 2126 Hi
2397 2071 2546 2126 enim
2578 2071 2979 2144 perpetratione
3003 2074 3266 2146 nequitia
3296 2075 3632 2133 intrinsecus
3657 2079 3916 2135 tenebre-

2299 2168 2480 2228 scunt,
2511 2168 2565 2216 et
2592 2162 2960 2218 ostentatione
2983 2160 3218 2235 justitia
3248 2163 3538 2235 superﬁcie
3567 2173 3731 2222 tenus
3763 2166 3912 2223 deal-

2299 2249 2520 2305 bantur.
2573 2249 2783 2318 Quibus
2824 2267 2957 2306 voce
2988 2251 3280 2308 Dominica
3317 2251 3562 2310 dicitur:
3624 2256 3710 2314 Va
3742 2255 3912 2326 vobis,

2304 2340 2499 2396 Scriba
2541 2345 2589 2394 et
2632 2341 2899 2397 Pharisaei
2929 2342 3234 2414 hypocrita,
3282 2345 3411 2416 quia
3456 2345 3658 2401 similes
3687 2346 3816 2402 estis
3841 2363 3913 2402 se-

2296 2429 2506 2499 pulcris
2531 2428 2811 2494 dealbatis,
2833 2445 2949 2499 qua:
2963 2428 3102 2499 foris
3118 2437 3312 2502 parent
3335 2433 3630 2488 hominibus
3650 2433 3911 2506 speciosa,

2300 2516 2442 2571 intus
2487 2534 2610 2572 vero
2645 2519 2805 2590 plena
2849 2525 2972 2573 sunt
3012 2519 3214 2574 ossibus
3265 2527 3623 2588 mortuorum,
3673 2530 3722 2578 et
3771 2525 3910 2580 omni

2300 2605 2601 2677 spurcitia;
2625 2605 2702 2661 ita
2731 2612 2779 2663 et
2805 2623 2895 2662 vos
2923 2607 3132 2678 quidem
3152 2607 3290 2678 foris
3310 2611 3584 2680 apparatis
3613 2611 3912 2668 hominibus

2290 2691 2449 2762 justi,
2483 2695 2624 2750 intus
2651 2703 2826 2751 autem
2867 2697 3016 2767 pleni
3061 2696 3182 2751 estis
3225 2695 3494 2768 hypocrisi
3538 2706 3586 2755 et
3630 2700 3913 2772 iniquitate

2300 2782 2509 2856 (Matth.
2536 2801 2702 2853 xxm,
2724 2785 2811 2854 27,
2836 2786 2953 2860 28).
2979 2788 3136 2843 Foris
3161 2803 3290 2860 ergo
3315 2787 3657 2846 ostendendo
3686 2798 3914 2848 servant

2299 2888 2420 2945 qua
2446 2872 2687 2930 vivendo
2719 2875 2869 2932 intus
2894 2876 3242 2950 impugnant.
3259 2879 3409 2934 Intus
3437 2893 3566 2935 vero
3595 2879 3749 2936 mala
3769 2880 3910 2954 cogi-

2297 2969 2478 3018 tantes
2501 2971 2828 3035 exaggerant
2855 2980 2976 3036 qua
3014 2965 3150 3023 foris
3180 2965 3333 3022 aliud
3360 2965 3794 3038 superducentes
3825 2985 3912 3026 oc-

2298 3051 2528 3108 cultant.
2590 3052 2734 3108 Ante
2789 3052 3106 3112 districtum
3154 3055 3336 3129 itaque
3389 3053 3636 3128 judicem
3672 3072 3912 3116 excusa-

2297 3140 2505 3196 tionem
2530 3138 2645 3212 jam
2676 3140 2744 3197 de
2774 3141 3088 3213 ignorantia
3119 3142 3321 3200 habere
3350 3161 3461 3202 non
3491 3153 3755 3217 possunt,
3788 3147 3912 3220 quia

2301 3227 2436 3285 dum
2465 3235 2590 3284 ante
2633 3230 2824 3286 oculos
2854 3230 3146 3288 hominum
3177 3249 3398 3290 omnem
3431 3233 3656 3291 modum
3687 3236 3910 3294 sancti-

2299 3321 2432 3376 tatis
2473 3327 2770 3391 ostentant,
2805 3322 2911 3396 ipsi
2945 3325 3054 3381 sibi
3089 3333 3218 3382 sunt
3250 3325 3569 3384 testimonio
3607 3328 3750 3402 quia
3775 3329 3905 3386 bene

2302 3412 2491 3470 vivere
2518 3429 2629 3469 non
2661 3414 2935 3486 ignorant.
2983 3417 3211 3474 Dicatur
3241 3406 3411 3491 igitur
3438 3427 3616 3477 recte:
3651 3421 3901 3478 Simula-

2303 3508 2436 3558 tores
2465 3509 2511 3558 et
2533 3504 2717 3559 callidi
2739 3511 3033 3576 provocant
3063 3507 3201 3562 iram
3221 3508 3339 3564 Dei.
3373 3507 3520 3576 Quid
3548 3525 3676 3566 vero
3711 3525 3808 3568 eos
3837 3510 3903 3566 ad

2297 3599 2607 3649 extremum
2637 3601 2917 3668 sequatur,
2949 3594 3224 3668 adjungit,
3254 3596 3481 3654 dicens:

2833 3712 3061 3770 CAPUT
3097 3715 3364 3774 XXXIII.

2368 3829 2506 3884 lam.
2535 3855 2606 3870 —
2630 3827 2805 3899 Neque
2831 3829 3135 3884 clamabunt
3164 3847 3283 3885 cum
3310 3829 3473 3886 vincti
3499 3829 3725 3900 fuerint.

2369 3933 2456 3990 60.
2489 3935 2674 3990 Etiam
2710 3951 2993 4005 percussus
3022 3943 3235 4010 peccata
3264 3936 3502 4010 conﬁteri
3532 3936 3808 3995 erubescit.
3836 3967 3900 3978 —

2303 4021 2496 4079 Omnis
2527 4021 2750 4096 iniquus
2783 4025 2876 4097 qui
2908 4043 3035 4082 cum
3083 4026 3311 4101 iniquus
3341 4027 3435 4094 sit,
3463 4034 3687 4083 sanctus
3722 4024 3894 4083 videri

2301 4128 2411 4168 non
2445 4111 2672 4184 appetit,
2706 4111 2764 4166 in
2793 4111 2994 4186 ﬂagelli
3027 4115 3375 4188 percussione
3405 4114 3800 4188 deprehensus,
3829 4113 3900 4170 fa-

2300 4201 2401 4258 teri
2433 4197 2579 4274 quod
2609 4197 2832 4274 iniquus
2861 4202 2934 4258 sit
2963 4219 3075 4260 non
3100 4205 3392 4262 erubescit.
3417 4203 3523 4272 Qui
3543 4219 3672 4261 vero
3713 4203 3902 4275 iniqua

2299 4307 2480 4362 agens,
2511 4289 2754 4348 humana
2780 4290 2847 4348 de
2894 4309 2952 4349 se
2989 4291 3204 4367 judicia
3238 4293 3342 4352 sub
3373 4295 3550 4368 specie
3595 4293 3900 4352 sanctitatis

2301 4379 2604 4454 intercipit,
2635 4379 2802 4436 etiam
2827 4398 2953 4438 cum
2980 4380 3195 4456 ﬂagello
3222 4385 3548 4458 percutitur,
3573 4383 3828 4458 iniquum
3848 4397 3900 4439 se

2301 4467 2527 4541 prodere
2558 4469 2779 4542 refugit,
2841 4469 2971 4544 quia
3012 4478 3234 4528 sanctus
3277 4471 3452 4530 videri
3485 4470 3794 4530 consuevit.
3847 4468 3898 4526 Si

657 4555 829 4616 Vnus.
863 4559 950 4617 13.
980 4592 1053 4604 -
1082 4531 1500 4619 δὶνηιιῐαεονεεδει
1526 4559 1712 4618 callidi
1735 4531 2031 4635 provocant
2051 4562 2190 4618 iram
2222 4531 2270 4590 D
2301 4531 2522 4632 quando
2553 4531 2735 4614 autem
2765 4531 3010 4630 graviter
3039 4568 3370 4631 coarctatur,
3421 4562 3675 4635 iniquum
3715 4577 3774 4616 se
3802 4557 3892 4614 vix

585 4651 704 4710 Dei.

655 4740 744 4800 58.
771 4739 1115 4800 Simulatoris
1137 4741 1326 4797 callidi
1344 4741 1536 4814 imago.
1568 4771 1639 4784 --
1668 4739 1807 4799 Cum
1831 4741 2188 4798 simulatores

584 4834 813 4902 diceret,
843 4839 967 4904 apte
995 4830 1279 4904 subjungit
1313 4836 1362 4885 et
1407 4832 1616 4900 callidi,
1651 4830 1781 4904 quia
1820 4830 1932 4887 nisi
1961 4829 2188 4902 ingenio

583 4927 840 4992 calleant,
865 4921 1013 4996 quod
1040 4919 1218 4978 videri
1239 4927 1504 4992 appetunt
1529 4937 1768 4993 congrue
1796 4920 2057 4978 simulare
2077 4939 2186 4980 non

586 5022 834 5088 possunt.
853 5013 994 5070 Sunt
1018 5012 1166 5070 enim
1187 5010 1455 5067 nonnulla
1476 5009 1614 5068 vitia
1635 5027 1758 5086 qua
1777 5008 1942 5068 etiam
1970 5027 2002 5068 a
2022 5028 2185 5069 sensu

583 5103 923 5160 tardioribus
951 5102 1114 5161 facile
1143 5108 1546 5176 perpetrantur.
1569 5100 1823 5158 Elatione
1846 5117 2083 5176 namque
2100 5103 2182 5159 in-

584 5198 907 5258 tumescere,
921 5191 1166 5248 avaritia
1187 5190 1412 5248 astibus
1427 5189 1667 5260 inhiare,
1683 5189 1923 5247 luxuria
1949 5191 2191 5264 pulsanti

665 5410 882 5490 ἠΕίῘίέξρ
913 5417 973 5490 ἐί
992 5414 1064 5468 ad
1092 5413 1227 5490 bima
1251 5421 1466 5490 ωιενζιςι.
1499 5413 1793 5490 Sequimur
1815 5415 1945 5490 Mss.
1977 5417 2190 5485 Βειιιιι.³

596 5479 779 5554 Co_lb_.,
810 5481 1069 5554 Vindoc.,
1101 5484 1333 5554 Turon.,
1366 5479 1602 5543 Ebroicf
1621 5494 1675 5544 et
1703 5487 1839 5544 alios
1867 5488 2058 5544 Norm.

663 5552 684 5639 ξ
711 5551 913 5639 ξςιιῐθι.
943 5561 1001 5639 _et
1028 5554 1201 5639 Utic.,
1239 5551 1579 5639 constringat.

663 5626 685 5660 ³
714 5623 831 5691 ΑΙ.,
861 5629 956 5676 aut
987 5629 1316 5684 contumacia
1388 5623 1676 5696 ertinaciw,
1707 5637 1770 5686 ut
1804 5628 1971 5686 habet
2000 5631 2189 5688 Baluz.

664 5697 684 5731 ⁸
717 5693 979 5758 Vindoc.,
1009 5694 1212 5752 Pratel.
1243 5706 1298 5756 et
1318 5647 1482 5758 Laio"
1513 5706 1563 5756 et
1587 5718 1715 5758 vera
1737 5703 1884 5758 mala
1911 5704 2048 5758 male
2074 5721 2189 5758 ore-

664 5697 684 5731 ‘
717 5693 979 5764 Vindoc.,
1009 5694 1212 5752 Pratel.
1243 5706 1298 5756 et
1318 5693 1482 5768 Utic.,
1513 5706 1563 5756 et
1587 5693 1715 5759 vera
1737 5703 1884 5760 mala
1911 5704 2048 5760 male
2069 5721 2191 5776 pre-

595 5784 750 5826 παθη.

2302 4647 2754 4722 superﬁcietenus
2781 4647 3098 4718 confitetur,
3131 4650 3260 4723 quia
3281 4649 3498 4707 interna
3530 4666 3628 4707 sua
3655 4648 3898 4722 detegere

2300 4738 2482 4795 veraci
2511 4737 2858 4794 confessione
2887 4737 3274 4796 confunditur.
3295 4739 3463 4807 Quasi
3485 4737 3646 4795 liberi
3676 4755 3808 4794 vero
3820 4753 3898 4793 sn-

2299 4845 2442 4898 mus,
2473 4843 2600 4884 cum
2631 4827 2785 4883 nulla
2811 4827 3157 4902 correptione
3187 4829 3540 4902 castigamur;
3574 4829 3596 4866 ⁶
3628 4828 3900 4886 vincimur

2297 4926 2500 4987 autem,
2531 4934 2658 4974 cum
2689 4918 2904 4994 ﬂagello
2929 4920 3298 4992 percussionis
3326 4915 3900 4994 astringimur.Vincti

2298 5009 2467 5082 igitur
2497 5016 2649 5066 tanto
2685 5014 2825 5073 841
2860 5011 3166 5066 clamamus
3194 5011 3381 5079 altius,
3429 5017 3637 5085 quanto
3677 5010 3735 5066 in
3776 5023 3899 5082 per-

2297 5105 2551 5165 cussione
2579 5109 2749 5181 positi
2780 5117 3004 5182 peccata
3048 5116 3238 5168 nostra
3267 5109 3521 5168 voracius
3549 5107 3894 5167 confitemur.

2304 5195 2467 5268 Apud
2495 5213 2654 5256 aures
2683 5197 2884 5272 quippe
2911 5197 3013 5255 Dei
3043 5215 3154 5255 vox
3183 5199 3370 5257 valida
3398 5199 3598 5256 devota
3624 5193 3893 5254 confessio

2375 5421 2602 5492 FEditi,
2651 5439 2784 5492 saepe
2825 5439 2878 5476 se
2921 5420 3158 5478 simulat.
3202 5421 3433 5490 Turon.,
3482 5435 3582 5492 pro
3627 5419 3897 5481 simulare,

2304 5489 2470 5547 habet
2499 5489 2880 5549 demonstrare.

2375 5565 2396 5598 ⁶
2428 5563 2650 5620 Ebroic.
2675 5571 2729 5620 et
2756 5565 2850 5622 alii
2881 5565 3096 5633 Norm.,
3119 5563 3275 5634 quasi
3304 5563 3569 5618 vincimur
3581 5568 3773 5634 autem.
3796 5558 3898 5614 Me-

2303 5633 2412 5690 lius
2439 5635 2734 5708 respondet
2759 5637 2919 5695 alteri
2969 5633 3240 5702 membro,
3269 5635 3426 5708 quasi
3466 5633 3621 5692 liberi
3660 5648 3780 5689 vero
3808 5645 3897 5688 su-

2301 5722 2438 5762 mus.
