4152 6182
279 246 383 304 385

1010 252 1382 310 MORALIUM
1421 257 1554 312 LIB.
1593 256 1798 317 XXVI.
1840 289 1911 303 —
1947 262 2020 319 IN
2057 264 2285 322 CAPUT
2324 267 2563 327 XXXVI
2604 271 2666 327 Β.
2707 271 2848 329 IOB.

3477 279 3582 338 386

278 378 374 427 est.
402 369 549 471 Quia
577 372 1069 477 ergo‘simulatores
1098 391 1360 477 quosque,
1393 381 1556 477 etiam
1588 398 1713 438 cum
1744 399 1865 456 per-
1896 386 1946 447 Α
1975 399 2224 447 nostrum
2274 394 2492 466 longius
2535 403 2813 467 evagatur.
2868 394 3053 472 Longé
3099 419 3227 474 ergo
3284 404 3581 477 prophetas

274 460 544 517 cussionis
571 459 782 532 ﬂagella
829 464 1158 537 corripiunt,
1192 467 1261 523 ad
1308 468 1710 527 confessionem
1742 473 1873 530 sim-

276 550 472 622 plicem
497 566 605 605 non
635 549 945 622 perducunt
976 554 1256 627 (cognosci
1286 559 1434 613 enim
1452 568 1765 631 peccatores
1787 580 1865 619 re-

273 638 514 711 fugiunt,
554 641 686 712 quia
723 640 899 697 sancti
930 645 1179 700 omnium
1212 647 1472 718 opinione
1502 648 1867 724 ferebantur),

272 728 521 802 quamvis
543 743 637 783 eos
657 728 724 784 ad
748 737 1055 787 extremum
1073 733 1185 805 jam
1210 735 1423 808 ﬂagella
1439 738 1657 807 feriant,
1683 756 1870 813 quam-

271 820 351 875 vis
378 817 509 875 duci
540 834 596 873 se
626 816 695 874 ad
725 825 930 875 aeterna
976 824 1247 894 supplicia
1276 841 1386 880 non
1419 825 1691 898 ignorent,
1732 829 1868 885 tales

273 914 446 963 tamen
476 908 716 979 cupiunt
743 908 887 980 apud
909 908 1149 967 humana
1158 910 1373 983 judicia
1401 932 1704 986 remanere,
1736 934 1865 991 qua-

225 1023 240 1036 -
272 998 340 1052 les
391 1012 451 1053 se
509 996 839 1053 studuerant
894 1015 1109 1072 semper
1165 1003 1469 1061 ostendere.
1528 1005 1865 1077 Deprehensi

268 1102 382 1158 ergo
409 1087 580 1143 etiam
613 1086 828 1158 ﬂagello
859 1091 1227 1159 percussionis
1257 1101 1540 1164 extremae,
1563 1095 1693 1167 quia
1719 1112 1865 1152 con-

268 1174 555 1231 fessionem
587 1191 779 1246 puram
803 1178 891 1232 vel
921 1176 1114 1235 aﬂlicti
1136 1197 1359 1237 exerere
1380 1184 1684 1256 negligunt,
1708 1186 1863 1257 quasi

267 1264 428 1321 vincti
451 1266 693 1321 clamare
723 1272 1106 1327 contemnunt.
1141 1270 1285 1327 Bene
1316 1286 1442 1345 ergo
1473 1270 1716 1329 dicitur:
1750 1274 1865 1329 Ne-

262 1371 353 1423 que
374 1355 685 1412 clamabunt
724 1372 841 1411 cum
869 1357 1035 1414 vincti
1070 1359 1293 1431 fuerint.

324 1512 407 1569 61.
441 1511 751 1585 Hypocritce
777 1523 984 1573 sanctos
1012 1536 1085 1584 se,
1134 1537 1241 1576 non
1286 1522 1415 1591 quia
1443 1529 1586 1588 sunt,
1619 1524 1709 1580 sed
1736 1524 1865 1594 quia

260 1602 529 1669 (limatur,
548 1604 871 1662 existimant.
915 1607 1060 1665 Vana
1088 1624 1179 1678 spe
1207 1608 1400 1676 delusi,
1429 1612 1501 1666 ad
1521 1609 1863 1682 confessionis

258 1693 542 1749 remedium
598 1695 757 1751 etiam
788 1696 844 1751 in
870 1697 1121 1752 eptremis
1147 1714 1255 1753 non
1283 1700 1614 1771 confugiunt.
1647 1701 1728 1757 Ab
1758 1702 1863 1754 ho-

261 1783 388 1837 mine
423 1784 576 1855 longe
602 1800 738 1857 scepe
765 1786 929 1840 distat
954 1786 1070 1856 ejus
1098 1804 1207 1843 cor.
1231 1817 1303 1830 -
1330 1788 1595 1855 Quamvis
1624 1789 1863 1858 intelligi

256 1872 423 1929 etiam
456 1874 618 1930 aliter
648 1881 843 1946 potest.
895 1876 1090 1933 Omnis
1118 1878 1265 1933 enim
1296 1878 1412 1951 qui,
1462 1896 1588 1935 cum
1637 1878 1866 1950 iniquus

257 1961 355 2029 sit,
390 1961 511 2017 dici
543 1970 761 2019 sanctus
788 1963 856 2020 ab
886 1963 1209 2023 hominibus
1238 1982 1348 2023 non
1380 1966 1737 2038 pertimescit,
1761 1965 1864 2021 etsi

257 2053 523 2125 iniquum
547 2070 604 2110 se
622 2055 785 2111 tacita
803 2057 1138 2128 cogitatione
1153 2056 1717 2129 reprehendit,tamen
1731 2057 1864 2114 dum

259 2140 468 2214 sapius
516 2151 765 2201 sanctum
799 2145 994 2202 audire
1010 2163 1068 2203 se
1110 2148 1355 2219 cmperit,
1391 2147 1498 2205 hoc
1535 2147 1684 2220 quod
1711 2146 1779 2203 de
1809 2162 1867 2202 se

254 2232 592 2291 intrinsecus
618 2235 844 2295 tenebat
864 2237 1095 2293 amittit.
1120 2237 1226 2294 Car
1246 2237 1448 2309 quippe
1479 2235 1722 2292 exterius
1742 2235 1866 2290 fun-

251 2319 351 2390 dit,
390 2331 447 2379 et
478 2326 611 2396 quia
639 2326 878 2383 libenter
906 2327 1043 2382 foris
1073 2326 1271 2382 falsum
1302 2325 1370 2383 de
1396 2342 1454 2383 se
1484 2325 1863 2383 testimonium

251 2411 473 2484 recipit,
506 2415 725 2486 qualem
757 2433 816 2472 se
875 2415 1027 2472 intus
1054 2414 1252 2471 habeat
1280 2431 1392 2471 non
1422 2413 1675 2485 requirit.
1708 2412 1864 2470 Unde

247 2498 308 2556 fit
328 2508 393 2557 ut
408 2517 606 2559 vacuae
626 2504 810 2560 laudis
828 2505 1078 2561 fomenta
1092 2504 1257 2559 etiam
1278 2521 1404 2561 cum
1425 2503 1707 2559 defuerint
1721 2517 1865 2574 quat-

248 2603 428 2663 rat,et
446 2596 667 2652 oblitus
682 2594 831 2666 quod
864 2602 947 2651 est
974 2604 1193 2668 appetat
1220 2595 1399 2652 videri
1447 2595 1594 2668 quod
1623 2612 1734 2650 non
1764 2602 1862 2651 est.

248 2681 403 2756 [Vet.
439 2683 678 2757 XXIX]
712 2684 886 2755 Igitur
932 2685 1027 2757 qui
1074 2686 1209 2741 tales
1236 2684 1547 2753 sunt,-dum
1585 2683 1765 2756 justos
1809 2701 1867 2741 se

246 2780 379 2828 ante
410 2770 667 2827 humana
705 2771 921 2842 judicia
946 2773 1230 2842 simulant,
1280 2773 1410 2829 dum
1469 2774 1710 2830 actiones
1738 2788 1864 2831 suas

249 2858 522 2916 laudibus
539 2858 733 2931 dignas
752 2860 1089 2916 intuentium
1116 2862 1299 2918 oculis
1319 2869 1617 2931 ostentant,
1647 2865 1865 2919 occulta

247 2965 369 3005 cum
405 2946 494 3004 eis
518 2947 743 3019 justitia
771 2949 970 3022 agitur,
1003 2957 1065 3005 ut
1093 2967 1202 3024 quo
1249 2951 1504 3008 nituntur
1558 2953 1695 3008 foris
1724 2953 1862 3009 alios

248 3038 462 3106 fallere,
501 3054 567 3094 eo
597 3040 666 3095 de
694 3056 750 3096 se
780 3041 932 3096 intus
960 3041 1124 3096 etiam
1148 3042 1254 3115 ipsi
1275 3041 1558 3098 fallantur.
1580 3042 1717 3098 Nam
1730 3058 1854 3097 .om-

250 3144 365 3183 nem
417 3128 577 3185 circa
617 3144 673 3183 se
702 3128 955 3185 sollicitae
984 3129 1436 3201 investigationis
1466 3131 1687 3185 oculum
1719 3145 1855 3201 per-

249 3216 399 3273 dunt.
434 3216 630 3273 Vitam
677 3219 824 3273 enim
854 3234 1007 3274 suam
1037 3227 1094 3274 et
1138 3217 1412 3286 discutere
1444 3225 1499 3274 et
1530 3226 1857 3294 perscrutari

251 3304 629 3374 dissimulant,
662 3308 756 3363 sed
774 3309 909 3364 tales
929 3325 984 3364 se
1007 3308 1195 3381 quales
1223 3307 1465 3363 audiunt
1492 3315 1708 3380 putant,
1740 3324 1859 3365 san-

250 3404 704 3469 ctosqueseesse,
736 3414 849 3453 non
879 3398 1009 3470 quia
1031 3398 1108 3454 ita
1140 3398 1362 3465 vivunt,
1394 3397 1490 3455 sed
1511 3399 1641 3471 quia
1668 3397 1744 3453 ita
1773 3396 1860 3452 di-

253 3493 480 3554 cuntur,
512 3486 854 3544 existimant.
888 3487 1106 3543 Subtile
1126 3494 1308 3543 autem
1339 3486 1439 3542 Dei
1464 3486 1762 3559 judicium,
1781 3502 1861 3542 se-

257 3592 358 3647 que
383 3578 540 3649 ipsos
562 3577 762 3632 intueri
785 3575 1093 3648 negligant,
1115 3578 1246 3649 quia
1264 3576 1428 3633 ﬁdem
1459 3576 1546 3632 sui
1574 3576 1758 3631 meriti
1803 3575 1860 3630 in

252 3665 605 3721 attestatione
626 3673 836 3737 ponunt
863 3665 977 3721 oris
1004 3665 1193 3721 alieni.
1227 3663 1366 3721 Cum
1388 3679 1518 3719 vero
1548 3663 1729 3720 subita
1744 3678 1862 3734 per-

255 3754 523 3810 cussione
556 3753 850 3822 feriuntur,
883 3752 1106 3826 iniquos
1134 3769 1192 3808 se
1237 3753 1326 3807 vel
1383 3751 1650 3807 veraciter
1677 3750 1859 3819 fateri,

257 3843 339 3900 vel
368 3843 523 3899 sicut
560 3851 721 3908 sunt,
752 3840 1162 3916 deprehendere
1199 3838 1429 3896 omnino
1472 3855 1583 3895 non
1614 3846 1859 3911 possunt,

258 3933 387 4004 quia
402 3920 672 3990 videlicet
700 3940 918 3990 sanctos
944 3948 1002 3989 se
1031 3932 1275 3988 humana
1306 3928 1646 4003 professione
1689 3928 1863 3985 credi-

257 4022 471 4081 derunt.
506 4025 652 4081 Bene
697 4041 827 4096 ergo
870 4023 1075 4080 dicitur
1109 4041 1120 4078 :
1154 4023 1331 4093 Neque
1383 4022 1689 4078 clamabunt
1742 4038 1861 4077 cum

259 4117 408 4172 vincti
426 4116 656 4187 fuerint.
680 4117 785 4188 Spe
798 4116 946 4173 enim
968 4131 1141 4172 vacua
1158 4114 1294 4171 tales
1309 4130 1367 4171 se
1399 4121 1527 4170 ante
1555 4128 1858 4186 supernum

259 4202 498 4275 judicem
517 4206 710 4263 venire
730 4204 1036 4271 conﬁdunt,
1062 4204 1250 4277 quales
1270 4220 1326 4260 se
1348 4202 1669 4260 hominibus
1689 4203 1863 4259 inno-

266 4296 422 4351 tuisse
443 4301 828 4367 cognoscunt;
862 4310 1026 4366 seque
1066 4294 1214 4364 ipsos
1244 4293 1432 4348 miseri
1462 4308 1563 4348 nec
1583 4293 1726 4347 inter
1753 4300 1860 4347 tor-

264 4394 434 4441 menta
463 4383 909 4456 deprehendunt,
931 4391 985 4439 et
1008 4381 1143 4437 dum
1164 4382 1546 4437 testimonium
1568 4380 1716 4435 falsa:
1748 4380 1860 4434 lau-

1981 483 2455 553 prevaricatorem
2488 484 2682 553 mittit,
2716 501 2840 541 cum
2862 503 2985 542 eum
3030 490 3097 543 ad
3127 508 3222 547 cor
3242 509 3402 548 suum
3439 494 3579 552 redi-

1981 586 2037 627 re
2067 574 2368 645 compellit,
2420 574 2550 647 quia
2577 591 2684 646 quo
2715 591 2770 631 se
2801 577 3048 632 exterius
3087 576 3251 646 fudit,
3284 595 3348 636 eo
3406 583 3475 639 ad
3523 599 3581 641 se

1977 660 2123 717 unde
2138 662 2307 733 possit
2329 664 2505 719 redire
2521 664 2619 719 vix
2642 665 3021 733 invenit.Quia
3039 683 3170 723 vero
3192 667 3577 729 simulatorum

1978 767 2131 806 mens
2170 768 2268 822 pro
2297 769 2361 808 eo
2391 752 2538 825 quod
2567 753 2633 809 ab
2663 769 2773 809 una
2799 755 3122 811 aeternitatis
3160 756 3470 813 intentione
3499 760 3579 817 di-

1976 837 2209 907 viditur,
2235 841 2631 911 cogitationum
2654 843 3048 915 multiplicium
3074 844 3436 903 inundatione
3457 863 3577 904 vas-

1976 934 2147 998 tatur,
2179 937 2323 986 recte
2367 929 2757 1005 subjungitur:

2520 1021 2747 1079 CAPUT
2778 1021 3037 1080 XXXIV.

2047 1109 2217 1166 Vens.
2256 1109 2339 1166 14.
2372 1141 2443 1152 -
2463 1110 2726 1169 Morietur
2753 1113 2809 1166 in
2833 1118 3124 1184 tempestate
3152 1113 3333 1170 anima
3361 1131 3563 1172 eorum.

2056 1204 2200 1260 842
2230 1198 2317 1253 62.
2350 1200 2665 1268 Tempestate
2680 1202 2853 1257 subita
2874 1203 3157 1273 hypocrita:
3174 1204 3576 1260 moriuntur.—

1973 1296 2138 1364 Quasi
2170 1296 2469 1369 tranquille
2497 1313 2733 1369 namque
2763 1298 3094 1356 videbantur
3123 1300 3331 1370 vivere,
3364 1318 3489 1358 cum
3507 1300 3574 1356 de

1974 1385 2284 1442 sanctitatis
2311 1392 2570 1440 curarent
2590 1386 2751 1441 laude
2771 1387 3135 1457 gaudere.Sed
3150 1397 3471 1460 tempestate
3487 1404 3573 1445 su-

1973 1474 2087 1531 bita
2099 1492 2289 1531 eorum
2303 1474 2487 1530 anima
2503 1475 3143 1548 moritur,quaehumanae
3161 1477 3579 1549 laudispessima

1974 1565 2374 1638 tranquillitate
2394 1564 2697 1621 laetabatur.
2713 1566 3045 1638 Plerumque
3074 1565 3258 1622 subito
3294 1566 3579 1639 inopinata

1972 1662 2264 1727 tempestas
2319 1670 2481 1710 omne
2512 1654 2658 1728 quod
2686 1672 2777 1711 aer
2807 1656 2828 1689 ²
2859 1671 3114 1711 serenum
3144 1655 3432 1711 blanditur
3474 1656 3576 1712 im-

1848 1789 1858 1819 :
1900 1752 1947 1811 Β
1976 1752 2185 1813 mutat;
2237 1752 2290 1799 et
2332 1761 2395 1799 eo
2426 1745 2731 1816 periculum
2763 1744 2925 1800 vitari
2956 1762 3068 1801 non
3098 1753 3294 1819 potest,
3328 1762 3435 1819 quo
3478 1762 3578 1805 nec

1974 1839 2157 1909 potuit
2188 1837 2500 1910 prmvideri.
2550 1837 2707 1893 Unde
2751 1839 3116 1908 simulatores,
3150 1839 3244 1913 qui
3290 1840 3419 1895 vita:
3465 1855 3575 1895 suae

1974 1928 2279 1985 custodiam
2313 1927 2617 2000 negligunt,
2642 1926 2696 1982 in
2719 1934 3039 2000 tempestate
3063 1930 3203 1985 mori
3235 1929 3571 1985 referuntur.

1976 2017 2118 2072 Hinc
2147 2017 2347 2087 quippe
2382 2033 2475 2071 eos
2504 2016 2669 2072 turbo
2708 2015 2925 2072 subitus
2956 2015 3185 2073 internm
3206 2016 3576 2088 percussionis

1973 2102 2147 2176 ejicit,
2180 2120 2315 2175 quos
2372 2104 2685 2176 arrogantia
2742 2104 2958 2160 externi
2990 2104 3197 2163 favoris
3226 2107 3478 2176 extollit;
3521 2117 3575 2165 et

1973 2182 2107 2249 dum
2138 2193 2547 2263 amplectuntur
2567 2191 2626 2247 in
2658 2193 2815 2248 laude
2847 2193 2995 2265 quod
3023 2210 3135 2249 non
3171 2202 3320 2262 sunt,
3353 2203 3575 2266 repente

1974 2285 2269 2340 inveniunt
2298 2283 2355 2338 in
2402 2283 2614 2339 ultione
2653 2283 2803 2356 quod
2832 2292 2980 2339 sunt.
3019 2282 3161 2358 [Vet.
3196 2283 3391 2358 XXX]
3429 2285 3575 2339 Bene

1972 2381 2153 2431 autem
2197 2391 2293 2447 per
2321 2373 2671 2431 Salomonem
2728 2373 2934 2429 dicitur
2966 2392 2976 2429 :
3018 2375 3285 2441 Quomodo
3311 2374 3576 2445 probatur

1972 2472 2029 2527 in
2067 2473 2375 2543 con/latorio
2432 2478 2730 2542 argentum,
2777 2476 2826 2525 et
2879 2471 2935 2525 in
2980 2469 3198 2540 fornace
3251 2487 3469 2537 aurum,
3500 2472 3575 2527 sic

1966 2562 2231 2633 probatur
2257 2563 2409 2617 homo
2440 2578 2530 2615 ore
2559 2560 2829 2615 laudantis
2857 2561 3050 2631 (Prov.
3072 2575 3250 2627 xxvn,
3282 2560 3398 2632 2i).
3431 2559 3574 2616 Laus

1972 2656 2175 2728 quippe
2231 2674 2331 2713 sua
2378 2656 2559 2729 justos
2615 2655 2845 2724 cruciat,
2906 2655 3128 2728 iniquos
3189 2654 3413 2710 exaltat.
3467 2654 3572 2711 Sed

1966 2740 2146 2814 justos
2174 2744 2306 2801 dum
2330 2746 2540 2804 cruciat
2568 2754 2782 2820 purgat,
2803 2744 3024 2819 iniquos
3052 2744 3185 2800 dum
3221 2742 3464 2801 laetificat
3486 2759 3575 2816 gre-

1970 2834 2173 2904 probos
2194 2844 2481 2892 monstrat.
2516 2836 2614 2891 Isti
2635 2835 2782 2892 enim
2801 2852 2899 2891 sua
2921 2834 3080 2891 laude
3100 2842 3420 2907 pascuntur,
3445 2835 3576 2907 quia

1971 2924 2212 2978 auctoris
2240 2924 2325 2978 sui
2370 2924 2600 2994 gloriam
2643 2940 2755 2979 non
2783 2924 3091 2997 requirunt.
3143 2923 3231 2977 Illi
3260 2928 3443 2976 autem
3478 2922 3573 2993 qui

1969 3014 2211 3068 auctoris
2241 3013 2473 3084 gloriam
2502 3020 2777 3087 quaerunt,
2815 3030 2913 3070 sua
2946 3012 3105 3069 laude
3125 3012 3465 3077 cruciantur,
3503 3026 3572 3066 ne

1888 3114 1930 3174 ο
1964 3119 2075 3158 non
2105 3103 2177 3159 sit
2197 3102 2347 3158 intus
2377 3103 2524 3175 quod
2541 3103 3018 3170 forisdicitur,ne,
3049 3102 3096 3157 si
3125 3108 3205 3157 est
3220 3092 3385 3156 etiam
3421 3097 3572 3173 quod

1970 3192 2196 3261 dicitur,
2221 3200 2345 3249 ante
2374 3192 2471 3248 Dei
2490 3193 2678 3249 oculos
2698 3192 2831 3265 ipsis
2858 3190 3142 3248 favoribus
3171 3198 3471 3247 vacuatur:
3500 3204 3568 3245 ne

1970 3282 2213 3340 humana
2244 3285 2363 3341 laus
2391 3283 2562 3340 robur
2591 3284 2791 3340 mentis
2828 3282 3093 3350 emolliat,
3127 3296 3354 3354 eamque
3386 3279 3443 3335 in
3480 3278 3571 3336 sui

1970 3374 2332 3433 delectatione
2362 3384 2700 3449 prosternat;
2734 3384 2788 3432 et
2821 3392 2941 3449 quae
2978 3372 3361 3446 adjumentum
3408 3371 3571 3429 debet

1970 3481 2086 3521 esse
2114 3467 2349 3539 augendi
2379 3467 2580 3539 operis,
2608 3466 2722 3539 jam
2746 3466 3037 3524 retributio
3076 3466 3149 3522 sit
3185 3463 3409 3519 laboris.
3433 3460 3573 3519 Cum

1970 3569 2101 3610 vero
2148 3572 2249 3611 sua
2280 3556 2554 3627 praeconia
2582 3554 2638 3610 in
2670 3557 2771 3611 Dei
2802 3557 3019 3612 laudem
3054 3552 3273 3611 tendere
3305 3551 3572 3621 sentiunt,

1969 3658 2033 3699 ea
2087 3643 2252 3700 etiam
2310 3644 2751 3701 desiderabiliter
2806 3646 3236 3717 amplectuntur.
3290 3641 3572 3713 Scriptum

1971 3748 2208 3804 namque
2227 3741 2311 3789 est
2336 3751 2348 3788 :
2391 3734 2611 3792 Videant
2638 3750 2799 3804 opera
2827 3740 3001 3789 vestra
3031 3734 3188 3800 bona,
3219 3737 3267 3786 et
3282 3731 3575 3801 gloriﬁcent

1972 3823 2188 3877 Patrem
2215 3828 2446 3877 vestrum
2465 3822 2557 3892 qui
2587 3822 2643 3875 in
2662 3822 2800 3876 caelis
2830 3827 2905 3875 est
2935 3821 3149 3890 (Matth.
3179 3835 3235 3887 v,
3264 3818 3375 3887 I6).
3409 3818 3572 3872 Viam

1971 3925 2029 3967 se
2057 3926 2186 3981 ergo
2206 3908 2528 3965 hominibus
2548 3908 2778 3975 faciunt,
2812 3907 3027 3980 quoties
3061 3908 3119 3961 in
3149 3920 3205 3960 se
3235 3903 3446 3975 aliquid
3466 3919 3574 3976 quo

1970 4000 2117 4056 Deus
2136 4005 2497 4071 cognoscatur
2526 3995 2844 4064 ostendunt,
2877 3995 3006 4069 quia
3038 4009 3150 4049 non
3179 3991 3403 4047 student
3426 3990 3483 4046 in
3512 4005 3575 4046 se

1971 4087 2274 4145 humanam
2315 4087 2534 4145 laudem
2586 4089 2606 4123 ³
2636 4086 2821 4160 figere,
2846 4088 2868 4121 ⁴
2897 4084 2992 4142 sed
3021 4088 3279 4158 quaerunt
3332 4097 3449 4137 eam
3479 4095 3575 4153 per

1968 4196 2026 4237 se
2057 4179 2268 4237 medios
2298 4179 2365 4236 ad
2385 4178 2624 4235 auctoris
2646 4178 2876 4250 gloriam
2908 4171 3261 4248 pertransire.
3285 4171 3573 4244 Arrogan-

1970 4277 2051 4327 tes
2067 4279 2250 4328 autem
2267 4269 2529 4326 humanis
2548 4266 2806 4325 laudibus
2821 4264 3014 4322 mollia
3027 4262 3194 4322 corda
3208 4261 3570 4336 prostituunt,

1971 4360 2100 4433 quia
2127 4361 2242 4417 suis
2281 4358 2563 4416 amoribus
2608 4363 3061 4428 corrumpuntur.
3092 4356 3170 4410 De
3200 4350 3403 4424 quibus
3432 4351 3567 4406 alias

263 4470 341 4530 dis
357 4472 971 4547 aspiciunt,remedium
1002 4488 1143 4527 verte
1173 4470 1537 4527 confessionis
1567 4468 1851 4537 amittunt.

1970 4451 2175 4510 dicitur
2207 4472 2219 4509 :
2253 4453 2433 4507 Erunt
2470 4449 2701 4505 homines
2730 4449 2925 4519 seipsos
2953 4449 3189 4501 amantes
3213 4442 3300 4514 (II
3330 4442 3462 4498 Tim.
3486 4456 3571 4509 III,

263 4561 433 4620 Etiam
467 4563 646 4620 vincti
676 4563 975 4629 ducuntur,
1026 4570 1079 4617 et
1108 4577 1220 4616 non
1266 4560 1528 4626 clamant,
1560 4558 1708 4631 quia,
1743 4556 1859 4612 hu-

264 4668 430 4709 mana.
461 4653 648 4710 laudis
687 4650 1115 4725 importunitate
1144 4650 1404 4720 superati,
1428 4656 1645 4705 sanctos
1675 4662 1730 4702 se
1751 4647 1868 4702 mi-

266 4742 367 4798 seri
394 4750 448 4798 et
480 4760 604 4801 cum
663 4743 720 4800 in
778 4741 1016 4815 peccatis
1046 4738 1360 4795 moriuntur
1407 4743 1620 4810 putant.
1655 4735 1867 4803 Quibus
1924 4746 1931 4757 '

266 4829 397 4890 bene
414 4850 516 4906 per
546 4831 868 4907 prophetam
900 4828 1107 4887 dicitur
1132 4846 1143 4886 :
1178 4829 1379 4894 Redite,
1396 4827 1859 4899 praevaricatores,

266 4924 333 4978 ad
366 4941 456 4979 cor
494 4924 654 4995 (Isai.
678 4940 833 4989 xnvr,
855 4922 937 4993 8).
962 4921 1019 4978 Si
1071 4920 1218 4976 enim
1259 4918 1327 4976 ad
1357 4935 1451 4976 cor
1482 4917 1743 4985 redirent,
1766 4931 1864 4989 per

267 5014 553 5071 exterioris
608 5012 975 5070 attestationis
1030 5026 1085 5067 se
1135 5007 1300 5066 verba
1340 5009 1355 5042 ¹
1398 5024 1512 5063 non
1543 5006 1861 5063 funderent.

268 5103 396 5159 Nam
426 5103 564 5178 quid
590 5103 833 5159 vicinius
863 5100 1023 5157 nobis
1060 5107 1142 5156 est
1159 5100 1321 5156 corde
1355 5105 1544 5155 nostro
1568 5098 1595 5153 ?
1626 5096 1759 5169 quid
1785 5095 1867 5150 vi-

269 5190 447 5250 cinius
475 5193 638 5250 nobis
667 5201 749 5249 est
779 5208 841 5248 ea
870 5207 929 5247 re
965 5206 1085 5263 quae
1116 5189 1260 5244 intra
1301 5205 1401 5243 nos
1430 5186 1551 5241 est?
1579 5187 1650 5241 Et
1679 5191 1863 5240 tamen

271 5298 393 5340 cum
424 5300 519 5356 per
548 5299 745 5357 pravas
773 5280 1131 5354 cogitationes
1150 5276 1447 5351 spargitur,
1480 5290 1513 5330 a
1538 5273 1699 5330 nobis
1730 5289 1864 5330 cor-

342 5444 357 5481 ¹
390 5443 647 5514 Vindoc.,
671 5443 892 5501 Ebroic.
927 5447 983 5497 et
1028 5438 1125 5514 alii
1155 5438 1368 5514 _Norm.,
1400 5453 1509 5493 non
1537 5424 1862 5514 spargerent

339 5516 361 5552 ³
389 5517 455 5573 In
483 5504 681 5574 Pratel.
713 5524 767 5573 et
796 5515 941 5572 Utic.
979 5511 1282 5578 omittitur,
1314 5504 1577 5565 serenum:
1608 5504 1864 5563 In‘Editi.

271 5584 487 5659 legitur,
517 5606 612 5644 aer
637 5604 868 5644 serenus.
891 5583 1185 5658 Sequimur
1224 5577 1432 5650 Baluz.,
1456 5578 1636 5648 Colb.,
1658 5577 1867 5643 Turon,

274 5666 610 5799 et£3.T11ron.,
635 5731 771 5802 ﬁeri.

1970 4540 2048 4612 2).
2101 4542 2242 4612 Apte
2285 4556 2416 4596 vero
2471 4537 2565 4594 hic
2611 4536 2679 4593 de
2709 4536 2812 4593 hac
2832 4551 3033 4592 eorum
3063 4531 3417 4604 corruptione
3448 4528 3573 4586 sub-

1969 4628 2225 4701 jungitur
2245 4645 2257 4684 ;

2525 4714 2754 4774 CAPUT
2785 4712 3022 4771 XXXV.

2046 4810 2182 4866 Iern.
2212 4839 2283 4850 —
2311 4808 2386 4865 Et
2413 4810 2522 4863 vita
2550 4824 2732 4862 eorum
2758 4806 2895 4860 inter
2926 4802 3266 4875 effeminatos.

2046 4900 2133 4956 63.
2165 4899 2474 4971 Eﬂ'eminati
2501 4904 2623 4953 sunt
2650 4896 2743 4967 qui
2766 4895 3010 4950 laudibus
3040 4888 3285 4946 humanis
3313 4897 3567 4939 corrum—

1969 4988 2331 5063 puntur.—Si
2361 4988 2509 5044 enim
2531 4986 2769 5042 viriliter
2791 4984 3064 5048 viverent,
3099 4981 3217 5034 laus
3242 4971 3559 5063 transitoria

1975 5059 2130 5133 nulla
2156 5094 2248 5133 eos
2266 5077 2618 5147 corruptione
2633 5072 2874 5129 vitiaret.
2898 5068 3050 5126 Unde
3068 5064 3257 5122 electis
3287 5059 3559 5133 PrOpheta

1976 5168 2282 5240 persuadet,
2314 5166 2537 5223 dicens:
2581 5163 2820 5222 Viriliter
2847 5159 3004 5229 agite,
3046 5160 3094 5209 et
3113 5150 3441 5221 confortetur
3481 5166 3575 5240 eor

1970 5238 2203 5312 oestrum
2232 5257 2403 5328 (Psat.
2423 5270 2559 5320 xxx,
2580 5252 2700 5323 25).
2719 5249 2917 5305 Dicens
2945 5243 3094 5300 enim
3134 5240 3377 5302 Viriliter
3406 5238 3568 5311 agite,

2047 5422 2069 5456 ⁴
2086 5417 2344 5491 Longip.,
2374 5415 2461 5473 sed
2489 5417 2736 5491 quaerunt
2756 5427 2869 5491 eam
2892 5424 2996 5491 pe:
3017 5403 3281 5491 se'metius
3309 5401 3379 5485 ad
3392 5406 3570 5491 aucto:

1975 5492 2055 5549 ris
2069 5476 2301 5563 gloriam.
2314 5476 2666 5563 pertransire.
2766 5476 2934 5563 Uticj,
2956 5479 3186 5563 Pr_atel.,
3198 5476 3421 5563 Ebroic.
3432 5518 3453 5563 ξ
3464 5489 3572 5563 per

1976 5548 2028 5620 se
2061 5548 2252 5620 medios
2280 5548 2352 5618 ad
2387 5566 2652 5617 auctorem
2690 5556 2876 5627 gloria:
2915 5548 3262 5625 pertransire.
3296 5548 3377 5605 Ita
3404 5548 3568 5602 etiam

1979 5636 2136 5695 Colb.
2171 5642 2225 5690 et
2253 5634 2437 5691 Baluz.
