4152 6182
529 229 633 284 387

1743 221 1991 278 SANCTI
2028 220 2368 278 GREGORII
2403 221 2631 280 MAGNI

3731 225 3842 282 388

529 359 576 420 et
612 349 938 418 confortetur
965 361 1056 398 cor
1083 349 1335 412 vestrum,
1356 343 1510 400 illico
1547 341 1817 410 subdidit,
1849 342 2006 416 quasi
2033 359 2128 399 se-
2154 347 2206 406 Α
2241 345 2416 417 Lapsa
2445 351 2520 400 est
2560 346 2616 400 in
2655 347 2826 402 laeum
2867 345 2978 402 vita
3011 363 3144 414 mea,
3179 353 3472 417 posuerunt
3501 348 3724 419 lapidem
3751 366 3838 403 su-

527 455 666 496 xum
694 434 880 494 cordis
896 433 1113 491 munire
1133 432 1370 490 curavit.
1395 435 1412 468 ί
1443 431 1740 489 Luxuriosi
1758 432 1960 505 quippe
1980 449 2133 490 mens

527 525 924 600 corrumpitur,
965 525 1010 581 si
1041 523 1204 581 rebus
1237 523 1566 580 transitoriis
1595 523 1915 580 delectatur.
1965 524 2134 595 Igitur

528 615 916 673 simulatorem
958 612 1071 670 vita
1128 613 1273 668 inter
1329 612 1670 668 effeminatos
1713 613 1969 682 moritur,
2004 613 2134 686 quia

527 705 711 762 laudis
765 701 988 760 luxuria
1040 708 1300 773 corrupta
1356 700 1648 771 reperitur.
1684 702 1704 735 ’
1753 701 2132 758 Translatione

529 810 661 850 vero
681 794 788 849 alia
807 809 919 849 non
949 791 1182 848 habetur
1205 808 1217 844 :
1261 791 1379 848 Vita
1407 807 1590 844 eorum
1620 790 1756 846 inter
1783 792 2128 862 eﬂ’eminatos,

527 883 642 953 sed,
683 885 799 942 Vita
857 898 1039 937 eorum
1094 881 1403 935 vulneretur
1460 878 1526 935 ab
1556 880 1774 952 angelis.
1834 881 2132 952 Utramque

525 979 710 1029 tamen
758 973 862 1028 etsi
902 985 1154 1027 sermone
1212 967 1508 1040 discrepat,
1559 968 1771 1024 ratione
1811 969 2126 1037 concordat,

527 1063 659 1136 quia
672 1061 1112 1117 effeminatorum
1129 1057 1302 1114 vitam
1327 1057 1971 1128 angelivulnerant,dum
1989 1074 2064 1113 nu
2073 1075 2129 1112 n-

526 1150 594 1206 tii
625 1149 875 1205 veritatis
904 1165 1025 1205 eam
1053 1147 1255 1219 jaculis
1287 1154 1488 1203 sanctae
1511 1145 1918 1218 praedicationis
1947 1145 2128 1218 impu-

528 1247 713 1313 gnant.
745 1237 887 1306 Quia
917 1236 1084 1308 igitur
1113 1235 1182 1292 de
1215 1235 1568 1292 damnatione
1599 1235 1958 1308 reproborum
1989 1235 2129 1308 quid

525 1335 723 1402 agatur
750 1323 1088 1394 audivimus,
1121 1325 1189 1382 de
1217 1327 1495 1398 ereptione
1534 1323 1832 1380 humilium
1879 1324 2016 1398 quid
2042 1341 2128 1380 se-

529 1424 730 1492 quatur
758 1415 1079 1472 audiamus:

594 1507 769 1565 Vnus.
799 1505 882 1561 15.
933 1535 1004 1546 -
1023 1504 1239 1576 Eripiet
1260 1519 1549 1576 pauperem
1578 1503 1640 1559 de
1657 1503 1914 1575 angustia
1937 1519 2054 1559 sua.

593 1595 681 1653 64.
713 1594 1097 1662 Humiles,eum
1124 1593 1516 1659 moriuntur,de
1537 1593 1786 1664 angustia
1805 1593 2123 1648 liberantur.

2235 451 2337 507 per
2381 452 2460 490 me
2510 435 2744 504 (Thren.
2781 451 2867 501 in,
2897 433 3014 507 53).
3075 433 3212 508 [Vet.
3263 435 3492 510 ΧΧΧΙ.]
3549 437 3613 492 Ιιι
3659 437 3838 494 lacum

2243 523 2445 596 quippe
2475 524 2590 579 vita
2619 522 2824 580 labitur
2843 539 2972 580 cum
3015 522 3135 579 labe
3174 523 3464 598 inquitatis
3493 525 3835 598 inquinatur.

2242 613 2402 685 Lapis
2434 629 2562 668 vero
2591 611 2986 686 superponitur
3013 629 3138 669 cum
3168 612 3335 668 etiam
3365 612 3506 670 dura
3533 622 3842 670 consuetu-

2243 702 2371 760 dine
2402 720 2554 759 mens
2583 705 2640 760 in
2674 711 2894 775 peccato
2922 703 3238 772 devoratur,
3262 711 3324 760 ut
3353 705 3456 762 etsi
3479 706 3614 762 velit
3633 721 3842 764 exsur-

2241 809 2386 865 gere,
2413 791 2527 865 jam
2561 801 2859 866 utcumque
2889 809 2998 849 non
3022 794 3212 864 possit,
3247 794 3376 868 quia
3405 795 3576 851 moles
3605 793 3845 867 desuper

2241 869 2846 939 malae'consuetudinis
2877 883 3096 955 premit.
3127 881 3234 939 Sed
3255 883 3386 955 quia
3412 883 3620 940 divinae
3636 891 3844 956 poten—

2240 971 2329 1026 tite
2351 970 2615 1042 subjacet,
2648 980 2702 1028 et
2721 980 2844 1044 post
2873 971 3183 1042 angustiam
3215 987 3396 1042 pravae
3423 971 3840 1030 consuetudinis

2239 1061 2305 1117 ad
2336 1061 2493 1117 bonae
2523 1062 2760 1118 actionis
2787 1060 3214 1134 amplitudinem
3245 1063 3267 1096 ³
3290 1071 3598 1131 revocatur,
3631 1061 3840 1120 idcirco

2238 1149 2445 1208 dicitur
2479 1169 2491 1207 :
2527 1151 2768 1207 Salvabit
2790 1157 2835 1206 te
2863 1151 2926 1205 de
2951 1169 3041 1207 ore
3068 1157 3292 1222 angusto
3317 1152 3587 1208 latissime.
3618 1152 3839 1208 Latissi-

2241 1257 2326 1297 me
2355 1242 2558 1314 quippe
2577 1241 2646 1298 de
2675 1258 2768 1298 ore
2798 1249 3029 1314 angusto
3048 1242 3316 1310 salvetur,
3367 1242 3466 1316 qui
3493 1250 3547 1299 et
3575 1251 3697 1315 post
3723 1243 3838 1300 ini-

2239 1330 2467 1401 quitatis
2489 1327 2687 1404 jugum
2717 1329 2788 1388 ad
2817 1330 3126 1388 libertatem
3153 1329 3289 1387 boni
3323 1332 3504 1404 operis
3522 1331 3838 1406 paenitendo

2241 1417 2542 1476 reducitur.
3752 1487 3766 1493 _

2313 1513 2402 1570 66.
2429 1516 2641 1582 Quanta
2667 1515 2916 1586 angustia
2945 1519 3019 1570 est
3036 1515 3103 1572 ab
3118 1515 3442 1588 opprimente
3465 1518 3610 1574 mala
3629 1533 3840 1573 consue-

2243 1603 2424 1658 tudine
2466 1619 2749 1675 exsurgere
2788 1605 2918 1660 velle
2946 1620 3036 1658 nec
3067 1604 3570 1675 posse—Quaedam
3601 1622 3840 1680 namque

461 1727 478 1753 ,
525 1686 808 1758 —Pauper
836 1683 903 1740 de
931 1684 1185 1756 angustia
1204 1701 1302 1740 sua
1331 1683 1564 1756 eripitur
1592 1699 1719 1740 cum
1748 1682 2129 1756 unusquisque
2163 1703 2208 1764 Β
2244 1694 2265 1727 ι
2297 1693 2452 1764 quasi
2484 1693 2732 1749 conclusi
2779 1692 2892 1750 oris
2936 1694 3188 1766 angustia
3217 1702 3298 1751 est
3326 1696 3348 1730 δ
3377 1694 3446 1750 ab
3491 1696 3842 1768 opprimente

526 1775 757 1834 humilis
771 1775 838 1830 de
859 1773 962 1831 hac
982 1774 1438 1846 peregrinationis
1455 1791 1568 1829 suae
1597 1772 1899 1828 aﬂlictione
1917 1771 2130 1827 libera-

525 1873 635 1924 tur.
665 1866 802 1922 Nam
835 1870 890 1919 et
917 1863 1152 1920 assiduis
1200 1863 1292 1919 hic
1335 1862 1712 1918 tribulationis
1753 1861 2041 1934 premitur,
2073 1869 2137 1916 ut

529 1957 598 2014 ad
617 1952 1012 2028 requirendum
1029 1969 1170 2009 verae
1186 1953 1579 2010 consolationis
1595 1951 1857 2024 gaudium
1873 1968 2133 2024 provoce-

529 2055 637 2104 tur.
671 2043 825 2102 Unde
855 2050 908 2098 et
937 2042 1184 2115 sequitur
1220 2060 1231 2097 :

595 2139 711 2195 Iam
721 2137 956 2196 .—843
969 2133 1042 2188 Et
1066 2131 1322 2187 reuelabit
1339 2131 1396 2186 in
1418 2131 1762 2187 tribulatione
1775 2147 1961 2186 aurem
1989 2129 2102 2199 ejus
2112 2175 2124 2187 .

601 2229 811 2286 Aurem
834 2231 892 2285 in
911 2229 1275 2286 tribulatione
1291 2229 1530 2284 revelare
1552 2235 1634 2284 est
1653 2227 1904 2284 auditum
1945 2225 2130 2283 cordis

527 2317 820 2374 verberum
845 2320 1019 2392 plagis
1048 2319 1279 2391 aperire.
1304 2318 1442 2376 Cum
1473 2317 1619 2374 enim
1643 2324 1912 2390 praecepta
1939 2316 2130 2388 despi—

526 2407 726 2476 cimus,
751 2409 841 2480 pia
868 2407 1216 2466 districtione
1245 2407 1533 2465 nobiscum
1573 2407 1772 2478 agitur,
1829 2413 1890 2462 ut
1920 2405 2132 2476 flagella

527 2495 841 2553 timeamus.
877 2499 1081 2553 Aurem
1122 2497 1306 2570 itaque
1363 2496 1547 2552 cordis
1602 2495 1890 2551 tribulatio
1929 2495 2126 2566 aperit,

527 2599 692 2655 quam
708 2599 851 2655 saepe
880 2581 1048 2653 hujus
1064 2583 1262 2638 mundi
1291 2583 1622 2654 prosperitas
1641 2581 1872 2636 claudit.
1890 2581 1992 2635 Per
2023 2580 2132 2634 Sa-

528 2671 804 2727 lomonem
826 2685 1062 2742 namque
1090 2670 1315 2726 dicitur:
1340 2669 1566 2724 Aversio
1583 2670 1943 2739 parvulorum
1973 2668 2128 2722 inter-

526 2759 664 2830 ﬁciat
691 2775 797 2824 eos,
825 2765 876 2814 et
896 2759 1228 2830 prosperitas
1247 2759 1534 2814 stultorum
1568 2756 1754 2829 perdet
1779 2756 1905 2813 illos
1937 2757 2124 2828 (Prov.

527 2865 566 2919 ι,
598 2847 715 2922 32).
746 2849 1036 2923 Sequitur:

860 2939 1088 2998 CAPUT
1126 2939 1370 2997 xxxvr
1392 2937 1537 3012 [Rec.
1573 2936 1801 3012 XXIV].

2246 1783 2390 1838 mala
2443 1781 2846 1838 consuetudine
2898 1798 3190 1856 exsurgere
3248 1784 3408 1853 velle,
3473 1799 3576 1841 nec
3630 1801 3836 1857 posse;

2239 1871 2353 1943 jam
2384 1871 2609 1944 quidem
2635 1870 2912 1928 desiderio
2931 1873 3000 1929 ad
3019 1889 3257 1946 superna
3282 1873 3526 1939 tendere,
3542 1873 3635 1931 sed
3659 1873 3842 1931 adhuc

2241 1965 2366 2013 actu
2398 1957 2456 2013 in
2487 1958 2698 2014 inﬁmis
2726 1976 3044 2028 remanere;
3069 1962 3266 2033 praeire
3307 1961 3492 2030 corde,
3524 1976 3630 2018 nec
3656 1969 3836 2017 tamen

2240 2048 2392 2120 sequi
2437 2064 2616 2120 opere,
2667 2057 2829 2121 atque
2886 2049 2945 2104 in
2991 2051 3286 2123 semetipso
3343 2051 3838 2108 contradictionem

2241 2137 2449 2210 perpeti
2480 2139 2854 2210 semetipsum.
2889 2137 3027 2194 Cum
3071 2155 3203 2195 vero
3243 2139 3321 2196 ita
3374 2139 3608 2196 tendens
3653 2140 3844 2196 anima

2240 2244 2409 2283 manu
2439 2228 2625 2300 gratiae
2644 2228 2940 2286 exaltantis
2972 2228 3360 2302 adjuvatur,ab
3378 2237 3611 2302 angusto
3640 2247 3736 2287 ore
3772 2228 3840 2286 ad

2239 2306 2588 2374 latitudinem
2605 2319 2872 2391 pervenit,
2892 2319 3212 2392 quia,victis
3223 2319 3840 2393 difﬁcultatibus,opera

2236 2406 2382 2464 bona
2410 2407 2628 2480 perﬁcit
2656 2427 2777 2483 quae
2797 2408 3162 2480 concupiscit.
3186 2407 3367 2465 David
3405 2408 3669 2481 propheta
3696 2426 3840 2466 con-

2239 2497 2547 2554 clusionem
2597 2498 2813 2570 augusti
2859 2500 2972 2554 oris
3012 2507 3391 2570 conspexerat,
3419 2514 3544 2554 cum
3571 2497 3788 2556 dicebat
3820 2517 3833 2555 :

2241 2573 2656 2657 Salvam'fecisti
2701 2588 2764 2642 de
2809 2587 3198 2644 necessitatibus
3238 2589 3475 2643 animam
3517 2605 3706 2654 meam,
3748 2605 3838 2642 nec

2238 2677 2542 2731 conclusisti
2561 2694 2640 2732 me
2654 2677 2709 2732 in
2724 2693 2917 2732 manus
2931 2677 3134 2732 inimici
3152 2677 3812 2751 (Psal.xxx,8,9).Latissi

2239 2779 2326 2818 me
2345 2772 2532 2820 autem
2547 2767 2822 2821 salvatum
2839 2783 2896 2823 se
2909 2773 3153 2835 noverat,
3171 2782 3296 2823 cum
3311 2765 3590 2834 subderet,
3608 2766 3794 2824 dicens
3819 2785 3832 2824 :

2239 2854 2487 2913 Statuisti
2501 2856 2558 2910 in
2585 2856 2694 2910 loco
2714 2856 2947 2926 spatioso
2963 2855 3114 2928 pedes
3130 2871 3266 2910 meos
3281 2854 3498 2926 (Ib.,9).
3521 2856 3584 2910 In
3595 2855 3838 2928 spatioso

2237 2945 2439 3018 quippe
2471 2945 2594 3002 loco
2624 2942 2790 3017 pedes
2819 2943 3056 3000 stabiliti
3085 2951 3234 3011 sunt,
3266 2941 3486 3016 quando
3514 2949 3569 2998 et
3597 2944 3669 2999 ad
3706 2961 3838 3000 con-

597 3030 768 3089 Vsus.
817 3031 902 3091 16.
929 3063 991 3073 -
1023 3031 1200 3102 Igitur
1223 3029 1462 3118 'salvabit
1492 3034 1538 3086 te
1565 3029 1628 3084 de
1655 3045 1745 3084 ore
1771 3031 1994 3100 angusto
2053 3025 2126 3081 ια·
2158 3060 2200 3120 C
2239 3035 2490 3108 gruentia
2519 3035 2664 3091 bona
2681 3033 2984 3104 tendimus,
3016 3041 3070 3090 et
3098 3034 3251 3090 nulla
3276 3032 3603 3090 difﬁcultate
3631 3049 3839 3108 praepe-

527 3120 741 3177 tissime.

595 3208 684 3264 65.
716 3209 923 3264 Peccati
962 3208 1276 3261 consuetudo
1300 3214 1491 3278 puteus
1533 3205 1884 3272 arctissimus,
1931 3220 1996 3258 ea:
2026 3219 2128 3274 quo

527 3297 644 3353 sola
670 3297 849 3368 gratia
903 3313 1011 3350 non
1057 3302 1227 3366 potest
1279 3297 1510 3351 educere.
1542 3326 1613 3336 —
1641 3293 1838 3350 Omnis
1875 3293 1970 3366 qui
1998 3293 2128 3348 vitae

525 3386 673 3441 viam
704 3383 960 3443 deserens
979 3383 1034 3438 in
1067 3391 1418 3455 peccatorum
1448 3399 1504 3440 se
1523 3381 1777 3438 tenebras
1807 3379 2016 3452 dejicit,
2049 3398 2126 3438 se-

527 3474 820 3546 metipsum
875 3473 1029 3548 quasi
1073 3473 1131 3528 in
1178 3479 1404 3546 puteum
1434 3473 1520 3528 vel
1564 3471 1781 3528 foveam
1821 3469 2037 3542 mergit.
2071 3471 2129 3526 Si

525 3576 660 3622 vero
689 3565 908 3622 diutina
937 3563 1343 3637 perpetratione
1381 3563 1548 3621 etiam
1579 3561 1978 3620 consuetudine
2007 3561 2128 3617 ini—

526 3655 754 3729 quitatis
818 3653 1155 3728 opprimitur
1213 3669 1283 3708 ne
1338 3653 1406 3709 ad
1461 3651 1746 3725 superiora
1783 3649 1899 3722 jam
1956 3649 2130 3722 possit

525 3759 834 3818 exsurgere,
867 3743 1024 3818 quasi
1043 3750 1276 3815 angusto
1305 3758 1398 3799 ore
1429 3741 1579 3815 putei
1608 3747 1937 3798 coarctatur.
1971 3737 2126 3796 Unde

468 3858 474 3864 -
523 3833 701 3891 David
717 3833 984 3908 propheta
1001 3833 1104 3891 sub
1129 3833 1308 3908 specie
1324 3833 1671 3906 peccantium
1693 3829 2096 3900 exorat,dicens
2115 3849 2128 3887 :

523 3925 644 3982 Non
669 3941 750 3981 me
777 3925 1040 3998 demergat
1066 3930 1338 3996 tempestas
1357 3941 1538 3996 aquag
1573 3940 1735 3994 neque
1752 3921 2029 3979 absorbent
2053 3937 2134 3976 me

517 4013 869 4084 profundum,
897 4031 1060 4084 neque
1100 4020 1286 4082 urgeat
1320 4031 1480 4084 super
1525 4029 1606 4066 me
1650 4017 1843 4082 puteus
1884 4027 1942 4064 os
1970 4026 2129 4064 suum

526 4100 698 4172 (Psal.
723 4117 922 4166 vam,
959 4103 1072 4172 l6).
1107 4102 1282 4168 Quem
1314 4102 1462 4157 enim
1494 4101 1627 4155 mali
1655 4101 1834 4171 operis
1859 4100 2126 4174 iniquitas

522 4203 555 4242 a
586 4187 733 4244 bona
760 4187 1060 4245 stabilitate
1086 4191 1411 4256 commovit,
1443 4188 1599 4262 quasi
1647 4197 1945 4261 tempestas
1971 4207 2126 4263 aquae

523 4277 739 4347 rapuit;
771 4277 866 4332 sed
897 4278 944 4334 si
990 4277 1185 4344 adhuc,
1205 4279 1366 4350 longa
1394 4276 1802 4334 consuetudine
1829 4295 1944 4334 non
1989 4295 2124 4351 prte-

521 4363 718 4434 valuit,
740 4380 850 4420 non
879 4364 1160 4422 demersit.
1181 4365 1304 4422 Jam
1335 4366 1393 4422 in
1425 4372 1648 4438 puteum
1671 4365 1872 4424 cecidit
1901 4367 1996 4440 qui
2026 4366 2132 4425 hoc

521 4451 670 4526 quod
696 4451 890 4509 divina
938 4454 1028 4511 lex
1058 4453 1316 4527 prohibet
1344 4455 1698 4528 perpetravit.
1732 4455 1839 4512 Sed
1865 4455 1913 4511 si
1943 4454 2127 4512 adhuc

523 4543 693 4615 longa
720 4543 1065 4600 consuetudo
1094 4561 1206 4600 non
1234 4543 1514 4618 deprimit,
1533 4560 1942 4619 nequaquamos
1969 4561 2132 4602 suum

521 4641 718 4708 puteus
765 4635 1165 4706 coangustavit.
1200 4635 1373 4690 Tanto
1402 4650 1528 4706 erga
1573 4634 1794 4691 facilius
1819 4634 2120 4707 egreditur,

519 4731 727 4798 quanto
759 4725 968 4781 minori
997 4725 1397 4784 consuetudine
1425 4731 1753 4780 coarctatur.
1779 4725 1932 4780 Unde
1960 4726 2123 4781 Iere-

520 4817 659 4872 mias
697 4816 983 4889 propheta,
1035 4817 1170 4874 dum
1235 4815 1478 4872 Iudaeam
1525 4813 1916 4887 iniquitatibus
1962 4815 2124 4886 longa

519 4907 920 4967 consuetudine
947 4907 1200 4964 obrutam
1221 4905 1390 4960 fuisse
1434 4903 1792 4975 conspiceret,
1825 4903 1883 4959 in
1913 4905 2119 4959 lamen-

521 4997 591 5054 tis
611 4999 728 5054 suis
745 4997 851 5055 sub
871 4997 989 5070 ejus
1007 4995 1188 5070 specie
1209 4994 1567 5066 semetipsum
1587 4993 1858 5068 deplorat,
1889 4993 2078 5054 dicens
2101 5012 2114 5053 :

592 5214 608 5249 ¹
643 5214 904 5284 Vindoc.,
936 5215 1254 5272 Luxuriose.

589 5285 611 5319 ²
631 5285 907 5340 Nimirum
923 5287 1076 5342 LXX
1098 5288 1327 5359 Interp.,
1346 5283 1405 5342 in
1441 5299 1550 5358 qua
1569 5284 1770 5357 legitur
1787 5290 1836 5344 ἰν
1863 5292 1984 5365 χερὶ
2021 5293 2118 5365 κὰγ-

515 5371 694 5442 γᾶλων,
725 5367 782 5420 in
806 5383 969 5420 manu
1011 5369 1342 5437 angelorum,
1377 5365 1590 5422 scilicet
1631 5364 1968 5432 sanctorum,
2006 5364 2115 5420 for-

516 5448 658 5516 tasse
710 5453 937 5516 propter
967 5445 1290 5503 afﬁnitatem
1338 5459 1540 5500 vocum
1579 5445 1742 5501 Hebr.
1776 5443 2017 5516 kadoscli,
2061 5450 2118 5516 et

515 5513 757 5641 ﬁadgscli,
781 5513 1012 5586 quarum
1033 5533 1144 5574 una
1161 5523 1432 5584 sanctum,
1455 5517 1628 5573 altera
1649 5515 1926 5572 cinaedum
1949 5513 2120 5586 signi—

556 5601 620 5641 ca
651 5630 662 5641 .

556 5601 644 5642 68E
651 5630 662 5642 .

591 5659 610 5692 ³
640 5655 892 5724 Ebroic.,
917 5657 1151 5715 Vindoc.
1184 5666 1240 5715 et
1256 5658 1374 5725 alii,
1393 5674 1638 5714 revocare
1657 5663 1907 5715 meretur.
1927 5657 2112 5713 Baluz.

2161 4416 2210 4476 D

2239 3125 2446 3182 dimur.
2494 3123 2659 3191 Quasi
2691 3124 2838 3179 enim
2881 3123 3175 3194 perlatum
3205 3123 3388 3180 locum
3415 3139 3524 3196 quo
3579 3123 3840 3182 volumus

2237 3215 2535 3287 pergimus,
2567 3214 2696 3287 quia
2723 3214 2893 3270 nullis
2923 3212 3152 3286 objectis
3179 3211 3604 3272 difﬁcultatibus
3629 3229 3837 3288 angus-

2237 3314 2438 3363 tamur.

2321 3401 2468 3458 844
2480 3394 2566 3451 67.
2597 3395 2663 3452 In
2683 3394 2820 3449 hunc
2841 3400 3059 3466 puteum
3078 3395 3322 3451 cecidisse
3337 3395 3434 3452 Iob
3451 3397 3713 3452 immerito
3729 3412 3833 3452 cre-

2239 3494 2488 3550 ditus.—
2515 3492 2621 3549 Sed
2651 3492 2769 3549 haec
2807 3491 2938 3548 Eliu
2969 3499 3115 3549 recte
3161 3491 3388 3562 diceret,
3444 3494 3490 3548 si
3516 3492 3676 3550 beato
3729 3494 3835 3550 Job

2240 3581 2359 3654 ejus
2387 3583 2659 3640 sententia
2688 3581 3029 3640 conveniret.
3079 3581 3185 3637 Pro
3212 3582 3376 3654 culpa
3409 3581 3554 3638 enim
3583 3581 3835 3655 ﬂagella-

2239 3678 2358 3728 tum
2387 3671 2644 3740 credidit,
2666 3678 2722 3728 et
2748 3669 2956 3728 idcirco
2983 3685 3110 3726 eum
3149 3669 3209 3725 in
3255 3686 3318 3726 os
3361 3677 3654 3744 angustum
3681 3671 3833 3728 ceci-

2239 3759 2386 3817 disse
2401 3760 2695 3833 judicavit.
2716 3759 2837 3828 Quo
2853 3759 3000 3816 enim
3021 3757 3388 3816 validioribus
3407 3760 3552 3817 vidit
3578 3777 3702 3818 eum
3723 3760 3831 3834 pla-

2242 3851 2324 3922 gis
2351 3849 2520 3918 afﬁci,
2538 3866 2603 3906 eo
2630 3848 2998 3905 deterioribus
3026 3847 3263 3906 credidit
3280 3849 3666 3923 iniquitatibus
3685 3866 3834 3924 prae-

2242 3940 2475 4011 gravari,
2495 3937 2740 4010 profecto
2761 3937 3012 3994 nesciens
3027 3937 3174 4010 quod
3194 3936 3408 4010 ﬂagella
3433 3935 3552 4010 ejus
3578 3953 3832 4012 augmen-

2239 4034 2358 4084 tum
2389 4033 2567 4082 essent
2586 4025 2789 4093 meriti,
2809 4041 2920 4082 non
2959 4042 3118 4098 poena
3137 4026 3364 4098 peccati.
3387 4026 3526 4084 Cum
3547 4043 3676 4082 vero
3705 4041 3832 4082 eum

2242 4116 2298 4170 in
2319 4132 2380 4170 os
2399 4121 2692 4186 angustum
2713 4113 2976 4171 cecidisse
2996 4114 3248 4183 fateatur,
3267 4114 3451 4172 adhuc
3483 4117 3636 4190 quasi
3668 4115 3834 4171 latius

2240 4203 2559 4276 exsequitur
2613 4203 2670 4258 in
2719 4211 2924 4276 quanta
2980 4203 3082 4260 Job
3141 4203 3516 4276 profunditate
3560 4212 3831 4272 teneatur,

2239 4293 2428 4350 dicens
2451 4309 2464 4348 :

2524 4382 2752 4440 CAPUT
2798 4381 3066 4439 XXXVII
3109 4381 3248 4455 [Vet.
3280 4383 3536 4458 XXXII].

2309 4472 2447 4528 lem.
2474 4503 2544 4513 —-
2568 4473 2644 4528 Et
2669 4488 2774 4527 non
2809 4471 3022 4526 habente
3043 4469 3448 4540 fundamentum
3475 4471 3652 4528 subter
3686 4487 3758 4526 se.

2311 4563 2398 4618 68.
2425 4564 2588 4631 Quem
2607 4562 2833 4618 includit
2843 4567 3034 4633 puteus
3046 4580 3100 4618 at
3114 4568 3227 4617 ctus
3239 4564 3396 4619 malta
3421 4561 3832 4628 wnsuetudinis,

2230 4652 2478 4723 infernus
2503 4653 2766 4718 absorbet,
2796 4657 2844 4707 et
2871 4653 3251 4724 desperationis
3277 4653 3513 4724 abyssus.
3555 4682 3625 4694 —
3654 4651 3832 4708 Omne

2229 4750 2514 4816 peccatum
2546 4741 2970 4798 fundamentum
2986 4757 3097 4797 non
3126 4740 3306 4809 habet,
3325 4740 3455 4814 quia
3480 4756 3594 4796 non
3623 4757 3694 4798 ex
3710 4756 3832 4812 pro-

2229 4834 2350 4906 pria
2377 4842 2574 4890 natura
2602 4832 2875 4889 subsistit.
2906 4833 3109 4889 Malum
3143 4835 3344 4906 quippe
3370 4832 3490 4889 sine
3523 4830 3833 4888 substantia

2230 4931 2330 4980 est.
2360 4923 2525 4992 Quod
2540 4932 2745 4993 tamen,
2767 4932 3050 4997 utcunque
3077 4927 3168 4993 sit,
3194 4927 3251 4981 in
3279 4924 3410 4981 boni
3445 4924 3466 4960 ⁸
3487 4931 3684 4980 natura
3710 4937 3832 4978 coa-

2228 5013 2404 5071 lescit.
2431 5014 2610 5086 Igitur
2637 5031 2700 5071 os
2737 5021 3031 5088 angustum
3060 5015 3279 5072 nullum
3308 5013 3496 5072 subter
3523 5029 3578 5071 se
3623 5009 3832 5068 dicitur

2228 5234 2283 5287 et
2303 5227 2486 5300 Colb.,
2519 5249 2764 5287 revocare
2784 5229 2978 5288 idcirco
3009 5230 3226 5289 dicitur.

2305 5303 2325 5337 ⁴
2357 5302 2624 5359 Nonnulli
2669 5303 2843 5372 Editi,
2874 5304 3030 5374 quasi
3057 5301 3427 5360 conclusionis.

2305 5375 2326 5410 ³
2354 5374 2472 5446 ῨῙΑΟΠ
2481 5375 2684 5446 gip.,ab
2704 5369 3046 5446 opprimentis
3064 5383 3244 5430 reatus
3264 5369 3824 5446 malaconsuetudine.

2305 5446 2326 5480 ⁶
2349 5445 2410 5500 In
2429 5444 2688 5514 vet.’Ed.,
2709 5444 2910 5502 natura
2922 5463 3031 5501 non
3050 5447 3307 5502 coalescit.
3331 5444 3434 5502 Sed
3453 5449 3646 5500 contra
3679 5457 3829 5497 meno

2233 5522 2343 5572 tem
2375 5516 2548 5570 sancti
2576 5517 2832 5574 Doctoris
2861 5535 2872 5574 :
2899 5519 3102 5573 malum
3134 5517 3280 5574 enim
3313 5533 3383 5572 ex
3403 5515 3553 5572 bono
3573 5515 3830 5580 oritur,et

2227 5587 2287 5643 in
2319 5585 2466 5658 bono
2485 5587 2761 5658 consistit,
2792 5595 2856 5645 ut
2876 5588 3034 5648 docet
3061 5589 3118 5646 in
3137 5587 3394 5656 Enchir.,
3424 5603 3475 5644 c.
3501 5585 3586 5658 14,
3607 5591 3830 5658 sanctus

2227 5657 2592 5730 Augustinus,
2642 5677 2672 5716 ει
2705 5655 2814 5734 quo
2853 5661 2948 5717 vix
2991 5675 3232 5732 unquam
3273 5655 3480 5717 recedit
3506 5655 3824 5731 Gregorius.
