4152 6182
370 238 476 297 389

1093 238 1467 298 MORALIUM
1506 243 1640 301 LIB.
1677 241 1884 299 XXVI.
1923 236 1995 284 -έ
2031 240 2103 298 ΙΝ
2139 240 2367 299 CAPUT
2405 243 2646 303 XXXVI
2683 246 2745 302 Β.
2787 248 2929 305 JOB.

3569 253 3681 312 390

363 365 573 423 habere
611 364 1065 434 fundamentum,
1089 367 1220 438 quia
1241 369 1450 440 peccati
1477 369 1822 441 inquinatio‘
1848 366 1972 423 sub-
2002 369 2053 430 A
2080 373 2290 437 vivum;
2319 374 2464 433 845
2483 371 2694 448 quando
2742 375 2969 438 veniam,
2990 380 3039 428 et
3063 377 3327 448 apparebo
3354 384 3475 433 ante
3491 376 3682 447 faciem

361 453 599 511 sistendi
606 453 700 526 jus
710 469 820 509 non
836 451 1003 509 habet
1012 455 1295 526 proprium
1306 455 1466 523 .Quia
1477 472 1607 512 vero
1616 472 1648 512 a
1660 454 1834 512 fundo
1845 454 1978 511 dici-

364 551 468 599 tur
488 544 936 610 fundamentum,
953 559 1243 614 possumus
1255 546 1419 601 etiam
1438 545 1856 602 fundamentum
1879 563 1977 617 pro

356 630 537 687 fundo
549 630 787 702 positum
801 645 913 685 non
923 629 1375 687 inconvenienter
1386 632 1805 703 accipere,sicut
1816 632 1973 687 audi-

363 728 453 776 tus
468 719 537 775 ab
553 735 686 774 aure
698 717 990 785 dicitur,et
1004 726 1185 775 tamen
1199 720 1521 794 plerumque
1532 721 1650 793 ipsa
1663 720 1812 776 auris
1822 720 1974 777 audi-

368 818 453 866 tus
471 809 705 865 nomine
720 807 1061 881 designatur.
1078 808 1213 866 Cum
1231 826 1358 882 ergo
1370 810 1577 867 diceret
1589 827 1649 866 os
1660 817 1973 883 angustum,

363 899 588 971 explere
618 897 883 971 profundi
903 898 1221 970 voraginem
1238 901 1448 968 volens,
1479 898 1757 955 subdidit:
1783 900 1857 955 Et
1872 917 1974 953 non

360 987 990 1058 habentefundamentum
999 987 1175 1042 subter
1185 988 1434 1056 se.Quem
1448 989 1597 1044 enim
1612 989 1756 1061 rapit
1772 988 1969 1061 iniqui-

361 1085 462 1147 tas,
478 1076 732 1134 infernus
744 1074 1019 1132 absorbet.
1039 1076 1292 1133 Infernus
1304 1094 1435 1134 vero
1451 1085 1596 1134 recte
1608 1076 1845 1133 fundum
1861 1094 1970 1133 non

363 1165 564 1223 habere
596 1165 863 1234 creditur,
888 1164 1019 1238 quia
1044 1166 1294 1239 quisquis
1320 1166 1389 1222 ab
1407 1168 1505 1223 illo
1526 1167 1757 1239 rapitur,
1783 1167 1840 1222 in
1862 1167 1965 1221 im-

362 1273 554 1312 menso
574 1253 851 1328 profundo
873 1253 1193 1311 devoratur.
1226 1257 1556 1314 Immensam
1587 1274 1824 1331 namque
1853 1257 1970 1329 ejus

362 1346 587 1418 explere
620 1342 977 1401 latitudinem
1008 1345 1200 1401 volens
1241 1345 1530 1419 propheta,
1560 1346 1673 1403 ait:
1714 1346 1971 1402 Dilatavit

363 1434 604 1504 infernus
631 1434 868 1490 animam
884 1452 1059 1503 suam,
1076 1443 1123 1490 et
1147 1437 1358 1508 aperuit
1384 1454 1444 1492 os
1459 1454 1615 1493 suum
1634 1437 1828 1507 absque
1857 1438 1968 1492 ullo

368 1524 590 1580 termino
610 1523 764 1595 (Isai.
782 1540 842 1592 ν,
868 1523 969 1594 ib).
989 1524 1143 1581 Sicut
1162 1541 1291 1597 ergo
1312 1526 1430 1581 sine
1447 1527 1685 1582 termino
1705 1525 1967 1580 dilatatus

362 1610 571 1669 dicitur
591 1614 687 1686 qui
717 1612 786 1669 ad
802 1628 859 1668 se
886 1613 1154 1685 plurimos
1181 1614 1373 1683 trahit,
1393 1616 1470 1671 ita
1484 1616 1604 1671 sine
1631 1613 1807 1669 fundo
1822 1615 1967 1670 altus

2084 464 2184 520 Dei
2218 465 2389 537 (Psal.
2423 485 2538 533 xu,
2575 464 2667 536 3)?
2695 463 2825 519 Elin
2856 464 3039 535 itaque
3061 466 3082 499 ⁸
3113 465 3170 520 in
3200 465 3361 524 beato
3397 466 3499 523 Job
3527 474 3681 523 tem—

2084 555 2293 626 poralia
2322 556 2550 613 verbera
2575 557 2907 611 aeternorum
2936 552 3129 608 volens
3157 554 3522 612 retributione
3549 572 3678 613 con-

2084 643 2270 711 solari,
2316 644 2463 717 quod
2499 644 2624 716 jure
2662 644 2711 699 ei
2750 641 3051 699 debebatur
3093 657 3162 696 ex
3214 642 3446 710 meritis,
3493 661 3561 699 ex
3598 662 3677 703 se-

2084 733 2318 805 metipso
2365 734 2522 807 quasi
2566 733 2803 806 gratuito
2850 731 3145 803 promittit,
3189 730 3416 786 dicens:
3458 734 3679 804 Requies

2082 829 2257 879 autem
2286 842 2474 879 mensa:
2501 831 2607 880 tua:
2633 826 2736 879 erit
2759 826 2919 895 plena
2941 821 3276 895 pinguedine.
3308 820 3566 893 Sequitur
3589 840 3601 877 :

2420 913 2650 971 CAPUT
2681 914 2926 970 XXXIX
2957 912 3100 988 [Rec.
3141 911 3335 987 XXV].

2152 1002 2323 1059 Vnus.
2364 1004 2449 1058 17.
2491 1034 2563 1045 -
2605 1004 2783 1059 Causa
2814 1008 2907 1058 tua
2935 1002 3090 1074 quasi
3118 1003 3270 1074 impii
3307 1000 3552 1071 judicata
3580 1009 3675 1069 est,

2078 1109 2295 1147 causam
2315 1093 2683 1164 judiciumque
2711 1092 2944 1164 recipies.

2154 1181 2239 1235 71.
2273 1181 2645 1251 Flagellantur
2681 1180 2834 1250 justi,
2864 1187 2924 1235 ut
2949 1181 3019 1237 ad
3058 1180 3312 1250 majorem
3340 1181 3676 1252 vigilantiam

2078 1269 2417 1325 erudiuntur.
2450 1301 2521 1311 —
2549 1270 2832 1326 Bonorum
2862 1288 3025 1327 causa
3048 1270 3269 1342 justitia
3295 1278 3395 1327 est.
3427 1270 3674 1339 Quorum

2078 1375 2242 1416 causa
2271 1360 2427 1433 quasi
2459 1359 2619 1431 impii
2634 1359 2942 1430 judicatur,
2965 1360 3094 1432 quia
3121 1377 3311 1416 eorum
3343 1361 3436 1416 hic
3459 1358 3678 1431 justitia

2078 1457 2303 1522 paterno
2322 1452 2341 1485 ⁷
2382 1450 2598 1522 ﬂagello
2619 1448 2899 1520 fatigatur,
2932 1457 2994 1504 ut
3013 1448 3081 1503 ad
3101 1449 3423 1520 ampliorem
3447 1450 3675 1521 vigilan-

2077 1541 2210 1596 tiam
2234 1557 2347 1596 non
2376 1538 2931 1610 solumprmceptione
2952 1537 3359 1605 mandatorum,
3386 1536 3482 1593 sed
3510 1538 3675 1594 etiam

2076 1629 2369 1687 verberum
2401 1629 2751 1701 percussione
2793 1626 3112 1683 doceantur.
3138 1626 3242 1682 Sed
3272 1642 3490 1683 causam
3513 1624 3678 1698 judi-

372 1703 533 1791 ²Ϊ¹⁰η
565 1701 868 1791 ίηςοειεῖιιθ
898 1700 1159 1791 (ξτθάίῐιξιὸ
1183 1705 1313 1777 (ἰυίδ
1341 1720 1433 1760 θοε
1464 1704 1686 1791 (Ιηοδίη-
1707 1704 1964 1791 ηελευερί-
2001 1723 2047 1782 Β
2078 1718 2339 1791 ciumque
2385 1700 2682 1788 recipiunt,
2728 1716 2853 1788 quia
2898 1732 2967 1771 ex
3014 1732 3077 1771 ea
3112 1714 3331 1785 justitia
3376 1729 3484 1787 qua
3513 1713 3676 1770 modo

364 1789 466 1861 pit,
499 1789 657 1860 quasi
689 1789 748 1843 in
785 1788 1021 1861 quadam
1055 1789 1254 1862 abysso
1291 1807 1404 1847 sua:
1435 1789 1826 1845 immensitatis
1854 1788 1965 1844 ab-

357 1879 569 1936 sorbet.
605 1881 791 1953 Itaque
819 1897 945 1937 cum
975 1880 1217 1938 diceret:
1253 1879 1495 1936 Salvabit
1542 1886 1587 1934 te
1628 1879 1691 1934 de
1719 1896 1811 1933 ore
1848 1894 1962 1933 an-

355 1975 518 2041 gusto
547 1969 813 2035 latissime,
827 1977 949 2042 apte
981 1968 1306 2041 subjunxit:
1340 1970 1416 2024 Et
1442 1985 1549 2023 non
1577 1968 1793 2025 habente
1819 1966 1960 2037 fun-

355 2059 664 2113 damentum
700 2060 874 2115 subter
901 2077 971 2115 se.
1002 2059 1085 2115 Ac
1124 2059 1170 2114 si
1217 2057 1450 2114 diceret:
1483 2058 1563 2112 De
1604 2072 1698 2112 ore
1726 2064 1961 2127 angusto

363 2147 603 2203 salvabit
630 2149 777 2221 quod
806 2147 910 2204 sub
938 2164 994 2204 se
1027 2148 1262 2203 fundum
1293 2162 1403 2202 non
1436 2145 1621 2213 habet,
1649 2146 1779 2218 quia
1808 2144 1959 2200 enim

355 2252 461 2308 per
488 2246 768 2308 peccatum
790 2236 1040 2294 tenditur
1059 2236 1129 2293 ad
1158 2236 1459 2303 infernum,
1492 2250 1655 2306 quem
1685 2250 1718 2289 a
1738 2242 1961 2305 peccato

355 2328 563 2395 salvat,
597 2328 665 2384 de
710 2344 807 2384 ore
848 2336 1082 2401 angusto
1127 2327 1342 2384 liberat.
1375 2326 1549 2395 Quem
1585 2342 1714 2381 vero
1751 2325 1819 2380 de
1864 2341 1961 2379 ore

353 2424 593 2488 angusto
622 2418 809 2489 eripit,
851 2418 919 2474 ab
950 2418 1159 2473 inferni
1189 2415 1463 2488 profundo
1495 2414 1775 2471 subducit.

434 2507 522 2563 69.
556 2508 825 2575 Quamvis
853 2508 1020 2562 etiam
1046 2508 1208 2561 aliter
1230 2506 1468 2575 intelligi
1496 2513 1693 2575 potest.
1726 2506 1863 2559 Nam
1892 2504 1961 2558 si-

346 2604 457 2652 cut
488 2596 587 2667 qui
617 2596 676 2649 in
707 2603 932 2665 puteum
966 2594 1268 2664 mergitur3
1296 2594 1446 2665 putei
1468 2591 1741 2663 profundo
1766 2592 1960 2647 retine-

341 2695 474 2752 tur,
508 2685 587 2741 ita
615 2700 876 2741 corruens
892 2686 1048 2757 quasi
1078 2685 1137 2740 in
1160 2684 1394 2757 quodam
1425 2682 1585 2739 fundi
1608 2684 1727 2740 loco
1746 2683 1963 2739 consis-

346 2780 504 2829 teret
533 2773 741 2841 anima,
764 2774 810 2829 si
841 2774 1007 2829 semel
1030 2774 1180 2845 lapsa
1198 2773 1255 2827 in
1277 2772 1461 2844 aliqua
1486 2787 1543 2827 se
1573 2773 1777 2843 peccati
1810 2789 1957 2828 men-

351 2878 489 2919 sura
517 2862 799 2918 retineret.
833 2862 938 2919 Sed
956 2879 1078 2918 cum
1097 2871 1318 2934 peccato
1348 2862 1406 2916 in
1436 2861 1582 2933 quod
1612 2861 1818 2917 labitur
1846 2879 1957 2918 non

348 2959 535 3024 potest
562 2965 679 3006 esse
707 2959 986 3018 contenta,
1017 2950 1148 3007 dum
1180 2949 1426 3023 quotidie
1454 2949 1525 3005 ad
1554 2950 1825 3006 deteriora
1854 2950 1961 3006 de-

2074 1811 2275 1865 vivunt
2302 1817 2437 1864 tunc
2468 1808 2528 1862 in
2556 1808 2799 1864 culmine
2823 1806 3133 1877 judiciariae
3154 1806 3437 1878 potestatis
3479 1806 3675 1861 enites-

2072 1908 2226 1967 cunt,
2245 1907 2308 1955 ut
2335 1906 2489 1953 tanto
2504 1907 2639 1954 tunc
2658 1897 2939 1969 potentius
2957 1904 3153 1952 cuncta
3169 1895 3445 1967 judicent,
3466 1905 3674 1969 quanto

2073 2004 2223 2044 nunc
2269 1988 2325 2043 in
2362 1988 2443 2043 eis
2472 1987 2734 2043 subtilius
2776 1992 2975 2042 cuncta
2998 1984 3341 2056 judicantur.
3382 1985 3509 2041 Haec
3537 1985 3668 2040 Eliu

2072 2077 2229 2150 quasi
2255 2093 2399 2132 nova
2427 2075 2749 2148 spondendo
2779 2075 2989 2141 intulit,
3009 2091 3129 2148 quae
3158 2074 3352 2131 beatus
3377 2073 3479 2129 Job
3499 2073 3675 2130 ﬁsem-

2072 2181 2168 2237 per
2196 2164 2470 2221 credendo
2521 2164 2794 2221 stabiliter
2827 2164 3025 2219 tenuit.
3063 2160 3202 2235 [Vet.
3238 2161 3527 2235 ΧΧΧῙΙΙ.]
3561 2163 3671 2217 Ha-

2071 2256 2206 2312 bent
2235 2254 2480 2326 profecto
2530 2254 2648 2310 haec
2692 2255 2913 2326 propria
2941 2269 3130 2311 omnes
3158 2260 3493 2323 arrogantes,
3527 2258 3590 2304 ut
3617 2259 3671 2306 et

2071 2345 2279 2400 malum
2312 2344 2642 2401 mentientes
2679 2351 3026 2414 exaggerent,
3074 2346 3128 2397 et
3170 2342 3216 2397 si
3251 2340 3399 2412 quod
3428 2340 3660 2396 forsitan

2071 2433 2279 2489 bonum
2303 2432 2516 2501 dicunt,
2540 2431 2646 2487 hoc
2664 2432 3177 2502 velutincognitum
3209 2429 3669 2502 proferantUnde

2071 2520 2134 2576 fit
2159 2530 2227 2577 ut
2255 2521 2421 2577 etiam
2451 2520 2725 2576 doctiores
2754 2534 2809 2574 se
2838 2518 3034 2575 docere
3063 2518 3321 2585 audeant,
3353 2519 3483 2591 quia
3512 2516 3664 2572 vide-

2072 2611 2201 2666 licet
2229 2627 2286 2667 se
2312 2610 2454 2667 scire
2483 2610 2617 2665 talia
2644 2610 2788 2665 solos
2818 2616 3030 2681 putant.
3057 2608 3195 2666 Cum
3224 2624 3356 2664 vero
3385 2607 3453 2663 ad
3482 2607 3668 2680 aliqua

2070 2700 2466 2758 consolationis
2513 2698 2683 2755 verba
2709 2698 3064 2765 descendunt,
3115 2698 3303 2754 statim
3348 2696 3576 2753 viluisse
3607 2712 3664 2752 se

2071 2791 2365 2860 :estimant,
2399 2798 2454 2847 et
2490 2806 2586 2863 per
2629 2788 3020 2861 increpationis
3049 2786 3275 2844 tumidae
3314 2787 3665 2859 asperitatem

2070 2881 2227 2952 quasi
2275 2880 2548 2953 quoddam
2594 2880 2699 2936 sibi
2739 2879 3021 2951 ingenium
3060 2878 3421 2943 reformant,9
3452 2884 3515 2931 ut
3569 2875 3665 2947 qui

2070 2968 2526 3033 condescendisse
2557 2968 2905 3025 blandientes
2933 2976 3095 3023 testes
3138 2965 3244 3020 visi
3287 2974 3435 3031 sunt,
3472 2972 3666 3023 exorta

348 3039 566 3112 jicitur,
586 3040 741 3112 quasi
773 3041 831 3096 in
862 3049 1026 3113 puteo
1041 3057 1149 3113 quo
1169 3039 1372 3097 cecidit
1391 3040 1626 3096 fundum
1656 3057 1769 3095 non
1791 3041 1957 3097 inve—

2069 3057 2250 3116 subito
2282 3057 2655 3128 increpatione
2677 3058 2724 3092 ¹⁰
2755 3057 3073 3112 timeantur.
3108 3052 3261 3110 Unde
3290 3060 3345 3107 et
3374 3068 3504 3108 mox
3533 3050 3664 3107 Eliu

356 3130 447 3184 nit
473 3144 579 3201 quo
609 3128 826 3201 ﬁgatur.
859 3131 1017 3186 Esset
1046 3130 1193 3185 enim
1224 3130 1433 3186 fundus
1477 3129 1650 3201 putei,
1682 3130 1727 3185 si
1758 3130 1954 3187 fuisset
1995 3128 2031 3134 “
2062 3148 2338 3213 subdidu’
2370 3145 2560 3203 dicens
2586 3164 2598 3202 ε

354 3233 615 3273 mensura
643 3219 883 3290 peccati;
916 3217 1064 3275 unde
1092 3218 1232 3275 bene
1259 3220 1396 3275 alias
1426 3219 1661 3276 dicitur:
1695 3220 1951 3275 Peccator

350 3323 473 3362 cum
497 3308 693 3363 venerit
712 3309 769 3363 in
791 3308 1125 3380 profundum
1149 3310 1438 3376 malorum,
1460 3311 1737 3364 contemnit
1760 3309 1949 3381 (Prov.

354 3417 521 3470 xvm,
544 3402 622 3475 3).
672 3402 869 3461 Redire
900 3418 1137 3475 namque
1165 3402 1501 3471 dissimulat,
1544 3404 1673 3475 quia
1702 3403 1951 3459 misereri

352 3490 464 3546 sibi
511 3507 666 3563 posse
712 3492 981 3565 desperat.
1034 3493 1139 3550 Sed
1180 3510 1303 3549 cum
1348 3493 1687 3565 desperando
1716 3493 1953 3565 amplius

355 3593 565 3656 peccat,
614 3585 770 3657 quasi
810 3592 979 3656 puteo
1020 3600 1121 3640 suo
1149 3583 1385 3639 fundum
1418 3582 1715 3653 subtrahit,
1756 3598 1824 3638 ne
1854 3583 1950 3639 ubi

351 3673 588 3729 retineri
616 3672 786 3744 possit
811 3673 1082 3729 inveniat.
1108 3672 1401 3744 Sequitur:

859 3781 1088 3840 CAPUT
1138 3780 1452 3839 XXXVIII.

424 3873 560 3930 IBID.
575 3873 879 3944 —Requies
898 3879 1072 3930 autem
1090 3889 1283 3929 mensa:
1304 3878 1406 3927 tua:
1432 3871 1536 3926 erit
1556 3870 1718 3943 plena
1732 3870 1954 3942 pingue-

351 3963 496 4019 dine.

423 4052 510 4109 70.
532 4054 696 4120 Quem
714 4052 877 4125 eripit
887 4050 1084 4124 gratia,
1105 4051 1330 4107 internte
1344 4050 1605 4106 satietatis
1622 4046 1956 4105 delectatione

348 4142 846 4216 replet.—Requies
866 4157 1065 4197 mensa:
1081 4148 1163 4196 est
1178 4140 1402 4197 refectio
1422 4139 1687 4197 satietatis
1704 4137 1952 4203 internae;

353 4247 473 4304 qua:
502 4231 842 4303 pinguedine
860 4230 1021 4301 plena
1035 4228 1260 4296 dicitur,
1279 4230 1298 4265 ⁴
1321 4230 1451 4301 quia
1478 4229 1535 4283 in
1557 4235 1773 4284 aeternae
1801 4225 1955 4280 volu-

356 4319 523 4390 ptatis
552 4319 919 4375 delectatione
948 4324 1302 4389 praeparatur.
1337 4315 1512 4387 Hujus
1540 4332 1740 4371 mensae
1770 4312 1957 4386 epulas

354 4408 629 4465 esuriebat
654 4408 946 4481 Propheta,
979 4423 1103 4463 cum
1134 4406 1371 4462 diceret:
1408 4405 1658 4461 Satiabor
1685 4404 1810 4459 dum
1833 4420 1956 4457 ma—
1989 4430 2039 4489 Β

353 4495 696 4567 nifestabitur
722 4497 901 4568 gloria
924 4503 1013 4551 tua
1047 4495 1219 4567 (Psal.
1252 4511 1371 4561 xvr,
1396 4493 1510 4565 15).
1544 4490 1720 4562 Hujus
1750 4508 1951 4547 mensae

356 4589 553 4660 pocula
580 4588 819 4657 sitiebat,
851 4587 1040 4645 dicens
1064 4603 1075 4641 :
1113 4584 1489 4641 Sitivitanima
1515 4601 1629 4639 mea
1648 4585 1670 4618 ⁸
1701 4583 1773 4639 ad
1786 4581 1954 4639 Deum

357 4749 531 4805 Abest
547 4759 727 4806 autem
750 4750 1019 4822 particula
1033 4748 1286 4821 negativa
1298 4746 1366 4822 ab
1383 4744 1648 4822 omnibus
1666 4745 1953 4822 _Mss_._quos

357 4816 765 4890 consumimus,
789 4822 1002 4879 scilicet
1048 4816 1262 4888 Baluz.,
1293 4818 1476 4887 Colb.,
1510 4818 1731 4885 Pratel.,
1774 4816 1944 4883 Utic.,

358 4891 591 4961 Turou.,
625 4901 731 4951 etc.

434 4966 448 5037 ξ
480 4965 714 5037 Longip.
734 5008 749 5033 ,
779 4965 1092 5019 subsistendi
1122 4980 1298 5019 usum.

430 5034 452 5069 ³
480 5033 682 5092 Ρωιέὶῖ
711 5044 764 5092 et
792 5037 1069 5104 Utic.,non
1097 5037 1381 5106 incongrue
1408 5033 1625 5089 dicitur.

431 5108 451 5141 ³
481 5106 745 5179 Vindoc.,
771 5108 916 5179 putei
943 5106 1130 5177 fundo.

431 5178 453 5212 ‘
481 5178 730 5247 Ebroic.,
762 5178 891 5247 quia
920 5179 975 5232 in
1002 5185 1216 5233 (eterna.

429 5249 452 5283 ⁸
480 5245 986 5329 Vindog,_Pratel._,
1009 5249 1175 5329 Utic.,
1205 5248 1277 5303 ad
1294 5248 1463 5329 Deum
1476 5245 1673 5315 fontem
1701 5246 1945 5301 vivum...

357 5324 406 5373 et
427 5322 644 5392 parebo.
678 5318 862 5378 Baluz.
897 5320 1059 5376 habet
1078 5320 1241 5374 etiam
1268 5318 1485 5444 Eqrebo.

430 5394 453 5426 ⁵
482 5392 571 5471 Ita
592 5394 800 5461 Baluz.,
824 5392 1263 5471 Collbjl‘uron,
1335 5388 1788 5471 broic'.,_I"ratel.,
1819 5394 1951 5471 etei,

357 5460 506 5589 quobd
526 5464 608 5520 sic
633 5460 916 5521 mutarunt
934 5462 1213 5518 Editores:
1248 5461 1451 5517 beatum
1470 5460 1567 5518 Job
1584 5461 1642 5515 in
1673 5460 1951 5531 temporali

357 5550 450 5589 rer
483 5552 589 5589 ere.

355 5550 571 5590 verbere
578 5579 589 5591 .

428 5609 446 5639 τ
480 5607 711 5679 Turon.,
741 5607 948 5679 ﬂagello
977 5602 1289 5679 castigatur.

429 5680 451 5713 ⁸
481 5674 749 5751 ιωψῑβ..
767 5674 968 5751 scalper
1006 5674 1276 5734 eludendo.

2462 3238 2690 3297 CAPUT
2718 3240 2815 3296 XL
2872 3239 3014 3315 [Rec.
3049 3236 3276 3312 XXVI].

2134 3335 2306 3391 Vnus.
2349 3332 2729 3390 18-2l.—Non
2759 3338 2802 3386 te
2829 3348 2949 3402 ergo
2970 3336 3176 3401 superet
3204 3329 3312 3395 ira,
3343 3333 3404 3383 ut
3426 3325 3661 3399 aliquem

2062 3425 2336 3496 opprimas
2356 3442 2376 3491 ;
2396 3440 2488 3479 nec
2508 3420 2792 3477 multitudo
2819 3422 3053 3476 locorum
3066 3420 3280 3475 inclinet
3308 3419 3425 3473 te.“
3450 3418 3662 3489 Depone

2062 3514 2476 3585 magnitudinem
2498 3520 2643 3567 tuam
2670 3510 2863 3579 absque
2893 3509 3253 3576 tribulatione,
3284 3513 3334 3561 et
3357 3523 3533 3561 omnes
3559 3522 3663 3559 ro-

2063 3602 2238 3658 bustos
2264 3600 2598 3671 fortitudine.
2629 3598 2706 3655 Ne
2727 3598 3018 3669 protrahas
3048 3604 3266 3661 noctem,
3294 3602 3355 3651 ut
3379 3594 3664 3652 ascendant

2057 3691 2246 3763 populi
2268 3707 2372 3762 pro
2397 3689 2488 3743 eis.
2526 3688 2663 3744 Cave
2689 3702 2753 3740 ne
2780 3685 3001 3740 declines
3030 3686 3103 3740 ad
3130 3684 3500 3755 iniquitatem;
3529 3685 3663 3738 hanc

2064 3781 2201 3836 enim
2228 3778 2427 3849 coepisti
2445 3775 2590 3845 sequi
2612 3780 2734 3845 post
2760 3773 3049 3827 miseriam.

2136 3869 2224 3925 72.
2260 3866 2482 3937 Superbi
2502 3862 2760 3933 quidquid
2779 3861 2845 3915 ab
2864 3861 2990 3916 aliis
3008 3866 3141 3915 recte
3167 3861 3249 3931 ﬁt,
3275 3857 3663 3929 caipunt.—In

2067 3957 2344 4032 plerisque
2360 3950 2677 4017 Codicibus,
2694 3948 2994 4014 donorum;
3024 3949 3068 3981 ¹²
3091 3948 3149 4002 in
3180 3946 3369 4018 paucis
3389 3962 3541 4013 vero,
3565 3944 3661 4001 sed

2064 4042 2495 4118 antiquioribus,
2527 4041 2775 4096 locorum
2808 4036 3143 4093 invenimus.
3164 4034 3270 4092 Sed
3290 4035 3420 4108 quia
3446 4035 3662 4107 exposi-

2064 4135 2216 4191 tione
2245 4148 2358 4188 non
2377 4129 2586 4201 indiget
2614 4127 2660 4183 si
2681 4126 2897 4183 dicatur
2924 4143 2935 4181 :
2960 4125 3065 4183 Nec
3092 4124 3374 4180 multitudo
3395 4125 3660 4180 donorum

2065 4224 2280 4280 inclinet
2300 4226 2363 4288 te,
2396 4220 2502 4276 hoc
2530 4217 2703 4289 magis
2731 4216 2935 4289 exponi
2961 4214 3167 4287 placuit
3182 4213 3343 4297 (quod
3371 4230 3499 4271 cum
3520 4213 3663 4271 diﬂi-

2064 4314 2267 4372 cultate
2277 4310 2620 4384 aliquantula
2633 4306 2855 4363 videtur
2869 4304 3092 4377 aperiri.
3110 4304 3237 4361 Haec
3247 4312 3428 4360 autem
3444 4312 3663 4376 quanta)

2065 4401 2321 4459 elationis
2376 4398 2543 4454 verba
2574 4397 2704 4463 sint,
2755 4396 2868 4467 ipse
2911 4395 3007 4466 qui
3050 4409 3113 4449 ea
3159 4393 3423 4449 formavit
3478 4402 3664 4448 tumor

2062 4492 2323 4553 ostendit.
2353 4487 2458 4544 Sed
2492 4487 2620 4559 quia
2650 4486 2780 4539 Eliu
2809 4483 3186 4553 arrogantium
3222 4491 3275 4539 et
3304 4484 3524 4540 beatum
3553 4481 3655 4538 Job

2060 4591 2247 4639 tenere
2262 4589 2459 4652 typum
2481 4574 2729 4630 diximus
2759 4574 3079 4641 electorum,
3102 4572 3149 4628 si
3177 4588 3239 4628 ea
3266 4572 3526 4629 subtilius
3554 4571 3664 4629 dis-

2132 4745 2153 4779 ⁹
2184 4744 2404 4800 Recent.
2431 4739 2621 4808 Vulg,
2654 4744 2712 4792 ut
2740 4737 2832 4808 qui
2880 4734 3232 4792 conscendisse
3266 4732 3654 4808 blandimentis.

2132 4757 2153 4779 ν
2186 4757 2404 4800 necent.
2441 4757 2538 4798 Vlll
2585 4782 2621 4807 .,
2654 4757 2712 4792 ut
2740 4757 2832 4808 qui
2880 4757 3232 4792 conscendisse
3266 4757 3653 4791 manantis-nus.

2060 4815 2353 4888 Sequimur
2373 4814 2499 4869 Mss.
2520 4757 2749 4892 1guron_._,
2772 4808 3035 4879 Vindoc.,
3060 4809 3273 4870 Norm.,
3298 4805 3653 4874 Longipont.,

2060 4883 2189 4954 θεοῖ,
2224 4902 2324 4942 nec
2352 4901 2461 4940 non
2492 4883 2665 4954 antiq.
2691 4883 2962 4937 Excusos.
3478 4913 3483 4917 -

2132 4960 2180 4993 ¹⁰
2213 4956 2474 5023 Vindoc.,
2505 4954 2725 5010 Ebroic.
2759 4960 2814 5008 et
2842 4952 2938 5006 alii
2969 4953 3183 5023 Norm.,
3219 4951 3472 5023 tumeant.

2136 5031 2178 5063 ¹¹
2212 5016 2507 5098 Sequentia
2521 5016 3214 5098 omittunturinpditione
3231 5019 3504 5098 Gussanv.
3521 5016 3656 5098 Sup-

2059 5087 2376 5228 peditanttur
2403 5104 2589 5176 tamen
2617 5112 2648 5150 a
2680 5096 2808 5150 Mss.
2855 5091 3034 5173 Cplb.,
3068 5090 3278 5156 Baluz.,
3306 5087 3521 5159 Norm.,
3552 5087 3656 5167 etc.

2104 5176 2428 5226 onsentiunt
2456 5174 2621 5221 etiam
2653 5174 2762 5221 vet.
2800 5162 2953 5217 Edlt.
3506 5164 3523 5185 λ

2104 5170 2428 5226 onsentiunt
2456 5166 2621 5221 etiam
2653 5174 2762 5221 vet.
2800 5162 2953 5217 Edit.

2133 5242 2179 5275 ¹³
2210 5242 2272 5295 In
2302 5237 2650 5311 quibusdam
2665 5234 2972 5311 Bibliorum
2990 5232 3246 5311 Mss._pro
3265 5230 3521 5311 variante
3545 5231 3652 5311 l_e_c-

2059 5311 2209 5368 tione
2239 5301 2536 5364 anfiotatur
2570 5307 2651 5361 vel
2700 5308 2950 5359 locorum.
2990 5305 3047 5357 ln
3080 5301 3274 5358 Bibliis
3303 5301 3659 5359 RobertiSte-
3766 5315 3769 5317 ‘

2060 5380 2380 5466 phani,q_uae
2402 5373 2926 5466 Iud-antiquissimos
2945 5373 3175 5466 Cogipes
3202 5381 3333 5466 sunt
3360 5373 3657 5457 recognita,

2061 5445 2119 5511 in
2134 5445 2379 5524 margine
2402 5445 2699 5524 legiturvel
2715 5445 3163 5524 villarumzlﬁihil
3177 5445 3358 5501 simile
3386 5445 3657 5517 reperitur

2060 5532 2155 5600 aut
2176 5524 2231 5579 in
2253 5516 2411 5578 textu
2428 5516 2670 5600 hebraic.
2685 5562 2700 5587 ,
2724 5516 2897 5598 autin
2912 5517 3065 5600 .I‘.XX
3104 5516 3469 5600 Interpretum
3484 5526 3658 5575 trans-

2066 5596 2283 5661 latione,
2319 5600 2413 5650 aut
2443 5592 2500 5647 in
2530 5591 2657 5647 aliis
2688 5588 3035 5645 versionibus
3062 5588 3325 5662 antiquis.
