4152 6182
526 257 624 314 391
1734 255 1982 313 SANCTI
2017 255 2358 314 GREGORII
2393 256 2620 312 MAGNI

3733 259 3842 316 392

528 381 828 444 cernimus,
858 375 1025 431 etiam
1055 391 1204 432 nunc
1231 376 1377 433 intra
1403 377 1710 434 Ecclesiam
1741 377 2017 448 quomodo
2038 394 2119 433 ar-
2149 382 2200 440 Α
2231 379 2549 450 superbiam
2573 379 2844 436 laceretur
2872 381 2988 436 vita
3013 378 3310 451 justorum,
3342 379 3446 436 scit
3469 379 3617 452 quod
3644 379 3700 435 in
3723 381 3844 453 ejus

529 466 853 539 rogantibus
863 474 1170 538 congruant
1181 465 1640 524 demonstremus.
1673 466 1858 524 Sancti
1871 467 1980 522 viri
1997 467 2124 522 alie-

527 573 596 614 na
611 573 776 630 opera
797 557 962 613 etiam
982 573 1150 630 parva
1171 560 1462 623 mirantur,
1476 573 1574 613 sua
1593 573 1725 613 vero
1744 557 1909 613 etiam
1931 573 2127 629 magna

525 645 858 719 despiciunt.
880 648 952 710 At
979 654 1192 716 contra,
1216 655 1527 718 arrogantes
1555 647 1732 703 aliena
1751 648 1914 703 etiam
1935 664 2125 720 magna

527 737 862 810 despiciunt,
910 752 1008 793 sua
1035 738 1121 793 vel
1153 754 1272 809 quae
1305 752 1471 808 parva
1499 745 1628 792 sunt
1655 737 2038 805 admirantur;
2073 744 2128 792 et

528 828 850 900 plerumque
880 826 947 882 de
981 827 1096 883 suis
1129 826 1288 882 malis
1318 826 1463 881 bona
1493 827 1787 894 aestimant,
1830 827 1896 882 de
1927 826 2126 882 alienis

527 925 710 973 autem
757 918 918 973 bonis
971 919 1114 973 mala
1158 918 1362 974 sentire
1398 933 1507 973 non
1539 925 1772 973 cessant.
1824 918 1959 973 Nam
1990 917 2124 970 dum

528 1007 805 1078 propriam
855 1007 1086 1078 gloriam
1131 1013 1407 1079 quaerunt,
1463 1007 1770 1078 perniciose
1813 1005 2036 1062 student
2068 1014 2129 1060 ut

527 1098 799 1171 quidquid
831 1099 1057 1154 virtutis
1084 1098 1153 1154 ab
1182 1099 1305 1154 aliis
1338 1099 1517 1170 agitur
1549 1098 1860 1170 iniquitatis
1891 1104 2021 1154 nota
2053 1098 2126 1152 la-

527 1197 761 1256 ceretur,
785 1195 838 1244 et
853 1188 1009 1243 bonae
1037 1188 1251 1258 pondus
1272 1189 1506 1245 actionis
1527 1195 1750 1244 vertunt
1772 1189 1828 1244 in
1854 1188 2124 1244 maculam

527 1276 798 1334 criminis.
818 1277 968 1347 Saepe
985 1276 1132 1332 enim
1150 1293 1274 1333 cum
1293 1278 1484 1334 vident
1513 1278 1580 1333 ab
1599 1278 1846 1334 Ecclesia
1875 1277 2127 1332 districte

528 1381 726 1437 pravos
753 1363 973 1436 corrigi,
1003 1366 1156 1437 quasi
1187 1375 1494 1438 queruntur
1527 1365 1767 1438 injuste1
1805 1366 2129 1422 innocentes

527 1455 718 1528 afﬂigi,
737 1462 790 1511 et
809 1455 1044 1511 nitorem
1065 1455 1372 1529 disciplinae
1393 1456 1510 1529 ejus
1530 1464 1874 1514 commutant
1891 1458 2128 1530 appella-

529 1544 680 1603 tione
697 1544 977 1617 nequitiae.
1005 1544 1158 1601 Unde
1179 1546 1308 1601 Eliu
1328 1545 1560 1617 ﬁguram
1584 1551 1729 1608 846
1749 1547 2126 1617 arrogantium

530 1661 778 1712 servans,
807 1643 1028 1700 beatum
1084 1642 1186 1698 Job
1241 1643 1396 1715 quasi
1440 1643 1762 1710 admonens,
1795 1643 1898 1696 ait:
1941 1645 2054 1699 Non
2087 1647 2132 1696 te

2235 469 2443 524 crimen
2459 469 2777 525 extenditur
2787 467 3057 542 quidquid
3070 468 3262 525 talium
3279 469 3549 541 pravitate
3563 478 3840 540 peccatur,

2237 559 2332 614 sed
2381 569 2564 616 notam
2614 559 2781 614 alieni
2825 558 3077 614 criminis
3127 558 3399 614 sustinere
3445 565 3600 614 tanto
3657 561 3844 617 minus

2242 649 2438 705 metuit
2472 658 2676 722 quanto
2709 658 2762 705 et
2790 658 2951 720 caput
2983 664 3144 704 suum
3175 649 3309 704 talia
3342 648 3601 704 tolerasse
3629 665 3844 722 cogno-

2236 738 2357 794 scit.
2397 740 2474 794 De
2506 739 2602 794 illo
2633 739 2832 811 quippe
2855 739 3117 809 scriptum
3147 747 3258 794 est:
3294 738 3366 792 Et
3385 754 3503 792 cum
3533 739 3730 808 iniquis
3759 739 3844 794 de-

2231 833 2454 897 putatus
2485 834 2557 883 est
2601 829 2742 896 (Isa.
2780 845 2898 896 Lm,
2937 827 3050 898 12.)
3084 829 3162 882 De
3203 827 3300 881 illo
3343 843 3563 882 rursum
3598 826 3839 885 dicitur:

2237 919 2540 989 Languores
2563 925 2769 973 nostros
2788 918 2894 990 ipse
2917 917 3329 984 tulit,etdolores
3348 919 3579 972 nostros5
3597 917 3706 990 ipse
3715 935 3844 991 por-

2240 1010 2368 1063 tarit
2402 1011 2538 1081 (Isa.
2575 1026 2693 1078 LIII,
2718 1009 2798 1080 4).
2835 1010 2978 1064 Eant
3007 1025 3132 1080 ergo
3160 1016 3498 1078 arrogantes,
3527 1016 3581 1064 et
3610 1009 3842 1065 aestima-

2237 1101 2390 1156 tione
2436 1116 2734 1172 pravorum
2768 1100 2938 1154 vitam
2973 1097 3259 1153 mordeant
3303 1097 3684 1154 innocentum.
3726 1097 3842 1154 Scit

2238 1190 2534 1245 electorum
2559 1189 2804 1246 Ecclesia
2821 1197 2872 1244 et
2895 1187 3117 1243 illorum
3144 1187 3308 1255 facta,
3325 1189 3346 1222 δ
3377 1196 3428 1243 et
3450 1185 3649 1242 horum
3678 1186 3846 1243 verba

2241 1280 2494 1350 tolerare,
2518 1280 2622 1336 scit
2640 1295 2936 1352 pravorum
2959 1287 3169 1334 mentes
3189 1276 3478 1334 tolerando
3499 1286 3840 1334 convertere.

2238 1371 2342 1438 Qui
2374 1371 2476 1427 etsi
2508 1372 2755 1427 converti
2786 1369 3158 1444 nequiverint,
3183 1385 3371 1425 eorum
3398 1377 3581 1424 tamen
3613 1368 3843 1440 ignomi-

2243 1461 2393 1515 niam
2426 1461 2808 1534 mquanimiter
2829 1461 3037 1516 suffert.
3073 1457 3370 1531 Perpendit
3399 1459 3601 1532 quippe
3625 1457 3754 1530 quia
3775 1455 3842 1511 ad

2239 1548 2448 1624 duplex
2476 1550 2594 1622 ejus
2617 1550 2902 1622 praemium
2925 1548 3143 1622 proficit
3166 1547 3312 1621 quod
3331 1564 3401 1603 ex
3421 1564 3608 1602 eorum
3632 1546 3844 1602 meritis

2242 1638 2378 1694 foris
2408 1638 2730 1711 despicitur,
2766 1656 2999 1713 quorum
3034 1648 3087 1694 et
3119 1638 3266 1695 intus
3299 1639 3413 1694 vita
3442 1639 3728 1694 laceratur.

529 1751 649 1806 ergo
669 1739 878 1805 superet
908 1734 1011 1800 ira,
1043 1739 1100 1787 ut
1127 1733 1359 1802 aliquem
1387 1728 1827 1804 opprimas.[Vet.
1851 1731 2035 1786 XXXI
2043 1729 2128 1803 V.]
2167 1743 2212 1804 Β
2312 1729 2396 1785 74.
2437 1731 2540 1796 Qui
2563 1731 2922 1802 temporaliter
2947 1729 3246 1794 extollitur,
3263 1727 3508 1784 cadit.—
3526 1725 3841 1783 Notandum

531 1824 865 1893 Arrogantes
883 1821 1031 1876 enim
1059 1821 1153 1876 irae
1185 1828 1397 1876 motum
1428 1821 1717 1892 deputant,
1753 1821 1774 1854 ³
1808 1817 2080 1891 quidquid
2099 1835 2132 1874 a

532 1919 718 1967 sancta
749 1910 995 1967 Ecclesia
1022 1909 1230 1982 geritur
1257 1925 1487 1966 censura
1515 1909 1875 1981 disciplinae.‘
1905 1908 1976 1962 Et
2001 1907 2130 1979 quia

532 1999 787 2055 humanae
855 1998 1031 2054 laudis
1103 2005 1301 2070 appetu
1355 1997 1580 2068 benigni
1635 1998 1860 2054 student
1915 2012 2132 2068 semper

532 2105 812 2162 apparere,
871 2089 1053 2145 nullos
1121 2098 1344 2146 censent
1413 2090 1756 2147 districtione
1819 2087 2130 2145 severitatis

533 2177 905 2249 corrigendos.
931 2177 1084 2234 Unde
1113 2187 1167 2233 et
1195 2191 1227 2234 a
1255 2179 1416 2235 bonis
1445 2177 1770 2246 rectoribus,
1802 2177 1945 2234 sicut
1962 2192 2133 2247 supe-

533 2268 649 2324 rius
677 2269 888 2324 dictum
917 2275 1020 2336 est,
1053 2268 1292 2340 opprimi
1321 2269 1596 2324 aestimant
1628 2285 1765 2340 quos
1788 2267 1994 2324 invitos
2019 2281 2132 2321 cer-

537 2365 678 2414 nunt
706 2374 737 2413 a
763 2358 918 2414 vitiis
957 2359 1215 2414 coerceri.

606 2447 692 2503 73.
725 2448 972 2503 Ecclesia:
992 2449 1046 2502 in
1069 2450 1266 2504 cunctis
1283 2448 1467 2503 mundi
1481 2448 1728 2519 partibus
1750 2449 1984 2518 potentia
2008 2454 2130 2502 tem-

527 2536 916 2608 poralis.Hanc
927 2537 1185 2590 immerito
1201 2538 1444 2592 Ecclesia:
1458 2538 1622 2591 hostes
1634 2538 1680 2591 ei
1689 2537 2134 2606 exprobrantEt-

534 2625 582 2680 si
599 2622 819 2694 quidam
839 2624 982 2678 intra
1011 2623 1124 2692 ejus
1143 2625 1318 2678 sinum
1347 2625 1454 2678 sint
1472 2625 1640 2695 quide
1659 2626 1827 2695 ipsius
1853 2626 2028 2696 gloria
2051 2641 2135 2680 su-

530 2711 882 2783 perbiant.—
901 2712 1138 2766 Auctore
1167 2719 1348 2767 autem
1378 2713 1636 2780 Domino,
1669 2714 1799 2785 quia
1819 2713 1878 2768 in
1909 2715 2097 2770 cuncti
2109 2730 2134 2770 s

537 2797 732 2856 mundi
762 2799 1008 2872 partibus
1036 2807 1223 2856 sancta
1270 2801 1517 2858 Ecclesia
1562 2803 1810 2858 culmine
1851 2803 2138 2875 religionis

535 2891 802 2957 excrevit,
853 2888 995 2946 hanc
1048 2889 1223 2962 ipsam
1265 2892 1620 2962 temporalem
1660 2891 1986 2963 potentiam,
2031 2907 2139 2963 qua

538 2980 759 3055 quidem
791 2979 928 3037 bene
957 2981 1152 3049 utitur,
1183 2981 1541 3038 obtrectando
1571 2983 1628 3038 in
1648 2983 1849 3038 vitium
1879 2981 2136 3038 elationis

2242 1838 2373 1875 vero
2403 1819 2550 1892 quod
2581 1837 2691 1875 non
2722 1820 2831 1876 ait:
2879 1819 2982 1876 Nec
3023 1817 3302 1874 multitudo
3361 1817 3593 1872 locorum
3625 1815 3830 1871 extolla

2243 1918 2307 1977 te,
2338 1911 2433 1967 sed
2461 1912 2539 1967 ait
2573 1930 2582 1966 :
2621 1913 2724 1968 Nec
2767 1911 3046 1966 multitudo
3103 1911 3334 1965 locorum
3363 1907 3578 1963 inclinet
3608 1913 3676 1966 te.
3717 1905 3845 1961 Om-

2242 2001 2329 2057 nis
2359 2002 2505 2056 enim
2524 2001 2631 2077 qui
2655 2000 3030 2071 temporaliter
3058 1999 3351 2054 extollitur
3377 2015 3442 2053 eo
3467 1997 3587 2068 ipso
3617 2011 3726 2068 quo
3754 2010 3845 2049 ex-

2240 2091 2458 2146 tollitur
2488 2089 2804 2156 inclinatur,
2836 2087 2964 2160 quia
2992 2103 3117 2142 cum
3144 2103 3198 2142 se
3221 2085 3465 2140 exterius
3485 2085 3670 2156 erigit,
3695 2084 3850 2139 intus

2241 2178 2407 2234 cadit.
2440 2178 2570 2232 Eliu
2598 2177 2784 2250 itaque
2816 2193 3004 2232 casum
3035 2175 3219 2230 cordis
3252 2175 3309 2229 in
3325 2174 3564 2230 elatione
3597 2172 3845 2240 intuens,

2240 2270 2353 2326 ait:
2401 2273 2504 2328 Nec
2549 2269 2832 2324 multitudo
2865 2270 3100 2323 locorum
3142 2266 3356 2321 inclinet
3389 2271 3452 2320 te.
3505 2267 3583 2320 Ac
3617 2263 3665 2318 si
3712 2277 3848 2320 voce

2240 2360 2610 2430 arrogantium
2629 2369 2829 2416 sanctm
2851 2359 3110 2415 Ecclesiae
3135 2359 3154 2392 ⁷
3178 2356 3455 2412 diceretur
3480 2372 3490 2410 :
3517 2353 3662 2410 Cave
3695 2369 3782 2422 ne,
3800 2352 3846 2409 si

2241 2447 2618 2504 universitatis
2648 2447 3006 2503 veneratione
3035 2446 3344 2514 extolleris,
3367 2450 3513 2507 847
3544 2441 3612 2498 ab
3636 2443 3850 2500 interna.

2246 2550 2554 2606 intentione
2589 2564 2715 2603 curv
2731 2547 2859 2602 eris.
2893 2547 3192 2618 Sequitur:

2599 2637 2828 2694 CAPUT
2859 2637 2982 2691 XLI
3023 2634 3166 2709 [Rec.
3202 2632 3492 2708 XXVIII].

2317 2729 2488 2786 Vens.
2527 2726 2610 2783 19.
2660 2757 2731 2768 -
2769 2727 2981 2798 Depone
3023 2725 3435 2797 magnitudinem
3479 2729 3622 2778 tuam
3657 2721 3852 2792 absque

2249 2820 2606 2886 tribulatione,
2637 2823 2684 2872 et
2712 2833 2887 2871 omnes
2915 2816 3156 2870 robustos
3183 2813 3513 2885 fortitudine.

2321 2909 2408 2966 75.
2442 2908 2712 2980 Apostolis
2742 2913 2788 2962 et
2818 2905 3068 2962 Ecclesia:
3093 2904 3319 2975 fortibus
3343 2901 3414 2956 ad
3439 2900 3667 2973 praemia
3696 2915 3851 2955 voca-

2248 3000 2334 3065 tis,
2366 2999 2506 3055 Deus
2533 3014 2714 3054 eorum
2743 2996 2850 3051 vice
2873 2995 3062 3050 debiles
3079 2994 3151 3049 ad
3169 2991 3452 3047 certamina
3480 2989 3856 3044 roboravit.—

542 3069 851 3164 ίηηθοῑιξξηο
889 3071 1032 3164 [Rt‘v’cf
1057 3073 1160 3164 X_X
1168 3070 1315 3164 VII-1
1362 3073 1515 3164 Unde
1543 3073 1672 3164 Elin
1700 3071 2136 3164 SUblun‘gitidi‘
2165 3104 2208 3164 α
2247 3089 2396 3158 Quos
2423 3089 2560 3145 alios
2585 3095 2784 3144 sancta
2816 3085 3076 3141 Ecclesiae
3101 3083 3353 3140 robustos
3383 3079 3708 3152 accipimus,
3736 3078 3852 3136 nisi

537 3176 698 3218 cens:
731 3162 836 3217 Nec
864 3161 1144 3215 multitudo
1168 3162 1402 3216 locorum
1432 3162 1645 3217 inclinet
1666 3170 1728 3217 te.
1761 3164 1842 3218 Ac
1872 3161 1918 3217 si
1947 3162 2126 3216 eidem

539 3258 738 3306 sanctae
786 3251 1044 3306 Ecclesiae
1101 3249 1472 3306 humilitatem
1518 3252 1691 3322 magis
1748 3252 1804 3306 in
1855 3253 2128 3323 prosperis

539 3342 887 3398 conservanti
904 3343 1278 3414 arrogantium
1303 3357 1436 3398 voce
1475 3341 1720 3397 dicatur:
1757 3341 1898 3408 Quia
1925 3341 2129 3414 ubique

539 3429 668 3488 fidei
693 3432 1000 3488 reverentia
1021 3433 1236 3502 coleris,
1261 3449 1390 3490 cave
1408 3449 1474 3488 ne
1496 3431 1740 3504 ejusdem
1759 3433 1780 3466 ⁸
1809 3432 2130 3487 reverentiae

540 3521 781 3578 fascibus
807 3522 1106 3578 extollaris.
1139 3522 1413 3590 Quosdam
1436 3522 1636 3595 quippe
1665 3520 2016 3592 conspiciunt
2037 3522 2132 3593 qui

541 3610 643 3666 sub
671 3610 950 3682 religionis
981 3611 1209 3668 obtentu
1256 3612 1396 3668 vitio
1425 3612 1680 3668 elationis
1725 3611 2126 3681 intumescunt,

541 3705 595 3755 et
614 3699 762 3772 quod
787 3699 846 3755 in
871 3699 1198 3772 quibusdam
1208 3699 1332 3772 jure
1353 3700 1781 3774 reprehendunt,
1805 3701 1911 3757 hoc
1932 3699 2136 3772 injuste

541 3787 610 3845 ad
628 3788 837 3845 crimen
858 3788 1108 3845 omnium
1129 3790 1480 3862 pertrahunt:
1505 3806 1852 3864 nequaquam
1876 3789 2138 3846 videlicet

540 3877 935 3950 perpendentes
954 3877 1102 3952 quod
1120 3878 1232 3935 sint
1259 3879 1320 3935 in
1348 3897 1411 3936 ea
1434 3880 1530 3954 qui
1559 3889 1613 3938 et
1643 3879 2012 3952 despicientes
2041 3895 2136 3934 no-

540 3967 724 4024 verint
751 3969 987 4040 perfecte
1005 3969 1328 4041 temporalia
1357 3987 1560 4043 regere,
1585 3979 1638 4026 et
1675 3979 1919 4025 amantes
1939 3978 2140 4025 aeterna

541 4054 718 4124 plenis
745 4056 1032 4113 desideriis
1073 4067 1388 4127 exspectare
1409 4100 1422 4124 ,
1452 4067 1507 4114 et
1535 4058 2006 4128 dispensationem
2042 4074 2135 4128 po-

542 4141 754 4197 testatis
811 4154 1046 4216 acceptae
1113 4160 1388 4217 peragere,
1447 4155 1502 4202 et
1571 4145 1904 4203 humilitatis
1960 4147 2138 4204 insitae

546 4229 916 4288 ministerium
947 4233 1243 4300 custodire,
1277 4241 1338 4288 ut
1358 4250 1460 4290 nec
1487 4235 1820 4292 humilitatis
1849 4254 2013 4293 causa
2044 4257 2138 4295 cu-

543 4335 657 4376 ram
696 4321 934 4392 suscepti
961 4322 1248 4396 regiminis
1280 4323 1580 4396 negligant,
1612 4339 1712 4381 nec
1743 4341 1961 4383 rursum
1991 4345 2142 4386 occa-

542 4407 696 4464 sione
743 4411 1028 4480 regiminis
1072 4411 1130 4467 in
1161 4411 1240 4467 eis
1283 4410 1570 4470 humilitas
1621 4413 1970 4472 intumescat.
2021 4418 2142 4474 Etsi

543 4497 766 4572 quidam
798 4499 1026 4558 fortasse
1044 4502 1189 4558 intra
1212 4502 1382 4575 ipsam
1405 4513 1533 4560 sunt
1553 4504 1647 4577 qui
1666 4521 1775 4562 non
1791 4507 1888 4563 Dei
1916 4508 2009 4563 sed
2030 4526 2142 4564 suae

543 4588 730 4661 gloriae
773 4589 875 4646 sub
913 4593 1197 4664 religionis
1241 4603 1510 4664 praetextu
1555 4594 1895 4665 deserviunt,
1953 4599 2136 4656 studet

541 4688 724 4738 tamen
749 4697 864 4749 eos,
897 4691 1010 4750 aut,
1041 4683 1089 4738 si
1136 4683 1304 4751 valet,
1337 4684 1586 4741 districte
1615 4687 1909 4757 corrigere,
1946 4699 2062 4756 aut,
2093 4691 2139 4746 si

543 4787 652 4826 non
684 4772 848 4841 valet,
880 4772 1267 4844 aequanimiter
1299 4773 1566 4841 tolerare;
1596 4783 1650 4830 et
1681 4775 1765 4829 vel
1809 4776 2139 4848 corrigendo

545 4860 670 4917 illos
697 4862 852 4935 quasi
875 4863 1020 4918 ﬁlios
1051 4861 1422 4934 amplectitur,
1456 4864 1541 4918 vel
1574 4863 1860 4920 tolerando
1888 4869 2042 4938 quasi
2071 4868 2140 4925 ab

543 4950 798 5010 hostibus
842 4962 1148 5012 exercetur.
1185 4953 1301 5010 Scit
1342 4969 1578 5026 namque
1610 4954 1758 5026 quod
1805 4971 1902 5026 per
1948 4973 2137 5014 eorum

619 5152 635 5186 ¹
667 5147 791 5208 νει.
827 5154 977 5212 Edit.
1009 5154 1176 5211 Gilot.
1204 5163 1255 5212 et
1287 5155 1490 5223 Vatic.,
1519 5161 1772 5212 nocentes.
1801 5155 2142 5216 Emendatur

546 5223 775 5300 exiiss.
812 5227 1054 5300 A_nglic.,
1087 5227 1296 5293 Norm.,
1327 5228 1564 5300 Turon.,
1596 5229 1828 5300 Longip.

617 5294 640 5370 ξ
667 5295 794 5351 Rec.
827 5294 1054 5370 Excusi,
1072 5299 1340 5370 quidquid
1357 5317 1389 5354 α
1414 5294 1631 5355 sanctis.
1669 5294 1854 5356 Lectio
1883 5318 2043 5370 quam
2065 5320 2144 5358 se-

547 5364 772 5444 quimur
801 5376 882 5422 est
900 5369 1036 5444 _lt_fss.
1069 5364 1300 5440 Turon,
1326 5371 1582 5444 Longip.,
1617 5371 1864 5439 Ebroic.,
1898 5364 2143 5442 Pratell.,

549 5440 605 5489 et
633 5435 868 5490 aliorum
900 5439 1088 5494 Norm.

623 5505 644 5588 ξ
677 5504 938 5588 Elimiam,
968 5512 1042 5588 ξι
1072 5513 1197 5588 quia
1221 5529 1324 5588 per
1348 5515 1490 5588 hum.
1527 5515 1702 5588 laudis
1729 5517 2034 5588 appetitum.

592 5576 644 5660 ξι
679 5574 898 5660 Vindoc
915 5574 954 5647 ς,
985 5574 1420 5660 Pratel_.,'Ut_ic._,_
1457 5587 1535 5660 ita
1565 5574 1776 5660 habent
1787 5574 1813 5654 ;‘
1834 5597 1890 5645 et
1917 5585 2140 5660 quidem

548 5646 851 5774 gigantius
875 5646 1036 5722 quam
1069 5646 1268 5724 legitur
1293 5656 1349 5710 in
1372 5646 1642 5728 Vulgatis,
1657 5646 1959 5714 reverentia}
1976 5657 2145 5726 fasti-

2239 3197 2332 3235 eos
2361 3179 2454 3250 qui
2486 3176 2555 3234 ad
2586 3174 2857 3232 vincenda
2878 3173 3072 3229 mundi
3101 3171 3266 3244 hujus
3293 3169 3565 3227 desideria
3581 3178 3634 3225 et
3655 3168 3853 3240 coeptis

2241 3267 2576 3324 sublimibus
2589 3274 2642 3321 et
2655 3265 3052 3320 consummatis
3069 3262 3410 3336 profectibus
3429 3258 3851 3318 convalescunt?

2240 3355 2556 3428 Magnitudo
2613 3355 2794 3426 itaque
2837 3353 2953 3426 ejus
3010 3355 3067 3408 in
3098 3353 3449 3410 robustorum
3479 3366 3702 3408 suorum
3734 3347 3851 3403 vita

2244 3445 2517 3513 consistit,
2553 3443 2682 3518 quia
2703 3453 2834 3499 tunc
2863 3442 3160 3514 gloriosior
3190 3441 3462 3509 redditur,
3481 3457 3606 3498 cum
3636 3455 3736 3510 pro
3757 3436 3847 3493 de-

2244 3536 2491 3592 fensione
2521 3533 2770 3588 veritatis
2800 3531 2867 3587 ad
2901 3541 3130 3588 mortem
3163 3547 3335 3604 usque
3355 3529 3424 3587 ab
3453 3527 3639 3585 electis
3665 3526 3848 3581 illitis8

2245 3624 2521 3682 constanti
2543 3623 2749 3679 virtute
2769 3629 3030 3678 certatur.
3049 3623 3385 3694 Arrogantes
3406 3619 3573 3693 igitur
3593 3616 3700 3672 viri
3721 3615 3845 3672 sub-

2247 3714 2428 3770 ductis
2455 3713 2521 3769 de
2551 3711 2656 3768 hoc
2686 3710 2893 3766 mundo
2915 3707 3491 3782 apostolis,subductis
3520 3705 3588 3763 ad
3614 3720 3848 3778 superna

2249 3801 2604 3875 martyribus,
2655 3799 2784 3874 quia
2838 3799 3068 3855 fortasse
3103 3799 3378 3856 doctiores
3406 3797 3846 3869 valentioresque

2249 3891 2568 3964 przepositos
2593 3891 2614 3925 θ
2645 3888 2860 3944 abunde
2880 3889 3064 3946 deesse
3099 3888 3466 3961 conspiciunt,
3499 3886 3656 3961 quasi
3697 3885 3846 3942 solos

2250 3998 2306 4038 se
2349 3979 2671 4035 remansisse
2729 3979 2872 4034 intra
2932 3979 3234 4034 Ecclesiam
3266 3978 3638 4050 suspicantur.
3693 3973 3849 4031 Unde

2251 4068 2382 4124 dum
2413 4085 2469 4124 se
2501 4067 2820 4140 praeferunt,
2851 4067 2901 4122 ei
2935 4068 3090 4124 velut
3124 4068 3170 4102 ¹⁰
3198 4068 3551 4124 consulentes
3581 4064 3847 4131 illudnnt,

2252 4157 2524 4213 dicentes:
2559 4156 2770 4226 Depone
2795 4156 3204 4226 magnitudinem
3231 4161 3377 4212 tuam
3403 4156 3598 4227 absque
3626 4155 3849 4210 tribula-

2255 4249 2410 4315 tione,
2441 4254 2488 4303 et
2513 4263 2686 4302 omnes
2710 4247 2953 4302 robustos
2973 4247 3306 4317 fortitudine.
3340 4247 3421 4305 Ac
3450 4247 3495 4302 si
3525 4245 3724 4318 apertis
3753 4259 3851 4298 ex-

2253 4336 2699 4410 probrationibus
2721 4336 2939 4393 dicant:
2961 4337 3316 4410 Nequaquam
3334 4345 3386 4393 te
3408 4334 3848 4408 magnitudinem

2253 4427 2452 4484 habere
2463 4444 2564 4484 con
2573 4427 2860 4500 fidas,quia
2875 4425 3161 4482 subductis
3173 4423 3720 4498 prioribus,patribus
3729 4420 3847 4494 jam

2251 4535 2361 4573 non
2393 4517 2561 4573 habes
2585 4517 2651 4573 de
2676 4534 2911 4590 quorum
2936 4517 3049 4573 vita
3070 4517 3321 4589 glorieris
3363 4517 3568 4573 Dicunt
3588 4513 3705 4570 haec
3726 4528 3848 4585 pro-

2249 4608 2414 4676 fecto,
2458 4609 2763 4664 nescientes
2803 4607 2932 4680 quia
2973 4606 3320 4679 omnipotens
3356 4608 3502 4662 Deus
3539 4602 3847 4660 Ecclesiam

2249 4716 2400 4755 suam
2432 4699 2597 4771 digna
2627 4698 2747 4753 sine
2801 4697 3282 4753 administratione
3311 4712 3423 4751 non
3453 4694 3676 4750 deserit.
3711 4693 3848 4750 Nam

2249 4808 2373 4848 cum
2397 4791 2564 4846 fortes
2583 4789 2652 4844 ad
2682 4787 2967 4858 praemium
2988 4798 3167 4857 vocat,
3189 4803 3378 4843 eorum
3401 4785 3520 4841 vice
3551 4783 3762 4840 debiles
3781 4781 3850 4838 ad

2248 4885 2546 4941 certamina
2569 4883 2806 4946 roborat;
2835 4899 2960 4937 cum
2985 4882 3108 4937 illos
3128 4880 3478 4954 suscipiendo
3511 4884 3850 4945 remunerat,

2250 4976 2369 5032 istis
2413 4974 2662 5031 laborum
2702 4974 2864 5042 vires,
2903 4989 3039 5048 quas
3077 4981 3410 5042 remuneret,
3441 4961 3848 5028 subministrat.

2324 5158 2345 5192 ⁵
2382 5154 2673 5212 Omittitur
2696 5155 2804 5226 ipse
2827 5154 2884 5209 in
2914 5154 3117 5212 Pratel.
3150 5163 3206 5212 et
3231 5152 3376 5212 Utic.

2327 5231 2348 5264 δ
2377 5229 2631 5300 Longip.,
2663 5235 2709 5282 et
2738 5228 2992 5283 bonorum
3020 5227 3200 5285 verba.

2325 5302 2345 5336 ⁷
2369 5301 2482 5366 ΑΙ.,
2520 5300 2728 5356 diceret.

2328 5373 2350 5408 ⁸
2379 5371 2559 5439 Colb.,
2597 5372 2926 5427 incunctanti
2953 5373 3172 5430 virtute.

2326 5445 2347 5479 ο
2379 5444 2588 5510 Baluz.,
2625 5453 2680 5499 et
2713 5444 2895 5512 Colb.,
2938 5445 3146 5500 abunde
3175 5462 3298 5513 esse,
3341 5443 3504 5512 male,
3536 5440 3860 5513 emirabitu-

2254 5514 2315 5588 de
2343 5515 2720 5588 (tee.sse_etiam
2764 5515 2861 5588 vix
2883 5511 2886 5512 ⁷
2907 5515 3017 5572 dici
3048 5518 3256 5588 possit;
3284 5511 3382 5571 Vsic
3429 5511 3612 5588 tamen
3651 5511 3860 5588 legitur

2255 5586 2311 5666 in
2349 5586 2474 5666 Mss.
2515 5585 2736 5654 Pratel.,
2770 5587 2912 5644 Utic.
2944 5596 2999 5646 et
3037 5582 3182 5656 aliis,
3230 5603 3332 5644 nec
3361 5603 3473 5645 non
3505 5587 3561 5644 in
3591 5582 3858 5641 omnibus

2255 5657 2510 5712 Excusis.

2328 5728 2596 5797 “’Baluz.,
2628 5733 2968 5788 consolantes.
