4152 6182
403 795 933 871 subrogantur,quia
954 810 1143 860 etcum
1160 822 1367 864 annosa
1387 811 1609 869 arbusta
1627 817 2008 889 succiduntur,

405 882 463 938 in
493 900 686 941 eorum
718 888 889 944 robur
915 898 1102 948 tenera
1132 895 1369 969 virgulta
1399 906 1883 962 succrescunt.Sed
1911 925 2010 963 ar-

401 983 657 1043 rogantes
690 976 795 1031 viri
826 981 1206 1039 convalescere
1236 1002 1346 1042 non
1383 990 1615 1047 credunt
1663 1009 1801 1066 quos
1851 996 2007 1051 inﬁr-

400 1077 521 1117 mos
573 1063 875 1135 aliquando
924 1081 1247 1140 noverunt;
1290 1084 1343 1131 et
1390 1089 1730 1150 permutatos
1758 1085 2006 1140 venerari

397 1149 736 1222 despiciunt,
769 1170 904 1226 quos
934 1158 1293 1231 despicabiles
1320 1149 1489 1223 fuisse
1510 1170 1903 1229 meminerunt.

394 1419 580 1475 riendo
609 1431 869 1493 severum,
902 1427 1009 1483 hac
1026 1433 1341 1489 exsultando
1370 1444 1673 1494 metunt.—
1701 1440 1841 1507 Quia
1871 1458 2001 1499 vero

398 1506 455 1563 in
485 1525 551 1564 ea
571 1509 840 1582 justiores
860 1530 1081 1587 paucos,
1113 1519 1336 1593 iniquos
1378 1532 1562 1582 autem
1597 1530 2004 1588 numerosiores

395 1599 698 1670 aspiciunt,
725 1602 870 1659 sicut
894 1612 949 1659 et
973 1606 1031 1660 in
1061 1607 1261 1664 tritura
1278 1611 1501 1685 frugum
1530 1614 1708 1687 major
1737 1625 1818 1674 est
1846 1620 2002 1674 mul-

397 1686 578 1744 titudo
598 1691 900 1763 palearum,
918 1695 1080 1753 etiam
1098 1695 1377 1769 justorum
1400 1704 1571 1760 vitam
1592 1686 1662 1761 ex
1678 1706 1997 1780 iniquorum

394 1777 761 1838 aestimatione
790 1792 1169 1845 contemnunt.
1191 1789 1394 1848 Vident
1411 1794 1658 1865 profecto
1684 1777 1832 1869 quod
1854 1815 1991 1854 non-

394 1866 539 1921 nulli
589 1877 827 1927 rectores
857 1872 1030 1943 illius,
1090 1881 1379 1951 temporali
1426 1866 1715 1954 potestate
1739 1884 1988 1956 subnixi,

395 1954 644 2026 ejusdem
671 1963 950 2031 potestatis
978 1965 1217 2023 elatione
1246 1979 1565 2041 pascuntur.
1596 1975 1803 2031 Vident
1843 1954 1990 2049 quod

394 2044 679 2117 religionis
706 2054 1088 2124 reverentiam,
1138 2073 1302 2130 quam
1347 2058 1480 2117 huic
1516 2063 1724 2119 mundo
1771 2068 1989 2136 patres'

393 2134 678 2193 moriendo
732 2152 1114 2214 servaverunt,
1168 2146 1228 2201 hi
1275 2150 1605 2206 exsultando
1651 2151 1712 2207 in
1758 2153 1992 2209 terrenis

393 2222 608 2292 gaudiis
626 2235 847 2284 metunt
871 2249 885 2298 ;
908 2239 963 2287 et
980 2235 1330 2305 perpendunt
1358 2238 1582 2311 quidem
1612 2240 1741 2313 quia
1776 2243 1989 2299 robusti

392 2318 544 2380 sunt,
561 2315 657 2371 sed
678 2333 789 2372 non
818 2319 1168 2380 fortitudine.
1186 2326 1324 2381 Nam
1350 2326 1482 2382 dum
1514 2331 1801 2400 temporali
1827 2340 1991 2402 pote-

389 2408 523 2456 state
543 2402 877 2477 fulciuntur,
905 2411 1059 2482 quasi
1080 2412 1315 2484 quadam
1332 2415 1615 2473 debilitate
1636 2419 1985 2477 roborantur.

386 2487 603 2555 Quanto
633 2494 780 2550 enim
813 2499 1057 2553 exterius
1099 2501 1270 2557 fortes
1309 2513 1458 2569 sunt,
1502 2512 1657 2562 tanto
1698 2523 1731 2562 a
1776 2510 1989 2565 cunctis

382 2577 739 2636 fortitudinis
768 2584 985 2641 viribus
1015 2587 1166 2643 intus
1216 2590 1564 2650 inanescunt.
1594 2596 1661 2650 Et
1689 2596 1894 2653 idcirco
1921 2600 1988 2657 ab

381 2667 777 2739 arrogantibus
804 2672 856 2727 ei
887 2672 1091 2754 dicitur
1115 2694 1126 2731 :
1150 2678 1361 2749 Depone
1389 2682 1626 2737 robustos
1650 2683 1981 2754 fortitudine.

377 2756 464 2809 Ac
490 2755 538 2810 si
570 2767 754 2828 aperte
793 2752 1044 2818 dicatur:
1077 2764 1164 2819 Illi
1196 2766 1295 2821 tibi
1319 2769 1583 2825 veraciter
1612 2752 1870 2832 8robusti
1903 2777 1983 2833 in-

380 2839 680 2913 haeserant,
720 2848 813 2917 qui
846 2848 904 2902 in
936 2858 987 2905 te
1019 2852 1123 2908 hoc
1154 2856 1300 2926 quod
1330 2856 1575 2915 docendo
1617 2862 1781 2919 locuti
1829 2875 1980 2936 sunt,

380 2931 630 2989 vivendo
659 2944 957 2996 tenuerunt
980 2959 992 3007 ;
1018 2959 1167 2998 nunc
1186 2959 1315 3000 vero
1343 2945 1400 3001 hi
1432 2949 1525 3021 qui
1552 2950 1653 3007 tibi
1672 2956 1981 3024 praesident

378 3022 592 3080 visione
606 3024 811 3083 robusti
828 3037 979 3097 sunt,
996 3046 1106 3087 non
1127 3032 1607 3111 fortitudine,quia
1629 3040 1979 3102 honorabiles

380 3111 602 3182 quidem
633 3129 688 3169 se
717 3124 992 3173 ostentare
1008 3135 1119 3175 non
1140 3120 1423 3193 desinunt,
1442 3128 1538 3182 sed
1555 3138 1706 3187 tanto
1725 3133 1971 3192 imbecil-

381 3197 541 3257 liores
569 3211 625 3258 et
661 3207 1192 3278 contemptibiliores
1219 3223 1369 3283 sunt,
1401 3222 1607 3290 quanto
1636 3220 1864 3281 honoris
1881 3228 1966 3283 sui

375 3288 605 3359 gloriam
635 3292 842 3366 despici
871 3312 971 3368 pro
1001 3300 1229 3358 veritate
1253 3288 1666 3374 pertimescunt.
1699 3312 1857 3380 Quod
1886 3334 1967 3372 ar-

374 3390 625 3450 rogantes
641 3383 860 3456 quidem
896 3386 963 3442 de
991 3388 1266 3464 plerisque
1296 3397 1565 3454 veraciter
1582 3401 1850 3473 sentiunt,
1871 3406 1966 3463 sed

374 3484 436 3524 eo
469 3469 527 3524 in
571 3472 827 3530 elationis
862 3475 1067 3535 vitium
1113 3494 1401 3551 corruunt,
1459 3504 1568 3560 quo
1606 3507 1798 3549 omnes
1830 3511 1967 3567 quos

372 3574 601 3629 praeesse
640 3564 990 3637 conspiciunt
1026 3571 1163 3629 tales
1197 3572 1553 3634 arbitrantur.
1607 3585 1752 3644 848
1780 3564 1967 3659 Neque

370 3654 525 3710 enim
542 3656 699 3715 debet
720 3662 1085 3733 plurimorum
1103 3670 1312 3727 malum
1332 3674 1554 3731 tendere
1573 3677 1630 3733 in
1652 3682 1964 3740 aestimatio-

370 3759 500 3799 nem
530 3754 1007 3826 cunctorum,quia
1023 3756 1124 3811 etsi
1146 3756 1324 3830 iniqui
1346 3771 1477 3818 sunt
1490 3781 1627 3837 quos
1640 3786 1963 3842 cognoscen-

371 3840 451 3890 tes
472 3834 530 3891 di
528 3834 804 3911 judicant,
827 3846 1086 3902 nonnulli
1109 3855 1290 3905 tamen
1309 3854 1484 3909 sancti
1505 3834 1634 3913 sunt
1653 3834 1790 3931 quos
1816 3862 1966 3935 igno-

366 3934 508 3981 rant.
558 3927 791 3986 Tritum
822 3933 1023 4007 quippe
1050 3944 1269 4010 tempus
1299 3950 1399 4011 est,
1433 3943 1454 3978 ³
1496 3954 1550 4002 et
1587 3927 1769 4006 adhuc
1801 3927 1967 4025 grana

365 4014 467 4071 sub
497 4017 670 4088 paleis
720 4021 909 4080 latent.
954 4026 1153 4083 Nullus
1184 4046 1314 4102 ergo
1361 4049 1430 4089 ex
1472 4052 1598 4093 area
1626 4014 1841 4100 fructus
1871 4061 1964 4101 ex-

364 4106 725 4179 spectabitur,
753 4111 800 4167 si
826 4111 933 4171 hoc
959 4118 1139 4173 solum
1179 4119 1239 4176 in
1281 4138 1345 4178 ea
1373 4140 1487 4181 esse
1516 4130 1780 4203 creditur,
1816 4139 1966 4208 quod

363 4196 653 4265 superﬁcie
681 4203 1121 4287 tenus_videtur.
1155 4209 1330 4281 Igitur
1358 4215 1488 4287 quia
1522 4234 1663 4290 quos
1704 4236 1962 4315 cernunt,

365 4282 676 4315 λοοηςηεη...
734 4299 780 4315 ,ιι
814 4290 865 4315 ε...
900 4294 1066 4315 -..λι-κ
1110 4314 1113 4315 ,
1368 4310 1378 4315 -
1624 4309 1661 4315 -.
1715 4311 1745 4315 --

364 4282 699 4357 despiciunt,
732 4299 786 4347 et
812 4282 871 4348 iri
895 4294 1252 4369 antiquorum
1292 4282 1508 4372 patrum
1542 4309 1837 4370 ordinibus
1865 4289 1966 4374 hos

362 4396 499 4453 quos
527 4395 735 4443 norunt
752 4389 1038 4464 subrogari
1054 4405 1567 4475 contemnunt,apte
1586 4407 1959 4483 subjungitnr:

937 4481 1167 4541 CAPUT
1196 4487 1365 4546 XLII.

433 4560 604 4621 Vnus.
661 4565 751 4623 20.
795 4599 864 4611 —
910 4570 989 4628 Ne
1010 4576 1303 4643 protrahas
1334 4586 1553 4650 noctem,
1593 4591 1653 4640 ut
1677 4591 1961 4650 ascendant

354 4653 548 4721 populi
567 4670 672 4725 pro
700 4655 793 4713 eis.

434 4740 521 4798 77.
551 4745 675 4801 Nos:
690 4748 940 4805 Ecclesia
966 4757 1061 4817 est,
1078 4770 1196 4809 cum
1222 4754 1495 4816 doctorum
1522 4768 1571 4817 et
1593 4763 1819 4835 fortium
1848 4772 1963 4831 loca

358 4830 558 4888 indocti
577 4852 640 4890 ac
668 4838 860 4895 debiles
887 4843 1136 4901 obtinent.
1159 4878 1231 4890 —
1259 4849 1340 4906 Ac
1359 4851 1403 4907 si
1440 4830 1624 4926 aperte
1652 4871 1964 4934 arrogantes

358 4918 545 4980 dicant
576 4942 588 4980 :
624 4927 953 5001 Ignorantia
980 4942 1087 4992 tuae
1113 4937 1447 4999 obscuritate
1474 4918 1589 5003 non
1637 4918 1880 5024 agasjut
1904 4956 1961 5012 in

358 5007 479 5068 loco
519 5014 751 5075 fortium
800 5025 1251 5084 numerositatem
1299 5031 1557 5107 snbroges
1585 5007 1958 5102 infirmorum.

434 5193 1048 5293 titan'liuronl,£broic.
1068 5205 1276 5293 aliique
1295 5211 1508 5293 Norm.,
1533 5216 1798 5293 (Βοῌρθινῐ.³
1822 5232 1953 5293 etc.,

358 5264 563 5366 quibu‘s
593 5264 949 5366 consentiuqt
995 5285 1105 5366 v‘et‘.
1142 5264 1956 5366 I‘Eldit:

354 5337 545 5427 arrisit
567 5350 870 5427 seruet-unt,
898 5344 1046 5427 haud
1073 5349 1251 5427 dubie
1268 5337 1955 5427 prbﬁiéi'idiitiiééiiﬂii

354 5406 738 5495 tertiusverbi,
768 5406 969 5495 metunt
995 5438 1018 5484 ,-
1047 5419 1204 5492 cujus
1238 5406 1359 5481 16c};
1369 5406 1727 5490 ’vihtié'éf'é?
1730 5406 1950 5495 “’I‘Iu‘ro‘h.

356 5474 566 5536 habent
589 5474 844 5542 metuunt.

428 5550 450 5626 ξ
482 5551 748 5626 Χίηᾶοα,
778 5559 986 5617 robusti
1010 5560 1320 5624 inhaereant.

427 5623 449 5697 ἓ
479 5621 715 5697 Turon.,
733 5621 857 5686 ἐἰεί
884 5633 1056 5689 adhuc
1076 5651 1268 5697 grana.

356 5694 730 5820 un‘dfbroici,
762 5700 1006 5774 Pratell.,
1035 5694 1203 5777 mia,
1251 5708 1511 5783 Vindoc.,
1557 5735 1717 5789 quam
1769 5740 1951 5781 consu-

404 5782 529 5824 ηαο.

652 5866 889 5927 ΡΑτιιοι..
932 5873 1178 5935 LXXVI.

2118 836 2301 887 torum
2331 840 2384 887 et
2413 835 2640 892 fortium
2672 839 2795 895 loca
2820 842 3026 901 indocti
3057 862 3120 903 ac
3154 847 3361 908 debiles
3389 856 3709 917 sortiantur.

2118 920 2313 993 Populi
2346 941 2445 996 pro
2480 927 2721 986 robustis
2746 935 3047 992 ascendunt
3077 942 3299 1017 quando
3321 942 3378 999 hi
3402 946 3495 1018 qui
3526 949 3712 1007 vivere

2118 1010 2306 1083 inique
2336 1012 2647 1074 didicerunt
2694 1032 2972 1092 pastorum
3013 1010 3131 1084 loca
3177 1010 3506 1104 percipiunt.
3553 1036 3711 1105 Quod

2114 1110 2260 1157 recte
2275 1105 2497 1175 quidem
2519 1108 2629 1165 dici
2644 1120 2855 1182 poterat
2870 1114 2917 1169 si
2936 1115 3222 1176 humiliter
3235 1121 3526 1182 diceretur.
3547 1128 3709 1185 Arro-

2114 1200 2300 1261 gantes
2338 1195 2510 1263 enim,
2559 1199 2723 1255 etiam
2771 1219 2896 1261 cum
2928 1206 3073 1263 bona
3098 1209 3417 1284 admonent,
3449 1219 3705 1290 supersti-

2112 1278 2282 1335 tionis
2302 1297 2414 1337 suaa
2436 1284 2637 1341 vitium
2658 1301 2936 1348 exercent.
2957 1295 3091 1351 Nam
3121 1300 3264 1369 plus,
3296 1303 3439 1361 sicut
3468 1316 3520 1363 et
3550 1325 3707 1381 supe-

2111 1367 2228 1423 rius
2245 1368 2457 1426 dictum
2495 1381 2595 1441 est,
2628 1375 2963 1450 increpando
2988 1367 3152 1441 ferire
3185 1367 3449 1461 appetunt
3481 1397 3501 1430 ‘
3542 1367 3703 1469 quam

2111 1458 2447 1517 consolando
2477 1462 2744 1521 refovere.
2782 1468 2936 1526 Unde
2964 1488 3096 1529 mox
3126 1458 3480 1551 subjungitur
3504 1503 3516 1540 :

2182 1548 2352 1605 Vens.
2386 1551 2473 1607 21.
2506 1584 2576 1595 —
2605 1556 2626 1588 ⁵
2678 1556 2757 1613 Ne
2785 1557 3009 1617 declines
3047 1564 3119 1618 ad
3148 1548 3479 1637 iniquitatem
3502 1591 3525 1637 ;
3573 1575 3707 1629 hanc

2108 1636 2247 1691 enim
2273 1640 2473 1710 coepisti
2494 1644 2639 1713 sequi
2664 1652 2785 1716 post
2811 1649 3100 1709 miseriam.

2180 1726 2296 1785 Hoc
2312 1728 2555 1799 profecto
2575 1745 2889 1807 arrogantes
2902 1739 3161 1800 Ecclesiae
3182 1746 3459 1804 miseriam
3481 1760 3700 1821 vocant,

2023 1819 2071 1881 Β
2106 1814 2252 1886 quod
2273 1815 2581 1886 despectam
2612 1822 2726 1877 Deo
2746 1824 2866 1895 ejus
2884 1829 3298 1889 multitudinem
3328 1814 3695 1910 suspicantur;

2104 1910 2159 1958 et
2186 1919 2251 1959 eo
2280 1902 2431 1961 illam
2463 1907 2649 1964 altiori
2678 1912 2915 1969 elatione
2934 1927 3327 2003 contemnunt,
3356 1902 3465 1998 quo
3498 1935 3552 1982 et
3580 1902 3699 1984 des;

2102 2002 2316 2064 pectam
2341 1995 2455 2052 Deo
2484 1997 2738 2057 funditus
2757 2005 3124 2077 suspicantur.

2176 2083 2273 2140 His
2318 2084 2487 2157 igitur
2533 2088 2765 2162 ﬁgurata
2799 2098 3144 2168 expositione
3192 2107 3540 2176 transcursis,
3581 2108 3697 2181 jam

2103 2187 2250 2228 nunc
2279 2173 2563 2233 inferenda
2594 2190 2723 2237 sunt
2762 2198 2882 2255 quae
2932 2189 3213 2245 moraliter
3253 2195 3589 2266 sentiuntur,
3637 2208 3699 2256 ut

2102 2260 2276 2333 ﬁgura
2302 2264 2561 2323 Ecclesia;
2589 2270 2828 2341 cognita,
2850 2288 3013 2345 quam
3039 2293 3353 2349 expressam
3374 2260 3699 2355 generaliter

2101 2351 2395 2422 credimus,
2434 2356 2723 2415 audiamus
2740 2361 2904 2417 etiam
2922 2365 3055 2437 quid
3084 2383 3153 2423 ex
3184 2368 3271 2426 his
3299 2372 3483 2429 verbis
3511 2377 3567 2429 in
3586 2375 3696 2431 sin-

2076 2441 2245 2513 -gulis
2271 2443 2587 2515 specialiter
2612 2447 2955 2521 colligamus.
2990 2454 3085 2510 Ait
3104 2456 3289 2531 itaque
3321 2477 3335 2516 :

2418 2533 2647 2592 CAPUT
2685 2538 2860 2597 XLIII
2904 2540 3044 2615 [Vet.
3084 2547 3363 2625 XXXVI].

2170 2622 2299 2681 CAP.
2350 2641 2551 2697 xxxvi,
2585 2627 2755 2686 Vens.
2794 2631 3079 2693 I8.—Non
3109 2644 3155 2694 te
3180 2656 3301 2712 ergo
3318 2622 3539 2716 superet
3581 2649 3689 2722 ira,

2096 2718 2154 2766 ut
2180 2713 2411 2785 aliquem
2439 2718 2731 2788 opprimas.

2167 2803 2253 2859 78.
2283 2804 2496 2862 Sensus
2523 2812 2925 2868 monitus—In
2957 2812 3203 2883 facienda
3229 2824 3567 2891 correctione,
3596 2844 3691 2882 su-

2093 2891 2229 2947 besse
2250 2893 2392 2948 debet
2419 2896 2527 2964 ira,
2562 2914 2667 2951 non
2690 2916 2929 2969 praeesse.
2962 2934 3033 2945 —
3061 2905 3254 2963 Omnis
3285 2926 3379 2981 per
3407 2930 3565 2984 quem
3600 2932 3689 2972 ne-

2091 2998 2240 3038 cesse
2266 2993 2349 3040 est
2376 2985 2555 3042 aliena
2583 2987 2720 3043 vitia
2750 2992 2947 3063 corrigi
2972 2998 3324 3069 semetipsum
3349 3003 3500 3072 prius
3529 3005 3691 3065 debet

2090 3074 2319 3129 solerter
2352 3074 2580 3143 intueri,
2613 3091 2680 3131 ne
2700 3076 2831 3133 dum
2863 3080 3097 3139 aliorum
3142 3088 3332 3159 culpas
3375 3092 3684 3167 ulciscitur,

1997 3175 2041 3237 ρ
2080 3175 2198 3237 ipse
2245 3164 2551 3221 ulciscendi
2604 3166 2789 3224 furore
2831 3182 3141 3242 superetur.
3176 3176 3507 3259 Plerumque
3537 3186 3683 3246 enim

2079 3270 2320 3321 mentem
2352 3258 2454 3316 sub
2485 3257 2714 3315 obtentu
2733 3258 2973 3332 justitiau
2998 3264 3096 3323 iraa
3140 3268 3458 3332 immanitas
3486 3287 3684 3351 vastat,

2078 3363 2139 3410 et
2173 3354 2305 3409 dum
2336 3349 2495 3424 quasi
2518 3348 2680 3406 saevit
2708 3352 2825 3407 zelo
2859 3354 3232 3429 rectitudinis,
3258 3362 3469 3422 rabiem
3500 3348 3685 3442 explet

2077 3435 2298 3509 furoris,
2324 3439 2581 3513 justeque
2606 3456 2664 3496 se
2694 3440 2873 3498 facere
2900 3444 3158 3516 aestimat,
3189 3450 3461 3525 quidquid
3485 3435 3685 3516 ira.ne-

2076 3532 2259 3605 quiter
2280 3529 2470 3586 dictat.
2504 3529 2661 3584 Unde
2686 3537 2740 3584 et
2769 3531 2992 3588 modum
3016 3551 3156 3609 saepe
3176 3538 3480 3600 ulciscendi
3509 3554 3685 3607 trans-

2074 3618 2337 3691 greditur,
2361 3616 2491 3690 quia
2511 3633 2766 3673 mensura
2780 3617 3012 3688 justitiat
3028 3640 3139 3681 non
3160 3625 3504 3690 frenatur.Di
3512 3652 3682 3708 gnum

2074 3706 2275 3779 quippe
2305 3713 2475 3762 estut
2517 3721 2643 3762 cum
2696 3704 2877 3763 aliena
2925 3712 3256 3783 corrigimus
3299 3718 3454 3788 prius
3497 3704 3683 3782 nostra

2074 3794 2390 3862 metiamur,
2421 3801 2485 3848 ut
2501 3794 2654 3865 prius
2676 3809 2829 3849 mens
2857 3812 2890 3849 a
2916 3812 3014 3853 sua
3042 3803 3365 3859 accensione
3380 3806 3681 3881 deferveat,

2074 3884 2228 3955 prius
2264 3882 2411 3938 intra
2439 3880 2787 3952 semetipsam
2818 3882 2922 3938 zeli
2958 3885 3044 3940 sui
3084 3888 3349 3958 impetum
3380 3880 3682 3968 tranquilla

2077 3972 2334 4046 aequitate
2375 3976 2690 4041 componat,
2722 3984 2791 4025 ne
2819 3970 2866 4027 si
2895 3972 2964 4028 ad
3010 3975 3500 4041 animadvertenda
3538 3987 3678 4045 vitia

2075 4062 2307 4133 abrupto
2328 4059 2515 4116 furore
2538 4057 2834 4128 trahimur,
2856 4072 3139 4133 peccatum
3153 4068 3477 4142 corrigendo
3498 4091 3681 4149 pecce-

2074 4169 2217 4219 mus,
2247 4159 2301 4207 et
2330 4150 2423 4224 qui
2450 4148 2675 4221 'culpam
2693 4148 2769 4222 dij
2780 4150 3056 4210 udicando
3085 4155 3451 4233 insequimur,
3482 4166 3678 4226 immo-

2075 4243 2260 4300 derate
2281 4244 2302 4278 ⁸
2334 4240 2586 4299 feriendo
2601 4240 2887 4300 faciamus.
2908 4244 3035 4301 Non
3064 4256 3248 4305 autem
3264 4249 3379 4323 jam
3410 4260 3679 4318 correctio

2074 4330 2468 4405 delinquentis,
2500 4329 2595 4386 sed
2632 4331 2805 4403 magis
2836 4337 3116 4406 oppressio
3140 4341 3411 4413 sequitur,
3437 4345 3484 4402 si
3516 4347 3573 4405 in
3595 4351 3675 4406 ul-

2074 4422 2222 4478 tione
2248 4420 2332 4475 ira
2368 4420 2517 4475 ultra
2545 4434 2707 4491 quam
2744 4421 2905 4493 culpa
2951 4432 3192 4482 meretur
3233 4433 3572 4493 extenditur.
3612 4438 3675 4495 In

1986 4543 2037 4602 Β
2073 4509 2428 4581 correptione
2451 4508 2655 4582 quippe
2674 4510 2935 4567 vitiorum
2954 4515 3174 4574 subesse
3191 4522 3361 4578 menti
3391 4523 3552 4583 debet
3571 4527 3675 4586 ira-

2064 4597 2290 4665 cundia,
2327 4614 2445 4653 non
2476 4612 2726 4669 praeesse,
2773 4606 2837 4655 ut
2866 4605 3274 4665 exsecutionem
3300 4609 3533 4682 justitiae
3562 4634 3673 4675 non

2072 4686 2415 4745 dominando
2459 4687 2779 4761 praeveniat,
2811 4690 2905 4747 sed
2936 4691 3255 4755 famulando
3285 4700 3670 4777 subsequatur,

2075 4786 2128 4834 et
2158 4780 2178 4814 ⁷
2210 4785 2404 4834 notum
2426 4775 2700 4849 judicium
2723 4783 2867 4842 849
2894 4798 3136 4854 possessa
3153 4786 3398 4860 impleat,
3420 4775 3531 4848 non
3551 4775 3670 4864 pos-

2072 4872 2257 4930 sidens
2287 4884 2603 4947 praecurrat.
2637 4876 2783 4935 Bene
2818 4878 3003 4954 itaque
3032 4881 3240 4939 dicitur
3271 4901 3283 4937 :
3328 4885 3447 4940 Non
3479 4891 3524 4941 te
3549 4904 3671 4960 ergo

2072 4969 2279 5034 superet
2294 4965 2404 5033 ira,
2436 4971 2496 5020 ut
2523 4967 2755 5038 aliquem
2783 4970 3076 5041 opprimas.
3110 4970 3253 5038 Quia
3281 4970 3541 5070 videlicet
3558 4975 3604 5032 si
3623 4974 3669 5033 is

2070 5050 2165 5123 qui
2194 5053 2469 5125 corrigere
2499 5055 2700 5113 nititur
2737 5056 2819 5114 ira
2848 5067 3153 5132 superatur,
3204 5058 3467 5130 opprimit
3506 5074 3670 5123 ante-

2139 5226 2160 5261 δ
2192 5227 2495 5315 ΙηἾτεξρθηξκ
2514 5230 2664 5287 Edit.
2702 5232 2841 5315 Cave
2864 5250 2948 5315 ne,
2979 5232 3131 5315 abest
3163 5233 3301 5290 Cave
3329 5251 3361 5291 a
3391 5237 3521 5298 Mss.
3552 5243 3670 5301 Ba-

2067 5296 2202 5370 1η.Ξ
2239 5296 2419 5367 Colb.,
2448 5302 2663 5370 Norm.,
2697 5320 2729 5357 a
2758 5312 2868 5358 vet.
2899 5296 3154 5361 Excusis.

2138 5368 2261 5459 ‘Ijta
2315 5369 2615 5459 elegantius
2649 5368 2723 5454 join
2767 5374 2898 5459 μεθ’.
2928 5374 3124 5459 ‘Co'lbp
3168 5377 3380 5459 Balu_z.,
3432 5383 3663 5459 Turon.,

2063 5437 2470 5519 Yindocnuno
2498 5441 2744 5519 Ebroicz,
2766 5444 2993 5519 Pratel.,
3016 5437 3180 5519 Utie.,
3213 5459 3267 5507 et
3296 5437 3659 5518 in'vettiﬁdit:

2063 5509 2235 5586 Paris.
2264 5510 2403 5586 Aliae
2432 5511 2655 5586 habent,
2687 5509 2926 5586 feriendo
2953 5509 3248 5578 slem'amus.

2136 5584 2156 5616 ⁷
2185 5581 2370 5662 Baluz.
2403 5592 2457 5640 et
2483 5581 2708 5655 Pratel.,
2754 5594 2803 5662 et
2846 5596 3029 5647 notum
3046 5591 3245 5662 judicii
3285 5612 3524 5662 possessa
3550 5600 3663 5655 im-

2105 5653 2225 5779 teatl,
2259 5670 2371 5711 non
2397 5653 2719 5727 praecurrat.
2753 5659 2835 5717 Ita
2861 5653 3077 5735 quoque
3092 5673 3201 5722 vet.
3223 5653 3374 5725 Edit.
3407 5653 3663 5727 Paris.et

2105 5731 2191 5779 :asn
2222 5769 2233 5779 .

2113 5741 2211 5780 asu
2222 5769 2233 5780 .

3346 5912 3411 5967 i3
