4152 6182
521 309 627 366 395

1729 311 1982 369 SANCTI
2021 313 2357 372 GREGORII
2395 315 2621 373 MAGNI

3647 320 3661 328 ’
3720 323 3822 382 396

519 449 684 506 quam
712 431 967 522 corrigat.
993 433 1128 522 Nam
1155 432 1287 489 dum
1329 435 1452 508 plus
1478 452 1643 510 quam
1675 436 1835 494 debet
1865 439 2120 496 accendi-
2149 445 2199 504 Α
2303 443 2440 518 [νει.
2474 445 2627 501 XXX
2635 445 2780 520 VII.)
2810 446 2900 504 80.
2956 448 3136 504 Sancti
3175 450 3492 507 adiuerme
3523 453 3654 522 Deo,
3703 455 3821 509 huic

522 529 638 590 tur,
670 521 772 578 sub
795 521 957 595 justas
986 521 1215 579 ultionis
1235 522 1463 580 obtentu
1492 525 1974 584 adimmanitatem
1997 546 2118 586 cru-

525 609 768 667 delitatis
790 611 1106 669 eﬂrenatur.
1139 613 1296 680 Quod
1318 615 1643 688 plerumque
1671 617 1878 674 idcirco
1907 617 2113 688 evenit,

517 701 645 774 quia
683 700 849 758 corda
876 709 1151 760 rectorum
1184 702 1370 760 minus
1395 705 1572 761 amori
1600 714 1728 762 sunt
1756 708 1926 764 solius
1957 725 2118 765 crea-

516 789 653 846 toris
679 789 910 847 intenta.
942 792 1080 847 Nam
1110 792 1243 848 dum
1275 793 1451 849 multa
1465 793 1524 849 in
1552 794 1655 852 hac
1668 795 1782 852 vita
1797 799 2110 870 appetunt,I

515 879 821 936 innumeris
833 881 1262 953 cogitationibus
1277 882 1684 956 disperguntur;
1711 895 1766 942 et
1785 903 1912 942 cum
1933 886 2116 942 subito

513 969 864 1026 subditorum
893 971 1082 1042 culpas
1113 972 1582 1045 reperiunt,digne
1594 991 1720 1030 cum
1737 977 1850 1030 Deo
1871 990 1962 1030 eas
1971 973 2116 1045 judi-

518 1075 640 1116 care
689 1069 992 1133 nequeunt,
1047 1061 1176 1133 quia
1205 1061 1372 1117 corda
1398 1079 1497 1117 sua
1524 1063 1583 1118 in
1611 1063 1761 1120 curis
1788 1062 2120 1120 transitoriis

513 1165 698 1220 sparsa
718 1150 738 1184 ²
755 1149 824 1204 ad
845 1149 1212 1206 districtionis
1242 1151 1458 1206 culmen
1489 1152 1746 1224 colligere
1765 1161 1985 1225 repente
2005 1169 2116 1208 non

511 1247 760 1310 possunt.
794 1237 1074 1295 Commoti
1107 1255 1236 1310 ergo
1265 1248 1419 1296 tanto
1454 1241 1638 1297 minus
1682 1241 1751 1297 ad
1800 1242 2118 1298 ulciscenda

513 1335 736 1399 peccata
765 1327 960 1384 libram
983 1328 1259 1400 aequitatis
1278 1329 1592 1398 inveniunt,
1607 1338 1813 1404 quanto
1829 1347 1947 1386 eam
1970 1339 2116 1386 tran-

513 1417 805 1489 quillitatis
841 1435 954 1474 suae
1007 1426 1255 1490 tempore
1289 1435 1401 1476 non
1444 1420 1756 1492 requirunt.
1789 1419 1943 1476 Unde
1987 1437 2112 1476 cum

512 1505 642 1562 Elin
671 1506 912 1563 diceret:
945 1508 1068 1564 Non
1099 1513 1146 1562 te
1173 1517 1382 1581 superet
1410 1510 1521 1578 ira,
1569 1516 1628 1564 ut
1672 1511 1908 1580 aliquem
1935 1511 2115 1581 oppri-

509 1612 646 1664 mas,
678 1605 950 1667 quatenus
978 1596 1192 1654 easdem
1223 1614 1416 1654 causas
1449 1596 1740 1670 injustitiae
1758 1606 1814 1655 et
1832 1598 1930 1655 irae
1960 1615 2116 1670 supe-

512 1683 688 1740 rantis
716 1684 1073 1758 exprimeret,
1104 1685 1260 1744 illico
1285 1685 1544 1758 adjunxit
1569 1705 1580 1743 :

1059 1789 1296 1861 CAPUT.
1319 1803 1517 1861 XLIV.

579 1915 716 1973 Ima.
746 1947 817 1960 --
843 1917 949 1974 Nec
981 1917 1262 1972 multitudo
1295 1919 1533 1975 locorum
1561 1917 1772 1974 inclinet
1801 1922 1862 1971 te.
1923 1953 1930 1960 -

578 2005 666 2060 79.
698 2007 791 2062 Ea:
810 2006 1068 2078 originali
1091 2013 1302 2079 peccato
1323 2007 1559 2078 inquieta
1587 2005 1816 2062 hominis
1843 2000 2112 2060 mutabili-

509 2101 590 2150 tas
619 2095 816 2154 oritur.
855 2096 986 2152 Cum
1017 2097 1272 2168 qualitate
1299 2113 1482 2152 rerum
1509 2113 1615 2151 non
1638 2095 1828 2168 possit,
1858 2092 2116 2148 uarietate

509 2185 696 2238 saltem
725 2185 922 2256 quierit
949 2185 1166 2242 satiari.
1197 2188 1345 2242 —In
1377 2194 1460 2242 tot
1489 2185 1691 2258 quippe
1722 2183 1859 2240 locis
1885 2182 2114 2238 inclina.

507 2289 634 2329 mur
668 2273 726 2330 in
756 2282 892 2349 quot
919 2276 1278 2348 supervacuis
1306 2275 1457 2332 curis
1471 2273 1845 2332 extendimur.
1877 2273 2012 2330 Nam
2044 2271 2114 2327 si-

507 2371 603 2418 cut
631 2362 788 2420 locus
814 2372 896 2421 est
925 2366 1170 2437 corporis
1185 2366 1424 2438 spatium
1445 2364 1750 2437 corporale,
1767 2363 1844 2419 ita
1863 2362 2016 2418 locus
2035 2367 2116 2416 est

511 2451 714 2508 mentis
759 2470 1101 2528 unaquaeque
1131 2455 1372 2512 intentio
1399 2453 1772 2528 cogitationis.
1803 2451 1934 2520 Quae
1981 2451 2114 2507 dum

509 2537 623 2596 huc
645 2539 888 2614 illucque
906 2543 1234 2612 impellitur,
1261 2544 1308 2600 si
1334 2545 1696 2600 delectatione
1712 2543 1900 2616 aliqua
1915 2540 2113 2613 cogita-

507 2627 681 2682 tionis
709 2645 823 2685 suaa
851 2629 1092 2684 libenter
1106 2640 1426 2707 occupatur,
1452 2631 1605 2686 velut
1633 2629 1692 2684 in
1722 2629 1959 2702 quodam
1993 2629 2115 2684 loco

509 2715 738 2789 ponitur
765 2725 829 2773 ut
859 2717 1127 2790 quiescat.
1157 2719 1294 2774 Nam
1317 2718 1532 2790 quoties
1560 2717 1696 2772 victi
1725 2717 1892 2772 taedio
1913 2733 1946 2772 a
1969 2716 2114 2788 cogi-

507 2805 720 2863 tatione
751 2805 809 2862 in
829 2804 1226 2878 cogitationem
1265 2805 1544 2875 ducimur,
1575 2805 1728 2878 quasi
1760 2805 1904 2862 fessa
1930 2811 2114 2860 mente

507 2897 576 2954 de
612 2895 737 2954 loco
766 2896 834 2954 ad
861 2897 1045 2954 locum
1069 2895 1388 2970 migramus.
1413 2895 1517 2952 Tot
1546 2895 1728 2968 itaque
1745 2895 1864 2951 loca
1893 2893 2113 2951 culmen

511 2987 712 3043 mentis
728 2985 1022 3056 inclinant,
1042 2993 1177 3060 quot
1196 2985 1436 3042 subortu:
1455 2983 1816 3056 cogitationes
1842 2982 2112 3039 unitatem

509 3079 669 3136 bonae
700 3076 1028 3134 intentionis
1060 3076 1352 3149 dissipant.
1385 3077 1552 3133 Recta
1573 3077 1780 3132 etenim
1810 3089 1965 3130 mens
1993 3080 2115 3130 sta-

2226 534 2488 588 anxietati
2515 535 2804 592 medentur.
2835 568 2906 579 —
2937 539 2958 573 ³
2997 538 3183 596 Sancti
3211 547 3396 596 autem
3431 542 3541 598 viri
3573 559 3738 599 causa
3767 559 3820 600 se

2228 623 2606 680 observatione
2633 627 2972 698 custodiunt,
3005 646 3072 685 ne
3102 630 3170 686 ab
3200 631 3506 688 intentione
3526 650 3625 689 sua
3647 641 3822 690 muta-

2227 711 2414 769 biliter
2441 713 2834 786 dissolvantur,
2865 727 2919 775 et
2948 719 3078 792 quia
3107 719 3251 774 idem
3286 737 3402 777 esse
3431 705 3718 794 appetunt,
3755 721 3823 779 ad

2227 805 2611 875 cogitationem
2643 822 2750 879 qua
2773 808 2945 864 Deum
2978 807 3220 880 diligunt
3249 825 3304 864 se
3334 810 3565 866 solerter
3611 811 3825 868 astrin-

2228 901 2378 964 gunt.
2412 894 2475 949 In
2495 897 2956 968 contemplatione
3003 914 3238 970 namque
3269 901 3533 955 creatoris
3583 899 3690 958 hoc
3737 918 3822 960 ac-

2227 984 2434 1055 cepturi
2467 992 2614 1052 sunt,
2645 994 2704 1042 ut
2732 1002 2843 1042 una
2881 1003 3095 1060 semper
3121 987 3324 1043 mentis
3371 988 3674 1047 stabilitate
3705 1008 3820 1063 per-

2227 1073 2501 1132 fruantur.
2535 1081 2680 1138 850
2706 1077 2870 1134 Nulla
2898 1093 2990 1134 eos
3018 1085 3152 1134 tunc
3183 1077 3525 1134 mutabilitas
3571 1079 3820 1154 dissipat,

2227 1170 2356 1242 quia
2384 1172 2594 1230 scilicet
2617 1190 2806 1230 eorum
2839 1173 3098 1246 cogitatio
3125 1172 3456 1246 sibimetipsi
3489 1191 3704 1249 semper
3742 1176 3821 1233 in-

2225 1258 2517 1318 dissimilis
2547 1272 2876 1336 perseverat.
2901 1262 3016 1318 lloc
3044 1277 3178 1334 ergo
3193 1278 3319 1318 cum
3350 1263 3540 1320 labore
3566 1280 3716 1322 nunc
3735 1282 3820 1322 co-

2225 1361 2418 1409 nantes
2451 1353 2760 1423 imitantur,
2802 1353 2951 1428 quod
2998 1361 3120 1425 post
3169 1354 3225 1408 in
3274 1370 3499 1411 munere
3529 1355 3822 1428 gaudentes

2227 1440 2634 1512 accipiunt.Cui
2651 1461 2707 1500 se
2717 1442 2988 1515 Propheta
3001 1442 3440 1500 immutabilitati
3455 1445 3660 1502 virtute
3675 1463 3820 1502 amo-

2229 1531 2304 1586 ris
2331 1531 2680 1600 astrinxerat,
2713 1549 2838 1589 cum
2858 1531 3080 1589 dicebat
3113 1551 3124 1588 :
3158 1533 3326 1589 Unam
3349 1533 3480 1604 petii
3508 1551 3540 1588 a
3569 1533 3818 1601 Domino,

2226 1624 2361 1680 hanc
2388 1627 2678 1697 requirrm,
2710 1633 2770 1682 ut
2797 1627 3080 1684 inhabilem
3107 1627 3161 1682 in
3191 1627 3343 1682 domo
3378 1627 3597 1682 Domini
3641 1627 3813 1698 (Psal.

2222 1735 2380 1786 xxvr,
2413 1721 2494 1792 4),
2541 1723 2686 1778 Huic
2709 1723 2914 1779 Paulus
2944 1722 3145 1778 unitati
3174 1721 3476 1778 intentione
3495 1721 3818 1791 adhaeserat,

2145 1805 2190 1864 Β
2218 1805 2410 1862 dicens
2439 1825 2450 1863 :
2488 1809 2660 1864 Unum
2688 1817 2885 1877 autem,
2917 1828 3034 1883 qua:
3060 1808 3204 1867 retro
3233 1816 3358 1866 sunt
3396 1811 3612 1876 oblitus,
3641 1811 3714 1866 ad
3759 1829 3816 1866 ea

2221 1913 2336 1966 quae
2363 1903 2484 1952 ante
2510 1904 2634 1952 sunt
2657 1905 2920 1966 extentus,
2951 1919 3145 1972 sequor
3169 1901 3241 1958 ad
3261 1903 3503 1972 palmam
3531 1918 3772 1973 superine
3804 1904 3820 1935 ί

2223 1989 2508 2044 vocationis
2536 1990 2638 2046 Dei
2663 1991 2722 2045 in
2755 1991 2966 2047 Christo
3000 1993 3224 2064 (Philip.
3259 2011 3344 2062 m,
3378 1993 3600 2066 13,14).
3621 1993 3759 2049 Nam
3776 1994 3817 2049 si

2224 2078 2356 2150 quid
2398 2080 2455 2134 in
2491 2096 2679 2137 eorum
2723 2079 2887 2136 corde
2931 2080 3254 2138 humanitus
3281 2083 3508 2150 diﬂluit,
3545 2099 3678 2138 mox
3710 2083 3822 2139 hoc

2223 2168 2492 2226 discussio
2521 2186 2712 2227 severa
2741 2170 3024 2244 restringit
3049 2189 3063 2239 ;
3099 2179 3154 2227 et
3176 2187 3303 2227 cum
3335 2169 3491 2243 quasi
3531 2169 3824 2241 pueriliter

2223 2259 2484 2332 cogitatio
2514 2259 2739 2326 labitur,
2763 2259 3002 2332 juvenili
3033 2277 3165 2316 mox
3202 2259 3539 2317 coercitione
3583 2258 3822 2315 refrena-

2222 2356 2330 2404 tur.
2367 2348 2522 2406 Unde
2549 2348 2614 2404 ﬁt
2629 2358 2688 2406 ut
2705 2367 2944 2423 Sparsam
2963 2359 3205 2405 mentem
3236 2349 3507 2404 continuo
3537 2346 3820 2420 colligant,

2224 2445 2278 2494 et
2306 2438 2363 2494 in
2384 2455 2496 2494 una
2512 2449 2780 2512 quantum
2802 2439 3104 2513 praevalent
3118 2438 3453 2511 cogitatione
3469 2445 3816 2509 componant.

2224 2526 2366 2594 Quia
2397 2527 2568 2600 igitur
2596 2535 2770 2584 status
2799 2529 3000 2585 mentis
3029 2526 3430 2598 cogitationum
3460 2526 3819 2584 mutabilitate

2223 2625 2506 2685 curvatur,
2540 2623 2686 2673 recte
2713 2615 2782 2672 ab
2809 2617 2940 2672 Eliu
2969 2615 3176 2673 dicitur
3204 2615 3346 2673 :Nec
3371 2616 3658 2674 multitudo
3689 2617 3818 2672 loco-

2223 2721 2347 2760 rum
2365 2705 2580 2761 inclinet
2609 2711 2672 2760 te.

2294 2793 2383 2848 81.
2417 2794 2524 2848 Deo
2554 2793 2631 2848 ita
2659 2794 2968 2850 vacantibus
2993 2793 3226 2850 cavenda
3253 2791 3430 2850 elatio.
3461 2792 3650 2851 —Sed
3679 2811 3817 2868 saepe

2223 2879 2354 2937 dum
2386 2882 2494 2937 viri
2519 2880 2656 2954 justi
2687 2883 2910 2939 animus
2939 2883 2998 2938 in
3025 2883 3144 2954 ipsa
3173 2882 3504 2939 intentionis
3541 2899 3655 2938 suae
3696 2900 3818 2942 arce

2222 2969 2498 3036 consistit,
2531 2970 2664 3027 dum
2693 2971 2762 3027 ab
2805 2971 2960 3028 omni
3005 2971 3394 3029 mutabilitatis
3433 2987 3488 3028 se
3534 2973 3820 3044 sparsione

2221 3059 2454 3133 colligit,
2487 3059 2619 3116 dum
2650 3061 2920 3135 quidquid
2950 3063 3010 3118 in
3039 3079 3096 3118 se
3126 3061 3399 3134 superﬂue
3426 3060 3677 3117 oboritur
3696 3077 3818 3134 pre-

511 3175 614 3234 ret,
627 3167 675 3222 si
696 3167 796 3222 uni
817 3166 906 3223 cui
925 3165 1189 3222 debuerat
1201 3148 1538 3238 cogitationi
1557 3180 1772 3236 semper
1795 3163 2106 3220 inhaereret.

2221 3148 2324 3203 mit
2355 3167 2369 3217 ;
2404 3148 2521 3220 ipsa
2545 3167 2656 3206 suae
2687 3149 3037 3206 rectitudinis
3061 3149 3237 3222 gloria
3263 3149 3528 3222 tangitur,
3557 3157 3611 3206 et
3638 3149 3696 3205 in
3720 3156 3823 3207 tu-

510 3260 678 3316 Recta
701 3273 858 3314 mens
886 3263 1076 3326 staret,
1098 3255 1281 3312 sinon
1297 3271 1354 3312 se
1368 3255 1676 3310 innumeris
1705 3252 1946 3308 motibus
1960 3252 2112 3310 ﬂuxa

513 3345 883 3404 mutabilitate
924 3352 1310 3419 prosterneret.
1366 3344 1472 3401 Sed
1504 3342 1638 3400 dum
1667 3358 1818 3399 nunc
1845 3342 1950 3399 ista
1978 3358 2111 3414 per-

513 3445 728 3508 tractat,
757 3454 909 3495 nunc
937 3435 1006 3493 ad
1048 3435 1158 3494 alia
1201 3433 1489 3502 dilabitur,
1531 3430 1689 3507 quasi
1737 3446 1834 3504 per
1861 3431 2108 3488 locorum

512 3525 929 3581 multitudinem
959 3542 991 3581 a
1018 3532 1164 3582 statu
1191 3541 1304 3582 suae
1321 3520 1681 3581 rectitudinis
1710 3519 2030 3588 inclinatur;
2057 3527 2114 3576 et

511 3615 645 3671 dum
671 3631 769 3689 per
795 3617 954 3689 plura
975 3632 1032 3672 se
1070 3616 1270 3686 tendit,
1298 3616 1368 3674 ab
1396 3629 1529 3684 una,
1561 3612 1653 3672 cui
1691 3611 1972 3668 adharere
2011 3610 2106 3668 de-

509 3705 654 3776 buit,
680 3705 988 3764 intentione
1014 3723 1071 3765 se
1103 3704 1314 3780 dejicit.
1350 3706 1457 3774 Qui
1487 3713 1670 3761 tamen
1722 3699 2113 3758 mutabilitatis

511 3813 644 3854 usus
658 3815 728 3854 ex
757 3797 948 3872 primae
975 3795 1450 3872 praevaricationis
1471 3794 1611 3852 vitio
1621 3791 1737 3868 jam
1759 3791 1914 3867 quasi
1936 3791 1994 3849 in
2021 3808 2112 3849 na-

513 3881 692 3945 turam
748 3889 922 3947 venit.
964 3891 1103 3947 Nam
1149 3905 1277 3948 cum
1308 3895 1452 3944 stare
1480 3885 1700 3942 animus
1728 3883 1788 3940 in
1819 3883 2113 3956 semetipso

511 3978 733 4043 nititur,
763 3993 796 4031 a
827 3979 1120 4050 semetipso
1167 3978 1358 4048 aliquo
1389 3975 1555 4030 modo
1601 3975 1768 4030 etiam
1820 3971 2113 4028 nesciendo

413 4059 418 4064 ’
513 4065 814 4120 derivatur.
845 4064 1098 4120 Humana
1126 4078 1364 4136 namque
1393 4061 1580 4116 anima
1605 4062 1673 4116 ab
1703 4076 2028 4134 unaquaque
2055 4075 2114 4114 re

512 4153 600 4209 cui
632 4151 944 4208 intenditur
989 4151 1214 4207 fastidio
1257 4149 1574 4220 impellente
1621 4157 1958 4208 removetur.
2007 4151 2114 4207 Sed

513 4241 645 4297 dum
673 4238 955 4297 inhianter
969 4237 1261 4310 cogitanda
1295 4236 1524 4308 appetit,
1553 4244 1608 4292 et
1631 4247 1852 4310 repente
1878 4239 2113 4310 cogitata

513 4328 743 4396 fastidit,
776 4327 937 4386 docet
953 4326 1102 4402 quod
1116 4325 1341 4382 aliunde
1359 4324 1582 4398 pendet,
1604 4343 1724 4400 qua
1753 4325 1998 4398 quolibet
2019 4341 2110 4396 po-

513 4420 618 4476 sita
646 4434 759 4474 non
800 4418 1116 4491 requiescit.
1147 4415 1232 4472 Ad
1263 4417 1422 4472 illum
1453 4416 1656 4490 quippe
1683 4431 1942 4488 suspensa
1970 4423 2052 4472 est
2080 4431 2112 4472 a

2219 3252 2369 3294 more
2398 3239 2632 3312 propriae
2662 3239 3110 3312 praesumptionis
3127 3239 3396 3296 elevatur.
3415 3239 3522 3307 Qui
3541 3239 3690 3296 enim
3711 3255 3822 3296 ma-

2219 3343 2324 3398 gna
2350 3327 2482 3399 agit,
2514 3327 2768 3402 quamvis
2794 3327 2862 3384 de
2889 3343 2946 3385 se
2977 3327 3218 3384 humilia
3235 3329 3458 3399 sentiat,
3488 3330 3594 3386 scit
3637 3337 3818 3387 tamen

2219 3433 2416 3490 magna
2437 3433 2552 3474 esse
2577 3433 2698 3489 quae
2739 3417 2871 3490 agit.
2915 3417 3052 3474 Nam
3081 3418 3130 3474 si
3160 3435 3358 3491 magna
3385 3434 3502 3476 esse
3529 3419 3723 3488 nescit,
3751 3434 3820 3476 ea

2219 3508 2414 3580 procul
2444 3506 2616 3564 dubio
2638 3507 2870 3564 minime
2900 3506 3163 3564 custodit.
3197 3507 3330 3577 Quae
3359 3506 3494 3564 dum
3531 3507 3818 3564 custodire

2220 3597 2470 3669 negligit,
2495 3603 2590 3652 aut
2619 3597 2678 3652 in
2705 3597 2786 3653 eis
2818 3596 3004 3652 minus
3050 3595 3294 3670 proﬁcit,
3337 3604 3432 3654 aut
3469 3611 3532 3652 ea
3565 3594 3819 3653 funditus

2221 3687 2448 3744 amittit.
2485 3689 2630 3744 Dum
2660 3703 2789 3761 ergo
2828 3686 2974 3744 bona
3015 3694 3202 3745 nostra
3239 3703 3402 3760 opera
3425 3689 3571 3745 scire
3601 3703 3818 3744 necesse

2222 3787 2305 3838 est
2323 3787 2386 3836 ut
2418 3778 2814 3848 custodiamus,
2847 3793 2918 3834 ex
2947 3777 3065 3851 ipsa
3083 3793 3277 3835 eorum
3305 3777 3536 3835 scientia
3563 3776 3817 3834 elationis

2222 3869 2404 3926 aditus
2432 3869 2712 3942 panditur,
2745 3875 2800 3924 et
2836 3867 2905 3924 ad
2933 3867 3210 3940 operantis
3258 3883 3356 3924 cor
3399 3867 3575 3940 culpae
3617 3882 3818 3923 manus

2221 3957 2552 4026 admittitur,
2589 3974 2696 4031 qua
2721 3964 2974 4014 vastante
3003 3957 3307 4030 rapiantur.
3341 3957 3479 4012 Mira
3519 3963 3701 4012 autem
3737 3954 3818 4012 di-

2221 4048 2572 4119 spensatione
2601 4047 2800 4119 agitur,
2833 4055 2895 4103 ut
2933 4046 3188 4104 conditor
3228 4057 3418 4104 noster
3469 4048 3820 4106 sublevatum

2221 4133 2496 4206 prosperis
2523 4134 2771 4190 animum
2801 4132 2989 4190 subita
3019 4134 3241 4190 concuti
3269 4135 3572 4190 tentatione
3591 4134 3819 4207 permit-

2221 4232 2319 4290 tat,
2338 4230 2610 4296 quatenus
2639 4225 2660 4260 ⁶
2692 4225 3047 4298 semetipsum
3077 4223 3135 4279 in
3165 4223 3491 4280 inﬁrmitate
3519 4224 3706 4279 verius
3736 4225 3820 4279 vi-

2219 4311 2364 4381 deat,
2395 4322 2449 4370 et
2477 4313 2544 4370 ab
2583 4331 2648 4371 eo
2678 4331 2840 4388 quem
2880 4313 2946 4370 de
2977 4313 3286 4371 virtutibus
3334 4319 3662 4386 sumpserat,
3699 4311 3820 4384 jam

2218 4401 2292 4457 sei
2301 4419 2400 4474 ps0
2429 4403 2627 4460 melior
2655 4403 2910 4460 elationis
2937 4402 3084 4459 fastu
3097 4403 3412 4462 descendat.
3430 4402 3582 4461 Unde
3596 4411 3652 4460 et
3678 4401 3822 4460 bene

513 4527 621 4584 quo
651 4507 904 4566 formata.
937 4511 1010 4566 Et
1039 4509 1167 4582 quia
1195 4507 1263 4563 ad
1312 4509 1486 4564 Deum
1521 4508 1702 4563 solum
1744 4504 2108 4578 appetendum
2138 4524 2189 4584 Β
2216 4510 2368 4553 Πιωο
2399 4494 2692 4552 subditur:

513 4599 656 4656 facta
684 4605 786 4667 est,
813 4613 976 4655 omne
1007 4605 1188 4652 autem
1220 4596 1369 4670 quod
1401 4596 1546 4652 infra
1560 4595 1765 4668 appetit
1797 4596 1980 4652 minus
2006 4601 2108 4662 est,

507 4689 633 4765 jure
659 4687 708 4744 ei
738 4705 851 4745 non
873 4688 1079 4744 sufﬁcit
1107 4684 1255 4758 quod
1281 4689 1428 4742 Deus
1447 4702 1559 4741 non
1589 4693 1688 4741 est.
1705 4685 1849 4742 Hinc
1863 4693 1944 4741 est
1962 4684 2110 4757 quod

512 4784 623 4840 huc
651 4781 894 4856 illucque
922 4778 1217 4854 spargitur,
1245 4786 1298 4833 et
1329 4778 1398 4834 ab
1427 4793 1754 4850 unaquaque
1779 4793 1854 4844 re,
1874 4783 1935 4831 ut
1964 4775 2108 4831 dixi-

512 4891 656 4943 mus,
705 4872 930 4929 fastidio
985 4869 1303 4942 impellente
1341 4875 1674 4924 removetur.
1717 4866 2108 4923 Delectationis

514 4967 772 5024 videlicet
787 4963 1181 5038 avida,quaerit
1207 4979 1316 5036 quo
1345 4969 1554 5035 pauset,
1587 4975 1757 5016 unum
1788 4975 1920 5015 vero
1943 4975 2106 5032 quem

514 5046 849 5114 suiﬁciénter
890 5057 1090 5114 habere
1137 5061 1350 5127 poterat
1375 5051 1582 5108 amisit.
1631 5049 1784 5108 Unde
1819 5068 1966 5107 nunc
2012 5068 2109 5123 per

517 5145 690 5201 multa
721 5145 963 5216 ducitur,
993 5154 1057 5203 ut
1086 5145 1216 5220 quia
1257 5143 1520 5220 qualitate
1556 5156 1739 5198 rerum
1765 5156 1877 5197 non
1908 5147 2104 5214 potest,

516 5234 708 5290 saltem
738 5237 1003 5294 varietate
1031 5235 1278 5294 satietur.

597 5413 608 5447 ¹
633 5413 864 5485 Pratel.,
895 5416 954 5472 in
983 5415 1292 5472 innumeris.

580 5484 601 5518 ²
631 5483 857 5557 Baluz.,
895 5487 1074 5555 Colb.,
1122 5487 1384 5557 Vindoc.,
1428 5485 1653 5557 Pratel.,
1691 5488 1833 5544 Utic.
1884 5494 1938 5543 et
1973 5485 2109 5542 alios

518 5555 734 5637 Ιςςησιηἒξ
763 5555 856 5637 hic
885 5559 1186 5632 sequimur,
1217 5575 1331 5616 non
1353 5555 1752 5631 Excuses,rubi
1793 5559 1993 5632 legitur
2037 5557 2111 5614 ad

518 5627 868 5684 discretionis.

591 5700 613 5736 ³
631 5697 808 5770 Editi,
845 5700 1017 5772 sancti
1045 5708 1219 5772 autem
1242 5703 1350 5757 viri
1377 5705 1505 5772 quia
1533 5713 1690 5762 cauta
1717 5721 1770 5760 se
1797 5701 2112 5760 observatio-

521 5789 580 5827 ne
619 5772 939 5832 custodiunt.
971 5769 1261 5831 Redundat
1287 5769 1415 5844 quia
1431 5791 1454 5840 ;
1483 5777 1864 5850 omittiturque
1892 5777 1952 5836 in
1978 5775 2108 5834 Mss.

2802 4603 3030 4662 CAPUT
3069 4603 3241 4664 XLV.

2289 4693 2461 4752 Vnus.
2497 4691 2581 4750 19.
2613 4723 2684 4736 --
2711 4692 2922 4766 Depone
2970 4695 3380 4766 magnitudinem
3427 4699 3572 4749 tuam
3626 4693 3822 4764 absque

2221 4784 2577 4849 tribulatione,
2609 4789 2656 4838 et
2682 4801 2857 4840 omnes
2885 4784 3128 4839 robustos
3149 4783 3484 4855 fortitudine.

2287 4875 2375 4931 82.
2403 4875 2482 4931 Ne
2509 4873 2572 4928 de
2600 4873 2746 4928 nobis
2769 4890 3177 4945 prcesumamus,
3211 4875 3351 4940 Deus
3400 4874 3686 4928 tentatione
3721 4889 3821 4928 nos

2211 4964 2426 5036 pulsari
2439 4963 3023 5035 permittit—Robusti
3047 4966 3248 5038 quippe
3261 4971 3392 5021 sunt
3409 4970 3592 5020 motus
3612 4960 3815 5025 cordis,

2215 5069 2339 5108 cum
2398 5053 2552 5106 nulla
2602 5051 2708 5107 nisi
2755 5069 2875 5126 quae
2932 5054 3160 5111 virtutis
3213 5059 3345 5110 sunt
3388 5052 3659 5109 sentiunt.
3709 5049 3817 5106 Sed

2217 5141 2650 5215 magnitudinem
2680 5151 2734 5198 et
2763 5144 3016 5201 robustos
3032 5153 3216 5202 motus
3235 5138 3818 5216 deponimus,quando

2217 5233 2470 5306 pulsante
2497 5233 2637 5290 vitio
2663 5233 2911 5307 cogimur
2939 5249 3168 5308 pensare
3197 5233 3334 5310 quid
3375 5249 3588 5291 sumus.
3633 5229 3821 5288 Robu-

2217 5412 2439 5484 Pratel.,
2473 5415 2613 5472 Utic.
2655 5425 2708 5474 et
2741 5415 2884 5472 aliis.
2918 5417 3103 5474 Baluz.
3151 5424 3206 5474 et
3237 5415 3392 5474 Colb.
3440 5413 3657 5470 habent
3702 5430 3810 5469 ca-

2219 5494 2312 5594 sm"
2329 5506 2541 5633 Aslgi'atel.
2572 5560 2817 5633 etUtic.,
2840 5576 3079 5633 superna:
3098 5561 3384 5616 vocationis
3409 5558 3632 5616 Christi.
3665 5556 3819 5614 Con-

2218 5629 2454 5687 veniunt
2478 5647 2604 5688 cum
2637 5631 2820 5688 Baluz.
2849 5629 3088 5691 etColb.

2292 5703 2314 5739 θ
2342 5703 2504 5760 Deest
2531 5703 2858 5776 semetipsum
2885 5703 2941 5761 in
2973 5703 3196 5762 Ebroic.
3237 5713 3290 5762 et
3318 5702 3445 5760 aliis
3472 5701 3664 5760 Norm.
