4152 6182
377 286 479 343 397

1116 285 1485 343 MORALIUM
1521 287 1654 345 LIB.
1698 287 1904 345 XXVI.
1944 318 2014 330 —
2053 290 2122 347 IN
2158 289 2386 347 CAPUT
2425 290 2664 346 XXXVI
2704 291 2765 345 Β.
2807 291 2949 347 JOB.

3585 296 3689 353 398

374 421 494 470 stos
533 420 716 468 motus
748 409 1109 482 deponimus,
1144 410 1363 483 quando
1387 410 1503 483 jam
1534 429 1646 469 non
1674 413 1741 469 de
1771 414 1977 470 virtute
2003 420 2055 477 Α
2083 414 2233 470 mine
2262 422 2485 470 steterat
2516 414 2800 481 meminit;
2852 414 3016 471 modo
3048 415 3107 471 in
3139 433 3248 489 quo
3274 419 3539 476 vitiorum
3568 437 3690 493 pro-

374 502 709 568 attollimur,
752 499 849 557 sed
876 500 935 555 in
966 500 1126 571 culpa
1153 500 1545 557 consentiendo
1575 501 1733 558 obrui
1764 502 1831 557 de
1860 504 1976 576 ipsa

378 595 527 666 iqua
585 588 907 663 quantimur
962 588 1283 645 inﬁrmitate
1328 590 1706 647 formidamus.
1742 593 1975 650 Multum

372 697 612 755 namque
641 678 708 735 de
738 696 793 735 se
824 679 1044 735 animus
1064 679 1292 736 conﬁdit
1312 680 1531 752 quando
1551 682 1657 737 sibi
1686 682 1755 737 ad
1788 692 1975 739 votum

372 772 521 828 vires
549 776 838 844 suppetere
868 767 1157 839 conspicit.
1189 769 1307 824 Jam
1336 768 1439 825 sibi
1472 770 1730 827 ﬁduciam
1762 772 1975 829 sancti-

372 864 502 920 tatis
534 870 772 933 arrogat,
799 860 913 932 jam
943 876 1000 916 se
1023 859 1279 916 idoneum
1303 860 1467 916 etiam
1488 861 1555 918 ad
1576 872 1774 920 cuncta
1793 863 1977 919 virtu—

373 963 488 1010 tum
520 950 770 1008 culmina
799 966 919 1023 quae
951 950 1067 1005 sola
1095 948 1427 1021 cogitatione
1459 952 1771 1023 conceperit
1800 960 1971 1025 putat.

368 1041 475 1098 Sed
506 1057 632 1097 cum
667 1038 817 1095 hunc
846 1039 1079 1094 tentatio
1110 1038 1292 1095 subito
1321 1039 1513 1096 oborta
1550 1042 1973 1109 transverberat,

368 1147 459 1187 eas
485 1147 608 1204 quae
640 1136 781 1186 nata:
807 1127 874 1185 de
905 1127 1206 1185 virtutibus
1235 1128 1471 1198 fuerant,
1503 1132 1670 1187 elatas
1689 1132 1976 1203 cogitatio-

367 1237 467 1277 nes
496 1218 753 1276 funditus
806 1217 1008 1273 turbat.
1059 1217 1225 1285 Quasi
1268 1235 1515 1275 securam
1555 1221 1757 1293 quippe
1786 1221 1977 1276 urbem

369 1309 690 1382 inopinatus
719 1307 898 1364 hostis
926 1307 1254 1379 ingreditur,
1278 1316 1331 1363 et
1353 1310 1638 1381 repentino
1665 1308 1846 1381 gladio
1875 1325 1979 1364 su-

368 1402 665 1474 perborum
686 1400 899 1459 civium
922 1401 1064 1457 colla
1087 1399 1387 1456 feriuntur.
1402 1400 1553 1456 Nihil
1577 1418 1704 1474 ergo
1724 1409 1856 1457 tunc
1871 1400 1978 1455 nisi

368 1493 668 1549 continuus
715 1492 896 1548 luctus
926 1491 1124 1562 agitur,
1151 1491 1172 1525 ²
1210 1491 1345 1547 dum
1387 1499 1545 1564 capta
1588 1492 1721 1547 urbs
1749 1491 1921 1547 animi
1950 1506 1981 1545 a

370 1591 690 1655 magnatum
721 1598 947 1638 suorum
976 1580 1152 1653 gloria
1182 1581 1328 1639 caede
1348 1582 1751 1639 interveniente
1771 1598 1981 1639 vacua—

374 1682 479 1729 tur.
518 1671 675 1729 Unde
705 1689 853 1729 nunc
881 1672 1085 1728 dicitur
1118 1691 1128 1727 :
1164 1674 1375 1745 Depone
1393 1673 1807 1745 magnitudinem
1838 1677 1981 1725 tuam

2085 501 2260 558 fundo
2280 519 2375 573 per
2391 501 2810 558 delectationem
2834 501 3015 573 jaceat
3041 506 3308 575 attendit;
3339 509 3504 566 modo
3522 508 3589 566 ad
3609 525 3689 567 re-

2087 591 2383 648 sumendas
2413 591 2561 647 vires
2588 607 2644 647 se
2674 599 2913 663 reparat;
2950 592 3114 649 modo
3148 611 3204 649 se
3232 611 3322 651 eas
3352 613 3507 668 posse
3538 615 3689 657 resn-

2088 696 2234 736 mere
2266 680 2423 753 quasi
2454 679 2635 737 victus
2660 679 2774 751 jam
2804 681 3116 754 fractusque
3136 682 3403 755 desperat.

2156 769 2244 825 84.
2281 771 2394 825 Hac
2426 770 2480 824 in
2518 776 2662 825 nocte
2694 771 3005 843 multiplices
3043 772 3376 845 cogitationes
3404 777 3559 846 quasi
3580 795 3690 850 po-

2080 859 2201 930 puli
2231 861 2607 914 tumultuantes
2630 867 2896 931 premunt.
2916 891 2985 902 —
3006 860 3176 918 l5Cum
3207 879 3334 935 ergo
3354 880 3517 936 super
3540 866 3691 924 addi-

2086 954 2228 1003 ctam
2251 956 2489 1004 mentem
2523 956 2629 1004 tam
2661 949 2996 1021 multiplices
3011 950 3370 1023 cogitationes
3386 954 3683 1027 prodeunt,

2087 1036 2229 1093 hanc
2260 1038 2414 1110 quasi
2447 1038 2506 1093 in
2532 1048 2690 1094 nocte
2738 1040 2925 1112 populi
2976 1051 3369 1114 consurgentes
3411 1054 3687 1117 premunt.

2087 1126 2236 1194 Quos
2266 1126 2531 1182 nimirum
2576 1129 2810 1201 populos
2847 1146 2956 1186 non
2990 1147 3084 1203 per
3111 1148 3188 1199 se,
3228 1131 3324 1189 sed
3360 1148 3457 1206 per
3484 1133 3706 1190 divina

2088 1216 2445 1289 protectionis
2506 1218 2778 1275 auxilium
2826 1219 3101 1293 Propheta
3144 1221 3394 1295 subigere
3440 1240 3496 1280 se
3534 1240 3690 1297 posse

2089 1313 2525 1377 praesumpserat,
2570 1322 2696 1363 cum
2732 1306 2989 1365 dicebat:
3029 1312 3304 1366 Protector
3343 1330 3507 1379 meus,
3547 1320 3596 1370 et
3631 1315 3689 1370 in

2088 1394 2201 1466 ipso
2232 1395 2474 1467 sperabo,
2507 1395 2793 1466 subjiciens
2814 1398 3043 1470 populos
3060 1398 3155 1453 sub
3186 1417 3264 1454 me
3294 1400 3466 1469 (Psal.
3490 1400 3686 1472 ‘cxun,

2088 1483 2168 1555 2).
2203 1483 2419 1539 Sanctis
2449 1485 2650 1558 quippe
2672 1486 2950 1542 mentibus
2978 1486 3170 1559 populi
3189 1487 3539 1560 subiguntur,
3562 1507 3688 1548 cum

2090 1571 2158 1627 ab
2185 1572 2264 1629 eis
2302 1590 2397 1645 per
2416 1573 2684 1631 districtae
2705 1576 3015 1632 severitatis
3042 1578 3386 1649 praesentiam
3406 1579 3689 1652 cogitatio-

2091 1677 2190 1717 nes
2216 1664 2397 1718 stultae
2424 1663 2726 1733 dissiliunt,
2760 1673 2820 1721 ut
2839 1682 2949 1721 non
2971 1682 3066 1738 per
3088 1666 3319 1741 abrupta
3342 1667 3688 1740 phantasma-

370 1762 566 1833 absque
596 1762 957 1827 tribulatione,
997 1768 1045 1816 ει
1084 1779 1258 1817 omnes
1298 1763 1513 1818 rubum
1533 1761 1867 1833 fortitudine,
1899 1761 1981 1816 Αο
2012 1773 2059 1832 Β
2094 1757 2209 1806 tum
2242 1752 2477 1823 rapiant,
2519 1754 2613 1809 sed
2646 1755 2849 1811 rationi
2879 1755 3111 1813 subdita
3142 1774 3174 1813 a
3200 1758 3363 1815 corde
3402 1757 3687 1815 humiliter

372 1851 417 1906 si
440 1858 625 1924 aperte
650 1851 922 1908 diceretur
950 1867 962 1905 :
997 1851 1171 1907 Omne
1200 1850 1347 1924 quod
1376 1850 1708 1907 intrinsecus
1738 1849 1805 1906 de
1832 1848 1980 1905 bona

375 1941 595 1997 actione
618 1943 638 1976 ³
676 1941 1010 1997 intumueras
1040 1946 1179 2003 851
1215 1941 1467 2014 reprime,
1500 1948 1556 1996 et
1583 1939 1766 1997 cordis
1795 1946 1981 1994 motus

373 2054 515 2111 quos
544 2055 611 2095 ex
641 2048 785 2097 recto
815 2056 976 2113 opere
1004 2039 1256 2097 robustos
1288 2038 1556 2094 habueras
1585 2038 1817 2109 depone,
1850 2034 1981 2109 quia

368 2126 483 2199 jam
513 2129 571 2185 in
602 2129 717 2202 ipsa
745 2130 1095 2187 adversitatis
1135 2129 1440 2187 tentatione
1470 2127 1788 2185 consideras
1812 2141 1977 2199 quam

372 2215 575 2274 frustra
604 2220 758 2292 prius
787 2220 854 2276 de
874 2228 925 2276 te
956 2236 1151 2292 magna
1181 2220 1355 2275 elatus
1376 2217 1704 2274 aestimabas.
1728 2216 1859 2283 Quae
1881 2214 1979 2269 vi-

372 2303 571 2364 delicet
598 2308 924 2381 magnitudo
954 2308 1163 2365 idcirco
1191 2308 1391 2381 absque
1412 2305 1769 2362 tribulatione
1798 2303 1978 2375 depo-

373 2396 553 2453 nenda
581 2397 810 2466 dicitur,
840 2399 971 2471 quia
1006 2398 1274 2455 nimirum
1320 2414 1447 2453 cum
1494 2412 1589 2467 per
1617 2393 1976 2451 tentationem

373 2486 667 2543 humilitas
698 2488 937 2559 proﬁcit,
979 2503 1240 2558 prospera
1267 2493 1347 2541 est
1379 2486 1495 2555 ipsa
1522 2483 1824 2538 adversitas
1858 2499 1979 2556 quae

370 2582 617 2631 mentem
649 2576 717 2629 ab
747 2576 981 2630 elatione
1014 2574 1271 2629 custodit.
1323 2572 1463 2645 [Vet.
1496 2570 1831 2645 XXXVIII.]
1877 2571 1979 2627 Sed

368 2674 566 2719 tamen
587 2663 705 2718 sine
732 2679 927 2736 magna
949 2663 1303 2719 tribulatione
1319 2678 1429 2715 non
1450 2660 1647 2732 agitur,
1676 2677 1797 2715 cum
1821 2667 1978 2715 tran—

367 2752 551 2826 quilla
575 2767 728 2807 mens
751 2751 992 2807 irruente
1014 2750 1314 2806 tentatione
1344 2749 1495 2822 quasi
1519 2748 1801 2820 repentino
1822 2748 1977 2805 hoste

367 2841 647 2899 turbatur.
682 2841 803 2912 Ipsa
832 2855 1070 2913 namque
1102 2838 1419 2896 tentationis
1438 2838 1739 2895 adversitas
1766 2839 1897 2895 dum
1921 2856 1976 2895 se

368 2932 541 2989 menti
575 2930 789 2999 inserit,
822 2929 1084 3003 quasdam
1116 2929 1172 2984 in
1202 2929 1297 2985 illa
1325 2929 1577 2984 tenebras
1608 2929 1803 3000 gignit,
1834 2944 1976 2984 eam-

368 3038 475 3096 que
513 3021 848 3079 obscuritate
889 3038 1000 3077 suae
1029 3019 1416 3077 amaritudinis
1447 3019 1651 3087 turbat,
1684 3037 1804 3092 quae
1831 3018 1975 3090 apud

370 3129 426 3169 se
455 3111 663 3168 dudum
695 3110 969 3166 virtutum
1009 3109 1299 3167 dulcedine
1340 3108 1641 3166 irradiante
1683 3109 1971 3165 claruerat.
2007 3137 2050 3198 Ο

369 3202 524 3261 Unde
547 3211 601 3261 et
629 3207 752 3275 apte
779 3201 1135 3275 subjungitur
1167 3220 1179 3257 :

931 3294 1159 3352 CAPUT
1186 3294 1379 3353 XLVI.

442 3384 606 3444 Vnus.
651 3386 740 3443 20.
785 3415 853 3429 -—
898 3385 978 3441 Ne
1026 3385 1316 3457 protrahas
1361 3387 1560 3438 noctem
1598 3388 1658 3437 ut
1692 3381 1977 3437 ascendant

363 3476 552 3547 populi
572 3492 676 3547 pro
704 3475 796 3531 eis.

437 3564 527 3621 83.
580 3564 815 3620 Tentatio
846 3564 1082 3619 tenebras
1099 3562 1287 3635 gignit,
1312 3568 1360 3617 et
1380 3560 1641 3633 procellas
1669 3560 1880 3615 excitat.
1903 3589 1975 3602 —

367 3653 494 3708 Nox
524 3652 723 3725 quippe
767 3652 1111 3725 protrahitur
1151 3668 1277 3708 cum
1308 3648 1532 3707 suborta
1578 3647 1645 3704 de
1672 3648 1974 3704 tentatione

370 3739 602 3798 tristitia
647 3741 1017 3799 consolatione
1065 3739 1283 3798 concita
1310 3754 1422 3793 non
1452 3736 1662 3792 ﬁnitur.
1694 3736 1815 3791 Nox
1843 3752 1972 3807 pro-

366 3829 612 3886 trahitur
639 3830 767 3904 quia
804 3848 1007 3888 maaror
1044 3829 1217 3886 animi
1260 3826 1506 3885 confusis
1549 3823 1974 3897 cogitationibus

367 3921 674 3993 elongatur.
706 3922 842 3978 Nam
873 3922 1005 3978 dum
1037 3936 1191 3977 mens
1219 3918 1396 3992 posita
1425 3917 1482 3973 in
1516 3913 1815 3973 tentatione
1846 3931 1974 3972 con-

367 4010 570 4067 siderat
603 4012 752 4085 quod
779 4029 812 4067 a
830 4011 1055 4068 virtutis
1082 4028 1193 4067 suae
1215 4009 1448 4083 pristina
1476 4005 1755 4064 soliditate
1783 4006 1973 4078 repel-

371 4101 519 4170 litur,
539 4101 890 4173 superductis
913 4100 1259 4168 maeroribus,
1284 4096 1438 4172 quasi
1461 4094 1788 4171 quibusdam
1820 4103 1970 4151 tene-

366 4189 481 4247 bris
507 4201 765 4259 caacatur,
796 4199 959 4265 atque
988 4193 1055 4249 ab
1084 4191 1235 4247 omni
1264 4191 1386 4247 luce
1417 4187 1604 4261 gaudii
1633 4185 1750 4258 ejus
1778 4186 1972 4241 oculus

367 4281 664 4350 clauditur,
706 4281 838 4337 dum
879 4280 1119 4336 sollicita
1166 4278 1403 4350 trepidat
1432 4294 1498 4333 ne
1545 4275 1653 4333 hoc
1680 4274 1826 4348 quod
1856 4290 1971 4330 esse

368 4371 577 4429 dudum
607 4379 845 4444 coeperat
876 4369 1128 4426 funditus
1157 4368 1391 4425 amittat.
1435 4365 1589 4423 Unde
1625 4375 1679 4421 et
1707 4364 1845 4421 bene
1874 4364 1972 4420 di-

366 4464 512 4519 citur
554 4460 701 4535 quod
732 4462 789 4517 in
820 4460 925 4518 hac
953 4466 1112 4516 nocte
1146 4474 1247 4529 pro
1285 4454 1526 4512 robustis
1554 4454 1742 4546 populi
1773 4471 1971 4546 ascen-
1999 4488 2046 4546 D

367 4551 527 4621 dunt,
569 4553 699 4626 quia
741 4551 999 4608 videlicet
1039 4549 1095 4603 in
1127 4547 1233 4603 hoc
1261 4562 1493 4601 mmrore
1522 4542 1842 4601 tentationis
1872 4560 1969 4616 pro

367 4641 608 4697 robustis
630 4641 874 4697 motibus
904 4637 1147 4708 indignae
1175 4634 1534 4706 cogitationes
1563 4639 1618 4687 et
1639 4631 1973 4702 multiplices

366 4735 423 4792 in
452 4737 617 4793 corde
647 4735 963 4808 prosiliunt.
1012 4732 1146 4789 Nam
1178 4730 1309 4786 dum
1360 4744 1415 4785 se
1459 4727 1515 4782 in
1565 4724 1972 4797 perturbatione

366 4826 680 4897 conspicit‘
704 4824 818 4896 jam
850 4839 984 4895 pene
1012 4820 1259 4877 amisisse
1289 4816 1434 4890 quod
1464 4816 1661 4881 fuerat,
1693 4813 1893 4871 ﬂuctus
1911 4814 1969 4869 in

366 4934 421 4973 se
446 4918 765 4972 innumeros
784 4923 899 4969 tum
909 4914 1165 4985 ultusque
1185 4914 1488 4976 coacervat,
1511 4905 1671 4962 modo
1688 4905 1969 4977 tranquil-

368 5006 579 5062 litatem
611 5021 765 5061 suam
796 5003 925 5077 quia
944 5002 1183 5075 perdidit
1202 5001 1386 5067 dolet;
1421 4996 1584 5054 modo
1614 5013 1680 5053 ne
1709 5011 1881 5067 usque
1896 4992 1965 5049 ad

366 5116 533 5172 prava
563 5114 728 5172 opera
755 5085 974 5154 corruat
1003 5093 1372 5168 pertimescit;
1407 5090 1571 5147 modo
1600 5090 1658 5146 in
1697 5104 1804 5161 quo
1833 5085 1963 5144 cul-

444 5310 460 5382 i
490 5308 767 5382 pleraque
798 5305 972 5382 Edit_.,
1001 5321 1161 5382 quam
1183 5301 1457 5382 pati_mur._
1617 5370 1626 5380 ,
1691 5367 1700 5379 ,

442 5381 466 5416 ³
496 5371 699 5437 Τατοηῖ
742 5387 795 5435 et
824 5371 1163 5446 Colb.,-dum
1183 5371 1342 5445 capta
1371 5371 1496 5426 urbs
1514 5388 1549 5425 a
1568 5371 1968 5446 nimia

370 5459 565 5529 terum.
613 5453 676 5509 In
718 5452 903 5509 Norm.
932 5439 1405 5529 .legiturﬁquoque
1450 5439 1855 5514 magnatorum,’
1877 5439 1970 5496 hic

370 5525 585 5606 aliquot
614 5540 804 5606 versus
833 5517 1026 5606 omissi
1142 5517 1328 5606 Βξιιιῑἶ

439 5585 608 5675 Qu,
639 5596 982 5675 intumuerat,
1014 5598 1076 5647 ut
1094 5588 1292 5670 legitur
1314 5588 1373 5643 in
1391 5585 1609 5675 Pratell.

366 5742 403 5808 ﬂ
440 5654 751 5794 ‘tLongtip.,
785 5666 905 5737 jam
1105 5654 1344 5718 amisisse
1369 5657 1510 5729 quod
1545 5654 1724 5727 fuerat
1759 5657 1969 5715 credens

407 5757 467 5794 uc
495 5756 574 5807 us,
606 5754 636 5795 e
661 5756 710 5793 c.

2089 1840 2498 1912 conquiescant.
2552 1843 2689 1909 Quia
2732 1860 2859 1916 ergo
2887 1846 3100 1915 positus
3140 1847 3197 1901 in
3222 1847 3524 1903 tentatione
3553 1848 3686 1904 ani-

2091 1944 2230 1996 mus,
2282 1930 2376 2001 qui
2422 1928 2490 1985 de
2541 1947 2597 1986 se
2640 1932 2696 1987 in
2738 1933 3018 2004 prosperis
3062 1933 3271 2005 majora
3301 1935 3683 2006 praesumebat,

2091 2018 2361 2074 tumultus
2398 2019 2512 2091 spei
2549 2019 3053 2095 desperationisque
3101 2023 3316 2092 tolerat,
3352 2031 3497 2082 recte
3536 2041 3687 2084 nunc

2090 2105 2294 2163 dicitur
2327 2125 2338 2163 :
2378 2109 2456 2164 Ne
2477 2110 2767 2179 protrahas
2802 2115 3022 2179 noctem,
3070 2118 3130 2166 ut
3174 2114 3459 2169 ascendant
3494 2116 3687 2186 populi

2084 2213 2188 2268 pro
2208 2197 2300 2251 eis.
2324 2196 2405 2251 Ac
2435 2197 2481 2253 si
2512 2205 2695 2268 aperte
2723 2198 3037 2255 diceretur:
3071 2200 3134 2255 In
3163 2200 3465 2257 tentatione
3497 2202 3685 2276 depre-

2090 2293 2313 2363 hensus,
2353 2293 2518 2350 citius
2552 2294 2805 2352 tenebras
2849 2296 3101 2353 maeroris
3145 2297 3347 2365 incide,
3380 2315 3449 2354 ne
3491 2299 3587 2373 qui
3626 2300 3685 2356 in

2088 2382 2488 2456 tranquillitate
2528 2388 2672 2446 852
2708 2384 2774 2440 de
2802 2393 2854 2441 te
2884 2387 2994 2443 alta
3019 2402 3282 2455 senseras,
3314 2387 3373 2443 in
3400 2388 3684 2460 perturba-

2089 2481 2239 2538 tione
2270 2498 2487 2556 quoque
2516 2480 2758 2540 deterius
2786 2484 3182 2557 cogitationum
3213 2494 3267 2543 te
3291 2487 3525 2561 caligine
3558 2504 3685 2545 con-

2088 2573 2305 2630 fundas.
2330 2573 2488 2641 Quod
2516 2580 2659 2631 recte
2690 2575 2816 2631 Elin
2850 2575 3082 2647 diceret,
3102 2577 3345 2633 sitamen
3368 2577 3458 2635 cui
3479 2578 3686 2637 diceret

2087 2663 2267 2719 sciret.
2303 2665 2435 2720 Nam
2473 2664 2589 2721 haec
2630 2664 2790 2721 beato
2817 2665 2919 2721 Job
2949 2674 3105 2723 tanto
3138 2667 3321 2724 minus
3350 2677 3682 2741 congruunt,

2086 2762 2292 2826 quanto
2316 2754 2385 2810 ab
2418 2754 2513 2810 illo
2548 2755 2734 2810 omnia
2770 2755 2937 2811 altius
2962 2757 3235 2813 sciuntur.
3271 2755 3410 2823 Quia
3439 2774 3591 2824 vero,
3622 2765 3686 2813 ut

2087 2859 2225 2915 saepe
2268 2843 2535 2910 diximus,
2570 2852 2905 2916 arrogantes,
2946 2844 3077 2900 dum
3112 2854 3453 2918 praesumunt
3489 2845 3683 2903 docere

2088 2935 2261 3005 6quos
2290 2949 2400 2988 non
2430 2933 2649 3000 debent,
2688 2950 2858 3007 usque
2888 2934 2957 2989 ad
2985 2936 3384 2992 contumeliosa
3422 2936 3683 3009 increpa-

2086 3022 2301 3078 tionum
2333 3021 2499 3077 verba
2528 3021 2870 3090 dilabuntur,
2903 3023 3180 3080 subditur.

2421 3112 2649 3171 CAPUT
2693 3112 2895 3170 XLVII
2941 3113 3082 3187 [Rea
3123 3111 3349 3187 XXIX].

2155 3201 2327 3260 Vsus.
2361 3202 2449 3258 21.
2471 3234 2537 3245 -
2570 3202 2707 3260 Cave
2734 3220 2797 3259 ne
2824 3203 3046 3260 declines
3074 3204 3146 3261 ad
3176 3205 3530 3279 iniquitatem;
3549 3205 3684 3264 hanc

2076 3295 2221 3351 enim
2249 3295 2446 3367 cwpisti
2475 3296 2619 3366 sequi
2640 3301 2767 3368 post
2794 3295 3083 3352 miseriam.

2154 3385 2242 3443 85.
2294 3388 2436 3444 Tunc
2464 3388 2695 3444 cavenda
2734 3394 2809 3445 est
2847 3388 3199 3462 impatientia,
3228 3406 3348 3461 quae
3374 3389 3431 3445 in
3461 3389 3558 3446 Job
3586 3390 3683 3447 im-

2084 3477 2270 3531 merito
2290 3477 2621 3549 impingitur.
2649 3509 2719 3520 —
2756 3479 3110 3553 Iniquitatem
3142 3485 3265 3552 post
3284 3479 3564 3536 miseriam
3602 3495 3681 3537 se-

2083 3564 2290 3637 quitur,
2323 3567 2419 3639 qui
2448 3574 2571 3639 post
2604 3568 2784 3623 mala1
2808 3583 2929 3638 qua:
2958 3584 3058 3641 pro
3086 3568 3431 3641 correptione
3448 3570 3684 3626 sustinet

2083 3651 2318 3709 ferventi
2365 3653 2528 3711 corde
2582 3655 2940 3727 impatientia;
2982 3672 3039 3712 se
3095 3656 3308 3713 facibus
3353 3657 3678 3714 inﬂammat.

2083 3739 2242 3807 Quod
2280 3742 2502 3799 beatum
2528 3743 2631 3798 Job
2650 3752 2989 3815 perpetrasse
3012 3744 3143 3799 Eliu
3166 3742 3421 3811 credidit,
3440 3744 3534 3816 qui
3554 3759 3679 3799 eum

2084 3828 2229 3884 inter
2258 3829 2471 3901 ﬂagella
2499 3830 2738 3902 positum
2768 3829 2958 3887 liberis
2988 3829 3143 3886 etfari
3174 3829 3407 3887 vocibus
3443 3829 3678 3899 audivit,

2084 3917 2343 3974 videlicet
2380 3919 2646 3988 nesciens,
2680 3920 2811 3992 quia
2836 3935 2999 3975 omne
3031 3916 3182 3994 quod
3221 3917 3387 3988 dixit,
3431 3934 3543 3976 non
3574 3918 3681 3976 hoc

2082 4008 2149 4064 de
2179 4007 2471 4081 iniquitate
2502 4006 2881 4080 impatientiae,
2933 4006 3029 4064 sed
3065 4008 3134 4065 de
3180 4007 3389 4066 virtute
3429 4008 3681 4066 veritatis

2081 4096 2332 4171 protulit,
2363 4098 2458 4172 qui
2485 4097 2554 4153 ab
2578 4097 2785 4153 interni
2812 4095 3020 4169 judicis
3053 4096 3327 4154 sententia
3354 4114 3456 4155 nec
3477 4113 3602 4154 cum
3622 4113 3678 4154 se

2074 4187 2402 4261 justiﬁcaret
2429 4188 2653 4245 erravit.
2703 4185 2842 4260 [Vet.
2876 4186 3155 4258 XXXIX]
3196 4187 3301 4245 Sed
3324 4187 3679 4246 consideran-

2079 4277 2211 4334 dum
2242 4278 2400 4336 valde
2433 4286 2515 4335 est
2561 4277 2837 4352 quomodo
2883 4294 3010 4335 cum
3049 4277 3297 4336 diceret:
3346 4279 3425 4338 Ne
3458 4279 3679 4336 declines

2078 4369 2151 4424 ad
2178 4368 2538 4439 iniquitatem,
2573 4367 2641 4423 de
2682 4367 2870 4424 eadem
2915 4368 3208 4442 iniquitate
3246 4369 3501 4443 protinus
3543 4367 3678 4427 sub-

2078 4457 2222 4514 didit
2255 4475 2265 4512 :
2296 4458 2445 4537 Hanc
2473 4456 2613 4512 enim
2641 4457 2842 4529 εωρὶδεί
2863 4458 3008 4528 sequi
3031 4464 3154 4530 post
3179 4458 3471 4515 miseriam.

2150 4546 2239 4603 86.
2274 4545 2498 4618 Superbi
2516 4546 2574 4601 in
2600 4547 2871 4619 arguendo
2888 4547 3101 4603 modum
3119 4565 3332 4605 servare
3350 4545 3679 4603 nesciunt.—

2084 4635 2230 4705 Quid
2257 4643 2339 4692 est
2368 4635 2474 4693 hoc
2498 4636 2644 4710 quod
2673 4635 2805 4693 dum
2837 4635 2905 4693 ad
2934 4654 3054 4695 eam
3078 4638 3099 4673 δ
3131 4637 3408 4696 declinare
3428 4644 3593 4703 vetat,
3612 4634 3678 4690 de

2082 4742 2143 4782 ea
2188 4726 2438 4799 protinus
2470 4727 2624 4799 quasi
2674 4726 2743 4783 ad
2788 4743 2949 4800 quam
2981 4726 3316 4785 declinatum
3349 4725 3465 4797 jam
3512 4723 3679 4779 fuerit

2080 4816 2323 4886 damnat,
2346 4817 2456 4872 nisi
2481 4815 2629 4890 quod
2649 4825 2965 4890 arrogantes
2987 4817 3097 4874 viri
3119 4817 3243 4888 plus
3262 4814 3442 4879 videri
3460 4809 3677 4883 judices

2079 4923 2241 4977 quam
2258 4907 2630 4963 consolatores
2645 4906 2884 4962 volunt?
2906 4906 3059 4963 Unde
3080 4907 3101 4941 ⁹
3124 4913 3179 4960 et
3195 4914 3592 4972 nonnunquam
3614 4914 3678 4955 ea

2076 4994 2347 5051 districtis
2376 4996 2665 5053 sententiis
2694 4994 2922 5062 feriunt,
2948 5010 3068 5066 quae
3086 4993 3286 5049 natain
3303 4987 3468 5046 corde
3495 4988 3671 5061 suspi-

2071 5096 2271 5146 cantur
2302 5094 2356 5145 et
2384 5087 2699 5163 priusquam
2732 5096 2881 5147 certa
2909 5088 2981 5144 sit
3010 5086 3173 5156 culpa
3201 5080 3673 5156 delinquentium,

2148 5290 2168 5326 ⁵
2201 5288 2446 5362 Vulgati,
2478 5289 2966 5362 Ad_supradictami
2984 5293 3219 5345 mentem.
3240 5285 3676 5362 Emendavimus

2077 5378 2146 5418 ex
2174 5362 2303 5417 Mss.
2324 5359 2530 5426 Baluz.,
2556 5359 2735 5428 Colb.,
2756 5361 2925 5428 Utic.,
2948 5361 3171 5429 Pratel.,
3188 5369 3293 5418 etc.
3316 5362 3395 5416 De
3415 5359 3516 5418 hac
3535 5374 3671 5416 voce

2077 5434 2341 5506 Gregorio
2372 5432 2631 5489 familiari
2656 5431 2773 5504 jam
2816 5431 3063 5490 diximus
3091 5432 3189 5489 lib.
3224 5450 3284 5501 ιι,
3317 5449 3365 5490 c.
3402 5432 3456 5501 9,
3489 5447 3546 5489 n.
3581 5431 3668 5488 15.

2150 5507 2171 5541 θ
2206 5506 2428 5561 Pratel..
2459 5504 2602 5561 auod
2630 5521 2737 5559 non
2765 5503 2962 5560 debent.

2151 5512 2171 5541 δ
2206 5512 2428 5573 Pratel.,
2459 5512 2602 5577 quod
2630 5521 2737 5559 non
2765 5512 2962 5560 debent.

2151 5580 2169 5613 ⁷
2204 5576 2462 5645 Vindoc.,
2493 5594 2611 5648 qute
2676 5594 2735 5631 ro
2765 5576 3120 5648 corruptione.

2152 5650 2172 5684 ⁸
2203 5650 2342 5705 Utic.
2375 5656 2429 5705 et
2455 5594 2699 5705 Pratelfu
2721 5648 2999 5704 declinari.

2152 5650 2172 5684 ⁸
2203 5650 2342 5707 Utic.
2375 5656 2429 5707 et
2455 5648 2699 5716 Pratell.,
2721 5648 2999 5704 declinari.

2149 5725 2170 5757 θ
2202 5720 2443 5779 Colbert.
2475 5730 2529 5778 et
2556 5721 2767 5791 Baluz.,
2805 5725 2853 5776 et
2878 5736 3171 5792 nunquam,
3202 5718 3297 5777 sed
3322 5716 3598 5776 mendose.
