4152 6182
515 341 620 400 399

1726 330 1974 391 SANCTI
2014 331 2352 390 GREGORII
2390 329 2618 390 MAGNI

3714 323 3819 383 400

516 467 792 542 profertur
821 460 1062 521 invectio
1103 459 1353 519 districta
1401 459 1726 526 verborum;
1776 467 1831 516 et
1859 466 1984 514 ante
2014 475 2109 531 per
2149 463 2200 521 Α
2227 459 2376 517 tibus
2407 476 2477 516 ne
2505 459 2885 516 vulnerentur.
2907 457 2972 514 In
3002 453 3202 530 quibus
3232 454 3461 511 solerter
3489 451 3820 509 intuendum

517 555 844 614 sententiam
873 551 1203 626 percutitur,
1235 567 1399 624 quam
1429 551 1658 623 prodeat
1685 547 1832 623 quod
1862 548 2113 604 feriatur.

585 647 674 703 87.
719 647 1032 702 Sanctorum
1061 642 1304 698 discretio
1333 641 1391 696 in
1419 637 2118 711 corripiendo.—Quamvis

516 743 571 792 et
585 733 722 806 justi
744 733 852 789 viri
887 733 1212 806 plerumque
1239 729 1425 802 pravis
1445 736 1500 782 et
1519 727 1752 784 occultis
1772 725 2117 799 cogitationi-

517 825 620 881 hus
648 822 928 896 arguendo
959 822 1188 878 obviant
1212 839 1224 888 ;
1259 819 1353 876 sed
1381 835 1506 876 cum
1527 817 1741 874 easdem
1760 816 2118 888 cogitationes

518 916 702 988 aliqua
731 931 850 987 quae
881 919 1128 986 praeeunt
1157 926 1321 983 opera
1359 909 1758 974 demonstrant,
1797 907 2120 980 plerumque

519 1010 586 1066 ab
615 1009 932 1066 auditorum
963 1021 1190 1063 suorum
1222 1001 1482 1060 cordibus
1511 1017 1572 1056 ea
1587 1000 1725 1056 vitia
1745 1015 1864 1072 quae
1885 998 2119 1056 necdum

520 1100 733 1172 prolata
773 1105 903 1154 sunt
941 1111 1108 1152 manu
1157 1090 1525 1165 correptionis
1553 1089 1851 1156 eradicent,
1888 1087 1983 1144 sed
2004 1086 2120 1159 jam

519 1188 618 1243 illa
647 1185 906 1258 subsequi
939 1182 1290 1256 conspiciunt
1334 1198 1405 1238 ex
1445 1179 1570 1235 aliis
1615 1194 1736 1252 quae
1783 1175 2117 1248 praecedunt.

520 1276 673 1331 Sicut
703 1273 852 1329 enim
886 1270 1198 1343 corporales
1228 1268 1432 1326 medici
1463 1266 1724 1340 quasdam
1768 1265 2122 1338 aegritudines

513 1361 630 1435 jam
667 1361 886 1419 venisse
917 1360 1270 1428 inveniunt,1
1315 1357 1576 1432 quasdam
1611 1373 1742 1413 vero
1785 1372 1852 1412 ne
1895 1354 2122 1411 veniant

519 1451 829 1520 medentur,
862 1453 938 1506 ita
961 1450 1214 1507 doctores
1234 1449 1407 1506 sancti
1431 1445 1730 1519 aliquando
1757 1445 1984 1502 inventa
2006 1444 2122 1500 vul-

517 1561 649 1602 nera
665 1543 830 1600 saluti
852 1543 1170 1609 restituunt,
1195 1538 1495 1612 aliquando
1526 1553 1657 1592 vero
1677 1543 1846 1608 agunt
1874 1535 1932 1591 in
1959 1551 2124 1590 men-

2225 555 2326 618 est,
2357 549 2486 621 quia
2513 547 2657 606 sicut
2687 555 2836 605 certa
2865 547 3188 620 plerumque
3215 560 3343 602 cum
3380 543 3682 616 asperitate
3726 557 3822 598 re-

2226 638 2521 711 darguunt,
2547 639 2623 694 ita
2642 639 2867 696 incertis
2885 637 3038 694 vitiis
3057 645 3111 692 et
3126 651 3254 692 cum
3273 633 3678 706 tranquillitate
3697 647 3824 687 con-
3930 673 3934 676 ι

2225 728 2524 798 tradicunt;
2550 737 2699 785 certa
2727 728 2984 784 ferientes
3015 727 3320 798 increpant,
3353 723 3562 780 incerta
3590 735 3839 794 praemu-r

2228 817 2441 873 nientes
2471 817 2738 874 devitant.
2775 817 2948 885 Quam
2983 815 3111 890 quia
3141 818 3456 884 arrogantes
3486 809 3597 866 viri
3624 809 3827 866 discre-

2225 908 2394 966 tionis
2469 909 2712 982 regulam
2775 907 3058 973 nesciunt,
3132 901 3530 960 sententiarum
3603 917 3824 957 suarum

2223 997 2422 1069 jaculis
2463 999 2609 1056 sicut
2649 1005 2798 1067 nota,
2851 997 2932 1054 sic
2979 993 3296 1066 incognita;
3343 989 3488 1048 sicut
3526 999 3698 1058 certa,
3746 990 3828 1047 sic

2229 1087 2394 1142 etiam
2425 1086 2635 1144 incerta
2657 1085 2962 1160 conﬁgunt.
2986 1081 3140 1140 Unde
3170 1097 3321 1138 nunc
3349 1079 3418 1137 ab
3446 1080 3576 1136 Eliu
3595 1079 3821 1136 dicitur:

2235 1177 2372 1232 Cave
2403 1196 2467 1234 ne
2513 1180 2734 1235 declines
2771 1179 2843 1234 ad
2891 1177 3258 1248 iniquitatem;
3304 1175 3438 1230 hanc
3466 1174 3604 1229 enim
3631 1171 3827 1245 cepisti

2229 1268 2376 1338 sequi
2388 1274 2510 1340 post
2538 1267 2829 1322 miseriam.
2862 1265 3002 1334 Quia
3027 1281 3158 1322 vero
3188 1252 3252 1320 ea
3269 1279 3392 1337 qua)
3423 1263 3672 1320 subnexa
3700 1268 3828 1318 sunt

2232 1357 2468 1430 longiori
2513 1355 2840 1428 allegatione
2882 1353 3316 1426 protrahuntur,
3367 1353 3534 1409 istum
3577 1350 3824 1408 libellum

2231 1444 2339 1500 hoc
2379 1443 2491 1500 ﬁne
2527 1444 2976 1515 constringimus,
3036 1457 3106 1498 ne
3154 1439 3569 1499 immoderatius
3625 1446 3828 1494 exten—

2233 1534 2417 1591 datur.

594 1645 609 1678 ¹
644 1642 904 1710 Vindoc.,
942 1639 1173 1716 ’Pratel.
1233 1644 1287 1694 et
1339 1637 1472 1702 alii,
1521 1635 1841 1706 quibusdam
1895 1649 2016 1690 vero
2063 1651 2126 1688 ne
2155 1634 2386 1700 ueniant,
2415 1633 2708 1690 medentur.
2747 1633 2926 1701 Colb.,
2961 1639 3020 1688 ut
3044 1648 3110 1688 ne
3136 1631 3348 1688 ueniant
3383 1629 3673 1685 medentur.

521 1758 3811 1788 W

1297 1917 1634 2006 LIBER

1743 1912 2354 2002 VIGESIMUS
2458 1911 3046 1999 SEPTIMUS.

524 2079 872 2146 Duodecim
912 2076 1135 2140 ultimi
1162 2092 1386 2138 uersus
1414 2075 1645 2154 capitis
1669 2091 1862 2136 xxxvr
1912 2077 2362 2154 exponuntur,
2418 2085 2573 2154 cum
2602 2070 2900 2154 integro
2935 2069 3153 2154 capite
3197 2086 3444 2154 xxxvii,
3505 2069 3834 2147 ingeniose

777 2159 1058 2240 quaesitis
1087 2156 1176 2220 ad
1209 2147 1667 2228 astruendam,
1712 2161 1856 2216 tum
1885 2147 2283 2227 doctrinam,
2319 2157 2461 2212 tum
2483 2149 2733 2211 ethicen
2761 2147 3203 2211 Christianam
3228 2147 3538 2210 sensibus.

1038 2287 1266 2345 CAPUT
1313 2287 1604 2344 PRIMUM.

607 2389 752 2451 853
799 2383 848 2440 1.
873 2383 964 2438 Ex
983 2380 1331 2452 superborum
1349 2384 1485 2434 recte
1495 2377 1648 2434 dictis
1665 2375 1974 2432 sumendum
1987 2375 2129 2445 quod

524 2487 716 2560 prosit,
746 2482 1098 2556 respuendum
1117 2480 1258 2550 quod
1275 2475 1815 2549 noceat.-Quisquis
1834 2473 1902 2531 de
1918 2471 2129 2544 magnis

527 2577 691 2634 dictis
719 2571 1093 2645 arrogantium
1114 2585 1330 2626 sumere
1359 2569 1649 2625 scientiam
1676 2565 1897 2632 nititur,
1930 2562 2130 2636 provi-

528 2668 655 2723 dere
683 2665 911 2722 solerter
940 2661 1120 2728 debet,
1153 2676 1223 2715 ne
1253 2657 1358 2714 hoc
1386 2656 1535 2731 quod
1562 2670 1753 2712 eorum
1783 2652 2015 2710 scientia
2045 2652 2126 2706 al-

528 2763 646 2811 tum
669 2760 864 2821 tumet,
897 2752 1166 2817 imitetur,
1195 2750 1211 2784 ¹
1243 2764 1313 2804 ne
1340 2763 1468 2804 cum
1497 2745 1770 2800 virtutum
1800 2743 1986 2798 verbis
2015 2757 2128 2796 mo-

529 2861 653 2902 rum
683 2841 822 2899 vitia
849 2840 1090 2913 colligat,
1123 2845 1178 2894 et
1206 2837 1265 2893 in
1299 2853 1362 2892 eo
1391 2833 1540 2908 quod
1577 2831 1841 2906 loquendi
1870 2829 2128 2888 notitiam

529 2933 858 3006 assequitur,
892 2926 1121 2986 vivendi
1141 2943 1198 2983 se
1219 2924 1498 3000 imperitia
1513 2919 1818 2994 transﬁgat.
1849 2921 1964 2976 Hos
1981 2935 2130 2976 nam-

531 3043 636 3100 que
665 3041 791 3082 cum
822 3023 988 3080 fortia
1015 3021 1196 3078 dicere
1227 3017 1506 3086 audimus,
1535 3013 1632 3072 sed
1657 3021 1844 3070 tamen
1873 3011 1940 3068 de
1967 3010 2134 3068 dictis

530 3099 769 3172 fortibus
798 3121 1010 3168 tumere
1031 3109 1425 3181 conspicimus,
1449 3105 1606 3180 quasi
1625 3102 1894 3161 doctrina:
1909 3099 2132 3156 hortum

532 3202 785 3275 ingressi,
831 3199 898 3254 de
941 3198 1122 3268 spinis
1169 3213 1318 3251 rosas
1357 3195 1700 3266 attingimus.
1731 3192 1978 3248 Discreta
2005 3203 2134 3259 ergo

531 3294 696 3351 nobis
713 3287 1092 3347 sollicitudine
1111 3302 1247 3359 opus
1275 3291 1374 3352 est,
1412 3291 1467 3340 et
1494 3298 1717 3356 carpere
1737 3279 1884 3356 quod
1904 3277 2132 3344 redolet,

533 3391 588 3440 et
615 3395 808 3438 cavere
837 3375 985 3452 quod
1013 3376 1228 3449 pungit,
1261 3391 1328 3431 ne
1359 3373 1406 3428 si
1436 3373 1666 3430 fortasse
1697 3366 2006 3442 improvide
2020 3365 2134 3422 dic-

536 3483 718 3530 torum
750 3471 852 3527 ﬂos
879 3470 1099 3543 legitur,
1125 3467 1146 3502 ²
1177 3467 1398 3524 incauta
1426 3465 1660 3537 legentis
1688 3476 1886 3517 manus
1915 3473 2132 3514 morum

535 3564 696 3636 spina
723 3562 1011 3619 laceretur.
1045 3557 1178 3614 Eliu
1209 3548 1393 3630 itaque
1423 3553 1619 3610 doctus
1647 3559 1701 3608 et
1728 3563 1988 3620 arrogans
2013 3562 2136 3620 pro-

537 3653 644 3708 fert
671 3649 967 3724 aliquando
999 3647 1146 3722 quod
1174 3645 1438 3712 redoleat,
1469 3641 1768 3715 aliquando
1803 3637 1952 3714 quod
1983 3653 2137 3710 pun-

537 3749 644 3818 gat.
677 3741 768 3799 Sic
793 3740 962 3814 igitur
987 3737 1317 3796 sumendum
1347 3741 1428 3791 est
1456 3731 1523 3787 de
1560 3730 1679 3804 ejus
1713 3727 1968 3818 doctrina
1996 3726 2143 3800 quod

537 3815 759 3906 fragrat,
791 3839 854 3886 ut
890 3837 1073 3886 tamen
1103 3825 1339 3884 sollicite
1375 3819 1683 3880 cavendum
1721 3817 1794 3874 sit
1837 3815 2142 3873 deelatione

538 3923 685 3997 quod
715 3923 988 3979 vulnerat.
1023 3919 1132 3988 Qui
1151 3917 1327 3974 multa
1345 3912 1568 3987 quidem
1590 3910 1844 3982 superius
1863 3905 2143 3997 moraliter

539 3992 752 4078 intulit,
775 4012 870 4066 sed
900 4013 957 4065 in
987 4008 1173 4064 verbis
1201 4003 1561 4076 sequentibus
1592 3999 1661 4054 ad
1691 3999 1807 4053 sola
1835 4013 1890 4052 se
1911 3992 2142 4066 prophe-

542 4101 632 4154 tiae
671 4113 870 4153 arcana
898 4095 1141 4151 sustulit.
1185 4094 1206 4128 ³
1235 4093 1352 4146 Ima
1379 4089 1526 4144 enim
1559 4083 1888 4140 moralitatis
1915 4079 2138 4148 deserit,

541 4193 596 4241 et
624 4183 693 4239 ad
722 4183 1023 4255 prophetiae
1051 4195 1272 4236 summa
1300 4173 1641 4233 conscendit.

611 4274 664 4329 2.
709 4271 933 4342 Superbi
969 4268 1164 4340 spiritu
1189 4263 1480 4336 prophetia!
1523 4259 1816 4331 aliquando
1845 4259 2048 4330 repleti.
2074 4288 2146 4300 —

541 4360 654 4418 Nec
673 4357 986 4412 mirandum
1007 4353 1156 4429 quod
1185 4352 1274 4408 vir
1301 4365 1560 4422 arrogans
1581 4349 1799 4420 impleri
1822 4347 2146 4422 prophetico

544 4449 745 4524 spiritu
773 4448 972 4519 potuit,
1001 4461 1126 4502 cum
1159 4443 1287 4500 Saul
1317 4441 1482 4498 etiam
1514 4440 1572 4494 in
1603 4454 1836 4494 numero
1856 4435 2144 4509 propheta-

546 4557 667 4596 rum
703 4537 812 4592 fuit
857 4538 912 4607 (Ι
938 4538 1063 4607 Reg.
1096 4551 1156 4602 x,
1188 4533 1268 4605 6).
1301 4529 1407 4588 Sed
1443 4529 1552 4586 hoc
1581 4528 1648 4584 de
1677 4527 1836 4584 Saule
1865 4543 1964 4584 cur
1995 4525 2146 4582 dici—

546 4645 692 4696 mus,
719 4642 843 4682 cum
874 4641 944 4680 ex
967 4625 1182 4680 visione
1203 4621 1383 4694 angeli
1413 4618 1684 4692 accepisse
1715 4617 1883 4672 verba
1911 4615 2144 4672 rationa-

545 4717 683 4774 bilia
708 4721 762 4770 et
790 4713 1004 4768 asinam
1031 4710 1352 4766 noverimus
1383 4709 1568 4781 (Num.
1601 4722 1743 4773 χχιι,
1775 4703 1904 4776 28)?
1939 4703 2046 4759 Sed
2073 4702 2142 4758 si~

547 4813 642 4866 cut
671 4791 987 4859 irrationale
1016 4798 1221 4856 animal
1253 4797 1482 4853 rationis
1511 4793 1680 4850 verba
1716 4791 1911 4860 edidit,
1942 4807 2044 4847 nec
2069 4798 2144 4846 ta-

549 4912 676 4952 men
705 4887 1262 4975 ad'permutationem
1312 4892 1522 4940 natura)
1569 4880 1856 4939 rationalis
1892 4879 2143 4946 accessit,

551 4987 627 5042 ita
655 4968 797 5056 saepe
828 4979 1064 5054 quilibet
1098 4975 1360 5068 indignus
1385 4979 1574 5068 sancta
1601 4971 1770 5028 verba
1791 4968 2144 5068 per‘prophe-
2168 5008 2218 5068 Β

552 5077 642 5130 tia:
671 5073 927 5145 spiritum
945 5066 1166 5140 accipit,
1191 5065 1286 5122 sed
1307 5075 1488 5121 tamen
1509 5061 1576 5118 ad
1590 5059 2007 5134 promerendam
2025 5075 2146 5115 san-

553 5163 759 5220 ctitatis
788 5162 1013 5232 gloriam
1043 5173 1154 5214 non
1181 5154 1462 5228 pertingit,
1498 5159 1560 5208 ut
1579 5159 1633 5208 et
1652 5167 1816 5222 supra
1839 5166 1896 5206 se
1925 5149 2150 5222 loquen-

553 5254 626 5307 do
653 5251 911 5318 emineat,
933 5257 988 5305 et
1014 5247 1160 5304 infra
1179 5262 1235 5303 se
1255 5244 1498 5301 vivendo
1513 5247 1805 5314 torpescat.
1829 5238 1986 5296 Unde
2002 5254 2151 5295 nunc

554 5339 685 5394 Eliu
713 5336 1090 5417 Redemptoris
1106 5333 1278 5390 nostri
1295 5332 1590 5390 adventum
1613 5329 1880 5386 humilem
1909 5345 2021 5384 non
2049 5327 2150 5384 hu-

634 5487 649 5518 ι
682 5484 854 5541 Vetus
882 5481 1032 5536 Edit.
1063 5479 1253 5547 Basil.,
1286 5478 1480 5546 Gilot.,
1513 5477 1786 5534 Gussanv.
1820 5483 1879 5530 et
1899 5475 2066 5547 pl_ur.,
2089 5490 2152 5528 ne

557 5572 674 5612 cum
711 5555 966 5609 virtutum
993 5555 1140 5622 ﬂore.
1175 5545 1280 5622 Pro
1317 5552 1447 5621 ﬂore
1474 5549 1696 5622 legitur,
1727 5545 1917 5622 verbis,
1947 5545 2005 5600 in
2035 5561 2150 5601 om-

559 5627 724 5684 nibus
752 5625 880 5682 Mss.
912 5618 1133 5689 nostris,
1165 5628 1219 5676 et
1248 5618 1445 5676 in'vet.
1471 5618 1622 5674 Edit.
1656 5618 1827 5674 Paris.

633 5701 654 5734 ²
685 5699 801 5766 ΑΙ.,
829 5694 1056 5766 incath
1075 5686 1378 5766 tegentibus,
1406 5697 1470 5745 ut
1496 5697 1579 5745 est
1605 5690 1664 5746 in
1693 5689 1886 5766 Gilpt.,
1910 5686 2148 5766 gussau-

559 5772 684 5843 vil.,
731 5759 798 5830 et'
828 5769 971 5842 plur.
1009 5759 1162 5822 Edit.
1191 5762 1376 5820 Lectio
1417 5767 1604 5815 nostra
1631 5767 1713 5816 est
1751 5760 1878 5818 Mss.
1912 5759 2144 5828 Turon.,

2153 2284 2200 2344 B
2230 2281 2378 2339 milis
2406 2280 2693 2354 conspicit,
2725 2287 2781 2337 et
2806 2295 2931 2337 eum
2962 2277 3340 2352 prophetando
3353 2277 3640 2351 praedicat,
3668 2293 3831 2351 quem

2234 2370 2392 2427 elatis
2422 2369 2671 2426 moribus
2707 2370 3014 2442 impugnat,
3044 2367 3239 2425 dicens
3274 2386 3285 2422 :

2867 2457 3096 2516 CAPUT
3135 2458 3206 2514 II.

2309 2547 2440 2606 CAP.
2485 2563 2685 2616 xxxvr,
2724 2546 2896 2603 Vnus.
2937 2544 3028 2601 22.
3059 2575 3131 2586 —
3161 2545 3294 2600 Ecce
3330 2544 3474 2600 Deus
3503 2545 3732 2600 excelsus
3776 2543 3837 2598 in

2236 2635 2554 2708 fortitudine
2590 2653 2712 2704 sua,
2742 2640 2790 2690 et
2817 2635 3001 2689 nullus
3038 2633 3086 2689 ei
3112 2631 3303 2688 similis
3339 2631 3398 2687 in
3429 2631 3830 2704 legislatoribus.

2309 2727 2361 2783 3.
2399 2726 2642 2782 Christus
2677 2725 2838 2780 simul
2867 2723 3084 2780 humilis
3111 2722 3170 2778 in
3195 2721 3506 2794 inﬁmitate
3531 2727 3578 2776 et
3603 2721 3839 2777 excelsus

2239 2815 2295 2869 in
2325 2813 2641 2885 fortitudine
2669 2819 2880 2869 cceteros
2921 2813 3242 2884 legislatores
3285 2811 3432 2882 Imtge
3465 2810 3744 2866 antecellit.
3765 2841 3840 2851 —

2239 2904 2320 2960 Ac
2347 2905 2393 2960 si
2423 2911 2606 2976 aperte
2635 2903 2816 2960 dicat:
2845 2902 2950 2970 Qui
2974 2901 3202 2958 humilis
3221 2899 3504 2956 videbitur
3523 2898 3578 2953 in
3601 2899 3839 2954 inﬁrmi-

2238 3001 2368 3062 tate,
2401 2994 2649 3050 excelsus
2673 2999 2857 3048 manet
2885 2991 2944 3047 in
2973 2989 3316 3057 fortitudine,
3345 2987 3516 3043 Paulo
3543 2985 3650 3044 hoc
3667 2988 3842 3043 etiam

2199 3099 2206 3116 ι
2241 3089 2549 3150 attestante,
2585 3081 2682 3154 qui
2711 3081 2820 3136 ait:
2857 3079 2996 3148 Quia
3016 3079 3128 3135 etsi
3155 3076 3442 3148 cruciﬁxus
3479 3081 3643 3130 estea:
3669 3075 3847 3147 inﬁr—

2241 3172 2441 3237 mitate,
2472 3171 2559 3226 sed
2587 3171 2720 3224 vivit
2745 3187 2811 3224 ea:
2835 3168 3032 3224 uirtute
3057 3167 3156 3224 Dei
3183 3166 3278 3238 (II
3317 3165 3444 3220 Cor.
3485 3181 3610 3232 xm,
3649 3163 3732 3235 4).
3763 3165 3846 3220 De

2243 3277 2352 3334 quo
2380 3265 2528 3315 recte
2555 3257 2908 3328 subjungitur
2932 3275 2943 3312 :
2976 3257 3176 3313 Nullus
3204 3261 3252 3310 et
3277 3253 3472 3310 similis
3497 3253 3556 3308 in
3585 3253 3844 3324 legislato-

2243 3349 2410 3404 ribus.
2442 3347 2744 3420 Legislator
2769 3347 3006 3418 Moyses,
3050 3345 3330 3418 legislator
3357 3343 3540 3411 Josue,
3573 3341 3846 3414 legislato-

2244 3455 2330 3495 res
2359 3437 2525 3494 etiam
2555 3433 2866 3508 propheta;
2899 3433 3240 3506 legislatores
3267 3438 3496 3490 cunctos
3514 3430 3695 3487 dicere
3719 3445 3845 3502 pos-

2244 3545 2456 3597 sumus,
2505 3541 2642 3599 quos
2687 3539 2758 3580 ex
2811 3524 2929 3596 lege
2973 3521 3334 3584 admonuisse
3387 3527 3533 3578 recta
3577 3518 3875 3592 populum,

2246 3618 2473 3674 scimus.
2507 3615 2613 3673 Sed
2640 3614 2774 3672 huic
2801 3612 3090 3672 Mediatori
3123 3611 3181 3668 in
3212 3609 3617 3684 legislatoribus
3643 3608 3847 3665 similis

2251 3707 2439 3764 nullus
2467 3715 2567 3776 est,
2593 3706 2722 3780 quia
2751 3703 2846 3761 isti
2874 3702 3112 3776 gratuito
3131 3701 3312 3758 vocati
3332 3717 3402 3757 ex
3421 3699 3658 3772 peccatis
3677 3696 3746 3754 ad
3766 3698 3848 3754 in-

2252 3797 2564 3854 nocentiam
2594 3794 2845 3862 redeunt,
2887 3799 2942 3848 et
2969 3790 3037 3846 ab
3067 3790 3156 3847 his
3186 3806 3307 3864 quae
3336 3791 3395 3846 in
3425 3787 3734 3859 semetipsis
3761 3801 3830 3842 ex

2252 3888 2394 3959 perti
2412 3893 2542 3943 sunt
2566 3882 2917 3956 praedicando
2937 3883 3076 3938 alios
3097 3879 3386 3936 reducunt.
3401 3878 3732 3952 Redemptor
3749 3892 3846 3933 au-

2253 3983 2361 4032 tem
2379 3982 2565 4032 noster
2580 3973 2746 4029 homo
2761 3972 2880 4028 sine
2902 3977 3122 4044 peccato
3143 3967 3402 4038 est,ﬁlius
3415 3969 3534 4026 sine
3552 3967 3848 4041 adoptione

2253 4081 2352 4121 nec
2371 4062 2708 4136 perpetravit
2732 4075 2976 4134 unquam
2993 4059 3141 4133 quod
3158 4057 3456 4130 redarguit,
3473 4065 3526 4116 et
3547 4058 3629 4114 sic
3645 4054 3850 4112 mundo

2253 4167 2322 4207 ex
2339 4149 2684 4206 humanitate
2705 4149 2975 4222 loquitur,
2998 4157 3060 4204 ut
3075 4155 3256 4203 tamen
3281 4153 3429 4210 854
3448 4146 3626 4202 eidem
3643 4140 3852 4200 mundo

2253 4256 2379 4304 ante
2407 4249 2590 4305 secula
2618 4264 2687 4304 ex
2716 4247 3011 4304 divinitate
3037 4243 3373 4304 dominetur.
3405 4243 3562 4300 Hunc
3580 4238 3854 4298 Mediato-

2253 4354 2368 4394 rem
2398 4339 2496 4394 Dei
2527 4347 2579 4396 et
2603 4338 2892 4394 hominum
2923 4337 3148 4410 quidam
3179 4331 3585 4407 legislatoribus
3609 4327 3853 4385 similem

2253 4427 2422 4484 fuisse
2477 4429 2848 4484 crediderunt.
2898 4427 3032 4483 Nam
3084 4423 3425 4498 requirenti:
3462 4421 3624 4488 Quem
3673 4417 3858 4472 dicunt

2254 4515 2484 4570 homines
2507 4533 2610 4570 esse
2628 4515 2829 4571 Filium
2855 4512 3080 4569 hominis
3093 4512 3121 4568 9
3151 4509 3551 4584 responderunt
3570 4501 3854 4576 discipuli,

2253 4603 2534 4660 dicentes:
2572 4605 2693 4660 Atii
2731 4604 2989 4660 Joannem
3029 4601 3330 4672 Baptistam
3369 4597 3471 4654 alii
3509 4595 3716 4662 Etiam,
3757 4589 3858 4647 alii

2252 4700 2556 4766 Jeremiam,
2595 4704 2690 4756 aut
2717 4715 2882 4755 unum
2925 4716 2992 4754 ea:
3023 4695 3296 4771 prephetis
3330 4693 3550 4764 (Matth.
3583 4707 3705 4759 xvr,
3739 4688 3854 4760 l3).

2255 4792 2276 4826 ⁴
2299 4790 2404 4847 Sed
2433 4790 2699 4847 nimirum
2717 4791 2878 4846 Petro
2899 4805 3062 4863 quam
3083 4787 3334 4845 excelsus
3357 4783 3414 4838 in
3430 4779 3762 4838 fortitudine
3779 4792 3860 4834 es-

2253 4888 2334 4937 set
2363 4879 2596 4954 aperuit,
2639 4895 2765 4936 cum
2795 4895 2921 4935 eum
2950 4877 3220 4936 veraciter
3251 4876 3493 4941 intuens,
3523 4889 3556 4928 a
3583 4869 3861 4943 legislato-

2253 4986 2376 5026 rum
2407 4968 2714 5042 inqualitate
2742 4969 3021 5039 discrevit,
3045 4967 3267 5024 dicens:
3301 4966 3378 5023 Tu
3407 4979 3458 5019 es
3492 4961 3740 5020 Christus
3771 4957 3862 5014 Fi-

2259 5060 2361 5116 lius
2387 5057 2486 5140 Dei
2509 5058 2615 5113 vivi
2635 5058 2828 5128 ('Ibid.,
2855 5059 2966 5132 16).
3001 5057 3154 5114 Unde
3180 5064 3326 5112 recte
3349 5053 3418 5110 de
3437 5053 3538 5109 illo
3567 5063 3767 5122 sponsa
3800 5047 3864 5120 in

2258 5148 2500 5208 Cauticis
2528 5147 2868 5204 canticorum
2897 5147 3038 5203 dicit
3070 5163 3081 5202 :
3115 5147 3183 5202 In
3209 5145 3396 5204 lectulo
3422 5159 3534 5198 meo
3557 5155 3658 5213 per
3689 5141 3866 5192 noctes

2258 5237 2477 5310 quaesivi
2506 5253 2656 5308 quem
2684 5235 2860 5308 diligit
2873 5236 3056 5291 anima
3073 5252 3210 5302 mea,
3227 5233 3446 5306 quaesivi
3472 5231 3654 5295 illum,
3682 5215 3730 5282 et
3753 5241 3869 5281 non

2258 5327 2433 5384 inveni
2463 5326 2646 5400 (Cant.
2678 5342 2762 5394 ιιι,
2797 5326 2874 5398 1).
2915 5325 2987 5382 Et
3023 5325 3188 5398 paulo
3237 5331 3401 5398 post:
3433 5321 3758 5379 Invenerunt
3783 5331 3872 5371 me

2259 5471 2440 5539 Colb.,
2475 5470 2741 5542 Longip.,
2777 5469 3026 5542 Ebroic.,
3065 5468 3414 5541 aliorumque
3439 5467 3630 5524 Norm.
3667 5471 3722 5519 et
3747 5467 3868 5516 vet.

2260 5543 2411 5600 Edit.
2444 5541 2616 5598 Paris.
2649 5541 2702 5597 et
2730 5541 2896 5597 Basil.

2329 5613 2644 5694 3_I_.ongip._,
2687 5613 2781 5694 ad_
2801 5629 2853 5668 se
2881 5631 3094 5694 arcana
3133 5611 3400 5675 sustollit;
3448 5609 3651 5682 legitur
3697 5604 3872 5663 etiam

2257 5683 2492 5744 sustollit
2516 5683 2585 5740 in
2607 5685 2804 5742 Pratel.
2841 5693 2896 5742 et
2925 5685 3069 5742 aliis.

2329 5759 2352 5794 ‘
2391 5755 2815 5830 Corruptissime
2833 5757 2893 5814 in
2907 5756 3059 5815 Edit.
3083 5750 3630 5827 Gilot.,Gussanvill.
3653 5758 3710 5808 et
3727 5763 3874 5806 non-
