4152 6182
339 273 440 333 401

1061 267 1438 327 MORALIUM
1475 269 1610 328 LIB.
1649 269 1882 328 XXVII.
1924 300 1996 313 —
2032 270 2105 328 IN
2142 268 2370 331 CAPUT
2413 272 2657 332 XXXVI
2696 277 2758 332 B.
2800 278 2944 335 10B.

3555 281 3670 349 402

340 403 548 476 vigiles,
576 400 672 474 qui
697 395 1000 457 custodiunt
1027 395 1310 452 civitatem.
1359 397 1439 453 De
1485 395 1688 470 quibus
1728 412 1950 453 rursum
1977 399 2030 460 A
2056 415 2168 456 non
2197 409 2396 472 potest,
2421 417 2531 476 quo
2545 409 2707 474 pacto
2736 402 3075 474 reprehendi
3093 407 3304 477 potest?
3329 407 3502 466 Nemo
3521 411 3672 468 enim

337 492 483 550 dicit
535 509 548 548 :
607 490 1028 549 Vulneraverunt
1059 501 1158 554 me,
1201 486 1438 541 tulerunt
1478 486 1712 558 pallium
1753 504 1946 543 meum.

337 581 494 650 Quos
521 579 724 636 iterum
751 582 1160 650 percunctatur,
1193 573 1382 631 dicens
1413 591 1424 630 :
1457 575 1601 633 Num
1637 592 1789 646 quem
1829 577 1950 632 dili-

337 671 416 742 git
432 669 620 724 anima
653 683 769 722 mea
796 665 1005 720 vidistis
1023 665 1052 720 ἵ
1080 664 1376 720 Paululum
1402 680 1519 719 cum
1543 664 1950 736 pertransissem

341 775 448 826 eos,
476 756 657 812 inveni
683 772 838 827 quem
864 755 1042 826 diligit
1068 754 1250 810 anima
1279 771 1393 810 mea
1414 754 1603 826 (Cant.
1649 771 1734 820 In,
1764 753 1820 820 3,
1861 753 1948 824 4).

413 901 464 958 ﬁ.
502 900 608 970 Qui
633 901 692 956 in
719 905 865 954 nocte
907 897 1191 970 quaeritur,
1230 897 1318 952 sed
1368 913 1474 953 non
1496 897 1602 954 nisi
1634 899 1950 954 transcensis

341 990 614 1064 prophetis
639 995 690 1044 et
709 988 1040 1061 patriarchis
1066 987 1428 1042 incenitur.—
1447 987 1692 1044 Dilectus
1715 1002 1950 1060 namque

345 1097 440 1153 per
494 1087 688 1136 noctes
717 1077 775 1133 in
826 1077 1032 1134 lectulo
1061 1076 1348 1150 quaeritur,
1392 1075 1522 1150 quia
1567 1076 1714 1133 intra
1741 1083 1949 1132 secreta

343 1169 528 1228 cordis
583 1167 790 1226 cubilia
836 1167 895 1223 in
925 1165 1282 1224 tribulatione
1325 1166 1554 1238 spiritus
1582 1166 1944 1223 desideratur.

344 1259 520 1328 Quem
549 1265 736 1314 tamen
765 1271 1016 1330 quaerens
1042 1271 1244 1327 sponsa
1269 1271 1382 1312 non
1411 1255 1650 1324 invenit,
1685 1254 1814 1328 quia
1842 1254 1948 1310 ele-

343 1357 432 1406 cta
453 1362 686 1421 quaeque
726 1345 914 1402 anima
945 1343 1058 1416 jam
1099 1344 1323 1418 quidem
1354 1345 1558 1400 amoris
1586 1343 1708 1417 ejus
1735 1343 1950 1400 facibus

346 1441 558 1514 ﬂagrat,
593 1441 610 1474 ί
669 1437 765 1494 sed
814 1435 997 1492 adhuc
1040 1434 1270 1508 quaesita
1314 1443 1546 1507 negatur
1601 1433 1830 1508 species,
1888 1441 1950 1488 ut

345 1529 586 1585 amantis
613 1525 950 1584 desiderium
987 1531 1228 1591 crescat;
1279 1533 1335 1580 et
1363 1524 1518 1597 quasi
1571 1524 1630 1579 in
1686 1523 1780 1579 siti
1809 1538 1950 1595 aqua

346 1616 716 1684 subtrahitur,
749 1622 812 1671 ut
843 1612 1090 1686 ejusdem
1113 1613 1236 1669 sitis
1263 1620 1428 1670 aestus
1455 1621 1738 1685 augeatur,
1767 1619 1820 1668 et
1841 1627 1950 1684 quo

349 1707 490 1764 hanc
527 1705 742 1762 diutius
790 1701 985 1760 sitiens
1025 1701 1322 1768 desiderat,
1369 1717 1434 1762 eo
1463 1701 1792 1774 quandoque
1822 1716 1946 1756 cum

347 1795 627 1854 invenerit
657 1792 877 1850 avidius
905 1791 1218 1849 sumat.Sed
1235 1791 1377 1848 hanc
1398 1799 1734 1864 quaerentem
1755 1789 1954 1862 vigiles

347 1883 904 1955 inveniunt,eamque
915 1881 1236 1948 vulnerant,
1253 1887 1307 1936 et
1325 1877 1444 1952 ejus
1464 1879 1697 1952 pallium
1723 1879 1950 1948 tollunt,

347 1975 486 2046 quia
532 1985 972 2044 unamquamque
1020 1969 1266 2024 animam
1322 1968 1684 2042 redemptoris
1709 1967 1796 2024 sui
1833 1965 1951 2038 jam

346 2061 588 2136 speciem
627 2060 1015 2134 requirentem,
1053 2075 1180 2116 cum
1243 2057 1468 2114 solliciti
1502 2057 1755 2114 doctores
1801 2055 1954 2112 inve-

350 2152 537 2220 niunt,
569 2149 713 2207 hanc
743 2165 842 2222 per
867 2147 1280 2222 praedicationis
1299 2147 1532 2204 verbum
1551 2146 1791 2204 calestis
1803 2161 1951 2201 amo-

348 2240 678 2314 ris’spicuhs
705 2239 1024 2308 vulnerant,
1059 2247 1114 2294 et
1135 2237 1182 2294 si
1211 2237 1359 2310 quod
1378 2237 1429 2292 ei
1463 2235 1646 2292 adhuc
1677 2235 1746 2292 de
1769 2243 1953 2292 vetus-

349 2337 404 2386 ta
429 2329 845 2388 conversatione
887 2336 1104 2400 tegmen
1146 2325 1311 2394 inest,
1343 2323 1698 2392 subtrahunt,
1731 2331 1792 2380 ut
1841 2339 1954 2396 quo

347 2427 517 2476 exuta
551 2418 620 2475 ab
651 2416 822 2490 hujus
849 2415 1044 2472 mundi
1064 2430 1228 2471 onere
1251 2415 1525 2483 redditur,
1547 2430 1611 2470 eo
1631 2415 1679 2470 is
1691 2415 1786 2488 qui
1807 2429 1952 2487 quaa-

347 2507 512 2577 ritur,
533 2507 602 2564 ab
618 2507 716 2562 illa
741 2505 908 2564 citius
928 2503 1264 2560 inveniatur.
1293 2504 1442 2560 Bene
1461 2512 1647 2560 autem
1675 2503 1952 2559 subditur:

343 2598 646 2654 Paululum
681 2611 800 2649 cum
823 2591 1228 2665 pertransissem
1260 2607 1366 2659 eos,
1387 2591 1564 2645 inveni
1585 2607 1735 2661 quem
1771 2591 1952 2662 diligit

343 2685 542 2742 anima
571 2699 704 2738 mea.
737 2679 879 2748 Quia
915 2678 1150 2736 visionis
1171 2677 1289 2751 ejus
1317 2694 1473 2736 mens
1491 2679 1673 2748 avida,
1705 2679 1810 2736 nisi
1833 2695 1952 2752 pro-

347 2773 648 2848 phetarum
669 2769 1113 2836 astimationem,
1146 2767 1253 2823 nisi
1275 2767 1708 2840 patriarcharum
1734 2768 1954 2826 celsitu-

347 2865 560 2929 dinem,
605 2859 714 2916 nisi
744 2865 1072 2917 cunctorum
1101 2857 1391 2935 hominum
1421 2873 1736 2914 mensuram
1773 2867 1949 2915 trans-

349 2951 624 3018 cenderet,
655 2964 783 3005 eum
811 2947 905 3022 qui
927 2955 1009 3004 est
1036 2962 1199 3018 super
1222 2947 1477 3004 homines
1506 2963 1616 3005 non
1649 2949 1948 3005 inveniret.

351 3041 612 3098 Transire
641 3053 770 3110 ergo
798 3043 880 3093 est
912 3034 1128 3108 vigiles,
1161 3035 1328 3091 etiam
1357 3051 1452 3091 eos
1479 3037 1501 3071 ³
1528 3052 1666 3108 quos
1717 3037 1952 3094 miratur

351 3130 533 3188 anima
564 3129 625 3186 in
654 3127 775 3200 ejus
806 3124 1216 3198 comparatione
1245 3132 1594 3196 postponere.
1637 3126 1710 3182 Et
1738 3133 1872 3183 tunc
1908 3126 1957 3184 is
1989 3120 2033 3181 C

352 3220 443 3294 qui
466 3217 839 3292 quaerebatur,
881 3214 1150 3282 cernitur,
1182 3213 1230 3268 si
1259 3211 1428 3270 homo
1462 3213 1708 3286 quidem,
1741 3214 1836 3270 sed
1871 3222 1949 3270 ta-

352 3325 474 3365 men
502 3317 662 3364 extra
688 3319 974 3362 mensuras
1009 3301 1302 3358 hominum
1332 3301 1605 3360 credatur.
1639 3304 1796 3361 Unde
1813 3303 1953 3362 bene

351 3417 498 3458 nunc
523 3399 729 3458 dicitur
757 3415 770 3454 :
804 3398 1003 3454 Nullus
1031 3396 1078 3451 ei
1113 3394 1304 3450 similis
1331 3393 1387 3450 in
1418 3397 1829 3467 legislatoribus.
1848 3396 1955 3454 Sed

351 3489 398 3548 is
419 3489 682 3562 videlicet
709 3503 807 3560 per
837 3483 1219 3543 inﬁrmitatem
1235 3485 1418 3541 carnis
1445 3485 1648 3542 nostris
1666 3485 1954 3542 obtutibus

349 3579 771 3655 apparens,dum
787 3578 926 3635 alios
947 3575 1223 3650 reprobat,
1251 3576 1392 3633 alios
1407 3576 1762 3650 vocat,miraj
1771 3576 1956 3632 udicia

347 3668 635 3738 exhibuit,
660 3683 779 3742 quae
806 3683 839 3722 a
866 3664 1030 3723 nobis
1055 3673 1110 3720 et
1135 3664 1365 3735 cogitari
1397 3667 1690 3738 possint,et
1709 3681 1952 3736 compre-

348 3758 522 3818 hendi
547 3775 658 3814 non
682 3755 1014 3831 possint.Ait
1031 3759 1175 3818 855
1200 3771 1469 3828 namque:
1495 3758 1562 3812 In
1585 3755 1853 3826 judicium
1868 3773 1955 3826 ego

349 3857 406 3912 in
432 3856 572 3911 hunc
596 3855 851 3910 mundum
869 3853 1010 3919 veni,
1030 3859 1091 3908 ut
1115 3854 1209 3926 qui
1236 3869 1344 3909 non
1362 3853 1540 3909 vident
1557 3853 1844 3922 videant,et
1863 3854 1957 3925 qui

350 3942 669 4002 oidentcceci
686 3943 821 4014 fiant
845 3942 1034 4013 (Joan.
1059 3958 1140 4012 IX,
1159 3941 1282 4016 39).
1311 3943 1382 3998 Et
1411 3958 1663 3998 rursum:
1692 3943 1958 4016 Conﬁteor

350 4035 654 4103 tibi,Pater,
679 4031 906 4090 Domine
923 4032 1038 4088 cali
1075 4038 1124 4088 et
1144 4039 1320 4102 terrae,
1353 4031 1483 4104 quia
1503 4031 1823 4088 abscondisti
1849 4032 1958 4086 hac

348 4142 383 4180 a
409 4123 737 4195 sapientibus
764 4128 816 4178 et
860 4123 1234 4195 prudentibus,
1269 4129 1318 4179 et
1344 4123 1594 4180 revelasti
1621 4140 1682 4178 ea
1706 4120 1956 4193 parvulis

351 4212 561 4284 (Matth.
594 4229 677 4280 χι,
709 4211 828 4284 25).
867 4213 931 4268 In
978 4212 1181 4286 quibus
1219 4213 1484 4270 nimirum
1511 4210 1742 4284 judiciis
1770 4210 1957 4267 Judaea

351 4302 656 4375 repellitur,
709 4299 988 4373 gentilitas
1050 4309 1391 4374 aggregatur.
1459 4299 1617 4368 Quod
1693 4297 1958 4356 videlicet

350 4390 556 4449 factum
593 4389 786 4448 mirari
811 4406 1123 4463 possumus,
1153 4390 1250 4448 sed
1279 4389 1610 4462 perscrutari
1638 4389 1957 4446 nullatenus

353 4481 620 4538 valemus.
657 4479 816 4538 Unde
844 4489 899 4537 et
926 4481 1065 4538 bene
1093 4496 1244 4537 nunc
1279 4480 1349 4536 ab
1375 4479 1508 4537 Eliu
1543 4477 1800 4536 subditur
1833 4496 1844 4533 :

975 4632 1206 4691 CAPUT
1236 4633 1332 4690 III.

425 4749 598 4807 Vens.
635 4731 935 4817 23.—Quis
979 4747 1183 4820 poterit
1213 4745 1453 4803 scrutari
1503 4745 1768 4816 uiasejus
1795 4748 1823 4804 i’
1865 4753 1960 4803 aut

355 4839 505 4910 quia,
530 4838 692 4896 audet
717 4837 766 4894 ei
795 4837 966 4893 dicere
997 4855 1009 4893 :
1037 4838 1298 4910 Ope-ratus
1326 4854 1378 4893 es
1405 4835 1736 4907 iniquitatem
1763 4838 1792 4894 7

425 4955 482 5015 5.
509 4953 727 5012 Iudicia
751 4951 866 5023 ejus
893 4952 1148 5018 scrutari,
1185 4955 1350 5010 multo
1386 4952 1561 5009 minus
1589 4953 1964 5024 reprehendere

362 5059 466 5098 non
493 5043 754 5100 debemus.
784 5072 856 5084 —
884 5042 965 5100 Ac
983 5041 1030 5098 si
1055 5041 1202 5101 dicat
1235 5061 1245 5098 :
1270 5043 1442 5116 Cujus
1468 5043 1799 5142 perscrutari
1817 5042 1962 5100 actio

365 5222 556 5290 nullis,
589 5222 678 5279 sed
705 5221 961 5278 nimirum
991 5222 1182 5279 Petrus
1206 5238 1368 5292 quam
1393 5223 1624 5292 excelsus
1661 5222 1718 5277 in
1757 5221 1972 5292 fortitu-

365 5293 488 5350 dine
509 5301 640 5350 esset
664 5292 1062 5366 apparuit._Ubi
1109 5292 1178 5348 ad
1213 5291 1432 5349 Petrum
1449 5291 1684 5366 refertur
1701 5291 1970 5350 fortitudo

365 5362 1175 5439 quamuin_Cﬁristo_divinam
1204 5362 1552 5439 commeth
1587 5373 1806 5439 sanctus
1835 5366 1971 5439 Doc-

367 5433 478 5504 tor,
511 5435 769 5492 aliudens
797 5435 865 5491 ad
897 5435 1049 5490 hunc
1077 5435 1259 5490 locum
1287 5433 1390 5490 Job
1416 5452 1426 5489 :
1462 5436 1594 5490 Ecce
1612 5435 1752 5490 Deus
1793 5437 1972 5489 excel-

367 5525 458 5562 sus
487 5508 546 5562 in
575 5507 963 5577 fortitudine,et
987 5506 1168 5577 nullus
1187 5505 1234 5558 ei
1253 5505 1442 5577 similis
1457 5506 1516 5577 in
1538 5507 1828 5577 legislat.ln
1861 5515 1968 5562 vet.

371 5577 526 5635 Edit.
558 5575 728 5634 Basil.
763 5579 932 5634 Paris.
971 5575 1186 5648 lb'lSiet
1215 5576 1496 5648 nonnullis
1517 5575 1715 5648 legitur
1745 5596 1756 5632 :
1782 5579 1974 5634 Petrus

371 5667 538 5721 quam
568 5647 1216 5721 excelsusinlbrtiludine
1242 5653 1368 5702 esset
1407 5647 1706 5721 (Christus)
1735 5649 1970 5721 aperuit,

375 5718 430 5778 et
457 5721 684 5796 quidem
715 5718 926 5794 optimo
955 5735 1141 5788 sensu,
1173 5734 1334 5792 quem
1366 5718 1694 5791 posteriores
1719 5718 1976 5776 Editores

2058 488 2197 545 bene
2211 488 2426 562 judicat
2455 489 2604 563 quod
2633 490 2868 562 ignorat.
2903 491 3078 548 Tanto
3107 511 3234 566 ergo
3280 497 3542 554 debemus
3569 498 3671 556 sub

2059 577 2177 650 ejus
2211 577 2441 650 judiciis
2487 578 2700 636 silendo
2730 579 3028 653 quiescere,
3063 592 3270 655 quanto
3288 594 3352 655 _et
3399 587 3671 643 rationem

2053 665 2395 738 judiciorum
2427 668 2582 725 illius
2611 684 2712 724 nos
2739 669 3022 726 cernimus
3050 687 3164 726 non
3195 671 3405 729 videre.
3439 675 3596 732 Unde
3615 686 3672 734 et

2058 756 2198 840 δεμ
2233 756 2502 813 subditur
2533 775 2544 812 :

2415 852 2642 910 CAPUT
2671 853 2748 910 IV
2778 852 2916 927 [Vet.
2949 861 2998 911 et
3026 856 3145 912 Rec.
3203 853 3312 930 II].

2130 941 2301 998 Vens.
2335 941 2422 997 24.
2456 973 2526 984 —
2572 945 2825 1000 Memento
2857 945 3001 1016 quod
3031 945 3241 1017 ignores
3285 962 3418 1018 opus
3445 945 3581 1017 ejus,
3611 947 3674 1004 de

2057 1047 2159 1103 quo
2187 1031 2484 1086 cecinerunt
2511 1031 2636 1086 viri.

2130 1119 2182 1174 6.
2215 1120 2407 1190 Angeli
2433 1127 2484 1176 et
2500 1122 2738 1178 doctoves
2759 1139 2842 1188 ea,
2873 1123 2968 1178 etsi
3010 1123 3248 1192 laudent,
3272 1123 3482 1179 minime
3503 1130 3674 1181 tamen

2057 1210 2530 1279 cognoscunt.—In
2545 1209 2828 1282 Scriptura
2848 1229 3005 1270 sacra
3023 1213 3130 1268 viri
3147 1212 3445 1286 aliquando
3471 1213 3670 1286 angeli,

2058 1295 2357 1370 aliquando
2375 1307 2556 1354 autem
2582 1299 2835 1371 perfectae
2853 1303 2982 1358 vita:
2999 1302 3260 1360 homines
3277 1313 3671 1362 memorantur.

2057 1389 2195 1445 Nam
2229 1387 2358 1462 quia
2399 1387 2699 1462 aliquando
2732 1391 2822 1445 vir
2844 1392 3070 1464 angelus
3092 1393 3316 1462 dicitur,
3339 1395 3530 1451 Daniel
3554 1412 3673 1466 pro-

2058 1476 2226 1548 pheta
2243 1486 2495 1545 testatur,
2519 1477 2708 1536 dicens
2738 1496 2750 1535 :
2774 1481 2909 1537 Ecce
2925 1481 3009 1535 vir
3033 1481 3250 1537 Gabriel
3272 1483 3438 1552 (Dan.
3457 1499 3537 1550 rx,
3553 1484 3672 1557 21).

2059 1567 2319 1636 Rursum,
2352 1567 2483 1641 quia
2513 1568 2758 1624 virorum
2799 1571 3027 1627 nomine
3056 1572 3309 1644 perfecta;
3339 1572 3467 1630 vitae
3497 1571 3674 1628 homi-

2059 1669 2159 1710 nes
2189 1654 2673 1726 exprimuntur,in
2695 1656 3017 1714 Proverbiis
3033 1660 3304 1731 sapientia
3319 1661 3674 1735 loquitur,di-

1985 1762 2032 1822 Β
2062 1758 2194 1798 cens
2229 1760 2239 1796 :
2282 1743 2326 1799 0
2357 1743 2484 1811 viri,
2518 1744 2590 1798 ad
2618 1761 2708 1799 vos
2739 1747 2950 1801 clamito
2972 1748 3167 1816 (Prov.
3201 1766 3322 1817 vin,
3355 1749 3436 1821 4).
3468 1751 3546 1806 De
3567 1751 3672 1808 D0-

2064 1832 2219 1888 mino
2269 1831 2441 1902 igitur
2469 1832 2579 1888 viri
2609 1843 2834 1901 canunt,
2867 1851 2992 1891 cum
3025 1835 3144 1908 ejus
3173 1837 3333 1893 nobis
3372 1839 3674 1911 potentiam

2062 1923 2150 1978 vel
2181 1922 2405 1994 superni
2437 1921 2685 1994 spiritus,
2718 1924 2805 1979 vel
2829 1923 3059 1997 perfecti
3082 1927 3288 2000 quique
3317 1927 3570 1984 doctores
3593 1929 3674 1984 in-

2062 2020 2372 2068 notescunt.
2404 2011 2508 2068 Sed
2524 2021 2706 2068 tamen
2735 2028 2873 2086 opus
2891 2013 3008 2084 ejus
3033 2014 3338 2086 ignoratur,
3363 2016 3496 2090 quia
3510 2017 3674 2073 nimi-

2062 2116 2185 2156 rum
2226 2099 2440 2172 judicia
2489 2101 2642 2158 illius
2687 2101 2792 2175 ipsi
2839 2103 3016 2159 etiam
3047 2103 3147 2176 qui
3179 2102 3328 2162 hunc
3373 2105 3675 2178 praedicant

2063 2193 2427 2264 impenetrata
2454 2200 2818 2248 venerantur.
2841 2192 2915 2248 Et
2935 2192 3124 2250 sciunt
3152 2209 3278 2266 ergo
3296 2211 3458 2268 quem
3481 2196 3673 2268 praedi-

2061 2289 2208 2348 cant,
2237 2288 2292 2336 et
2319 2289 2504 2338 tamen
2533 2278 2651 2352 ejus
2683 2296 2849 2353 opera
2879 2280 3160 2353 ignorant,
3184 2283 3316 2357 quia
3334 2294 3675 2357 cognoscunt

2063 2384 2159 2442 per
2190 2367 2417 2440 gratiam
2459 2383 2586 2423 eum
2633 2384 2666 2424 a
2719 2385 2827 2441 quo
2858 2367 2990 2426 facti
3019 2379 3168 2439 sunt,
3203 2371 3296 2426 sed
3323 2370 3442 2444 ejus
3464 2371 3676 2444 judicia

2061 2455 2526 2529 comprehendere
2573 2465 2881 2530 nequeunt,
2926 2473 3046 2531 quae
3075 2458 3143 2515 ab
3189 2458 3288 2515 illo
3317 2460 3480 2516 etiam
3512 2478 3677 2535 super

2062 2545 2210 2619 ipsos
2239 2545 2400 2602 ﬁunt.
2421 2545 2581 2614 Quod
2597 2546 2745 2602 enim
2775 2547 3124 2620 omnipotens
3144 2550 3291 2606 Deus
3311 2551 3594 2624 perspicue
3616 2552 3673 2608 in

2061 2655 2161 2696 sua
2187 2639 2403 2697 actione
2432 2654 2544 2694 non
2563 2641 2834 2709 cernitur,
2859 2640 3152 2698 Psalmista
3170 2651 3426 2713 testatur,
3450 2643 3671 2702 dicens:

2065 2731 2168 2799 Qui
2194 2730 2371 2804 posuit
2399 2731 2634 2787 tenebras
2669 2732 2959 2788 latibulum
2993 2749 3149 2787 suum
3183 2733 3356 2804 (Psal.
3387 2750 3528 2802 xvn,
3560 2735 3672 2804 l2).

2060 2820 2132 2878 Et
2151 2837 2370 2878 rursum
2392 2839 2404 2877 :
2424 2822 2641 2879 Iudicia
2663 2829 2761 2879 tua
2781 2823 3005 2894 abyssus
3021 2825 3192 2880 multa
3210 2823 3383 2894 (Psal.
3410 2825 3672 2896 xxxv,7).

2062 2913 2245 2982 Atque
2275 2912 2476 2967 iterum
2511 2929 2523 2966 :
2566 2911 2814 2983 Abyssus
2843 2912 2980 2966 sicut
3020 2913 3256 2983 pallium
3299 2914 3523 2968 amictus
3564 2913 3676 2982 ejus

2065 2997 2238 3068 (Psal.
2272 3015 2391 3063 cm,
2426 2999 2507 3069 6).
2540 2998 2697 3054 Unde
2725 2999 2869 3054 bene
2899 2999 3067 3054 etiam
3100 3016 3196 3072 per
3225 3000 3572 3056 Salomonem
3595 3001 3677 3056 di-

2062 3085 2208 3142 citur
2231 3103 2243 3142 :
2268 3086 2418 3142 Sicut
2429 3086 2648 3158 ignoras
2676 3103 2795 3156 qua:
2814 3087 2982 3142 silvia
3005 3087 3252 3159 spiritus,
3275 3095 3324 3142 et
3339 3105 3446 3160 qua
3467 3090 3678 3145 ratione

2062 3174 2480 3248 compingantur
2527 3192 2649 3231 ossa
2692 3175 2748 3230 in
2795 3182 2973 3230 ventre
3010 3177 3360 3249 prwgnantis,
3402 3179 3478 3234 sic
3513 3180 3678 3234 nescis

2060 3283 2224 3338 opera
2249 3265 2370 3332 Dei,
2403 3265 2497 3338 qui
2525 3264 2825 3336 fabricator
2853 3273 2928 3321 est
2955 3267 3189 3322 omnium
3235 3267 3430 3340 (Eccle.
3471 3285 3551 3338 x1,
3586 3269 3644 3340 5)

2135 3356 2185 3410 7.
2229 3356 2584 3412 Occullorum
2597 3355 2700 3412 Dei
2709 3356 3048 3425 judiciorum
3079 3360 3370 3432 exemplum
3393 3361 3446 3414 in
3460 3359 3684 3431 parruli

2061 3443 2172 3498 sine
2187 3444 2549 3516 baptismo,vel
2554 3451 2680 3517 post
2690 3447 2834 3517 bapti
2837 3446 3674 3505 s-mummorientibus.—Utenim

2062 3549 2235 3588 unum
2259 3548 2289 3586 e
2317 3532 2509 3588 multis
2530 3534 2740 3607 loquar,
2759 3535 2870 3591 duo
2892 3536 2959 3591 ad
2976 3535 3118 3594 hanc
3138 3537 3316 3593 lucem
3334 3536 3550 3609 parvuli
3574 3555 3595 3592 κ
3611 3554 3639 3593 e
3654 3561 3672 3572 ο

2063 3619 2346 3688 niunt,sed
2367 3621 2465 3676 uni
2483 3621 2647 3679 datur
2667 3633 2728 3678 ut
2745 3623 2812 3679 ad
2833 3623 3053 3696 redemp
3078 3625 3282 3680 tionem
3301 3642 3394 3697 per
3407 3626 3678 3698 baptisma

2064 3708 2267 3776 redeat,
2291 3710 2430 3765 alter
2475 3719 2601 3766 ante
2619 3711 2972 3768 subtrahitur
2987 3729 3098 3784 qua
3114 3730 3167 3767 m
3185 3713 3338 3768 hunc
3356 3730 3680 3785 regenerans

2064 3798 2212 3854 unda
2224 3800 2610 3869 perfundat.Et
2624 3817 2768 3870 saepe
2785 3801 3032 3857 ﬁdelium
3051 3803 3203 3858 ﬁlius
3218 3803 3336 3857 sine
3349 3803 3456 3858 ﬁde
3469 3804 3678 3874 rapitur

2064 3903 2204 3959 saepe
2225 3885 2537 3942 inﬁdelium
2555 3904 2820 3945 concesso
2841 3889 2973 3946 ﬁdei
2995 3900 3337 3948 sacramento
3357 3900 3674 3946 renovatur.

2064 3977 2170 4034 Sed
2199 3977 2429 4033 fortasse
2457 3977 2662 4050 aliquis
2692 3977 2842 4036 dicat
2875 3979 3025 4052 quod
3055 3979 3207 4036 hunc
3234 3981 3380 4037 Deus
3426 3990 3675 4038 acturum

2066 4085 2231 4140 prave
2260 4067 2427 4123 etiam
2456 4075 2579 4139 post
2618 4067 2898 4140 baptisma
2928 4078 3179 4136 noverat,
3212 4077 3266 4125 et
3315 4069 3522 4127 idcirco
3549 4087 3675 4126 eum

2065 4157 2134 4212 ad
2163 4156 2506 4228 baptismatis
2535 4158 2763 4228 gratiam
2795 4173 2908 4212 non
2958 4157 3245 4229 perducat.
3297 4159 3456 4226 Quod
3506 4161 3551 4215 si
3601 4159 3678 4216 ita

2065 4252 2394 4315 est,peccata
2412 4243 2780 4316 quorumdam
2804 4246 2996 4316 procul
3018 4245 3198 4302 dubio
3221 4247 3542 4320 priusquam
3564 4248 3678 4305 sint

2067 4342 2375 4405 perpetrata
2402 4334 2733 4405 puniuntur.
2765 4335 2840 4390 Et
2869 4335 2994 4408 quis
3025 4335 3130 4392 ista
3150 4347 3295 4393 recte
3326 4339 3568 4394 sentiens
3591 4337 3673 4393 di-

2066 4422 2214 4478 xerit
2242 4421 2373 4494 quia
2401 4422 2756 4492 ornnipotens
2784 4425 2950 4491 Deus,
2986 4425 3082 4495 qui
3114 4425 3256 4479 alios
3287 4442 3317 4480 a
3351 4426 3676 4498 perpetratis

1986 4477 2035 4534 Β
2064 4509 2406 4567 facinoribus
2436 4509 2653 4578 liberat,
2688 4511 2806 4566 haec
2836 4510 2892 4565 in
2920 4511 3047 4567 aliis
3076 4512 3242 4568 etiam
3275 4529 3385 4568 non
3403 4523 3678 4586 perpetra-

2066 4607 2121 4654 ta
2150 4597 2527 4655 condemnet?
2557 4599 2789 4654 Occulta
2819 4597 3006 4672 itaque
3035 4609 3167 4656 sunt
3194 4599 3312 4672 ejus
3337 4600 3584 4674 judicia;
3619 4610 3674 4656 et

2067 4697 2272 4761 quanta
2299 4687 2633 4744 obscuritate
2662 4697 2946 4760 nequeunt
2975 4689 3246 4762 conspici,
3283 4699 3434 4746 tanta
3475 4691 3678 4745 debent

2068 4776 2385 4833 humilitate
2415 4776 2685 4834 venerari.
2719 4777 2878 4834 Dicat
2909 4793 3036 4849 ergo
3060 4778 3345 4836 :Me-me-nto
3365 4777 3506 4846 quod
3533 4776 3677 4845 igno-

2066 4883 2151 4922 res
2179 4883 2310 4938 opus
2329 4865 2466 4937 ejus,
2497 4867 2560 4921 de
2587 4882 2689 4935 quo
2719 4867 3019 4922 cecinerunt
3045 4867 3176 4920 viri.
3202 4868 3284 4921 Ac
3313 4865 3359 4919 si
3389 4871 3575 4934 aperte
3595 4862 3677 4917 di-

2069 4963 2255 5010 ceret:
2288 4956 2367 5011 De
2399 4971 2508 5028 quo
2537 4954 2708 5010 fortes
2739 4956 2945 5028 quique
2981 4954 3153 5010 locuti
3189 4961 3337 5018 sunt,
3369 4948 3486 5020 ejus
3515 4967 3681 5022 opera

2070 5051 2178 5099 tua:
2207 5043 2406 5098 mentis
2426 5043 2602 5100 oculis
2621 5043 3056 5109 absconduntur,
3081 5041 3212 5114 quia
3231 5055 3545 5094 mensuram
3571 5047 3679 5098 tum

2077 5239 2188 5295 pra
2217 5221 2512 5301 oscitantis
2539 5222 2798 5292 legentes,
2830 5219 3088 5346 aplpa-ruit
3107 5235 3206 5290 pro
3233 5219 3452 5347 ageruit
3477 5236 3680 5302 corru-

2079 5300 2296 5347 nerunt.
2329 5292 2622 5347 Sequimur
2650 5293 2776 5347 Mss.
2811 5292 2887 5346 Ba
2915 5307 3021 5347 ur...
3055 5289 3236 5347 Colb..
3316 5307 3500 5347 ιιι-οη..
3527 5292 3677 5347 Vm-

2079 5289 2304 5365 perunt.
2329 5289 2622 5364 Sequimur
2650 5293 2776 5348 Mss.
2811 5289 3021 5357 Belua,
3055 5289 3236 5360 Golb.,
3265 5289 3500 5357 Turon.,
3527 5292 3677 5348 Vin-

2079 5363 2226 5430 doc.,
2257 5363 2470 5429 Norni.,
2503 5371 2606 5418 etc.

2157 5437 2168 5468 ¹
2206 5433 2457 5505 Longip.,
2479 5434 2574 5505 sedi
2587 5433 2758 5505 adhuc
2779 5433 3044 5505 quaeritur
3071 5434 3278 5505 species.

2158 5507 2177 5540 ε
2215 5503 2470 5578 Vindoc.,
2516 5504 2835 5578 Eliroiczet
2855 5503 2950 5559 alii
2979 5503 3192 5578 Norim,
3225 5505 3443 5578 spiculis
3489 5505 3678 5578 ﬁgunt.

2165 5579 2185 5611 ³
2216 5576 2491 5651 Omittunt
2521 5576 2704 5651 anima
2733 5575 2883 5651 E_dit.
2919 5575 3458 5651 recentiores—,Aquam
3490 5575 3680 5634 vocem

2093 5666 2175 5704 re\
2193 5648 2476 5705 ocavimus
2506 5663 2574 5701 ex
2603 5648 2730 5702 Mss.
2765 5647 2976 5715 Baluz.,
3009 5647 3188 5718 Colb.,
3223 5647 3470 5717 Ebroic.,
3503 5656 3610 5706 etc.
