4152 6182
506 281 610 338 403

1715 277 1965 334 SANCTI
2005 277 2344 334 GREGORII
2383 277 2608 333 MAGNI

3711 279 3807 337 404

507 408 718 466 notitia
767 422 833 464 eo
889 405 1008 478 ipso
1071 419 1180 478 quo
1235 401 1580 463 humanitate
1633 402 2104 461 circumscriberis
2130 403 2183 466 Α
2209 401 2348 461 dicit
2381 419 2392 458 :
2429 405 2560 460 Ecce
2579 401 2722 459 Deus
2748 417 2986 475 mgnus.
3021 401 3166 470 Quid
3199 412 3280 462 est
3310 403 3456 478 quod
3485 405 3554 462 de
3580 405 3694 463 Deo
3721 405 3809 462 lo-

505 504 812 554 transeunt.
843 495 1104 570 Sequitur
1135 512 1148 550 ε

975 585 1203 644 CAPUT
1231 587 1283 645 v
1314 586 1457 663 [Rec.
1501 585 1638 668 In].

576 679 721 738 856
755 674 926 732 Vnus.
977 675 1065 732 25.
1097 707 1168 718 —
1211 677 1400 734 Omnes
1445 675 1674 731 homines
1728 673 1907 730 vident
1965 689 2101 740 eum,

506 772 863 845 unusquisque
889 770 1123 826 intuetur
1143 771 1356 842 procul.

574 860 629 918 8.
659 862 801 918 Deus
829 861 1040 916 nonnisi
1061 860 1272 932 procul,
1303 859 1459 915 etiam
1487 858 1552 914 ab
1581 859 1752 915 electis
1778 860 2004 916 videtur.
2034 889 2106 901 —

505 953 701 1010 Omnis
726 951 894 1008 homo
921 968 986 1008 eo
1016 951 1136 1024 ipso
1164 966 1274 1024 quo
1305 949 1593 1007 rationalis
1621 959 1703 1006 est
1715 949 1994 1018 conditus,
2014 949 2104 1006 de-

507 1044 598 1102 bet
623 1060 695 1102 ex
723 1041 936 1100 ratione
963 1041 1221 1114 colligere
1248 1055 1374 1096 eum
1407 1039 1500 1112 qui
1541 1055 1598 1096 se
1633 1038 1882 1098 condidit
1929 1041 2104 1097 Deum

505 1149 640 1191 esse.
673 1131 846 1202 Quem
873 1129 1142 1188 nimirum
1184 1126 1300 1201 jam
1340 1126 1527 1184 videre
1569 1137 1652 1186 est
1694 1127 2104 1187 damnationem

506 1221 663 1280 illius
698 1222 716 1256 ¹
749 1217 1132 1278 ratiocinando
1175 1221 1510 1294 conspicere.
1544 1219 1682 1278 Cum
1714 1237 1845 1277 vero
1891 1218 2104 1276 dictum

506 1311 578 1368 sit
609 1329 622 1368 :
660 1311 849 1368 Omnes
876 1308 1111 1366 homines
1139 1309 1317 1365 vident
1343 1327 1478 1380 eum,
1529 1319 1672 1368 recte
1701 1308 2056 1382 subjungitur
2087 1321 2099 1360 ε

511 1400 876 1474 Unusquisque
903 1399 1140 1456 intuetur
1161 1401 1372 1472 procul.
1406 1400 1604 1456 Procul
1626 1399 1828 1473 quippe
1857 1413 1982 1454 eum
2015 1397 2105 1452 in-

504 1489 649 1548 tueri
682 1497 764 1548 est
813 1505 925 1548 non
948 1487 1064 1562 jam
1094 1487 1252 1544 illum
1301 1503 1396 1560 per
1442 1487 1678 1560 speciem
1721 1501 1961 1553 cernere,
2010 1483 2107 1540 sed

505 1580 688 1638 adhuc
714 1596 785 1637 ex
813 1580 930 1637 sola
956 1594 1183 1652 operum
1213 1592 1439 1633 suorum
1460 1575 1828 1633 admiratione
1856 1588 2106 1648 pensare.

505 1671 703 1730 Procul
733 1670 892 1727 illum
923 1668 1016 1727 hic
1045 1668 1212 1726 etiam
1242 1667 1403 1730 electi
1433 1667 1802 1740 conspiciunt,
1834 1664 1964 1739 quia
1984 1679 2106 1720 nec-

2213 509 2386 568 quens
2413 508 2537 550 ecce
2560 493 2716 562 dicit,
2749 503 2802 550 et
2822 510 2946 551 ecce
2977 493 3192 567 repetit,
3226 494 3335 550 nisi
3383 494 3532 569 quod
3559 511 3686 552 ecce
3714 493 3811 551 di-

2212 583 2390 640 cimus
2419 581 2486 639 de
2511 598 2575 638 ea
2602 599 2660 638 re
2688 599 2850 656 quam
2884 583 2940 639 in
2985 585 3239 656 praesenti
3284 593 3657 641 monstramus
3687 584 3716 640 7
3760 593 3814 642 et

2213 675 2344 748 quia
2371 676 2514 731 Deus
2542 673 2749 746 ubique
2778 690 3014 747 praesens
3042 684 3142 743 est,
3175 692 3300 732 cum
3317 675 3385 732 de
3414 675 3512 732 illo
3533 692 3656 734 ecce
3678 675 3816 734 dici-

2214 773 2324 833 tur,
2354 765 2518 822 etiam
2545 781 2656 820 non
2687 765 3004 822 videntibus
3032 764 3220 822 adesse
3266 775 3623 823 memoratur.
3668 767 3818 825 Bene

2213 864 2394 913 autem
2423 871 2549 912 eum
2584 855 2805 912 vincere
2834 855 3119 912 scientiam
3149 864 3392 912 nostram
3422 865 3630 924 narrat,
3653 873 3817 930 quem

2215 948 2392 1004 videri
2420 947 2490 1004 ab
2509 947 2769 1004 omnibus
2791 947 3031 1017 dixerat,
3059 947 3188 1021 quia
3209 949 3312 1005 etsi
3333 964 3403 1004 ex
3428 949 3644 1006 ratione
3662 966 3818 1007 cons-

2213 1038 2436 1111 picitur,
2470 1037 2790 1110 magnitudo
2819 1047 3001 1094 tamen
3049 1037 3202 1094 illius
3231 1037 3384 1094 nulla
3412 1039 3584 1096 nostri
3625 1055 3818 1097 sensus

2214 1126 2520 1184 subtilitate
2541 1135 2880 1200 penetratur.
2913 1125 3200 1200 Quidquid
3231 1143 3467 1200 namque
3482 1127 3550 1184 de
3569 1128 3819 1186 claritate

2213 1215 2330 1288 ejus
2359 1216 2759 1290 magnitudinis
2787 1217 3011 1284 scimus,
3045 1216 3188 1272 infra
3218 1217 3398 1288 ipsum
3429 1225 3545 1284 est;
3578 1227 3632 1275 et
3665 1226 3818 1274 tanto

2213 1305 2281 1363 ab
2310 1305 2429 1379 ejus
2457 1305 2688 1363 scientia
2716 1307 2876 1378 longe
2895 1305 3241 1378 repellimur,
3265 1315 3472 1380 quanto
3489 1304 3608 1380 ejus
3627 1315 3821 1379 poten-

2214 1395 2346 1451 tiam
2377 1411 2480 1451 nos
2507 1394 2989 1466 comprehendisse
3019 1395 3387 1467 suspicamur.
3412 1395 3544 1452 Nam
3561 1395 3819 1469 quamvis

2215 1482 2274 1538 in
2303 1484 2478 1540 altum
2500 1499 2654 1540 mens
2684 1493 2872 1541 nostra
2900 1485 3167 1558 rapiatur,
3187 1483 3305 1557 ejus
3333 1493 3517 1542 tamen
3544 1486 3818 1558 magnitu-

2214 1571 2366 1628 dinis
2394 1572 2763 1630 immensitate
2793 1575 3216 1632 transcenditur.
3247 1573 3417 1648 Cujus
3443 1584 3577 1632 tunc
3601 1573 3816 1648 aliquid

2213 1662 2372 1737 quasi
2398 1677 2469 1718 ex
2496 1671 2647 1734 parte
2675 1664 3073 1736 cognoscimus,
3105 1664 3320 1739 quando
3347 1681 3473 1722 eum
3501 1679 3600 1720 nos
3650 1663 3817 1737 digne

505 1761 637 1819 dum
668 1761 971 1819 claritatem
1005 1760 1158 1818 illius
1188 1761 1211 1796 ³
1239 1776 1336 1832 per
1363 1775 1593 1816 acumen
1623 1757 1836 1814 intima:
1869 1756 2105 1813 visionis
2135 1768 2182 1829 Β
2216 1767 2544 1827 cognoscere
2571 1767 2684 1807 non
2713 1768 2876 1825 posse
2896 1753 3191 1810 sentimus.
3218 1753 3478 1828 Sequitur
3511 1771 3524 1809 :

505 1849 944 1925 apprehendunt.
979 1849 1082 1908 Cui
1110 1848 1214 1906 etsi
1227 1845 1342 1920 jam
1375 1865 1470 1921 per
1497 1863 1739 1903 amorem
1765 1844 1928 1918 juxta
1956 1837 2107 1912 sunt,

506 1941 689 2000 adhuc
712 1950 898 2000 tamen
925 1939 994 1998 ab
1024 1939 1122 1996 illo
1153 1947 1381 1996 terrenae
1411 1936 1838 1994 inhabitationis
1867 1935 2111 2008 pondere

506 2030 608 2105 disj
617 2040 916 2105 unguntur;
937 2039 991 2087 et
1006 2028 1261 2105 quamvis
1281 2028 1332 2084 ei
1348 2027 1486 2084 bene
1515 2025 1758 2084 vivendo
1781 2025 2104 2096 inhaereant,
2123 2051 2133 2058 -

507 2140 539 2179 a
595 2120 1077 2196 contemplationis
1117 2117 1236 2192 ejus
1283 2117 1464 2192 specie
1509 2119 1670 2191 longe
1723 2135 1781 2175 se
1821 2133 1937 2174 esse
1992 2130 2136 2173 sus-'

508 2213 712 2287 pirant.
745 2195 919 2281 Quem
949 2209 1217 2267 nimirum
1249 2207 1468 2282 reprobi
1498 2207 1665 2264 etiam
1712 2223 1839 2264 cum
1870 2205 1938 2262 ad
1961 2195 2122 2278 judi?

507 2305 655 2364 cium
677 2303 990 2360 venientem
1015 2299 1274 2369 viderint,
1298 2299 1488 2372 procul
1510 2298 1816 2366 intuentur,
1846 2297 1976 2371 quia
1998 2311 2113 2354 non

509 2412 634 2454 eum
667 2394 726 2450 in
747 2391 1065 2450 divinitatis
1093 2391 1291 2460 forma,
1324 2388 1421 2448 sed
1443 2388 1501 2445 in
1531 2389 1649 2446 sola
1667 2403 1774 2462 qua
1792 2394 1846 2444 et
1864 2401 2107 2458 compre-

509 2485 680 2544 hendi
711 2484 894 2557 potuit
923 2483 1269 2540 humanitate
1297 2480 1671 2554 conspiciunt,
1687 2477 1819 2551 quia
1849 2475 2111 2534 videlicet

509 2592 698 2633 eorum
727 2576 918 2633 oculos
945 2573 1171 2629 reducta
1199 2582 1331 2630 tunc
1372 2571 1442 2628 ad
1491 2570 1811 2627 memoriam
1842 2586 1939 2625 sua
1969 2567 2109 2624 male

511 2675 660 2738 gesta
714 2665 1088 2730 reverberant,
1138 2671 1192 2718 et
1237 2661 1369 2718 dum
1420 2660 1540 2734 ejus
1587 2660 1989 2715 humanitatem
2028 2659 2108 2712 vi-

511 2755 663 2821 dent,
739 2752 897 2825 cujus
971 2750 1286 2808 divinitatis
1359 2749 1666 2806 claritatem
1724 2763 1835 2804 non
1893 2747 2105 2818 vident,

511 2843 654 2899 miro
682 2841 848 2899 modo
875 2841 944 2898 ab
973 2837 1092 2913 ejus
1120 2839 1335 2896 visione
1363 2854 1523 2913 quem
1553 2837 1904 2910 conspiciunt
1951 2837 2109 2910 longe

512 2932 670 2990 ﬁunt.
707 2929 846 3006 [Vet.
886 2929 1026 3006 HL]
1071 2928 1177 2988 Sed
1231 2945 1356 2988 cum
1387 2926 1592 2985 dicitur
1635 2945 1646 2983 :
1679 2926 1933 2985 Memento
1971 2929 2111 2997 quod

513 3023 718 3094 ignores
745 3038 877 3094 opus
904 3020 1038 3092 ejus,
1067 3035 1132 3078 ac
1150 3016 1350 3076 deinde
1378 3016 1734 3091 subjungitur
1765 3033 1776 3072 :
1806 3015 1992 3072 Omnes
2008 3015 2113 3070 ho-

2829 1840 3058 1898 CAPUT
3088 1843 3208 1900 VII.

2289 1932 2426 1989 Iun).
2482 1963 2553 1974 —
2581 1933 2845 1991 Numerus
2891 1951 3158 1991 annorum
3201 1935 3316 2006 ejus
3345 1936 3368 1972 ⁴
3409 1935 3821 1991 inmtimabilis.

2293 2026 2442 2086 857
2473 2022 2559 2080 10.
2589 2023 2730 2079 Deus
2758 2024 2870 2079 sine
2896 2023 3068 2096 spatio
3084 2025 3389 2091 immensus,
3420 2025 3534 2081 sine
3552 2023 3706 2080 initio
3725 2030 3830 2081 aut

2218 2121 2320 2194 [ine
2347 2125 2666 2177 wternus.—
2691 2119 2884 2178 Dicere
2911 2129 3197 2194 utcunque
3226 2122 3592 2178 aeternitatem
3613 2121 3824 2188 voluit,

2218 2220 2272 2268 et
2286 2211 2459 2282 ipsam
2481 2211 2802 2268 aeternitatis
2822 2209 3220 2284 longitudinem
3242 2227 3417 2268 annos
3431 2209 3830 2267 vocavit.Cum

2217 2300 2365 2356 enim
2393 2299 2718 2358 brevitatem
2766 2301 3032 2371 temporis
3073 2299 3313 2357 dilatare
3361 2300 3643 2366 volumus,
3693 2315 3831 2356 mo-

2219 2399 2401 2446 menta
2430 2407 2524 2462 per
2553 2390 2736 2458 horas,
2768 2390 2930 2446 horas
2959 2405 3056 2462 per
3092 2389 3230 2458 dies,
3285 2389 3404 2446 dies
3451 2405 3549 2462 per
3585 2405 3828 2456 menses,

2219 2496 2432 2538 menses
2457 2489 2640 2538 autem
2671 2496 2767 2550 per
2795 2496 2968 2537 annos
2997 2479 3520 2548 extendimus.Quia
3547 2495 3676 2552 ergo
3705 2496 3830 2552 per-

2218 2570 2462 2644 amplum
2493 2569 2760 2644 quiddam
2789 2568 2970 2626 dicere
2999 2569 3199 2635 Voluit,
3231 2568 3327 2624 sed
3356 2569 3490 2642 quid
3515 2569 3716 2628 diceret
3747 2571 3827 2628 la-

2219 2661 2329 2718 tius
2359 2677 2469 2717 non
2501 2659 2736 2728 invenit,
2769 2659 2791 2694 ⁵
2851 2659 2908 2715 in
2956 2659 3070 2714 Deo
3113 2673 3287 2714 annos
3316 2659 3433 2716 sine
3463 2660 3828 2719 astimatione

2219 2751 2434 2807 numeri
2454 2749 2868 2822 multiplicavit,
2897 2747 3090 2806 dicens
3111 2767 3122 2805 :
3146 2750 3412 2806 Numerus
3429 2766 3695 2806 annorum
3708 2749 3826 2820 ejus

2218 2839 2624 2908 incestimabilis,
2654 2848 2716 2896 ut
2743 2838 2876 2894 dum
2907 2855 2972 2897 ea
2999 2855 3121 2912 quae
3149 2839 3293 2911 apud
3327 2855 3384 2895 se
3428 2848 3556 2896 sunt
3603 2839 3828 2912 prolixa

2219 2929 2570 3001 multiplicat,
2602 2928 2928 2986 aternitatis
2979 2927 3377 3001 longitudinem
3406 2945 3464 2985 se
3491 2929 3675 2985 metiri
3704 2945 3826 2986 non

2219 3036 2374 3090 posse
2430 3018 2724 3075 inﬁrmitas
2771 3017 3017 3074 humana
3061 3026 3372 3090 cognoscat.
3411 3017 3592 3074 Tende
3635 3017 3825 3092 itaque

512 3111 676 3166 mines
702 3111 881 3166 vident
906 3127 1045 3178 eum,
1077 3125 1260 3181 quem,
1293 3110 1437 3166 sicut
1479 3106 1749 3174 diximus,
1801 3104 1989 3161 videre
2031 3113 2114 3160 est
2147 3129 2190 3187 ρ
2219 3108 2442 3164 oculum
2473 3109 2531 3163 in
2561 3107 2947 3176 mternitatem,
2977 3115 3040 3163 ut
3067 3105 3257 3163 videas
3284 3107 3572 3176 Deum,vel
3602 3106 3828 3180 quando

513 3197 988 3256 transcendentem
1037 3198 1226 3252 omnia
1271 3196 1388 3267 ejus
1433 3197 1725 3251 essentiam
1773 3210 1843 3248 ex
1899 3193 2112 3249 ratione

512 3288 790 3360 colligere,
819 3285 982 3342 valde
1011 3283 1328 3342 mirandum
1358 3294 1440 3340 est
1471 3283 1620 3356 quod
1643 3292 1699 3340 et
1727 3285 1906 3356 ipsum
1937 3284 2114 3340 cerni-

515 3393 656 3445 mus,
679 3385 734 3434 et
778 3374 897 3449 ejus
925 3391 1062 3448 opus
1091 3374 1428 3446 ignoramus.
1459 3373 1630 3430 Dubii
1659 3373 1862 3446 quippe
1900 3371 1968 3428 de
1997 3371 2114 3443 ejus

513 3465 749 3524 essentia
775 3481 888 3522 non
915 3479 1124 3532 sumus,
1149 3471 1203 3520 et
1228 3471 1412 3520 tamen
1434 3461 1492 3518 in
1511 3459 1631 3534 ejus
1640 3460 1872 3534 judiciis
1915 3461 2114 3518 incerti

515 3571 880 3612 remanemus.
911 3554 1065 3610 Patet
1093 3551 1253 3610 nobis
1281 3550 1428 3626 quod
1457 3568 1734 3609 summum
1764 3560 1864 3619 est,
1887 3551 2116 3609 abscon-

515 3645 668 3702 ditur
695 3643 845 3720 quod
873 3643 1190 3700 minimum.
1223 3643 1409 3699 Minus
1425 3643 1627 3716 quippe
1657 3651 1787 3700 sunt
1805 3641 1924 3716 ejus
1953 3657 2118 3715 opera

517 3751 680 3808 quam
711 3734 864 3808 ipse;
898 3742 952 3790 et
979 3742 1227 3808 agentem
1257 3733 1561 3802 cernimus,
1595 3731 1689 3789 sed
1719 3733 1776 3788 in
1793 3733 2009 3790 actione
2032 3748 2116 3788 ca-

518 3824 750 3896 ligamus
793 3839 805 3878 :
838 3823 969 3898 quia
996 3822 1256 3883 videlicet
1283 3839 1383 3881 cur
1413 3823 1548 3899 quid
1578 3824 1675 3881 ﬁat
1709 3823 1984 3884 incertum
2012 3832 2115 3891 est,

517 3912 611 3969 sed
639 3912 764 3986 quis
792 3913 864 3970 sit
905 3915 999 3988 qui
1031 3913 1148 3972 haec
1194 3915 1405 3972 incerta
1451 3914 1637 3984 faciat,
1685 3914 1958 3972 incertum
2006 3930 2117 3970 non

517 4011 618 4056 est.
648 4001 808 4056 Dicat
835 4018 962 4073 ergo
997 4021 1008 4058 :
1042 4004 1297 4061 Memento
1333 4003 1476 4073 quod
1505 4004 1714 4073 ignores
1742 4021 1874 4074 opus
1905 4003 2036 4072 ejus,
2059 4003 2120 4057 de

517 4103 620 4157 quo
634 4087 929 4141 cecinerunt
946 4091 1054 4143 viri
1073 4107 1091 4143 .·
1116 4093 1303 4146 Omnes
1327 4090 1558 4144 homines
1573 4090 1749 4144 vident
1773 4102 1914 4157 eum,
1945 4108 2121 4145 unus—

514 4171 736 4246 quisque
753 4173 986 4231 intuetur
995 4177 1586 4250 procul,quiaeum,cuj
1594 4194 1657 4232 us
1665 4173 1932 4248 judiciam
1950 4181 2124 4236 inime

517 4261 1177 4334 comprehendimus,esse
1199 4282 1294 4338 per
1309 4266 1575 4322 rationem
1597 4265 1870 4334 videmus;
1907 4266 1928 4303 ³
1959 4286 2119 4342 quem

520 4362 703 4408 tamen
731 4349 913 4412 adhuc
940 4355 1129 4428 procul
1158 4355 1456 4425 cernimus,
1488 4357 1614 4432 quia
1644 4355 1711 4413 ab
1742 4356 1858 4431 ejus
1887 4359 2124 4416 fortitu-

2221 3206 2302 3254 est
2327 3215 2359 3254 a
2387 3197 2679 3268 principio,
2713 3196 2801 3251 vel
2832 3211 3136 3270 quousque;
3162 3198 3185 3232 ⁵
3206 3205 3261 3253 et
3288 3213 3560 3270 nusquam
3588 3195 3717 3252 ﬁnis
3736 3213 3828 3253 su-

2225 3285 2423 3358 perior,
2456 3285 2586 3358 quia
2601 3299 2718 3342 esse
2746 3301 2858 3341 non
2890 3284 3108 3358 incipit;
3134 3301 3404 3357 nusquam
3425 3285 3554 3343 ﬁnis
3574 3285 3826 3357 inferior,

2223 3374 2352 3448 quia
2370 3389 2486 3430 esse
2515 3390 2626 3430 non
2644 3372 2870 3430 desinit.
2890 3374 3040 3430 Intra
3058 3374 3241 3446 ipsum
3265 3375 3451 3432 omnia
3466 3383 3826 3447 coangustan-

2223 3473 2333 3532 tur,
2381 3465 2498 3537 ipse
2545 3479 2676 3520 vero
2719 3463 2866 3520 circa
2891 3463 3082 3520 omnia
3109 3464 3234 3521 sine
3281 3465 3455 3538 spatio
3483 3463 3824 3532 extenditur,

2225 3553 2342 3610 sine
2371 3554 2490 3610 loco
2520 3553 2800 3612 dilatatur.
2833 3555 2972 3612 Ecce
3001 3563 3200 3612 cuncta
3245 3570 3364 3628 quas
3408 3553 3551 3612 facta
3579 3562 3729 3622 sunt,
3761 3569 3828 3610 ea

2225 3643 2342 3716 ipsa
2393 3643 2902 3717 circumscriptione
2930 3659 3038 3717 qua
3066 3652 3247 3701 creata
3274 3653 3420 3713 sunt,
3452 3643 3723 3718 superiori
3773 3649 3828 3702 et

2227 3733 2479 3790 inferiori
2508 3734 2615 3790 ﬁne
2643 3733 2962 3806 cinguntur.
2985 3732 3125 3805 Lege
3144 3734 3292 3791 enim
3323 3749 3440 3802 sua,
3463 3735 3483 3769 ⁷
3515 3734 3646 3806 quia
3664 3750 3695 3790 a
3714 3749 3824 3788 non

2227 3841 2343 3882 esse
2373 3825 2666 3897 incipiunt,
2703 3825 2965 3882 festinant
2993 3839 3104 3880 non
3133 3841 3268 3881 esse.

2302 3917 2386 3972 11.
2421 3917 2875 3982 Quaedamaeterna
2899 3913 3089 3984 futura
3113 3920 3257 3979 sunt,
3278 3915 3366 3970 sed
3393 3929 3500 3970 non
3516 3912 3829 3984 fuerunt.—

2229 4005 2334 4064 Sed
2363 4003 2612 4079 quaedam
2644 3996 2974 4060 mirabiliter
3001 4013 3334 4075 acceperunt
3365 4013 3425 4061 ut
3468 4004 3721 4076 quamvis
3765 4019 3831 4060 ea

2227 4094 2356 4152 ﬁnis
2384 4094 2634 4166 superior
2664 4093 2907 4161 inchoat,
2935 4093 3062 4150 ﬁnis
3093 4103 3277 4150 tamen
3303 4093 3536 4151 inferior
3551 4109 3661 4150 non
3685 4109 3828 4150 con-

2229 4184 2496 4255 stringat;
2529 4191 2582 4238 et
2610 4182 2740 4239 licet
2767 4198 2884 4240 esse
2915 4183 3206 4255 incipiant,
3239 4199 3356 4240 esse
3389 4183 3446 4240 in
3503 4190 3824 4256 perpetuum

2231 4290 2341 4330 non
2371 4273 2656 4330 desistant.
2683 4273 2890 4329 Horum
2922 4290 3054 4330 vero
3075 4274 3353 4333 aeternitas
3374 4273 3583 4332 idcirco
3601 4290 3830 4330 summa)

2230 4371 2311 4419 est
2339 4361 2634 4420 aeternitati
2661 4361 2975 4432 dissimilis,
3014 4365 3143 4438 quia
3162 4373 3368 4421 aeterna
3395 4381 3511 4422 esse
3529 4372 3833 4436 cmperunt.

519 4441 648 4496 dine
668 4439 863 4498 nubilo
882 4443 1786 4520 inﬁrmitatisnostraseparamur.
1819 4448 2109 4523 Sequitur:
2145 4487 2194 4546 D
2231 4452 2368 4510 Cum
2415 4453 2484 4510 ad
2522 4460 2768 4514 extrema
2814 4453 3208 4527 prospicimus,
3253 4453 3456 4512 horum
3503 4453 3692 4522 ﬁnem,
3740 4453 3837 4527 qui

973 4532 1204 4592 CAPUT
1236 4535 1309 4593 VI
1341 4533 1486 4610 [Rec.
1520 4536 1649 4612 IV].

593 4618 763 4678 Vnus.
804 4620 894 4679 26.
916 4653 987 4665 —
1015 4626 1148 4682 Ecce
1173 4625 1315 4682 Deus
1353 4644 1574 4700 magnus
1600 4627 1807 4683 vincens
1852 4630 2122 4684 scientiam

519 4717 780 4771 nostram.

589 4806 644 4863 9.
676 4805 756 4862 De
780 4805 890 4864 Deo
907 4813 1028 4863 tunc
1056 4813 1259 4863 tantum
1272 4808 1482 4880 aliquid
1509 4809 1798 4881 intelligere
1817 4809 2120 4882 incipimus,

520 4915 638 4954 cum
665 4915 787 4955 eum
813 4916 909 4956 nos
936 4899 1090 4972 digne
1114 4914 1414 4970 cognoscere
1442 4916 1549 4954 non
1571 4916 1724 4972 posse
1751 4899 2019 4956 sentimus.
2053 4932 2122 4943 —

521 4989 785 5061 Superius
811 4989 1031 5048 dixerat
1063 5006 1076 5046 :
1107 4989 1240 5046 Ecce
1266 4987 1408 5045 Deus
1434 4990 1705 5058 excelsus;
1739 5005 1886 5047 nunc
1915 4989 2118 5047 iterum

601 5182 617 5216 ¹
649 5181 812 5252 Deest
856 5183 1224 5239 ratiocinando
1271 5182 1328 5239 in
1360 5182 1570 5250 Baluz.,
1620 5183 1788 5252 Utic.,
1827 5182 2024 5240 Pratol.
2056 5203 2120 5242 ac

527 5250 598 5306 al.
628 5251 820 5308 Norm.

600 5321 872 5405 ﬁght-oio.
902 5333 957 5405 et
977 5326 1153 5405 plur,
1171 5343 1514 5405 pernacumen
1545 5328 1693 5405 illius
1723 5327 1939 5385 intimw.

603 5393 624 5424 ³
653 5391 956 5473 Edit._vet_._
976 5391 1146 5452 Paris;
1171 5391 1249 5473 'et
1271 5397 1461 5473 Basil.,
1510 5399 1739 5473 aliaeque
1770 5402 2117 5473 posteriores,

527 5477 686 5547 quem
709 5467 852 5547 tanto
865 5465 1036 5547 aditus
1051 5470 1250 5547 procul
1276 5465 1559 5536 cernimus,
1579 5465 1861 5547 quentia!)
1877 5473 1988 5541 ejus
2007 5465 2118 5547 fori

531 5532 771 5598 titudine,
799 5541 904 5589 etc.
934 5532 1248 5595 Lecﬁonem
1281 5549 1522 5597 nostram
1541 5532 1714 5598 uuam
1756 5532 2026 5598 Gussanv'.
2061 5543 2117 5598 in

528 5621 699 5683 marg.
731 5607 1037 5683 annotavit,
1070 5611 1490 5683 suppeditarunt
1535 5607 1664 5668 Mss.
1699 5613 1909 5683 Baluz.,
1933 5614 2113 5682 Colb.,

530 5675 792 5754 Vindoc.,
828 5675 1084 5754 Longip.,
1115 5675 1361 5754 Ebroi_c.,
1394 5683 1596 5754 aliique
1627 5684 1886 5740 Norman.

606 5751 620 5784 ⁵
655 5751 881 5814 Turon.,
917 5749 1336 5806 innumerabilis.

2226 4543 2452 4598 omnino
2473 4543 2644 4612 deest,
2667 4559 2777 4600 non
2825 4542 3369 4615 comprehendimus;
3416 4559 3609 4601 eorum
3653 4551 3836 4599 tamen

2229 4633 2391 4690 initia
2404 4634 2832 4703 cernimus,cum
2854 4642 3093 4690 mentem
3113 4643 3260 4692 retro
3281 4639 3686 4698 revocamus;et
3703 4630 3834 4686 dum

2232 4724 2290 4781 in
2315 4725 2394 4781 eis
2419 4723 2566 4782 infra
2589 4740 2862 4797 supraque
2880 4725 3135 4782 animum
3152 4723 3432 4792 ducimus,
3455 4738 3568 4779 non
3589 4723 3839 4795 capimus

2229 4814 2457 4871 omnino
2509 4829 2792 4887 quousque
2821 4823 2970 4882 sunt,
3008 4814 3101 4870 sed
3132 4813 3384 4870 videmus
3417 4827 3490 4868 ex
3518 4827 3650 4885 quo.
3694 4811 3839 4867 Deus

2228 4913 2410 4960 autem
2442 4903 2572 4976 quia
2599 4901 2755 4976 quasi
2803 4901 3070 4976 quiddam
3128 4904 3187 4959 in
3227 4919 3294 4960 eo
3339 4918 3434 4974 per
3475 4899 3834 4958 aeternitatem

2229 4991 2453 5064 longum
2485 4999 2586 5059 est,
2625 4990 2772 5063 quod
2800 5006 2903 5048 nec
2931 4991 3094 5052 initio
3137 4991 3338 5060 oritur,
3387 5006 3489 5048 nec
3516 4989 3631 5064 ﬁne
3653 4987 3838 5046 termi-

2301 5189 2322 5224 ⁵
2353 5187 2529 5256 Editi,
2561 5187 2676 5244 ideo
2704 5205 2892 5262 annos,
2925 5189 3113 5262 proin
3133 5190 3240 5262 Deo
3265 5207 3279 5255 ;
3315 5187 3607 5262 legendum
3637 5203 3754 5262 esse
3785 5187 3834 5241 in

2229 5260 2338 5315 Deo
2369 5260 2906 5334 persuaseruptMss.
2929 5259 3114 5334 Colb.,
3136 5259 3589 5334 Baluz.,;Anglic.
3621 5268 3675 5316 et
3703 5259 3837 5334 ﬁor-

2231 5329 2403 5403 manf,
2440 5347 2652 5388 necnon
2683 5329 2912 5389 Codices
2945 5349 2977 5403 a
3004 5329 3276 5390 GuSsanv.
3332 5329 3486 5399 visi;
3511 5346 3583 5403 ex
3635 5329 3840 5403 quibus

2228 5401 2609 5477 depromptam
2642 5403 2932 5460 lectionem
2963 5402 3109 5477 hanc
3134 5403 3372 5477 margini
3387 5401 3700 5477 inscripsit.

2301 5475 2322 5558 ξ
2349 5474 2608 5558 [ίοιιεξριζ
2635 5480 2682 5527 et
2706 5491 2968 5558 nusquum
2999 5474 3278 5558 invenitur
3294 5475 3422 5558 ﬁnis
3435 5475 3704 5558 superior.

2299 5545 2318 5580 ⁷
2351 5543 2680 5618 νβιξΕᾶὶῐη
2711 5543 2837 5616 quid
2863 5547 2986 5602 dum
3014 5565 3120 5603 esse
3142 5543 3420 5618 incipiunt.
3451 5543 3622 5602 Gilot.
3646 5553 3700 5618 et
3717 5543 3836 5600 alia

2227 5632 2260 5741 Ι)
2285 5616 2570 5683 ›δῐθι“ἱοι·θ8,
2602 5633 2706 5698 qua
2721 5615 2854 5673 fante
2881 5637 2985 5675 esse
3014 5615 3290 5689 incipiunt.
3315 5617 3651 5690 Corruptum
3685 5615 3836 5696 hunc

2248 5704 2406 5741 ocum
2441 5704 2757 5741 sanavimus
2776 5707 2878 5741 one
2893 5691 3044 5741 Mss...
3064 5690 3308 5741 maxime
3329 5687 3836 5741 Vindoc..Ebrmc.

2248 5704 2280 5741 0

2284 5704 2406 5767 cum
2441 5685 2757 5767 sanavimus
2776 5707 2878 5762 ope
2893 5691 3044 5758 Mss.,
3064 5685 3308 5748 maxime
3329 5685 3568 5749 Vindoc.
3580 5685 3836 5758 ,Ebroic.

2224 5767 2278 5814 et
2307 5759 2546 5815 aliorum
2569 5759 2831 5818 Normani
