4152 6182
400 254 508 311 405

1120 248 1494 309 MORALIUM
1542 254 1677 310 LIB.
1720 253 1950 310 XXVII.
1993 281 2066 296 ---
2100 254 2171 315 IN
2210 254 2438 312 CAPUT
2480 255 2717 312 XXXVI
2758 258 2818 312 B.
2860 257 3001 314 JOB.

3612 261 3716 317 406

401 390 590 451 natur,
622 397 725 439 nec
766 396 836 437 ex
879 395 989 453 quo
1032 381 1091 437 in
1136 383 1429 456 semetipso
1469 385 1686 458 recipit,
1738 403 1839 444 nec
1876 403 2008 460 quo-
2036 392 2084 452 A
2115 397 2299 447 menta
2324 389 2641 447 tacuissent.
2676 387 2870 445 Stellae
2898 406 3027 462 ergo
3069 393 3272 464 pluviae
3319 392 3625 465 abscondit,
3660 406 3715 453 et

402 489 599 547 usque,
629 471 844 529 dicatur
870 486 1032 543 ergo:
1064 471 1331 529 Numerus
1358 491 1625 531 annorum
1661 475 1775 545 ejus
1802 477 2013 532 incesti-

405 563 635 619 mabilis.
668 562 772 618 Per
802 560 907 618 hoc
932 578 1060 634 ergo
1089 562 1236 636 quod
1265 579 1535 620 annorum
1569 566 1721 622 illius
1750 581 2011 623 numerus

400 652 628 719 dicitur,
662 650 945 708 diutinum
976 651 1095 724 ejus
1124 669 1240 709 esse
1267 654 1593 711 ostenditur.
1626 656 1729 712 Per
1756 655 1863 713 hoc
1880 674 2011 713 vero

403 741 550 817 quod
580 740 991 796 inaestimabilis
1020 751 1374 811 memoratur,
1408 744 1514 802 hoc
1543 745 1721 818 ipsum
1744 762 1859 803 esse
1888 746 2013 802 inii-

402 835 579 891 nitum
612 842 668 889 et
699 832 1258 904 incomprehensibile
1287 834 1713 894 demonstratur.
1746 838 1850 894 Sed
1882 838 2011 911 quia

401 924 662 982 humanis
686 922 968 979 mentibus
984 923 1649 996 innotescatagnovimus,
1671 927 1803 983 dum
1820 944 2010 983 omnes

400 1015 657 1073 homines
687 1014 879 1070 vident
900 1031 1026 1070 eum
1048 1032 1061 1080 ;
1094 1023 1147 1070 et
1175 1015 1306 1087 quia
1324 1014 1443 1087 ejus
1462 1016 1897 1087 magnitudinem
1919 1018 2009 1074 ad-

400 1104 665 1160 mirantes
694 1104 993 1171 cernimus,
1028 1103 1161 1159 dum
1193 1120 1462 1161 annorum
1491 1105 1608 1178 ejus
1638 1124 1899 1163 numerus
1928 1107 2010 1162 in-

400 1195 747 1252 aestimabilis
778 1194 1032 1262 habetur,
1066 1204 1233 1252 restat
1265 1194 1382 1269 jam
1428 1206 1488 1253 ut
1532 1198 1696 1254 etiam
1728 1198 1860 1272 quid
1889 1209 2011 1271 agat

399 1284 711 1342 audiamus.
745 1285 1007 1358 Sequitur
1031 1302 1043 1341 :

711 1399 941 1457 CAPUT
990 1400 1117 1456 VIII
1149 1399 1288 1473 [Vet.
1322 1403 1422 1471 IV,
1452 1403 1571 1458 Rec.
1615 1402 1702 1476 VJ.

470 1511 644 1567 Vnus.
677 1510 767 1567 27.
800 1541 870 1551 —
903 1511 1006 1578 Qui
1035 1509 1412 1580 aufertstellas
1429 1512 1630 1584 pluviae
1657 1516 1696 1580 ⁸,
1728 1517 1777 1568 et
1794 1511 2014 1583 effundit

402 1598 595 1655 imbres
623 1599 695 1654 ad
724 1598 899 1652 instar
924 1598 1212 1669 gurgitum.

475 1688 558 1745 I2.
613 1688 794 1745 Sancti
832 1688 1157 1760 patriarchw
1195 1694 1245 1743 et
1277 1690 1549 1761 propheta:
1594 1690 1757 1744 stellce
1794 1688 2013 1759 fuerunt

397 1779 639 1851 pluviam
666 1785 986 1850 generantes.
1020 1809 1087 1819 ν·
1131 1779 1252 1834 Duo
1283 1778 1339 1834 in
1374 1778 1476 1835 hac
1505 1779 1621 1834 vita
1651 1787 1781 1833 sunt
1815 1794 2012 1849 genera

394 1866 676 1939 justorum
699 1887 709 1923 :
744 1884 915 1924 unum
950 1867 1210 1924 videlicet
1225 1867 1363 1924 bene
1384 1868 1717 1935 viventium,
1741 1867 1835 1923 sed
1857 1867 2010 1922 nulla

404 1958 757 2025 docentium;
802 1957 954 2014 aliud
986 1974 1115 2015 vero
1161 1968 1307 2015 recte
1354 1957 1685 2026 viventium,
1738 1965 1791 2013 et
1819 1956 2008 2012 eadem

400 2058 549 2105 recta
579 2048 914 2116 docentium,
966 2049 1109 2105 sicut
1151 2056 1204 2104 et
1236 2049 1293 2105 in
1339 2048 1467 2105 caeli
1499 2046 1640 2104 facie
1682 2047 1804 2103 aliae
1834 2046 2007 2115 stella;

402 2137 673 2209 prodeunt
700 2153 835 2210 quas
864 2136 1032 2191 nullae
1053 2136 1256 2209 pluviae
1280 2136 1711 2211 subsequuntur,
1737 2135 1857 2191 aliae
1888 2152 2007 2208 pro-

400 2224 570 2281 dcunt
602 2242 723 2299 quae
753 2235 996 2281 arentem
1028 2234 1229 2281 terram
1259 2225 1472 2297 magnis
1502 2225 1776 2282 imbribus
1809 2224 2009 2280 infun-

399 2315 556 2372 dunt.
588 2316 763 2389 Igitur
791 2316 1009 2390 quoties
1040 2316 1097 2370 in
1126 2324 1313 2373 sancta
1342 2316 1590 2373 Ecclesia
1615 2325 1761 2373 recte
1783 2315 2006 2397 quidam

402 2406 621 2474 vivunt,
658 2405 754 2462 sed
782 2413 965 2461 tamen
998 2405 1294 2477 praedicare
1327 2405 1573 2462 eamdem
1613 2404 2007 2462 rectitudinem

396 2495 675 2563 nesciunt,
725 2495 896 2550 stella
927 2494 1150 2566 quidem
1181 2502 1331 2561 sunt,
1364 2495 1460 2550 sed
1498 2496 1557 2548 in
1586 2494 1833 2550 siccitate
1870 2494 2008 2549 aeris

396 2593 575 2648 natae;
610 2583 741 2654 quia
770 2597 864 2651 per
893 2581 1210 2651 exemplum
1230 2580 1370 2635 bene
1392 2581 1617 2637 vivendi
1648 2582 1829 2637 lucere
1854 2590 2007 2638 cate-

398 2672 482 2726 ris
511 2678 763 2742 possunt,
817 2669 911 2725 sed
960 2686 1056 2741 per
1100 2669 1505 2741 praedicationis
1547 2670 1772 2727 verbum
1824 2672 2007 2742 pluere

401 2767 708 2830 nequeunt.
737 2756 871 2814 Cum
897 2774 1027 2813 vero
1049 2758 1105 2812 in
1134 2775 1195 2813 ea
1215 2758 1435 2831 quidam
1465 2767 1517 2814 et
1538 2766 1683 2815 recte
1713 2759 1930 2828 vivunt,
1956 2769 2009 2815 et

394 2849 524 2905 aliis
550 2848 799 2904 eamdem
832 2848 1223 2905 rectitudinem
1256 2850 1436 2906 verbis
1464 2850 1875 2923 praedicationis
1911 2852 2009 2906 in-

397 2938 599 3005 ﬂuunt,
631 2937 787 3011 quasi
821 2936 889 2993 ad
932 2938 1286 3010 proferendas
1327 2939 1544 3012 pluvias
1582 2940 1640 2996 in
1668 2941 1806 2997 coelo
1836 2941 2008 2997 stellae

395 3028 799 3101 producuntur,
832 3044 952 3101 quae
996 3028 1077 3084 sic
1109 3028 1237 3084 vita:
1281 3046 1392 3085 suae
1422 3030 1638 3086 meritis
1666 3032 1904 3100 luceant,
1948 3039 2007 3087 ut

2119 479 2189 534 ad
2203 480 2376 535 instar
2395 480 2670 551 gurgitum
2687 477 2891 534 imbres
2910 479 3076 549 fudit,
3099 482 3227 554 quia
3244 483 3376 540 dum
3398 485 3715 557 praedicato-

2121 584 2206 624 res
2236 569 2371 639 legis
2400 568 2467 625 ad
2497 578 2704 625 secreta
2745 576 2798 624 et
2839 569 3037 625 intima
3065 572 3277 638 retulit,
3317 590 3414 643 per
3443 574 3592 631 dicta
3620 591 3716 632 se-

2120 658 2405 729 quentium
2439 659 2660 714 uberior
2686 658 2773 714 vis
2800 659 3208 730 praedicationis
3237 664 3531 721 emanavit.

2193 745 2331 818 [Vet.
2374 748 2457 821 V.]
2496 748 2575 803 14.
2610 750 2736 804 Post
2781 750 3069 820 apostolos,
3102 750 3269 805 sancti
3305 752 3493 807 Patres
3516 755 3715 810 doctri-

2118 852 2241 891 nam
2268 854 2477 893 sacram
2504 846 2791 894 auxerunt.
2823 870 2895 881 —
2914 840 3147 895 Possunt
3174 857 3391 913 quoque
3419 858 3514 913 per
3533 844 3716 901 stellas

2120 926 2342 998 pluviae,
2375 928 2547 984 sancti
2590 928 2821 999 apostoli
2865 928 3158 1000 designari,
3190 929 3257 986 de
3287 930 3488 1002 quibus
3516 932 3715 988 Iudaeae

2120 1017 2419 1089 reprobatae
2470 1033 2563 1089 per
2607 1019 2899 1074 Jeremiam
2952 1019 3193 1076 dicitur:
3253 1022 3542 1077 Prohibin
3595 1031 3719 1079 sunt

2118 1109 2281 1162 stellae
2303 1108 2613 1178 pluviarum
2645 1109 2686 1174 ³,
2718 1115 2767 1162 et
2793 1110 3053 1164 serotinus
3088 1110 3108 1144 ³
3140 1110 3305 1166 imber
3343 1128 3449 1166 non
3477 1112 3585 1182 fuit
3613 1112 3721 1183 (Je-

2116 1214 2246 1251 rem.
2280 1214 2364 1263 III,
2397 1197 2475 1267 3).
2510 1197 2704 1253 Stellas
2723 1215 2851 1269 ergo
2874 1199 3074 1271 pluviae
3095 1199 3362 1256 Dominus
3384 1204 3404 1237 ⁸
3425 1201 3714 1271 abstraxit,

2118 1296 2279 1360 atque
2307 1288 2376 1343 ad
2405 1288 2580 1343 instar
2607 1290 2882 1360 gurgitum
2914 1289 3119 1347 imbres
3150 1290 3315 1360 fudit,
3346 1293 3476 1365 quia
3503 1309 3628 1349 cum
3650 1292 3719 1349 de

2119 1376 2305 1431 Judaea
2334 1376 2691 1448 praedicantes
2708 1380 2981 1450 apostolos
3004 1380 3250 1449 abstulit,
3281 1381 3533 1437 doctrina
3560 1399 3715 1438 novae

2120 1465 2303 1537 gratiae
2337 1466 2604 1522 mundum
2649 1466 2867 1539 rigavit.
2901 1468 3058 1535 Quod
3100 1478 3395 1542 utrumque
3423 1471 3626 1526 factum
3660 1470 3718 1525 in

2118 1556 2365 1611 Ecclesia
2411 1565 2590 1628 potest
2636 1573 2749 1613 non
2798 1557 3254 1615 inconvenienter
3300 1558 3556 1631 intelligi,
3590 1560 3720 1633 quia

2120 1662 2245 1701 cum
2276 1645 2471 1701 solutis
2491 1646 2813 1718 corporibus
2834 1648 2903 1704 ad
2922 1658 3158 1704 secretos
3186 1664 3546 1720 supernorum
3563 1649 3718 1705 sinus

2044 1751 2090 1810 Β
2119 1735 2490 1807 apostolorum
2518 1736 2731 1791 animas
2762 1738 2970 1804 retulit,
2995 1739 3149 1811 quasi
3178 1755 3207 1794 a
3228 1739 3352 1795 cceli
3374 1739 3512 1795 facie
3532 1738 3718 1795 stellas

2118 1824 2321 1897 pluviae
2354 1825 2663 1882 abscondit.
2697 1826 2801 1882 Sed
2832 1828 3027 1884 ablatis
3056 1829 3231 1885 stellis
3261 1829 3487 1901 pluviae,
3519 1829 3575 1884 in
3605 1845 3716 1883 mo-

2119 1930 2231 1969 rem
2263 1912 2538 1986 gurgitum
2571 1915 2591 1949 ⁵
2625 1914 2827 1970 imbres
2856 1914 3027 1984 dedit,
3052 1917 3181 1988 quia
3201 1918 3363 1972 etiam
3388 1908 3629 1974 reductis
3649 1916 3715 1973 ad

2117 2019 2352 2074 superna
2381 2002 2660 2075 apostolis,
2692 2021 2789 2076 per
2817 2006 3194 2076 expositorum
3224 2007 3573 2078 sequentium
3597 2006 3719 2062 lin-

2117 2108 2268 2163 guas,
2299 2092 2504 2149 divinae
2535 2092 2739 2149 ﬂuenta
2766 2094 3009 2151 scientia:
3038 2094 3136 2151 diu
3156 2094 3475 2152 abscondita
3495 2096 3715 2168 largiori

2117 2182 2382 2238 eﬂ‘usione
2399 2184 2674 2255 patefecit.
2697 2185 2831 2241 Nam
2855 2184 3003 2258 quod
3030 2186 3114 2240 illi
3135 2184 3237 2240 sub
3257 2184 3525 2243 brevitate
3545 2187 3715 2243 locuti

2117 2284 2264 2345 sunt,
2289 2275 2394 2332 hoc
2408 2276 2732 2349 exponendo
2752 2276 2844 2332 isti
2864 2275 3248 2348 multipliciter
3263 2277 3715 2335 auxerunt.Unde

2116 2374 2169 2422 ct
2198 2382 2310 2422 non
2338 2366 2617 2424 immerito
2643 2368 2762 2439 ipsa
2780 2367 3157 2440 expositorum
3188 2365 3507 2439 praedicatio
3537 2367 3714 2439 gurgi-

2120 2458 2267 2515 tibus
2312 2468 2694 2532 comparatur:
2741 2460 2871 2533 quia
2898 2459 3030 2515 dum
3061 2458 3362 2515 multorum
3397 2458 3716 2530 praeceden-

2116 2549 2256 2606 tium
2278 2549 2425 2607 dicta
2445 2550 2735 2623 colligunt,
2769 2552 2874 2625 ipsi
2891 2551 2949 2607 in
2969 2567 3033 2607 eo
3053 2549 3200 2625 quod
3221 2559 3475 2607 astruunt
3492 2549 3714 2623 profun-

2116 2638 2241 2695 dius
2288 2640 2609 2697 dilatantur.
2660 2642 2796 2697 Nam
2843 2641 2975 2697 dum
3022 2639 3340 2697 testimOnia
3386 2638 3716 2695 testimoniis

2111 2727 2372 2801 jungunt,
2418 2732 2573 2804 quasi
2621 2748 2690 2787 ex
2721 2732 2889 2803 guttis
2936 2730 3176 2804 gurgites
3206 2718 3437 2787 faciunt.
3469 2721 3711 2797 Qubrum

2119 2818 2301 2873 verbis
2329 2818 2459 2875 dum
2492 2820 2739 2893 quotidie
2770 2820 3049 2893 gentilitas
3077 2820 3324 2887 docetur,
3359 2819 3488 2891 quia
3514 2836 3715 2890 pecca—

2116 2914 2297 2963 torum
2330 2926 2483 2966 mens
2511 2912 2784 2966 ccclestem
2816 2910 3102 2966 scientiam
3133 2908 3353 2981 accipit,
3384 2910 3536 2980 quasi
3566 2917 3715 2963 stans

2118 2996 2174 3050 in
2203 3004 2351 3052 terra
2378 3013 2518 3070 aqua
2559 3000 2798 3071 gurgites
2840 2999 3099 3054 ostendit.
3150 2998 3256 3055 Sed
3286 3013 3629 3070 nequaquam
3658 3014 3714 3051 se

405 3084 595 3174 etiamr
620 3084 871 3173 sermone
900 3116 1311 3189 praedicationis
1340 3119 1552 3191 pluant.
1573 3084 2007 3177 ’hoc
2038 3116 2080 3175 C
2116 3084 2323 3141 Eisdem
2372 3088 2642 3191 δροδίῗϋδ,
2672 3088 3012 3191 ίῗῖῳοῗὴοτθδ
3056 3088 3113 3143 in
3142 3086 3711 3191 sfie“‘§3.9”‘3f°”?""

399 3208 536 3264 caelo
566 3215 776 3263 astrum
806 3207 1007 3279 pluviae
1050 3208 1267 3280 Moyses
1310 3208 1542 3277 exstitit,
1577 3214 1721 3272 858
1752 3210 1846 3283 qui
1875 3227 2001 3266 cum

398 3303 465 3360 de
485 3304 739 3380 supernis
769 3304 1014 3373 emicuit,
1047 3305 1207 3361 corda
1254 3306 1597 3378 peccantium
1647 3308 1802 3381 quasi
1851 3324 2003 3365 aren-

399 3402 507 3451 tem
539 3393 773 3450 inferius
800 3400 1002 3449 terram
1051 3404 1251 3451 sanctae
1280 3395 1686 3453 exhortationis
1714 3398 1907 3469 pluvia
1935 3399 2003 3455 ad

399 3482 701 3540 ubertatem
734 3482 997 3556 germinis
1036 3483 1293 3540 infudit?
1333 3485 1535 3541 Annon
1583 3486 1749 3542 Isaias
1795 3495 1999 3542 astrum

397 3573 602 3645 pluviae
631 3579 879 3629 ostensus
910 3580 1009 3639 est,
1044 3573 1137 3645 qui
1185 3573 1242 3627 in
1272 3590 1336 3629 eo
1365 3574 1515 3647 quod
1545 3575 1721 3631 lucem
1755 3575 2005 3632 veritatis

398 3663 711 3735 praevidens
738 3664 936 3731 tenuit,
969 3664 1276 3720 siccitatem
1295 3663 1605 3720 inﬁdelium
1627 3663 2004 3738 prophetando

401 3754 736 3811 annuntians
784 3753 1036 3827 rigavit?
1083 3753 1286 3808 Annon
1329 3753 1592 3808 Jeremias
1628 3762 1682 3809 et
1724 3753 2006 3826 prophetae

397 3842 607 3911 caeteri,
644 3844 796 3899 velut
816 3844 874 3899 in
895 3843 1035 3900 ccelo
1055 3841 1222 3915 positi
1243 3848 1389 3897 astra
1416 3841 1618 3914 pluviae
1638 3841 1881 3911 fuerunt,
1911 3843 2006 3917 qui

398 3931 456 3987 in
489 3931 900 4003 praedicationis
920 3932 1163 3989 culmine
1183 3930 1369 3999 erecti,
1394 3930 1524 3987 dum
1548 3931 1870 4004 pravitatem
1889 3948 2008 4005 pec-

395 4021 640 4078 cantium
674 4021 845 4078 libere
888 4022 1169 4094 increpare
1197 4021 1315 4077 ausi
1346 4028 1496 4090 sunt,
1526 4022 1680 4094 quasi
1710 4022 2003 4078 verborum

397 4110 565 4182 guttis
597 4109 985 4166 obcaecationis
1015 4108 1269 4164 humanae
1292 4111 1574 4182 pulverem
1608 4108 1834 4183 rigando
1860 4126 2004 4182 pres-

399 4206 589 4255 serunt
612 4200 638 4255 ἦ)
660 4200 906 4266 Quorum
928 4197 1192 4256 videlicet
1212 4199 1423 4255 animas
1443 4199 1511 4257 ab
1532 4199 1635 4257 hac
1654 4200 2006 4273 corruptibili

398 4306 560 4346 carne
592 4295 893 4361 susceptas,
927 4288 1057 4362 quia
1082 4304 1150 4343 ex
1180 4290 1437 4361 praesenti
1466 4290 1581 4345 vita
1601 4307 1836 4362 superna
1856 4289 2004 4362 judi-

399 4379 483 4435 cia
511 4377 793 4446 auferunt,
825 4377 982 4450 quasi
1010 4394 1039 4431 a
1060 4377 1184 4433 coeli
1202 4378 1341 4434 facie
1371 4379 1542 4434 stellae
1570 4379 1773 4451 pluviae
1794 4380 2003 4436 subtra-

2114 3191 2237 3230 cum
2269 3175 2596 3248 exponendo
2628 3177 2790 3233 latius
2817 3178 3137 3252 loquuntur.
3169 3175 3485 3233 Meminisse
3514 3178 3715 3251 quippe

2112 3265 2447 3323 incessanter
2488 3266 2708 3335 debent,
2759 3284 2854 3340 per
2899 3285 3035 3341 quos
3078 3264 3321 3339 ejusdem
3354 3266 3596 3324 scientiae
3626 3268 3714 3323 in-

2112 3357 2398 3415 ventiones
2426 3369 2772 3432 acceperunt.
2807 3360 2959 3417 Unde
2988 3370 3041 3419 et
3069 3367 3193 3432 apte
3220 3355 3575 3430 subjungitur
3600 3376 3610 3413 :

2732 3476 2959 3535 CAPUT
2989 3480 3087 3536 IX.

2182 3565 2352 3622 Vnus.
2386 3566 2473 3622 28.
2505 3597 2575 3608 —
2607 3565 2710 3634 Qui
2737 3568 2799 3622 de
2826 3568 3049 3623 nubibus
3075 3570 3266 3640 ﬂuunt.

2186 3655 2269 3711 I5.
2298 3656 2403 3712 Nec
2426 3661 2594 3711 tamen
2614 3656 2870 3727 apostolis
2900 3656 3059 3727 hujus
3090 3657 3345 3713 doctrinae
3371 3656 3567 3729 primis
3607 3661 3713 3710 tra-

2114 3742 2374 3800 ditoribus
2388 3743 2881 3815 praeferendi—Hi
2903 3746 3104 3817 quippe
3123 3745 3190 3801 de
3210 3745 3454 3800 nubibus
3474 3745 3713 3815 gurgites

2115 3830 2313 3900 ﬂuunt,
2360 3832 2491 3903 quia
2518 3832 2563 3887 si
2595 3847 2664 3886 ex
2693 3830 2899 3887 sanctis
2926 3832 3190 3904 apostolis
3221 3831 3307 3885 vis
3335 3830 3712 3901 intelligentiae

2114 3937 2225 3977 non
2255 3921 2542 3993 inciperet,
2573 3937 2916 3993 nequaquam
2947 3938 3041 3994 per
3068 3921 3363 3997 doctorum,
3386 3936 3483 3977 ora
3511 3919 3713 3993 largior

2115 4018 2377 4067 manaret.
2414 4012 2476 4067 In
2506 4011 2789 4084 Scriptura
2811 4012 2958 4068 enim
2988 4028 3140 4069 sacra
3172 4009 3470 4093 aliquando
3499 4027 3594 4083 per
3614 4027 3711 4066 nu-

2113 4104 2229 4172 bes,
2263 4109 2406 4167 859
2435 4103 2668 4160 mobiles
2711 4105 2916 4179 quique
2946 4105 3219 4175 homines,
3251 4104 3547 4179 aliquando
3576 4122 3712 4178 pro-

2113 4200 2313 4273 phetae,
2351 4201 2650 4276 aliquando
2693 4211 2875 4259 autem
2925 4203 3159 4275 apostoli
3202 4201 3577 4275 designantur.
3610 4202 3713 4257 Per

2114 4290 2285 4349 nubes
2315 4292 2519 4365 quippe
2548 4291 2829 4349 mobilitas
2850 4292 3104 4349 humanae
3136 4292 3336 4347 mentis
3358 4291 3706 4363 exprimitur,

2113 4379 2257 4435 sicut
2280 4381 2539 4437 Salomon
2560 4385 2633 4435 at
2657 4398 2668 4435 :
2697 4382 2799 4447 Qui
2819 4388 3027 4436 ventum
3048 4382 3308 4447 observat,
3330 4399 3431 4435 non
3456 4380 3708 4447 seminat;

401 4467 629 4537 buntur,
663 4474 716 4543 et
744 4466 813 4524 ad
846 4468 1122 4523 occultum
1156 4475 1300 4522 astra
1329 4465 1579 4535 redeunt,
1610 4468 1740 4523 dum
1773 4470 2006 4540 peractis
2034 4482 2082 4539 ι)
2118 4475 2167 4522 et
2194 4470 2285 4538 qui
2313 4470 2606 4524 considera!
2636 4469 2816 4534 nubes,
2847 4487 3119 4540 nunquam
3142 4470 3281 4525 metit
3304 4470 3499 4541 (Eccle.
3524 4486 3602 4535 x1,
3626 4467 3705 4539 4).

400 4559 514 4614 suis
539 4558 798 4614 cursibus
828 4565 1142 4613 sanctorum
1176 4556 1375 4610 animae
1397 4554 1455 4610 in
1476 4554 1750 4613 thesauris
1778 4557 2006 4630 disposi-

400 4648 567 4705 tionis
598 4649 809 4704 intimae
840 4645 1235 4703 reconduntur.

475 4737 558 4793 13.
591 4738 690 4794 His
730 4737 1016 4804 subductis,
1060 4735 1208 4790 missi
1237 4736 1489 4806 apostoli,
1537 4737 1629 4807 qui
1667 4736 1861 4792 imbres
1898 4730 2008 4793 tan-

400 4845 562 4898 quam
580 4829 809 4900 gurgites
838 4827 1153 4898 effuderunt.
1184 4856 1255 4867 —
1283 4824 1389 4882 Sed
1418 4825 1547 4898 quia
1576 4833 1722 4883 terra
1747 4835 2010 4883 aresceret

401 4918 446 4972 si
478 4917 767 4974 subductis
797 4916 970 4973 stellis
1014 4915 1217 4988 pluviae
1247 4931 1481 4986 superna
1525 4916 1776 4973 funditus
1805 4918 2009 4976 ﬂuenta

402 5015 693 5075 cessarent,
728 5014 872 5061 recte
900 5004 1105 5061 dicitur
1135 5021 1147 5060 :
1185 5004 1288 5073 Qui
1314 5003 1495 5075 aufert
1523 5007 1700 5062 stellas
1722 5007 1941 5078 pluviw,
1963 5015 2010 5062 et

402 5095 620 5166 effundit
648 5095 840 5151 imbres
871 5094 942 5149 ad
959 5094 1133 5150 instar
1159 5095 1445 5165 gurgitum.
1470 5094 1604 5150 Nam
1627 5112 1753 5151 cum
1775 5095 2006 5168 prophe-

401 5192 485 5253 tas
514 5186 767 5254 abstulit,
811 5202 999 5242 eorum
1053 5185 1173 5243 vice
1216 5184 1485 5242 Dominus
1514 5188 1790 5258 apostolus
1832 5188 2004 5257 misit,

405 5279 499 5349 qui
540 5278 598 5334 in
646 5277 1076 5335 similitudinem
1108 5276 1381 5349 gurgitum
1415 5276 1683 5346 pluerent,
1715 5286 2000 5351 postquam

404 5365 701 5422 subductis
729 5365 975 5439 antiquis
1004 5362 1259 5420 Patribus
1288 5364 1560 5439 exteriora
1587 5364 1720 5436 legis
1747 5365 2002 5437 praedica-

480 5538 491 5568 '
526 5535 664 5590 Vide
693 5535 797 5591 col.
829 5534 934 5591 293
967 5532 1129 5603 (inter
1160 5546 1399 5585 numeros
1427 5532 1681 5587 crassiori
1708 5534 2004 5589 charactere

402 5608 697 5733 exprletssgs)
733 5606 787 5660 in
809 5605 972 5662 notis.

478 5702 497 5711 α
595 5696 610 5733 ι
657 5720 669 5732 .

478 5696 497 5711 ⁸⁵
528 5696 669 5733 ωιίι.

479 5750 499 5783 ³
530 5748 765 5816 Quidam
795 5748 967 5816 Editi,
1002 5745 1167 5801 imber
1189 5761 1296 5800 non
1320 5745 1451 5800 ruit.

2120 4557 2359 4613 Ventum
2391 4559 2581 4630 procul
2624 4557 2794 4615 dubio
2838 4558 3183 4615 immundum
3229 4554 3504 4632 Spiritum,
3538 4556 3710 4612 nubes

2120 4664 2250 4703 vero
2278 4648 2554 4720 subjectos
2583 4649 2631 4704 ei
2661 4648 2913 4705 homines
2942 4648 3213 4722 appellat;
3246 4664 3383 4723 quos
3409 4646 3573 4703 toties
3602 4644 3711 4702 huc

2122 4739 2359 4812 illucque
2391 4740 2627 4813 impellit
2656 4747 2709 4794 et
2737 4749 2977 4809 revocat,
3011 4740 3225 4813 quoties
3244 4738 3572 4794 tentationes
3593 4733 3709 4804 ejus

2120 4831 2173 4885 in
2217 4848 2406 4889 eorum
2437 4831 2697 4889 cordibus
2724 4832 3133 4905 suggestionum
3164 4828 3385 4885 ﬂatibus
3412 4826 3704 4879 alternant.

2118 4921 2223 4988 Qui
2250 4921 2420 4993 igitur
2457 4929 2684 4978 ventum
2716 4921 2991 4990 observat,
3038 4936 3148 4975 non
3173 4917 3426 4980 seminat,
3458 4911 3586 4985 quia
3613 4912 3707 4985 qui

2116 5012 2443 5067 tentationes
2472 5019 2731 5067 venturas
2772 5011 2990 5078 metuit,
3018 5025 3114 5064 cor
3139 5007 3202 5063 ad
3234 5006 3379 5060 bona
3406 5018 3569 5074 opera
3596 5017 3707 5056 non

2115 5100 2390 5172 proponit.
2422 5101 2495 5156 Et
2528 5102 2622 5173 qui
2653 5099 2963 5157 considerat
3004 5096 3196 5163 nubes,
3229 5108 3340 5149 non
3370 5092 3547 5160 metit,
3580 5091 3710 5160 quia

2116 5190 2161 5246 is
2189 5188 2283 5261 qui
2312 5196 2436 5245 ante
2466 5189 2720 5246 humanae
2750 5185 3134 5243 mutabilitatis
3168 5192 3426 5241 terrorem
3448 5182 3703 5254 trepidat,

2113 5278 2131 5309 ⁷
2165 5277 2429 5334 mercedis
2458 5286 2671 5335 aeternae
2702 5275 3062 5331 retributione
3091 5291 3147 5332 se
3178 5274 3376 5348 privat.
3407 5272 3510 5328 Per
3535 5270 3708 5327 nubes

2074 5394 2083 5399 -
2112 5365 2388 5437 prophetae
2429 5364 2754 5436 ﬁgurantur,
2788 5364 2931 5420 sicut
2958 5380 3053 5435 per
3090 5363 3431 5421 Psalmistam
3462 5361 3701 5419 dicitur:

2186 5537 2203 5570 ⁵
2238 5536 2350 5603 ΑΙ.,
2381 5535 2616 5590 abstulit.

2184 5608 2204 5641 ⁵
2238 5607 2456 5662 Ebroic.
2490 5614 2543 5661 et
2571 5606 2685 5673 alii,
2721 5606 2905 5661 imbres
2932 5605 3092 5675 fudit.

2185 5680 2205 5713 δ
2240 5679 2492 5745 Vindoc.,
2524 5678 2719 5733 Pratel.
2753 5686 2805 5732 et
2832 5679 2925 5745 al.,
2951 5678 3013 5749 in
3038 5696 3217 5734 eorum
3247 5677 3515 5733 mentibus.

2184 5752 2202 5784 ⁷
2239 5750 2459 5818 Pratel.,
2493 5750 2714 5805 mercede
2741 5756 2949 5804 wterme
2974 5750 3356 5805 retributionis.
