4152 6182
450 245 555 302 407

1649 249 1899 308 SANCTI
1938 252 2277 313 GREGORJI
2313 257 2542 315 MAGNI

3649 272 3754 330 408

459 368 747 468 Tenebrosa
773 381 916 466 aqua
941 367 1248 466 innubibus
1275 371 1426 468 aeris.
1445 373 1617 468 (Psal.
1651 389 1810 468 xvii,
1826 375 1954 468 i2);
1986 374 2046 432 id
2073 382 2123 440 A
2151 380 2407 453 sideratis
2435 385 2789 459 antiquorum
2805 398 3025 461 patrum
3047 391 3298 464 vestigiis
3305 393 3591 467 juvamur.
3611 399 3757 468 Quid

449 463 550 522 est,
583 455 798 511 occulta
826 455 1058 512 scientia
1086 456 1143 512 in
1174 457 1478 531 prophetis.
1513 458 1652 533 [νει.
1694 459 1811 536 VL]
1833 463 1936 519 Per
1953 479 2052 519 nu-

447 542 543 599 bes
583 559 800 616 quoque
825 545 1059 616 apostoli
1105 545 1482 620 designantur,
1528 549 1672 606 sicut
1713 567 1808 624 per
1854 552 2050 608 Isaiam

447 631 654 688 dicitur
677 650 690 688 :
721 634 986 690 Mandabo
1013 636 1261 703 nubibus,
1291 655 1354 692 ne
1377 639 1572 709 pluant
1599 655 1760 711 super
1793 658 1907 697 eam
1933 643 2050 696 im-

447 722 591 779 brem
615 723 778 792 (Isai.
810 741 866 792 v,
897 725 974 783 6).
998 725 1108 798 Ipsi
1139 725 1310 798 igitur
1329 726 1520 795 stellae,
1545 727 1674 798 quia
1694 728 1822 786 vitae
1837 730 2049 787 meritis

446 811 666 885 lucent;
699 811 806 885 ipsi
835 813 1031 882 nubes,
1062 814 1194 888 quia
1209 822 1453 872 arentem
1474 816 1648 872 nostri
1679 819 1916 890 pectoris
1942 826 2046 876 ter-

445 917 560 956 ram
598 901 836 958 cmlestis
883 901 1264 976 intelligentiae
1306 902 1531 960 ﬂuentis
1577 905 1776 978 rigant.
1811 907 1868 964 Si
1897 907 2046 963 enim

443 989 618 1046 nubes
647 1006 761 1047 non
789 999 994 1060 essent,
1026 1008 1371 1066 nequaquam
1405 1009 1498 1050 eos
1527 993 1752 1051 intuens
1783 995 2050 1068 propheta

440 1077 706 1136 dixisset:
739 1080 842 1148 Qui
875 1087 1000 1136 sunt
1020 1080 1133 1150 isti,
1151 1081 1246 1152 qui
1272 1087 1331 1136 ut
1357 1082 1519 1137 nubes
1547 1083 1730 1138 volant
1761 1082 1918 1154 (Isai.
1950 1100 2044 1152 Lx,

439 1167 504 1240 8)
525 1168 554 1224 (ἲ
581 1167 849 1226 Imbrium
873 1169 1059 1243 itaque
1082 1169 1324 1242 gurgites
1342 1169 1410 1226 de
1429 1169 1672 1227 nubibus
1692 1170 1892 1240 ﬂuunt,
1917 1173 2047 1244 quia

439 1255 726 1327 profundae
783 1255 1199 1328 praedicationes
1253 1257 1602 1331 sequentium
1662 1257 2044 1330 intelligentiae

438 1345 708 1418 originem
755 1361 788 1401 a
835 1346 1040 1404 sanctis
1067 1347 1333 1420 apostolis
1359 1354 1706 1419 acceperunt.
1732 1349 1813 1404 De
1841 1347 2044 1422 quibus

437 1433 617 1492 adhuc
669 1433 912 1493 nubibus
939 1442 1064 1508 apte
1097 1434 1486 1510 subjungitur:

1081 1525 1309 1586 CAPUT
1339 1527 1412 1582 X.

504 1618 644 1674 Iam.
675 1647 746 1658 —
778 1620 906 1686 Quae
928 1623 1232 1690 praetexunt
1259 1622 1444 1672 cuncta
1474 1616 1716 1688 desuper.

2159 471 2308 527 enim
2337 471 2616 532 Abraham
2647 476 3013 550 obedientius,
3045 482 3139 554 qui
3163 483 3232 539 ad
3253 499 3420 540 unam
3441 501 3634 544 vocem
3662 488 3758 546 do-

2159 560 2419 618 minicam
2465 575 2722 638 cognatos
2768 585 2832 626 ac
2875 571 3108 642 patriam
3149 571 3372 642 deserit,
3411 583 3466 632 et
3509 593 3609 649 pro
3642 577 3756 634 adi-

2158 651 2416 723 piscenda
2441 663 2648 714 aeterna
2667 657 2985 718 haereditate
3006 663 3186 735 ipsum
3203 663 3367 721 ferire
3384 662 3494 722 non
3515 668 3761 740 trepidat

2157 753 2319 812 quem
2344 759 2512 800 senex
2534 743 2648 818 jam
2675 756 2732 804 et
2757 766 2894 822 pene
2930 753 3232 810 moriturus
3259 763 3542 826 acceperat
3573 757 3759 815 haere-

2155 829 2514 922 demi(Genes.
2546 853 2648 908 xu,
2666 837 2724 912 4)
2745 841 2774 898 7
2800 840 2937 898 Cum
2963 844 3241 916 patientiae
3269 844 3540 902 virtutem
3567 865 3758 922 appre-

2157 918 2395 980 hendere
2413 941 2696 996 conamur,
2731 931 3156 1000 praecedentium
3186 935 3443 1006 exempla
3469 918 3771 1009 conspici--

2157 1024 2297 1066 mus.
2329 1011 2475 1080 Quid
2497 1017 2646 1072 enim
2663 1017 2812 1076 Isaac
2838 1019 3156 1091 patientius,
3179 1021 3274 1094 qui
3289 1021 3440 1095 ligna
3466 1031 3664 1095 portat,
3685 1024 3754 1082 de

2156 1097 2476 1159 holocausto
2505 1105 2825 1180 interrogat,
2857 1117 3019 1183 atque
3047 1118 3170 1182 post
3211 1111 3498 1183 paululum
3531 1113 3750 1186 ligatur,

2155 1197 2210 1244 et
2237 1207 2347 1246 non
2378 1193 2659 1267 loquitur;
2691 1214 2797 1255 ara:
2826 1201 3218 1272 superponitur
3246 1209 3301 1257 et
3321 1219 3432 1258 non
3453 1203 3754 1262 reluctatur

2157 1277 2364 1351 (Genes.
2395 1299 2538 1352 xxu,
2562 1285 2617 1357 7)
2638 1285 2666 1341 ?
2693 1285 2837 1354 Quid
2867 1303 2996 1360 ergo
3025 1287 3131 1346 isto
3159 1290 3284 1346 viro
3313 1290 3427 1349 dici
3457 1293 3752 1364 patientius

2153 1375 2350 1438 potest,
2380 1373 2476 1443 qui
2505 1374 2662 1444 quasi
2689 1375 2758 1431 ad
2786 1377 3042 1434 solatium
3058 1377 3302 1448 ducitur,
3320 1388 3377 1437 et
3399 1381 3661 1455 requirit;
3685 1382 3752 1438 ad

2152 1455 2462 1516 feriendum
2493 1461 2715 1534 ligatur,
2745 1472 2803 1520 et
2827 1467 3186 1533 conticescit;
3219 1477 3273 1525 et
3291 1469 3578 1528 oblaturus
3597 1471 3750 1528 holo-

2151 1554 2402 1604 caustum
2432 1549 2750 1625 interrogat,
2775 1554 3085 1613 oﬂ'erendus
3105 1557 3163 1613 in
3179 1557 3561 1617 holocaustum
3579 1562 3750 1619 tacet?

2150 1634 2290 1694 Cum
2319 1639 2617 1712 accingiad
2638 1641 2889 1700 laborum
2918 1645 3261 1704 tolerantiam
3292 1649 3546 1718 nitimur,
3564 1666 3744 1706 exem-

507 1707 592 1763 16.
617 1707 792 1763 Nubes
814 1698 916 1762 cur
941 1706 1170 1778 apostoli
1197 1705 1465 1760 dicantur.
1497 1734 1568 1745 —
1594 1703 1780 1804 Nubes
1802 1703 2038 1804 cumde-

2149 1723 2256 1794 plis
2285 1698 2724 1796 praecedentibus
2753 1733 2776 1767 ³
2810 1731 3184 1792 sublevamur.
3220 1736 3364 1804 Quid
3403 1698 3550 1794 enim
3579 1737 3746 1796 Jacob

433 1813 597 1870 super
621 1811 800 1854 aerem
831 1802 1163 1868 praetexunt,
1196 1794 1243 1850 si
1284 1793 1343 1849 in
1371 1793 1571 1850 coelum
1603 1793 1793 1850 oculos
1821 1793 2039 1849 attolli-

434 1903 576 1954 mus,
626 1895 738 1943 non
783 1886 1007 1954 coelum,
1056 1883 1152 1940 sed
1193 1883 1340 1956 ipsas
1387 1883 1707 1950 intuemur;
1742 1897 1844 1938 nec
1888 1882 2040 1939 visus

437 1982 622 2032 noster
667 1973 932 2031 asthereas
977 1973 1163 2045 plagas
1206 1977 1474 2044 penetrat,
1507 1969 1638 2043 quia
1664 1971 1717 2026 ei
1760 1971 1884 2027 illas
1923 1970 2042 2044 ipsa

433 2080 534 2120 sua
562 2062 856 2119 inﬁrmitas
879 2061 1120 2120 occultat
1143 2077 1159 2128 ;
1201 2067 1256 2116 et
1283 2075 1409 2116 cum
1439 2057 1506 2114 de
1534 2057 1674 2115 cmlo
1703 2057 1785 2114 sol
1823 2057 2036 2128 rutilat,

431 2153 586 2225 prius
632 2152 902 2209 interfuso
943 2167 1067 2208 aere
1109 2149 1374 2224 pascitur,
1406 2157 1468 2204 ut
1497 2155 1619 2220 post
1648 2147 1707 2203 in
1736 2147 1876 2209 coelo
1905 2147 2040 2204 solis

431 2242 614 2298 radios
661 2241 1086 2314 contempletur.
1135 2237 1277 2307 Quia
1319 2253 1448 2310 ergo
1493 2235 1740 2293 carnales
1786 2233 2079 2293 homines-

430 2345 642 2398 sumus,
689 2345 816 2386 cum
873 2343 1109 2400 superna
1161 2331 1416 2400 appetere
1469 2323 1722 2392 nitimur,
1773 2322 1933 2397 quasi
1978 2323 2038 2380 in

429 2421 630 2476 omium
675 2419 865 2476 oculos
904 2418 1172 2486 levamus,
1219 2424 1274 2472 et
1320 2415 1474 2472 velut
1517 2413 1577 2470 in
1619 2413 1818 2470 ccelum
1865 2413 2038 2470 aciem

435 2505 798 2574 intendimus,
871 2506 1022 2579 quia,
1108 2504 1282 2579 pressi
1359 2519 1467 2560 usu
1530 2518 1714 2560 rerum
1789 2517 2038 2575 corpora-

431 2595 593 2664 lium,
644 2597 660 2630 ¹
707 2594 904 2650 docere
931 2593 1205 2665 spiritalia
1247 2607 1532 2650 conamur.
1569 2590 1676 2646 Sed
1705 2591 1835 2664 quia
1864 2597 2036 2648 trans-

429 2685 510 2740 ire
557 2683 871 2740 intellectus
915 2689 1102 2738 noster
1155 2680 1226 2736 ad
1265 2679 1460 2735 divina
1517 2695 1630 2734 non
1673 2679 1896 2747 sinitur,
1928 2680 2037 2736 nisi

431 2771 586 2846 prius
615 2786 710 2843 per
737 2778 1052 2826 sanctorum
1083 2765 1510 2840 praecedentium
1541 2765 1796 2838 exempla
1821 2765 2035 2824 forme-

429 2872 541 2931 tur,
563 2859 720 2934 quasi
735 2857 850 2932 jam
873 2858 1075 2916 coelum
1100 2865 1288 2914 noster
1305 2855 1500 2912 oculus
1527 2855 1778 2929 suspicit,
1811 2854 1906 2912 sed
1935 2871 2033 2912 nu-

427 2952 524 3008 bes
571 2948 744 3018 videt,
795 2949 817 2984 ²
863 2947 994 3022 quia
1035 2943 1498 3019 comprehendere
1538 2959 1604 3000 ea
1631 2959 1750 3018 quae
1777 2943 1878 3002 Dei
1905 2952 2037 3002 sunt

429 3041 657 3116 appetit,
705 3038 802 3096 sed
847 3037 947 3094 vix
987 3035 1179 3093 mirari
1226 3051 1290 3093 ea
1321 3051 1441 3110 quae
1487 3033 1809 3091 hominibus
1836 3035 2036 3092 collata

429 3139 559 3188 sunt
587 3136 784 3202 potest.
817 3127 972 3186 Unde
999 3135 1054 3184 et
1082 3126 1218 3184 alias
1237 3125 1480 3182 dicitur:
1514 3124 1838 3182 Illuminans
1861 3130 1917 3180 tu
1939 3125 2034 3180 mi-

426 3219 672 3275 rabiliter
689 3236 724 3273 a
743 3217 1006 3274 montibus
1023 3216 1233 3272 aeternis
1263 3215 1438 3286 (Psal.
1463 3230 1634 3282 Lxxv,
1658 3213 1740 3287 5).
1759 3213 1866 3282 Qui
1885 3215 2033 3270 enim

425 3309 692 3367 orientem
745 3308 914 3365 solem
967 3303 1328 3380 contemplari
1375 3319 1487 3360 non
1537 3302 1702 3372 valet,
1744 3302 2036 3361 irradiatos

426 3406 643 3456 montes
668 3397 884 3471 aspicit,
915 3404 971 3453 et
999 3396 1131 3472 quia
1151 3395 1234 3452 sol
1263 3400 1416 3450 ortus
1435 3393 1508 3449 sit
1533 3391 1914 3466 deprehendit.
1945 3392 2035 3448 Ex

429 3489 650 3547 aeternis
677 3505 805 3562 ergo
834 3486 1119 3544 montibus
1147 3501 1248 3542 nos
1275 3485 1421 3541 Deus
1449 3481 1749 3550 illuminat,
1783 3481 1913 3556 quia
1938 3496 2037 3554 per

425 3579 752 3636 admiratam
783 3579 954 3634 vitam
997 3584 1216 3650 patrum
1247 3573 1698 3649 precedentium,
1731 3571 1888 3630 radio
1933 3588 2034 3628 nos

425 3685 538 3726 sua:
567 3666 834 3726 claritatis
863 3667 1125 3724 illustrat.
1151 3666 1295 3724 Ecce
1317 3665 1374 3722 in
1401 3663 1586 3721 studio
1607 3661 1920 3719 devotionis
1939 3660 2034 3718 do-

425 3755 646 3814 minicae
691 3764 746 3813 et
787 3754 1076 3814 charitatis
1119 3753 1493 3820 accendimur,
1523 3750 1620 3808 sed
1648 3750 1708 3808 in
1737 3748 1841 3807 hac
1869 3749 2034 3808 devo-

428 3847 580 3905 tione
607 3855 772 3922 atque
787 3846 1058 3906 charitate
1086 3845 1286 3904 melius
1305 3843 1503 3902 harum
1525 3841 1760 3900 nubium
1792 3849 2034 3900 contem-

425 3938 668 4011 platione
696 3937 1020 3996 formamur.
1041 3935 1187 4006 Quid
1206 3935 1355 3992 enim
1377 3933 1636 3992 devotius
1653 3932 1814 3988 Petro
1833 3932 1863 3988 ‘i
1883 3932 2032 3999 Quid

423 4030 646 4087 charius
664 4029 1008 4085 Joanne‘illle
1023 4045 1120 4100 per
1135 4025 1486 4082 devotionem
1503 4023 1676 4078 ﬂuida
1689 4022 1856 4078 maris
1873 4022 2034 4078 dorsa

423 4121 634 4178 calcare
659 4132 771 4172 non
795 4117 987 4174 timuit
1004 4117 1218 4188 (Matth.
1246 4131 1366 4182 xiv,
1391 4114 1507 4186 29),
1535 4113 1638 4168 iste
1667 4127 1764 4184 per
1790 4128 2032 4172 amorem

426 4208 483 4263 in
515 4207 634 4278 ipso
663 4205 905 4262 auctoris
934 4204 1112 4262 nostri
1140 4211 1358 4276 pectore
1387 4199 1662 4272 requievit
1693 4199 1873 4271 (Ioan.
1905 4219 2030 4274 xm,

423 4295 556 4368 23);
603 4300 658 4348 et
703 4293 798 4365 qui
845 4292 914 4350 ad
943 4289 1247 4366 corporalis
1289 4305 1458 4346 ccenae
1487 4287 1841 4346 refectionem
1872 4306 2030 4348 vene-

423 4395 528 4455 rat,
561 4385 808 4458 spiritale
827 4386 1093 4459 pabulum
1113 4384 1181 4441 de
1209 4382 1339 4441 sinu
1368 4381 1754 4456 Redemptoris
1771 4385 2028 4456 sumpsit.

497 4456 636 4549 [νεὶ.
666 4475 771 4533 VII
773 4472 814 4548 .]
833 4456 926 4531 17.
959 4475 1073 4534 Cur
1091 4473 1363 4548 prophetia
1377 4479 1425 4529 et
1437 4471 1648 4544 antiqui
1665 4473 1854 4530 Patres
1875 4473 2030 4529 nubes
2058 4456 2106 4514 D

423 4582 628 4638 quoque
673 4564 943 4622 dicantur.
988 4566 1267 4622 Abraham
1307 4561 1652 4619 obedientiam
1705 4580 1802 4619 nos
1851 4564 2030 4630 docet;

423 4657 578 4712 Isaac
600 4653 953 4727 patientiam;
975 4655 1136 4712 Iacob
1169 4653 1490 4711 laboriosam
1511 4651 1712 4716 vitam;
1737 4653 1929 4724 Ioseph
1945 4669 2029 4706 ca-

423 4747 688 4811 stitatem;
714 4745 918 4817 Moyses
943 4743 1396 4802 mansuetudinem
1417 4761 1438 4808 ,°
1463 4743 1622 4798 Iosue
1647 4741 2030 4808 constantiam;

426 4837 637 4894 Samuel
664 4834 1071 4908 benignitatem;
1108 4832 1301 4890 David
1310 4831 1556 4904 pietatem
1583 4835 1633 4885 et
1657 4829 2023 4886 humilitatem.

422 4957 492 4968 —
521 4924 626 4984 Sed
655 4925 786 5000 quia
818 4923 1025 4999 signari
1054 4939 1152 4998 per
1177 4921 1352 4978 nubes
1375 4919 1538 4978 etiam
1563 4917 1858 4992 prophetas
1882 4919 2027 4976 dixi-

423 5031 566 5082 mus,
617 5031 836 5072 necesse
867 5023 950 5072 est
991 5022 1056 5072 ut
1083 5011 1264 5072 adhuc
1311 5009 1380 5069 ad
1407 5009 1651 5067 medium
1681 5009 2027 5084 superiorum

424 5110 640 5176 patrum
687 5105 940 5177 exempla
976 5102 1330 5161 deducamus.
1378 5101 1523 5158 Ecce
1564 5116 1691 5158 cum
1739 5101 2026 5174 praeceptis

424 5191 736 5248 cmlestibus
751 5193 913 5249 subdi
937 5209 1032 5266 per
1049 5191 1419 5249 obedientiam
1435 5189 1709 5262 cupimus,
1734 5195 1876 5254 860
1897 5208 2024 5246 con-

501 5393 512 5426 '
545 5391 743 5448 Pratel.
775 5403 831 5450 et
860 5394 1025 5461 Utic.,
1057 5395 1252 5450 doceri.

499 5463 520 5496 2
549 5461 716 5496 "Amm
773 5466 897 5496 ηυξη
926 5465 1252 5496 ηραν-...ιμιιη

497 5463 520 5610 ξ
910 5465 1556 5610 ἆρὲδῗξῧξιῖἱῗηιωηαν.
1576 5535 1871 5609 Sequimur
1889 5537 2019 5594 Mss.

425 5606 609 5663 Baluz.
641 5605 696 5663 et
726 5605 884 5664 Colb.

497 5680 517 5714 ⁸
547 5679 629 5734 Ita
656 5679 886 5747 Turon.,
910 5676 1168 5746 Vindoc.,
1202 5681 1413 5748 Baluz.,
1433 5678 1613 5749 Colb.,
1644 5678 1866 5738 Ebroic.
1898 5679 2020 5736 alii-

2151 1811 2499 1901 laboriosius,
2532 1817 2627 1891 qui
2647 1820 2794 1892 apud
2822 1821 3008 1880 Laban
3028 1830 3141 1882 tam
3169 1825 3332 1900 longo
3359 1834 3604 1900 tempore
3624 1845 3747 1901 pro-

2150 1899 2388 1973 pinquus
2412 1900 2538 1975 jure
2573 1909 2938 1986 cognationis,
2971 1929 3136 1986 opera
3163 1899 3414 1974 exercuit
3441 1899 3746 1986 servitutis,

2147 1996 2202 2046 et
2229 1990 2350 2049 vice
2378 1993 2673 2053 obsecutus
2693 1981 2775 2056 est
2789 1981 3093 2071 famuli,'ut
3111 2004 3489 2076 perfrueretur
3507 2006 3751 2078 praemiis

2149 2078 2381 2138 haeredis
2412 2083 2618 2154 (Genes.
2651 2103 2784 2156 xxx,
2801 2089 2930 2162 26)?
2951 2089 3092 2148 Cum
3107 2107 3285 2150 arcem
3308 2095 3666 2152 continentiae
3694 2103 3751 2150 et

2148 2169 2414 2254 castitatis
2443 2174 2734 2232 ascendere
2753 2177 3006 2247 nitimur,
3028 2181 3298 2252 exemplis
3317 2181 3747 2254 praecedentium

2148 2253 2520 2319 sublevamur.
2554 2264 2700 2332 Quid
2718 2267 2865 2323 enim
2896 2267 3098 2342 Joseph
3126 2253 3350 2338 castius,
3383 2271 3479 2344 qui
3509 2271 3578 2328 ad
3607 2271 3749 2328 desi-

2147 2347 2361 2405 derium
2391 2353 2690 2424 petulantis
2718 2355 2978 2426 dominae,
3005 2357 3140 2432 jugo
3171 2359 3409 2416 luxuriae
3440 2361 3615 2432 premi
3636 2377 3746 2418 non

2147 2438 2328 2508 potuit
2351 2439 2516 2496 etiam
2531 2443 2784 2514 captivus
2799 2445 2828 2501 Ὺ
2855 2445 2928 2502 Et
2943 2447 3166 2518 quidem
3185 2447 3510 2505 hominibus
3535 2449 3747 2506 exstitit

2147 2543 2360 2598 servus,
2389 2531 2484 2587 sed
2513 2541 2707 2588 contra
2733 2533 3112 2592 dominantem
3135 2537 3441 2610 nequitiam
3475 2547 3530 2596 et
3552 2540 3610 2596 in
3637 2556 3742 2596 ser-

2147 2616 2287 2674 vitio
2304 2618 2444 2676 liber
2462 2619 2572 2677 fuit
2587 2620 2794 2693 (Genes.
2811 2639 3014 2693 xxxxx,
3045 2625 3130 2696 l2)
3143 2668 3155 2680 .
3171 2624 3310 2684 Cum
3325 2628 3742 2685 mansuetudine

2145 2706 2345 2778 repleri
2385 2709 2852 2782 concupiscimus,
2885 2711 3312 2784 praecedentium
3341 2716 3608 2790 exemplis
3635 2717 3742 2775 ad-

2137 2793 2422 2866 juvamur.
2445 2797 2591 2864 Quid
2601 2799 2750 2855 enim
2766 2800 2954 2874 Moyse
2970 2804 3327 2870 mansuetius,
3347 2804 3442 2876 qui
3457 2807 3736 2864 commissi

2143 2883 2249 2940 sibi
2279 2886 2470 2958 populi
2499 2887 2828 2945 seditionem
2859 2889 3076 2960 tolerat,
3120 2899 3174 2948 et
3207 2899 3385 2948 tamen
3410 2891 3732 2950 irascentem

2141 2974 2440 3031 Dominum
2457 2991 2556 3046 pro
2575 2977 2780 3034 eisdem
2797 2979 2912 3036 suis
2933 2980 3368 3052 persecutoribus
3389 2989 3558 3054 rogat,
3570 2997 3734 3054 seque

2065 3098 2108 3158 C
2143 3080 2241 3136 pro
2272 3063 2384 3121 illis
2411 3063 2606 3122 divino
2634 3067 2814 3124 furori
2861 3067 3076 3141 objicit,
3119 3071 3250 3143 quia
3289 3071 3347 3126 in
3393 3077 3582 3128 sancto
3621 3069 3740 3143 ejus

2143 3155 2538 3226 pectore'etiam
2555 3172 2624 3212 ex
2641 3157 3022 3228 persecutione
3033 3159 3274 3216 charitas
3289 3160 3522 3232 ignescit
3538 3159 3739 3232 (Exod.

2143 3259 2326 3312 xxxu,
2359 3243 2450 3315 32)
2470 3245 2498 3301 ?
2543 3243 2680 3302 Cum
2711 3253 2906 3303 contra
2933 3247 3164 3306 adversa
3208 3249 3406 3306 mundi
3436 3251 3458 3286 ‘
3507 3250 3743 3307 formare

2144 3332 2344 3388 mentis
2374 3334 2737 3390 constantiam
2768 3335 3022 3406 nitimur,
3041 3338 3468 3410 praecedentium
3496 3339 3742 3398 conside-

2143 3421 2354 3478 ratione
2383 3421 2668 3481 fulcimur.
2707 3424 2852 3494 Quid
2881 3427 3031 3483 enim
3060 3428 3236 3486 Iosue
3252 3429 3614 3498 constantius,
3646 3431 3742 3504 qui

2142 3510 2210 3568 ad
2265 3513 2659 3584 explorandam
2707 3517 2954 3588 gentium
3002 3519 3324 3593 qualitatem
3373 3521 3588 3590 missus,
3639 3537 3742 3578 nec

2143 3602 2486 3674 proceritatis
2517 3605 2975 3676 magnitudinem,
3021 3623 3121 3664 nec
3149 3610 3559 3667 numerositatis
3587 3610 3742 3668 mul-

2141 3691 2437 3750 titudinem
2480 3696 2724 3768 expavit.
2770 3697 2926 3756 Unde
2980 3705 3035 3755 et
3080 3700 3294 3758 easdem
3351 3709 3557 3776 gentes,
3609 3718 3743 3776 quas

2141 3783 2482 3855 explorando
2511 3801 2622 3842 non
2661 3786 2872 3856 timuit,
2915 3788 3080 3845 etiam
3113 3791 3418 3862 proeliando
3447 3793 3742 3866 prostravit

2144 3870 2326 3942 (Iosue
2350 3889 2410 3942 x,
2444 3874 2524 3947 7).
2556 3873 2692 3932 Cum
2713 3874 3071 3948 benignitatis
3099 3879 3319 3936 culmen
3335 3881 3741 3954 apprehendere

2141 3977 2424 4030 conamur,
2460 3963 2886 4034 praecedentium
2914 3967 3184 4040 exemplis
3213 3969 3564 4027 instruimur.
3598 3970 3741 4039 Quid

2142 4051 2290 4106 enim
2323 4051 2574 4108 Samuele
2601 4052 2920 4126 benignius,
2953 4055 3049 4128 qui
3077 4055 3146 4113 de
3173 4058 3490 4133 principatu
3519 4060 3740 4134 regendi

2141 4140 2329 4211 populi
2359 4138 2622 4212 dejectus,
2656 4158 3023 4201 successorem
3041 4145 3147 4203 sibi
3168 4145 3458 4206 humiliter
3486 4150 3737 4222 requirit,

2140 4229 2542 4304 inventumque
2568 4232 2729 4305 ungit
2753 4233 2812 4289 in
2841 4249 3044 4308 regem,
3077 4245 3306 4295 unctum
3335 4241 3504 4296 mox5
3535 4239 3738 4312 patitur

2139 4326 2538 4392 persecutorem
2589 4320 2650 4393 (Ι
2687 4321 2813 4394 Reg.
2857 4339 2916 4392 x,
2963 4324 3043 4396 1).
3088 4327 3138 4382 Α
3185 4342 3294 4400 quo
3336 4345 3407 4387 ne
3450 4329 3736 4398 moriatur,

2137 4407 2406 4481 trepidat;
2438 4417 2492 4468 et
2519 4417 2704 4467 tamen
2737 4427 2806 4467 ne
2847 4413 2899 4469 ei
2927 4415 3199 4473 Dominus
3246 4417 3529 4487 irascatur,
3561 4425 3738 4492 rogat.

2138 4497 2258 4570 ipse
2288 4499 2490 4572 quippe
2517 4517 2643 4557 cum
2674 4500 3006 4573 mitteretur,
3029 4505 3107 4562 ait
3131 4523 3142 4562 :
3177 4506 3372 4564 Audiet
3401 4509 3556 4576 Saul,
3585 4514 3635 4566 et
3660 4509 3740 4564 in-

2142 4589 2463 4660 terﬁcietme
2494 4591 2551 4660 (Ι
2573 4590 2698 4662 Reg.
2729 4606 2848 4661 xvr,
2881 4591 2962 4666 2).
2985 4593 3056 4650 Et
3083 4595 3133 4651 ei
3155 4611 3251 4668 per
3264 4598 3613 4670 semetipsam
3633 4597 3739 4654 Ve-

2137 4677 2272 4734 ritas
2298 4677 2466 4736 dicit:
2502 4679 2780 4750 Quousque
2809 4685 2866 4735 tu
2895 4681 3034 4752 luges
3065 4683 3298 4754 Saulem,
3326 4701 3444 4740 cum
3471 4701 3560 4756 ego
3583 4683 3742 4755 abje-

2135 4766 2297 4822 cerim
2325 4784 2444 4823 eum
2468 4769 2664 4838 (Ibid,
2700 4769 2754 4838 i)
2779 4768 2808 4824 ?
2837 4767 2983 4837 Quid
3011 4787 3138 4844 ergo
3167 4771 3274 4830 isto
3302 4772 3424 4829 viro
3439 4771 3740 4847 benignius

2135 4853 2248 4912 dici
2274 4859 2471 4928 potest,
2503 4856 2598 4930 qui
2632 4863 2688 4912 et
2715 4855 2866 4914 hunc
2893 4874 3006 4915 non
3024 4860 3148 4916 vult
3165 4859 3454 4919 divinibus
3473 4862 3688 4936 percuti
3708 4878 3742 4917 a

2137 4959 2244 5017 quo
2273 4943 2537 5002 formidat
2563 4944 2782 5003 occidi?
2810 4945 2948 5004 Cum
2968 4947 3037 5005 ad
3065 4950 3284 5022 pietatis
3314 4959 3477 5025 atque
3505 4951 3738 5008 humili-

2135 5033 2264 5090 tatis
2292 5033 2676 5092 celsitudinem
2695 5035 2992 5107 teudimus,
3017 5040 3448 5112 praecedentium
3463 5040 3737 5114 exemplis

2135 5125 2404 5181 levamur.
2439 5123 2586 5192 Quid
2612 5123 2760 5182 enim
2789 5126 2968 5184 David
2993 5127 3426 5200 misericordius,
3457 5129 3594 5205 quid
3622 5129 3740 5187 hu-

2134 5211 2324 5270 milius
2350 5212 2463 5270 dici
2493 5221 2688 5286 potest,
2719 5206 2812 5288 qui
2855 5231 2886 5270 a
2925 5233 3048 5290 rege
3087 5216 3320 5292 reprobo
3356 5235 3458 5292 pro
3485 5218 3736 5276 victoriis

2131 5419 2238 5476 que
2265 5404 2452 5483 Norm.
2473 5405 2597 5483 Yet.
2616 5405 2804 5483 Ed:_et
2831 5407 2998 5483 Gilot.
3017 5408 3241 5479 habent,
3269 5411 3490 5483 ﬁrmare
3519 5417 3737 5466 mentem

2125 5491 2225 5546 per
2251 5476 2617 5531 constantiam.
2649 5477 2809 5548 Aliae,
2838 5480 3060 5606 firmare
3089 5476 3660 5538 mentisconstantiam.

2202 5546 2224 5580 ⁸
2267 5546 2347 5602 Ita
2377 5546 2638 5606 Vindoc..
2677 5549 2836 5606 Prate
2864 5595 2874 5606 .
2907 5559 2962 5606 et
3000 5553 3096 5606 alii
3138 5555 3328 5606 Norm.
3371 5555 3498 5606 Vet.
3530 5553 3638 5606 Ed.

2202 5546 2224 5580 ⁸
2267 5546 2347 5602 Ita
2377 5546 2638 5615 Vindoc.,
2677 5546 2874 5607 Pratel.
2907 5559 2962 5608 et
3000 5553 3096 5609 alii
3137 5555 3328 5611 Norm.
3371 5555 3498 5612 Vet.
3529 5553 3638 5611 Ed.
3681 5561 3735 5610 et

2131 5617 2401 5674 Gussanv.
2434 5616 2658 5689 habent,
2692 5623 2882 5679 tolerat
2903 5631 3308 5697 persecutorem.
