4152 6182
266 266 372 322 409

979 266 1350 325 MORALIUM
1390 250 1521 326 LlB.
1566 271 1799 329 XXVII.
1842 302 1913 317 —
1950 275 2023 330 IN
2061 274 2290 333 CAPUT
2328 278 2572 336 XXXVI
2611 279 2676 335 B.
2717 280 2860 337 JOB.

3482 286 3587 345 MO

254 387 630 448 contumelias
648 388 868 460 recepit,
891 390 987 463 qui
1016 390 1084 446 de
1102 408 1269 448 manu
1289 392 1482 450 hostili
1497 394 1857 453 Israeliticam
1883 402 1935 464 Α
1963 400 2231 470 queritur,
2263 400 2484 458 dicens:
2518 403 2639 459 Non
2665 409 2740 457 est
2793 404 2891 474 qui
2940 408 3190 464 extendat
3216 411 3362 466 ultra
3413 415 3587 466 tento—

256 489 479 553 gentem
506 478 667 536 fortis
702 477 925 550 eripuit,
975 489 1029 536 et
1075 489 1255 537 tamen
1306 481 1421 555 ipse
1471 500 1539 538 ne
1597 485 1870 539 moriatur

254 569 415 643 quasi
432 568 635 624 debilis
655 568 798 640 fugit
830 569 886 640 (I
904 570 1026 639 Reg.
1060 586 1199 637 xvn,
1234 572 1453 645 18,19);
1480 574 1575 645 qui
1607 583 1659 629 et
1678 590 1735 629 se
1764 575 1868 629 ele-

253 667 409 714 ctum
430 656 629 713 divino
644 655 881 728 judicio,
900 665 954 712 et
974 668 1378 729 persecutorem
1393 678 1553 716 suum
1574 662 1866 733 reprobum

254 745 525 819 agnoscit,
557 755 611 801 et
642 752 826 801 tamen
856 745 1034 802 eidem
1054 750 1390 819 persecutori
1411 767 1523 805 suae
1552 749 1759 806 crebrae
1789 767 1867 806 sa-

257 835 597 894 tisfactionis
628 834 950 891 humilitate
1004 854 1060 893 se
1089 837 1335 910 subjicit,
1381 840 1476 912 qui
1507 841 1872 912 persecutoris

257 928 505 983 lanceam
528 926 701 993 tollit,
732 943 883 982 oram
905 926 1218 1001 chlamydis
1259 930 1568 999 detruncat,
1610 940 1773 1003 atque
1802 930 1870 986 ad

257 1033 523 1075 cacumen
554 1017 762 1072 montis
791 1016 1044 1088 protinus
1075 1030 1344 1091 properat,
1369 1030 1424 1076 et
1444 1038 1554 1077 uno
1571 1021 1873 1094 eodemque

260 1121 507 1178 tempore
553 1107 683 1178 quia
713 1110 852 1168 861
901 1107 1187 1164 occidendi
1240 1119 1564 1181 potestatem
1615 1110 1872 1173 habuerit

258 1210 520 1270 ostentat,
543 1211 598 1258 et
628 1218 697 1258 ne
725 1203 1014 1262 occidatur
1044 1206 1238 1277 rogat?

334 1292 422 1347 18.
460 1294 613 1347 More
636 1292 859 1347 nubium
887 1300 1103 1350 extensa
1132 1313 1291 1367 super
1315 1312 1411 1350 nos
1428 1297 1649 1352 illorum
1673 1301 1873 1351 sancto.

261 1397 383 1434 rum
412 1380 523 1434 vita
549 1379 791 1451 tegimur.
824 1410 895 1422 -
924 1381 1065 1449 Quia
1094 1399 1220 1455 ergo
1251 1385 1308 1439 in
1332 1385 1545 1441 cunctis
1568 1402 1689 1458 quae
1717 1384 1873 1456 spiri-

258 1472 447 1528 taliter
476 1472 787 1543 appetimus
832 1472 1104 1544 exemplis
1133 1473 1571 1546 praecedentibus
1601 1473 1879 1529 informa-

260 1578 408 1627 inur,
460 1561 605 1618 bene
632 1559 701 1615 de
729 1558 820 1617 bis
871 1561 1113 1619 nubibus
1142 1563 1348 1620 dicitur
1372 1581 1383 1619 :
1423 1566 1549 1632 Qum
1575 1556 1880 1635 prtetexunl

259 1657 449 1705 cuncta
506 1651 748 1723 desuper.
807 1650 958 1706 More
1000 1650 1147 1706 enim
1178 1652 1415 1709 nubium
1462 1661 1691 1708 extensa
1718 1666 1881 1721 super

259 1757 362 1795 nos
398 1750 616 1812 patrum
667 1740 785 1797 vita
812 1740 1073 1813 tegimur,
1130 1749 1193 1797 ut
1252 1739 1321 1797 ad
1377 1740 1622 1796 fructum
1652 1738 1878 1795 fecundi
1911 1770 1958 1830 Β

260 1830 529 1900 germinis
586 1830 964 1887 infundamur.
1013 1831 1085 1886 Et
1132 1830 1289 1903 quasi
1344 1829 1621 1886 intuentes
1675 1828 1876 1884 calum

260 1918 422 1989 prius
453 1919 628 1975 nubes
656 1918 976 1991 aspicimus,
1010 1919 1142 1992 quia
1169 1927 1296 1977 ante
1324 1917 1598 1975 bonorum
1620 1916 1766 1973 facta
1786 1916 1877 1971 ad'

260 2006 525 2061 mirando
557 2008 852 2076 cernimus,
890 2016 946 2065 et
985 2016 1109 2080 post
1156 2007 1253 2063 illa
1300 2023 1418 2080 quae
1462 2015 1593 2063 sunt
1638 2005 1879 2063 caelestia

258 2094 602 2167 experiendo
630 2106 999 2168 penetramus.
1031 2096 1136 2153 Sed
1200 2096 1332 2170 quia
1386 2111 1735 2169 nequaquam
1766 2093 1878 2150 ha—

260 2201 386 2243 rum
418 2183 670 2253 nubium,
703 2185 760 2242 id
789 2194 872 2243 est
900 2186 1257 2258 antiquorum
1288 2193 1531 2257 patrum,
1564 2184 1684 2240 vita
1712 2182 1876 2238 nobis

260 2272 561 2346 virtusque
610 2283 932 2347 patesceret,
984 2274 1093 2331 nisi
1141 2290 1257 2331 eam
1308 2274 1483 2330 nubes
1537 2272 1680 2339 aliae,
1712 2271 1769 2327 id
1798 2281 1880 2328 est

258 2364 440 2420 sancti
468 2364 703 2437 apostoli
734 2365 945 2421 lumine
972 2381 1085 2421 suae
1124 2364 1531 2437 praedicationis
1572 2362 1875 2434 aperirent,

258 2450 334 2506 ad
364 2450 462 2508 bas
491 2452 667 2510 nubes
697 2470 819 2527 quae
850 2453 1204 2525 praedicando
1226 2453 1499 2509 mundum
1530 2452 1880 2509 circumeunt

257 2557 448 2598 sermo
476 2542 686 2609 redeat,
716 2552 771 2598 et
817 2541 954 2613 quid
980 2558 1077 2612 per
1109 2541 1232 2595 illas
1258 2540 1532 2596 Dominus
1580 2540 1638 2593 in
1670 2536 1878 2592 mundo

259 2631 446 2702 egerit
464 2629 739 2686 ostendat.
761 2628 1022 2701 Sequitur
1040 2644 1053 2681 :

746 2742 974 2801 CAPUT
1005 2743 1084 2799 x1
1103 2740 1246 2815 [Rec.
1286 2740 1403 2814 VI].

334 2863 508 2920 Vens.
542 2861 633 2929 29,
663 2859 753 2918 30.
781 2891 852 2902 —
880 2860 940 2917 Si
978 2860 1205 2915 voluerit
1232 2860 1508 2916 extendere
1538 2860 1697 2916 nubes
1719 2861 1875 2932 quasi

261 2951 550 3007 tentorium
578 2965 750 3015 suum,
787 2954 836 3003 et
861 2947 1146 3019 fulgurare
1172 2947 1366 3003 lumine
1383 2963 1478 3003 suo
1498 2948 1743 3020 desuper,
1760 2967 1875 3004 car-

263 3041 415 3096 dines
442 3054 645 3111 quoque
680 3036 848 3092 maris
877 3038 1091 3109 aperiet.

344 3130 428 3185 19.
468 3126 648 3184 Sancti
675 3127 776 3183 Dei
815 3127 1041 3181 tentoria
1092 3132 1238 3192 sunt,
1267 3126 1326 3180 in
1377 3123 1568 3196 quibus
1606 3126 1755 3197 apud
1784 3143 1880 3180 nos
1909 3116 1953 3177 C

264 3221 472 3277 habitat
508 3226 557 3275 et
594 3219 852 3275 ambulat.
891 3219 1066 3275 Paulo
1109 3219 1333 3275 Romam
1364 3222 1588 3288 petente,
1630 3216 1796 3271 latens
1828 3218 1884 3271 in

266 3309 387 3381 ejus
417 3314 623 3381 pectore
648 3309 804 3379 quasi
837 3307 931 3363 sub
980 3307 1203 3363 tentorio
1230 3307 1343 3362 ibat
1368 3306 1531 3362 Deus.
1563 3336 1634 3346 —
1661 3307 1883 3363 Exten-

268 3397 357 3454 dit
389 3396 561 3453 nubes
589 3398 882 3464 Dominus,
913 3396 1045 3451 dum
1095 3395 1369 3452 ministris
1425 3395 1541 3451 suis
1570 3396 1715 3451 viam
1748 3413 1883 3468 prae-

267 3484 565 3543 dicationis
593 3485 863 3557 aperiens,
895 3501 989 3541 eos
1038 3485 1096 3539 in
1141 3485 1337 3540 mundi
1386 3484 1736 3541 latitudinem
1779 3484 1883 3540 cir-

267 3591 617 3649 cumquaque
677 3574 962 3631 diffundit.
1024 3573 1169 3629 Bene
1226 3582 1407 3630 autem
1465 3572 1675 3629 dictum
1734 3583 1815 3630 est
1870 3591 1881 3628 :

270 3664 445 3732 Quasi
473 3663 751 3717 tentorium
782 3678 956 3718 suum.
1012 3661 1333 3717 Tentorium
1366 3660 1568 3733 quippe
1599 3661 1655 3716 in
1688 3661 1885 3717 itinere

268 3752 408 3827 poni
458 3751 614 3807 solet.
656 3752 725 3808 Et
752 3768 877 3808 cum
909 3749 1294 3823 praedicatores
1323 3749 1498 3805 sancti
1528 3748 1584 3803 in
1617 3749 1881 3804 mundum

273 3844 605 3910 mittuntur,
655 3841 758 3899 iter
812 3843 925 3899 Deo
968 3841 1202 3897 faciunt.
1248 3838 1404 3897 Unde
1446 3838 1712 3909 scriptum
1764 3846 1880 3893 est:

270 3935 406 3991 Ecce
431 3933 579 3987 mitto
612 3934 855 4004 angelum
885 3948 1057 3987 meum
1079 3937 1201 3986 ante
1226 3929 1418 4000 faciem
1447 3935 1613 3995 luant,
1630 3929 1723 3999 qui
1747 3945 1885 4000 prte-

266 4022 491 4093 parabit
524 4022 665 4076 viam
696 4028 841 4075 tuam
880 4026 1002 4075 ante
1041 4026 1085 4075 te
1132 4019 1351 4091 (Malae.
1407 4035 1490 4086 ιιι,
1531 4018 1608 4090 1).
1642 4019 1712 4073 Et
1742 4016 1888 4072 unde

279 4127 498 4166 rursum
534 4127 630 4182 per
657 4110 1010 4166 Psalmistam
1058 4108 1267 4166 dicitur
1301 4126 1312 4164 :
1373 4109 1486 4165 Iter
1538 4106 1695 4177 facile
1720 4106 1769 4161 ei
1797 4105 1889 4176 qui

272 4200 505 4255 ascendit
524 4216 685 4271 super
720 4215 867 4255 occas
882 4216 969 4253 um
1008 4198 1179 4270 (Psal.
1224 4214 1400 4263 van,
1431 4197 1511 4268 5).
1535 4196 1606 4252 Εῑ
1628 4210 1883 4250 rursum:

272 4287 435 4353 Deus,
462 4305 580 4343 cum
622 4288 944 4360 egredereris
980 4304 1163 4343 coram
1181 4287 1382 4357 populo
1414 4291 1526 4350 tuo,
1556 4285 1683 4339 dum
1714 4289 1888 4338 trans-

271 4377 566 4445 gredereris
597 4394 700 4449 per
735 4377 1016 4443 desertum,
1060 4381 1205 4430 terra
1252 4380 1394 4429 mota
1445 4381 1519 4428 est
1577 4374 1765 4444 (Ibid,
1805 4375 1888 4441 8).

275 4467 423 4520 Deus
452 4464 624 4532 enim,
656 4464 752 4537 qui
784 4480 880 4536 per
907 4462 1261 4535 semetipsum
1282 4476 1395 4516 non
1420 4460 1667 4516 localiter
1683 4460 1887 4531 ubique
1915 4474 1965 4532 1)

274 4562 377 4620 est,
410 4571 507 4626 per
535 4553 922 4626 praedicatores
956 4570 1083 4608 suos
1115 4552 1171 4607 in
1202 4549 1397 4606 mundi
1428 4558 1609 4621 partes
1638 4548 1889 4604 localiter

273 4643 543 4699 ambulat.
576 4642 731 4700 Unde
760 4643 926 4699 etiam
956 4657 1052 4713 per
1077 4638 1399 4712 prophetam
1431 4637 1667 4693 dicitur:
1704 4639 1779 4692 Et
1806 4638 1881 4692 in-

273 4735 559 4791 ambulabo
588 4736 645 4790 in
669 4735 743 4791 eis
785 4734 975 4806 (Leuit.
1010 4747 1171 4799 xxvr,
1209 4729 1294 4797 12;
1345 4730 1410 4785 II
1460 4729 1586 4786 Cor.
1640 4745 1720 4796 Vl,
1773 4728 1883 4799 16).

276 4825 387 4878 lter
415 4824 622 4897 quippe
651 4840 746 4897 per
774 4839 866 4879 eos
895 4821 1027 4894 agit,
1060 4820 1192 4877 dum
1224 4817 1484 4874 humanis
1511 4816 1771 4873 cordibus
1803 4833 1887 4872 eo-

281 4928 403 4969 rum
434 4929 492 4968 se
513 4913 734 4986 eloquio
760 4911 1028 4968 infundit.
1061 4910 1243 4982 Atque
1286 4908 1345 4964 in
1391 4907 1499 4964 hoc
1544 4907 1743 4962 itinere
1774 4914 1887 4962 ten-

279 5005 422 5060 toria
449 5004 551 5061 Dei
579 5012 707 5061 sunt
737 5002 857 5059 haec
883 5000 1074 5059 eadem
1122 4998 1288 5056 corda
1316 5006 1653 5064 sanctorum,
1685 4995 1888 5069 quibus

278 5094 437 5167 quasi
468 5093 527 5149 in
558 5093 650 5150 via
691 5090 1021 5166 quiescendo
1064 5089 1286 5162 tegitur,
1334 5087 1466 5144 dum
1510 5102 1606 5158 per
1648 5085 1767 5143 haec
1820 5085 1884 5141 ad

281 5191 493 5239 mentes
538 5182 829 5239 hominum
890 5180 1137 5247 veniens,
1189 5178 1301 5250 agit
1344 5191 1465 5249 quae
1494 5174 1787 5246 disposuit,
1839 5182 1893 5229 et

279 5288 393 5327 non
423 5270 665 5328 videtur.
701 5269 839 5344 [νει.
882 5267 1060 5344 VIII.]
1110 5266 1253 5323 Hinc
1280 5274 1362 5322 est
1396 5262 1545 5337 quod
1569 5262 1738 5318 simul
1760 5278 1891 5317 om-

281 5360 369 5415 nis
425 5376 701 5432 synagoga
746 5358 1045 5416 tentorium
1076 5362 1329 5421 vocatur,
1379 5367 1508 5407 cum
1568 5365 1807 5405 cessasse
1862 5365 1894 5404 a

284 5448 677 5520 praedicatione
706 5446 1013 5503 sacerdotes
1029 5442 1297 5499 Dominus
1325 5456 1421 5513 per
1449 5438 1743 5495 Jeremiam
1763 5453 1890 5509 que-

361 5648 373 5679 ¹
400 5648 462 5702 1n
496 5643 755 5709 Vindoc.,
790 5642 969 5710 Colb.,
996 5639 1203 5705 Baluz.,
1228 5635 1505 5710 omittitur
1531 5642 1650 5710 ante
1681 5641 1746 5689 te.

359 5718 380 5752 ⁸
408 5716 667 5790 Longip.,
701 5708 829 5786 quia
856 5708 993 5770 enim
1020 5712 1077 5768 in
1108 5710 1254 5767 illius
1276 5708 1465 5781 populi
1502 5709 1722 5773 cultum,
1773 5712 1894 5762 tunc

1976 489 2118 543 rium
2146 507 2335 558 meum,
2365 497 2414 545 et
2440 491 2611 563 erigat
2631 493 2795 564 pelles
2819 509 2962 549 meas
2984 494 3202 565 (Jerem.
3229 515 3286 566 x,
3308 500 3424 570 20).
3445 500 3589 557 Hinc

1979 595 2194 634 rursum
2236 581 2305 637 de
2334 583 2773 639 exerminatione
2819 583 2938 655 ejus
2992 585 3233 642 dicitur:
3287 590 3585 661 Dissipavit

1977 670 2136 735 quasi
2162 670 2375 725 hortum
2405 674 2689 728 tentorium
2717 690 2891 742 suum,
2918 674 3199 731 demolitus
3231 682 3306 731 est
3350 679 3591 735 taberna-

1978 760 2154 813 culum
2181 777 2335 815 suum
2357 764 2383 831 (
2396 763 2587 818 Thren.
2623 781 2686 831 ιι,
2717 764 2800 836 6).
2836 765 2857 799 ³
2887 764 3028 832 Quia
3055 764 3202 820 enim
3235 766 3293 821 in
3310 768 3477 824 unius
3498 785 3589 840 po-

1981 847 2097 918 puli
2127 849 2279 905 cultu
2310 859 2443 907 tunc
2470 852 2740 909 Dominus
2773 853 2920 910 inter
2940 852 3194 911 homines
3226 855 3409 921 latuit,
3440 873 3590 913 eum-

1980 931 2104 988 dem
2135 933 2244 990 sibi
2272 937 2537 1008 populum
2569 939 2868 995 tentorium
2901 940 3140 997 vocavit.
3177 940 3330 997 Unde
3371 950 3425 998 et
3442 952 3589 1000 recte

1982 1038 2131 1078 nunc
2159 1023 2332 1080 nubes
2361 1025 2479 1082 ista;
2509 1026 2629 1099 ejus
2678 1029 2975 1085 tentorium
3023 1028 3307 1097 dicuntur,
3360 1030 3492 1103 quia
3520 1030 3589 1086 ad

1982 1126 2081 1164 nos
2129 1112 2272 1167 Deus
2318 1129 2414 1184 per
2442 1114 2669 1186 gratiam
2703 1118 2950 1185 veniens,
2984 1117 3131 1173 intra
3161 1117 3585 1189 praedicatorum

1984 1215 2207 1253 suorum
2240 1210 2447 1256 mentes
2475 1204 2741 1273 operitur.
2775 1207 2861 1260 An
2892 1206 3095 1260 Paulus
3123 1204 3243 1278 ejus
3286 1206 3587 1262 tentorium

1984 1304 2095 1342 non
2124 1296 2257 1355 erat,
2307 1305 2432 1344 cum
2476 1307 2507 1346 a
2535 1292 2835 1348 Jerusalem
2868 1310 2962 1365 per
2990 1294 3287 1351 circuitum
3318 1311 3491 1368 usque
3521 1294 3592 1351 ad

1985 1377 2271 1449 Illyricum
2302 1378 2370 1434 ad
2385 1380 2552 1435 corda
2568 1384 2885 1439 mortalium
2902 1385 3131 1440 veniens
3154 1385 3328 1457 (Rom.
3356 1403 3451 1451 xv,
3474 1387 3589 1457 l9),

1988 1466 2045 1522 in
2075 1467 2196 1539 ejus
2226 1479 2410 1525 mente
2448 1472 2716 1529 Dominus
2757 1472 3120 1544 quiescebat?
3165 1473 3348 1529 Nubes
3389 1473 3592 1545 quippe

1987 1566 2101 1613 erat
2131 1558 2473 1627 hominibus,
2507 1562 2806 1619 tentorium
2834 1564 2967 1630 Deo,
3001 1562 3132 1636 quia
3184 1578 3347 1635 quem
3396 1562 3590 1634 praedi-

1987 1645 2164 1701 cando
2184 1646 2513 1705 infundebat
2550 1649 2927 1718 audientibus,
2960 1649 3111 1707 hunc
3140 1650 3503 1707 invisibiliter
3533 1651 3591 1706 in

1988 1745 2171 1792 mente
2200 1738 2488 1794 retinebat.
2522 1739 2671 1794 Idem
2719 1756 2909 1796 rursus
2949 1740 3084 1795 dum
3132 1740 3342 1797 catenis
3374 1740 3593 1797 vinctus

1988 1828 2215 1883 Romam
2250 1838 2454 1899 peteret
2482 1830 2683 1885 Paulus
2712 1840 3083 1901 occupaturus
3128 1831 3400 1887 mundum
3445 1830 3590 1902 (Act.

1989 1931 2191 1984 xxvni,
2229 1918 2341 1990 15),
2366 1919 2538 1975 latens
2568 1920 2623 1974 in
2646 1919 2765 1991 ejus
2782 1928 2999 1991 pectore
3028 1921 3185 1992 quasi
3214 1920 3318 1975 sub
3356 1921 3594 1976 tentorio

1990 2004 2103 2060 ibat
2148 2007 2312 2074 Deus,
2346 2008 2475 2080 quia
2521 2017 2575 2065 et
2601 2009 2853 2065 occultus
2883 2008 3061 2064 videri
3105 2025 3217 2064 non
3267 2017 3496 2080 poterat,
3541 2018 3598 2064 et

1988 2110 2085 2165 per
2114 2095 2283 2150 verba
2314 2097 2725 2168 praedicationis
2755 2098 3006 2170 proditus
3036 2099 3140 2155 iter
3167 2097 3437 2155 inchoata
3465 2113 3597 2169 gra-

1987 2182 2078 2237 tiae
2124 2183 2243 2238 sine
2273 2186 2576 2242 cessatione
2622 2187 2935 2258 peragebat.
2986 2186 3171 2243 Nubes
3219 2184 3338 2257 ejus
3379 2186 3596 2256 Moyses

1988 2272 2224 2340 exstitit,
2257 2290 2382 2329 cum
2415 2276 2733 2347 priusquam
2767 2275 2913 2347 plebi
2969 2273 3285 2331 Israeliticae
3331 2271 3595 2328 ducatum

1987 2359 2272 2431 praeberet,
2306 2362 2667 2435 quadraginta
2694 2364 2855 2419 annis
2884 2364 2943 2418 in
2972 2362 3189 2419 deserto
3211 2364 3357 2421 862
3385 2376 3596 2433 perma-

1988 2472 2143 2524 nens,
2176 2466 2229 2513 et
2258 2458 2518 2514 sublimia
2548 2468 2895 2531 appetens,,a
2939 2458 3356 2515 conversatione
3402 2455 3596 2529 populi

1988 2545 2303 2617 segregatus
2332 2547 2497 2604 vixit.
2528 2547 2633 2604 Sed
2663 2548 2965 2605 tentorium
2999 2549 3097 2604 Dei
3131 2547 3309 2604 factus
3338 2555 3437 2613 est,
3470 2561 3596 2603 cum

1987 2634 2054 2690 ad
2078 2636 2450 2692 revocandum
2485 2638 2747 2710 populum
2792 2638 2851 2693 in
2898 2638 3202 2710 Egyptum
3250 2636 3451 2693 missus
3481 2626 3600 2692 ibat

1988 2723 2191 2794 (Exod.
2222 2743 2308 2796 Ill,
2341 2728 2453 2798 10),
2486 2735 2711 2801 portans
2750 2727 3092 2783 invisibilem
3144 2727 3203 2782 in
3244 2724 3409 2783 corde
3456 2723 3598 2781 veri-

1986 2820 2193 2882 tatem,
2238 2832 2362 2872 cum
2411 2817 2760 2888 omnipotens
2801 2818 2967 2884 Deus,
3018 2815 3113 2888 qui
3162 2814 3477 2887 patescebat
3538 2813 3597 2868 in

1985 2917 2168 2973 opere,
2201 2904 2403 2961 latebat
2431 2906 2487 2961 in
2518 2906 2702 2961 corde.
2735 2906 2807 2961 Et
2863 2905 3069 2977 ubique
3118 2918 3357 2973 praesens
3413 2899 3601 2956 omnia

1985 2992 2294 3058 continens,
2326 2994 2430 3048 iter
2458 2994 2515 3049 in
2533 3011 2633 3049 suo
2662 2994 2875 3049 famulo
2924 2994 2982 3047 in
3033 2992 3340 3063 IEgyptum
3372 2990 3605 3045 veniens

1992 3079 2245 3136 faciebat.
2279 3080 2434 3137 Unde
2462 3082 2730 3152 scriptum
2746 3090 2826 3136 est
2851 3098 2861 3135 :
2897 3079 3005 3136 Ivit
3032 3079 3175 3134 Deus
3202 3078 3258 3132 in
3288 3078 3597 3148 Egyptum,

1991 3177 2049 3225 ut
2083 3171 2361 3226 redimeret
2386 3171 2487 3226 sibi
2510 3172 2771 3242 populum
2795 3170 2997 3241 (Exod.
3030 3186 3130 3237 xv,
3156 3168 3245 3237 13,
3275 3185 3372 3223 sec.
3395 3168 3596 3241 LXX).

1992 3259 2134 3315 Ecce
2163 3259 2241 3315 ire
2270 3258 2494 3328 dicitur,
2529 3276 2623 3331 per
2670 3258 2830 3331 cujus
2883 3257 3421 3329 incircumscriptam
3469 3273 3600 3329 prae-

1993 3348 2223 3404 sentiam
2247 3357 2449 3408 cuncta
2467 3350 2841 3417 continentur,
2867 3347 3047 3421 quiais
3068 3347 3162 3420 qui
3181 3346 3387 3418 ubique
3402 3362 3470 3402 ex
3488 3362 3599 3401 ma-

1988 3438 2180 3511 jestate
2195 3452 2277 3499 est
2305 3444 2532 3516 quasiin
2554 3445 2645 3500 via
2660 3460 2875 3516 gressus
2904 3442 3063 3515 ponit
3093 3457 3162 3495 ex
3191 3437 3599 3510 praedicatione.

2065 3531 2154 3587 20.
2184 3533 2326 3587 Deus
2349 3550 2450 3604 per
2474 3539 2683 3588 sanctos
2709 3532 2979 3604 fulgurat,
3011 3547 3129 3585 cum
3158 3528 3264 3585 edit
3317 3527 3600 3600 miracula.

1994 3626 2116 3680 Haec
2162 3626 2216 3679 in
2264 3625 2704 3696 praedicatoribus
2765 3624 3079 3678 necessaria.
3127 3652 3198 3663 —
3244 3619 3348 3676 Sed
3397 3618 3601 3676 eisdem

1995 3713 2196 3768 sanctis
2217 3712 2672 3784 praedicatoribus
2701 3727 3045 3783 nequaquam
3065 3710 3134 3765 ad
3162 3707 3598 3781 persuadendum

1996 3800 2164 3855 verba
2238 3801 2524 3856 sufﬁciunt
2556 3842 2572 3867 ,
2621 3799 2727 3853 nisi
2774 3797 2939 3852 etiam
2994 3796 3261 3851 miracula
3308 3794 3602 3849 addantur.

1997 3888 2151 3945 Unde
2183 3903 2309 3943 cum
2352 3887 2564 3943 dictum
2600 3886 2702 3941 sit:
2758 3884 2815 3940 Si
2857 3882 3085 3938 voluerit
3134 3881 3409 3936 extendere
3449 3880 3605 3933 nubes

1997 3978 2153 4047 quasi
2185 3975 2465 4030 tentorium
2501 3990 2675 4041 suum,
2706 3980 2853 4029 recte
2882 3967 3273 4041 subjungitur:
3314 3968 3389 4023 Et
3429 3967 3607 4037 fulgu-

1997 4084 2123 4121 rare
2152 4067 2347 4121 lumine
2377 4082 2470 4119 suo
2499 4064 2740 4135 desuper.
2778 4060 2921 4129 Quid
2951 4059 3099 4115 enim
3130 4057 3332 4114 sentire
3361 4056 3605 4129 fulgura,

1998 4154 2107 4211 nisi
2160 4155 2427 4211 miracula
2453 4152 2717 4209 debemus
2738 4151 2765 4207 ?
2794 4150 2863 4207 de
2891 4148 3093 4223 quibus
3135 4163 3231 4220 per
3259 4145 3606 4202 Psalmistam

1998 4244 2237 4299 dicitur:
2291 4244 2533 4314 Fulgura
2568 4239 2970 4311 multiplicabis,
3029 4243 3077 4291 et
3130 4234 3469 4291 conturbabis
3522 4250 3606 4287 eos

1999 4334 2170 4401 (Psal.
2202 4338 2402 4400 'cxuu,
2426 4333 2478 4400 6,
2510 4348 2607 4386 sec.
2641 4330 2840 4401 LXX).
2876 4328 2976 4383 Per
3004 4326 3103 4382 has
3132 4341 3259 4397 ergo
3305 4324 3479 4380 nubes
3524 4323 3604 4376 lu-

2002 4424 2151 4479 mine
2180 4440 2279 4479 suo
2315 4422 2548 4493 desuper
2590 4420 2855 4491 fulgurat,
2905 4416 3035 4490 quia
3081 4431 3179 4487 per
3221 4413 3608 4486 praedicatores

1996 4522 2212 4568 sanctos
2242 4508 2688 4565 insensibilitatis
2716 4514 2918 4561 nostrai
2949 4502 3203 4559 tenebras
3243 4501 3411 4556 etiam
3444 4500 3607 4554 mira-

1997 4602 2141 4658 culis
2172 4602 2434 4656 illustrat.

2073 4721 2159 4777 21.
2192 4721 2571 4775 Extremorum
2615 4714 2771 4770 etiam
2806 4711 3151 4767 terminorum
3184 4709 3371 4764 mundi
3400 4722 3609 4762 conver-

1997 4812 2094 4868 sio.
2138 4810 2429 4868 Britannia
2460 4807 2582 4881 ﬁdei
2612 4805 2842 4861 subdita.
2874 4834 2945 4845 —
2974 4802 3223 4875 Cumque
3270 4799 3445 4855 nubes
3492 4797 3608 4850 ista:

2000 4900 2186 4957 verbis
2216 4900 2435 4973 pluunt,
2468 4911 2704 4970 cumque
2736 4892 3020 4950 miraculis
3054 4891 3170 4945 vim
3201 4900 3441 4943 coruscae
3471 4882 3610 4973 lucis

1998 4970 2270 5062 aperiunt,
2302 4997 2576 5043 extremos
2605 4985 2770 5041 etiam
2804 4980 2998 5036 mundi
3042 4977 3308 5036 terminos
3352 4970 3611 5062 indivi-

2000 5057 2133 5135 n-um
2190 5092 2432 5132 amorem
2488 5077 2839 5130 convertunt.
2896 5067 3051 5124 Unde
3108 5073 3253 5120 recte
3301 5057 3607 5118 subditur:

2005 5167 2262 5225 Cardines
2290 5180 2493 5236 quoque
2529 5162 2699 5217 maris
2744 5159 2959 5230 aperiet.
3013 5157 3034 5189 ³
3093 5151 3251 5221 Quod
3300 5147 3611 5206 faciendum

2001 5256 2224 5330 quidem
2279 5254 2408 5309 Elin
2450 5251 2682 5307 vocibus
2728 5245 3067 5312 audivimus,
3122 5240 3217 5298 sed
3268 5249 3453 5298 actore
3489 5239 3613 5330 Deo

1994 5327 2109 5418 jam
2161 5343 2367 5399 factum
2397 5340 2694 5397 cernimus.
2728 5334 3093 5405 Omnipotens
3134 5332 3281 5388 enim
3340 5327 3613 5387 Dominus

2000 5414 2446 5489 corruscantibus
2467 5426 2710 5481 nubibus
2739 5422 2991 5481 cardines
3020 5420 3186 5477 maris
3215 5418 3451 5493 operuit,
3476 5414 3610 5489 quia

1999 5631 2257 5688 Dominus
2288 5628 2423 5683 inter
2450 5625 2680 5681 homines
2708 5622 3019 5679 ambulavit.

2075 5705 2095 5738 ³
2127 5700 2388 5770 Vindoc.,
2418 5697 2618 5756 Pratel.
2651 5703 2705 5753 et
2734 5696 2807 5751 al.
2840 5694 2980 5765 quod
3004 5693 3249 5766 futurum
3268 5690 3499 5763 quidem.
