4152 6182
575 273 672 332 ¹ι11

1791 274 2042 332 SANCTI
2079 276 2417 336 GREGORII
2452 277 2678 334 MAGNI

3799 282 3904 346 412

575 393 939 485 emicantibus
992 392 1412 485 prmdioatorum
1469 397 1753 454 miraculis
1773 440 1788 466 ,
1865 398 1934 454 ad
2007 398 2168 456 ﬁdem
2198 407 2250 467 Α
2276 403 2443 462 corda
2471 413 2655 462 nostra
2683 404 2827 462 male
2875 422 3066 480 jejuna
3109 403 3432 466 satientur?
3487 409 3630 478 Quid
3680 412 3897 485 Paulus,

573 483 738 540 etiam
767 482 1030 540 terminos
1072 481 1266 540 mundi
1311 485 1590 556 perduxit.
1639 487 1784 544 Ecce
1847 487 1994 543 enim
2043 504 2178 560 pene

573 581 893 630 cunctarum
918 572 1032 644 jam
1061 573 1306 645 gentium
1336 575 1503 632 corda
1550 577 1898 648 penetravit,
1941 594 2067 634 ecce
2121 578 2178 634 in

575 678 685 718 una
706 662 814 720 ﬁde
842 661 1084 720 Orientis
1113 663 1346 720 limitem
1387 665 1814 740 Occidentisque
1841 667 2133 740 conjunxit
2157 687 2171 737 ;

575 752 747 808 ecce1
795 750 982 822 lingua
1035 751 1356 820 Britannias,
1406 770 1528 826 qua:
1583 754 1664 810 nil
1719 756 1868 813 aliud
1921 765 2172 824 noverat,

576 857 737 913 quam
797 840 1093 899 barbarum
1140 841 1430 910 frendere,
1475 841 1801 914 jamdudum
1855 844 1913 900 in
1968 844 2178 902 divinis

577 927 832 985 laudibus
873 929 1165 986 Hebraeum
1213 929 1381 1003 coepit
1425 932 1669 988 Alleluia
1703 949 1976 991 resonare.
2035 936 2177 992 Ecce

574 1017 850 1090 quondam
878 1018 1145 1086 tumidus,
1172 1017 1287 1091 jam
1318 1019 1630 1078 substratus
1665 1031 1982 1080 sanctorum
2029 1023 2177 1096 pedi-

575 1105 678 1162 bus
706 1108 877 1164 servit
917 1107 1188 1176 Oceanus,
1232 1107 1457 1182 ejusque
1503 1109 1764 1168 barbaros
1807 1121 2008 1180 motus,
2043 1130 2179 1186 quos

535 1214 545 1222 ’
578 1196 784 1252 terreni
837 1197 1116 1270 principes
1167 1196 1422 1254 edomare
1464 1199 1609 1256 ferro
1656 1201 2036 1274 nequiverant,
2079 1201 2180 1258 hos

572 1300 674 1356 pro
725 1285 918 1341 divina
973 1284 1274 1343 formidine
1329 1287 1672 1345 sacerdotum
1703 1306 1799 1346 ora
1825 1291 2177 1363 simplicibus

574 1373 758 1431 verbis
795 1374 998 1448 ligant;
1047 1384 1102 1432 et
1147 1375 1242 1449 qui
1270 1385 1516 1434 catervas
1546 1379 1902 1450 pugnantiam
1934 1379 2179 1436 infidelis

572 1479 920 1537 nequaquam
951 1472 1239 1533 metuerat,
1285 1464 1400 1537 jam
1448 1481 1597 1522 nunc
1650 1467 1831 1523 ﬁdelis
1875 1467 2176 1524 humilium

574 1552 790 1624 linguas
811 1553 986 1611 timet.
1017 1553 1154 1622 Quia
1184 1555 1331 1610 enim
1363 1555 1631 1628 perceptis
1659 1557 1975 1613 ccelestibus
1994 1557 2177 1614 verbis

574 1641 1002 1698 clarescentibus
1029 1658 1248 1716 quoque
1296 1643 1600 1710 miraculis,
1648 1645 1828 1701 virtus
1873 1646 1925 1702 ei
1972 1645 2178 1702 divinae

2289 493 2422 568 quid
2452 495 2646 552 Joanes
2676 513 2773 568 per
2798 497 3064 570 epistolas
3106 499 3395 572 loquentes
3435 509 3755 573 operantur,
3790 505 3902 562 nisi

2289 593 2351 641 ut
2383 595 2589 642 mentes
2619 595 2824 644 nostra:
2853 588 3101 644 coelestia
3143 589 3408 648 alimenta
3461 593 3794 665 percipiant,
3850 602 3903 651 et

2293 672 2486 732 inedia:
2514 692 2625 732 suae
2653 677 2938 733 fastidium
2968 695 3078 750 quo
3098 677 3478 736 moriebantur
3505 681 3788 738 vincant?
3805 684 3892 740 Di-

2287 773 2444 820 catur
2467 781 2594 837 ergo
2621 784 2631 822 :
2668 767 2726 823 Si
2755 768 2981 823 voluerit
3007 769 3279 824 extendere
3308 771 3467 824 nubes
3525 771 3686 842 quasi
3733 778 3904 828 tento-

2287 855 2432 909 rium
2459 873 2634 922 suum,
2672 863 2722 912 et
2745 857 3031 932 fulgurare
3061 861 3256 914 lumine
3275 877 3370 914 suo
3386 860 3635 931 desuper,
3664 863 3908 920 cardines

2287 962 2490 1016 quoque
2517 948 2684 1003 maris
2713 949 2926 1020 operiet.
2964 952 3070 1006 Per
3091 951 3196 1004 hac
3233 950 3370 1006 enim
3393 949 3618 1020 judicat
3655 953 3906 1025 populos,

2289 1043 2338 1089 et
2371 1037 2466 1092 dat
2492 1055 2632 1094 escas
2655 1041 2836 1095 multis
2865 1039 3205 1095 mortalibus.
3238 1038 3319 1096 Ac
3353 1040 3396 1094 si
3432 1049 3617 1112 aperte
3657 1040 3904 1100 diceret:

2291 1126 2346 1183 Si
2376 1121 2591 1184 sanctus
2618 1145 2747 1185 suos
2779 1130 2834 1185 in
2867 1128 3238 1186 ministerium
3273 1128 3680 1202 praedicationis
3709 1142 3900 1191 exten-

2290 1213 2373 1271 dit
2403 1232 2702 1290 eorumque
2733 1218 2900 1274 verba
2929 1216 3213 1274 miraculis
3235 1217 3480 1290 adjuvat,
3505 1219 3676 1276 totius
3697 1221 3900 1278 mundi

2289 1304 2496 1362 limites
2525 1305 2593 1362 ad
2618 1305 2784 1363 ﬁdem
2824 1316 3005 1376 vocat,
3038 1323 3136 1380 per
3175 1323 3295 1380 quae
3325 1317 3379 1366 et
3399 1309 3553 1382 prius
3582 1309 3906 1382 superbien-

2290 1405 2370 1452 tes
2385 1395 2619 1468 judicat,
2651 1398 2673 1432 ³
2703 1406 2758 1454 et
2784 1409 2908 1472 post
2936 1416 3033 1470 per
3073 1399 3304 1456 verbum
3361 1402 3758 1460 consolationis
3798 1419 3904 1460 nu-

2290 1485 2463 1542 triens
2495 1487 2552 1542 in
2579 1504 2674 1559 spe
2703 1487 2945 1546 humiles
2974 1489 3218 1546 roborat.
3557 1530 3562 1534 -

2364 1575 2504 1650 [νει.
2548 1576 2676 1652 ΙΧ.]
2709 1577 2798 1634 23.
2835 1579 2955 1636 Non
2999 1580 3240 1635 omnibus
3269 1581 3396 1652 ﬁdes
3445 1581 3624 1637 datur.
3679 1610 3751 1624 —-
3797 1581 3914 1638 Sed

2289 1681 2417 1721 cum
2453 1681 2602 1723 escas
2631 1665 2761 1723 dare
2789 1668 3117 1726 mortalibus
3148 1669 3381 1738 diceret,
3421 1669 3722 1726 notandum
3755 1669 3917 1744 quod

573 1729 910 1832 θοξηίιίοηίε
939 1731 1277 1800 infunditur,
1307 1730 1553 1804 GillSdem
1601 1731 1918 1832 ἀίνίηίῒξιῐίξ
1965 1745 2174 1832 ῐςθξτοξξθ
2211 1769 2258 1828 Β
2288 1769 2400 1808 non
2427 1755 2528 1822 ait,
2577 1755 2860 1826 omnibus,
2894 1757 2988 1814 sed
3019 1759 3234 1828 multis,
3279 1759 3415 1832 quia
3461 1759 3720 1815 videlicet
3771 1729 3915 1814 scri-

571 1818 902 1889 refrenatur,
922 1829 984 1876 ut
1005 1837 1171 1893 prava
1199 1837 1356 1893 agere
1383 1829 1611 1889 metuat,
1643 1839 1707 1879 ac
1726 1823 1859 1880 totis
1885 1822 2184 1879 desideriis

571 1907 641 1964 ad
669 1910 990 1966 aeternitatis
1018 1910 1246 1982 gratiam
1296 1909 1586 1982 pervenire
1621 1913 1995 1986 concupiscat.
2029 1911 2184 1968 Unde

573 1995 666 2055 hic
695 2015 913 2072 quoque
939 1999 1336 2056 convenienter
1361 1999 1717 2074 adjungitur:

1182 2123 1412 2182 CAPUT
1427 2125 1553 2183 XII.

642 2211 813 2268 Vnus.
847 2211 935 2268 31.
967 2241 1038 2253 -
1065 2213 1172 2268 Per
1198 2213 1304 2269 hac
1339 2213 1481 2270 enim
1500 2213 1715 2284 judicat
1733 2215 1986 2287 populos,
2016 2221 2063 2270 et
2091 2215 2184 2270 dat

571 2317 712 2356 escas
743 2302 927 2357 multis
955 2301 1290 2359 mortalibus.

641 2387 730 2445 22.
759 2389 866 2446 Per
889 2390 1090 2446 eosdem
1126 2391 1506 2463 praedicatores
1533 2391 1758 2448 nubibus
1787 2393 2106 2464 designatos,
2137 2401 2186 2449 et

572 2483 750 2534 terror
777 2479 1060 2551 inﬂigitur,
1090 2487 1140 2535 et
1177 2499 1292 2538 esca
1321 2482 1502 2538 datur.
1534 2512 1606 2524 —
1631 2482 1734 2540 Per
1764 2481 1882 2538 haec
1917 2483 2182 2540 nimirum

573 2567 739 2623 verba
766 2568 1207 2639 pradicatorum,
1241 2571 1300 2626 id
1327 2581 1409 2627 est
1434 2579 1616 2646 guttas
1644 2573 1901 2641 nubium,
1933 2589 2029 2646 per
2059 2574 2185 2632 ha'c

571 2657 797 2727 fulgura
825 2658 1220 2714 miraculorum
1251 2660 1398 2716 Deus
1427 2641 1659 2731 populos
1675 2659 1909 2732 judicat,
1933 2641 2075 2735 quia
2094 2680 2180 2720 eo-

571 2762 694 2802 rum
723 2747 890 2804 corda
916 2749 1109 2804 territa
1137 2747 1206 2804 ad
1239 2750 1620 2822 paenitentiam
1652 2759 1830 2806 vocat.
1865 2753 2000 2808 Nam
2048 2753 2178 2809 dum

570 2853 807 2910 superna
834 2839 1088 2902 audiunt,
1125 2837 1258 2894 dum
1307 2840 1447 2897 mira
1498 2857 1663 2913 opera
1699 2839 2017 2908 attendunt,
2051 2859 2181 2898 mox

571 2926 640 2985 ad
659 2926 824 2984 corda
851 2945 950 2985 sua
975 2927 1224 2997 redeunt,
1256 2938 1311 2986 et
1336 2946 1396 2986 se
1418 2929 1486 2988 de
1505 2929 1772 2988 anteactis
1809 2931 2181 3004 pravitatibus

572 3017 896 3091 aﬂligentes,
926 3025 1128 3076 eterna
1171 3027 1445 3077 tormenta
1488 3021 1906 3094 pertimescunt.
1940 3021 2048 3078 Sed
2085 3039 2182 3095 per

2291 1849 2444 1916 ptum
2477 1852 2558 1900 est
2591 1846 2751 1900 :Non
2779 1848 3010 1904 omnium
3043 1854 3119 1904 est
3163 1849 3292 1922 ﬁdes
3319 1849 3414 1918 (II
3453 1848 3629 1905 Thess.
3679 1864 3767 1914 ιιι,
3819 1848 3914 1921 2).

2291 1934 2362 1990 Et
2390 1933 2720 2008 quibusdam
2752 1935 2960 1995 dicitur
2983 1957 2996 1994 :
3023 1940 3317 2011 Propterea
3327 1956 3418 1995 vos
3436 1955 3545 1994 non
3555 1938 3756 1994 auditis
3775 1938 3915 2009 quia

2229 2053 2237 2062 ε
2291 2025 2482 2080 eaDeo
2502 2041 2610 2080 non
2638 2027 2760 2082 estis
2791 2028 2978 2098 (Joan.
3009 2046 3137 2098 vm,
3177 2029 3296 2100 47).
3325 2030 3398 2086 Et
3431 2045 3654 2086 rursum
3684 2047 3696 2086 :
3744 2028 3918 2086 Nemo

2286 2120 2455 2186 potest
2472 2114 2652 2170 venire
2678 2115 2750 2170 ad
2778 2133 2877 2186 me,
2903 2117 3010 2172 nisi
3037 2117 3223 2184 Pater,
3251 2117 3346 2188 qui
3369 2117 3516 2172 misit
3540 2135 3642 2186 me,
3673 2119 3920 2175 traxerit

2291 2221 2407 2260 eum
2439 2205 2619 2278 (Joan.
2655 2223 2736 2271 v1,
2766 2205 2882 2278 44).
2913 2207 2986 2264 Et
3014 2223 3239 2264 rursum
3267 2224 3278 2262 :
3310 2207 3472 2264 Novit
3513 2207 3779 2263 Dominus
3816 2210 3920 2280 qui

2291 2299 2416 2348 sunt
2442 2293 2554 2364 ejus
2585 2293 2670 2373 (II
2697 2294 2830 2352 Tim.
2864 2311 2926 2362 ιι,
2960 2295 3074 2368 19).
3107 2295 3263 2352 Unde
3293 2295 3352 2351 in
3383 2296 3502 2368 ipsa
3540 2311 3762 2369 quoque
3786 2314 3914 2354 san-

2289 2389 2378 2439 cta
2399 2383 2646 2440 Ecclesia
2675 2385 2902 2457 plurimi
2931 2383 3094 2441 ﬁdem
3125 2393 3336 2452 tenent,
3355 2393 3409 2440 et
3441 2384 3616 2441 vitam
3641 2384 3770 2443 ﬁdei
3793 2403 3910 2444 non

2291 2480 2497 2540 tenent;
2517 2472 2851 2530 humilitatis
2872 2473 3169 2530 dominicae
3195 2483 3544 2530 sacramenta
3564 2475 3907 2550 percipiunt,

2293 2561 2388 2618 sed
2442 2561 2730 2616 humiliari
2784 2561 3068 2618 dominica
3121 2561 3433 2618 imitatione
3491 2573 3898 2630 contemnunt;

2291 2649 2496 2706 blanda
2525 2649 2704 2706 divini
2733 2650 2944 2724 eloquii
2981 2650 3416 2723 pradicamenta
3469 2655 3904 2726 communicant,

2292 2740 2385 2797 sed
2412 2740 2558 2812 apud
2591 2756 2648 2796 se
2680 2741 2948 2798 immanes
2986 2741 3045 2798 in
3070 2750 3292 2798 tumore
3334 2751 3722 2814 perseverant;
3746 2745 3909 2802 Unde

2290 2831 2383 2888 hic
2406 2847 2643 2904 quoque,
2669 2841 2961 2906 postquam
2992 2848 3088 2905 per
3117 2833 3367 2890 cardines
3395 2834 3562 2890 maris
3590 2846 3907 2908 aggregatm

2287 2921 2546 2978 Ecclesiae
2572 2921 2806 2979 latitudo
2834 2922 3049 2996 signata
3071 2933 3172 2992 est,
3204 2933 3326 2996 apte
3353 2921 3706 2997 subjungitur
3734 2943 3746 2984 :

2720 3029 2948 3088 CAPUT
2973 3032 3102 3088 XIII
3125 3032 3268 3107 [Rea
3315 3031 3463 3107 VII].

571 3106 789 3165 easdem
819 3106 994 3164 nubes
1023 3123 1119 3180 per
1149 3124 1283 3181 quas
1313 3118 1490 3166 terror
1516 3109 1809 3183 inﬂigitur,
1851 3111 2016 3168 etiam
2059 3127 2180 3168 esca
2211 3127 2255 3188 ο
2359 3121 2531 3177 Vnus.
2563 3120 2652 3178 32.
2683 3151 2755 3162 —
2786 3123 2806 3158 ³
2837 3106 3165 3179 Imma-nibus
3192 3106 3465 3179 abscondit
3494 3123 3680 3179 lucem.

573 3196 758 3264 datur,
789 3195 922 3268 quia
948 3212 1141 3270 magna
1171 3197 1592 3268 praedicatorum
1617 3199 1953 3272 dispensatio
1982 3209 2084 3267 est,
2116 3207 2177 3256 ut

573 3285 652 3343 sic
680 3283 857 3342 sciant
903 3284 1338 3358 superbientium
1391 3294 1601 3343 mentes
1630 3287 1891 3360 afﬂigere,
1923 3295 1984 3344 ut
2013 3288 2177 3345 etiam

573 3373 804 3431 afﬂictas
832 3374 1090 3430 noverint
1118 3374 1512 3432 consolationis
1541 3375 1762 3449 eloquio
1785 3375 2026 3442 nutrire,
2051 3393 2180 3449 qua-

572 3473 732 3520 tenus
759 3471 814 3520 et
853 3472 1140 3536 peccantes
1168 3463 1235 3520 de
1265 3465 1484 3521 aeternis
1511 3464 1799 3538 suppliciis
1827 3473 2092 3535 terreant,
2126 3476 2179 3524 et

572 3552 901 3624 pamitentes
928 3551 998 3608 de
1027 3552 1252 3624 superni
1299 3553 1453 3628 regni
1501 3553 1714 3627 gaudiis
1744 3563 1989 3626 pascant.
2025 3555 2177 3611 Unde

572 3639 712 3698 bene
740 3641 855 3712 ipse
885 3644 1030 3703 863
1054 3641 1481 3714 dispensationis
1535 3645 1670 3702 ordo
1707 3655 1954 3702 servatus
1983 3653 2082 3713 est,
2117 3651 2177 3700 ut

573 3737 822 3795 ordinate
849 3738 979 3794 Eliu
1007 3739 1212 3798 diceret
1237 3743 1385 3816 quod
1407 3760 1502 3817 per
1530 3743 1630 3800 bas
1656 3743 1830 3800 nubes
1858 3743 2014 3816 prius
2028 3741 2174 3816 judi-

573 3835 662 3886 cat
689 3829 942 3902 populos,
974 3838 1028 3886 et
1051 3833 1404 3904 postmodum
1433 3849 1581 3890 escas
1612 3833 1838 3908 praebet,
1865 3833 1995 3908 quia
2014 3831 2176 3888 nimi-

572 3933 697 3973 rum
725 3917 1076 3991 omnipotens
1104 3923 1250 3978 Deus
1281 3939 1376 3995 per
1405 3923 1790 3995 praedicatores
1835 3939 1962 3979 suos
2019 3921 2174 3994 prius

573 4023 674 4062 nos
719 4006 786 4062 de
831 4024 999 4080 prava
1045 4011 1260 4068 actione
1304 4013 1608 4085 corripiens
1636 4012 1902 4081 concutit,
1934 4019 1988 4067 et
2018 4020 2177 4083 post-

574 4095 800 4152 modum
829 4113 927 4168 per
953 4114 1106 4170 spem
1134 4101 1424 4158 consolans
1478 4101 1673 4157 nutrit.
1706 4099 1764 4156 Si
1803 4099 1952 4156 enim
1982 4099 2174 4156 divina

573 4191 910 4265 dispensatio
947 4213 1042 4270 per
1071 4197 1168 4254 has
1199 4197 1372 4252 nubes
1410 4197 1688 4269 judicium
1723 4199 1887 4255 modo
1916 4215 2029 4254 non
2057 4215 2174 4270 age-

574 4291 676 4350 ret,
707 4301 1052 4360 nequaquam
1081 4285 1288 4342 eisdem
1334 4286 1576 4344 nubibus
1619 4286 1888 4343 dixisset:
1944 4288 2178 4360 Accipite

539 4393 542 4401 ·
575 4374 836 4446 Spiritum
863 4383 1102 4432 sanctum
1117 4395 1138 4443 ;
1167 4393 1395 4448 quorum
1420 4377 1730 4435 remiseritis
1752 4384 1987 4450 peccata,
2003 4379 2180 4433 remit-

2359 3209 2446 3266 24.
2496 3211 2920 3282 Superbientibus
2948 3213 3187 3268 veritatis
3214 3212 3438 3284 cognitio
3489 3213 3792 3286 denegatur.
3824 3245 3902 3256 —

2287 3299 2558 3355 Immanes
2588 3300 2792 3372 quippe
2829 3309 2977 3368 sunt,
3011 3303 3106 3374 qui
3137 3317 3195 3358 se
3246 3301 3406 3358 elatis
3463 3302 3898 3375 cogitationibus

2287 3391 2581 3446 extollunt.
2611 3390 2760 3458 Quos
2791 3399 2983 3448 contra
3011 3408 3108 3464 per
3163 3393 3360 3450 Isaiam
3407 3393 3652 3450 dicitur:
3691 3395 3775 3452 Vw
3799 3404 3901 3465 qui

2289 3486 2545 3550 sapientes
2578 3479 2698 3534 estis
2728 3480 2785 3536 in
2803 3481 2970 3536 oculis
3001 3482 3210 3548 uestris,
3239 3489 3288 3538 et
3313 3499 3496 3540 coram
3522 3482 3902 3554 vobismetipsis

2281 3563 2566 3634 prudentes
2593 3563 2756 3635 (Isai.
2794 3583 2850 3634 v,
2885 3564 3001 3639 2i).
3043 3565 3192 3634 Quos
3233 3575 3426 3624 contra
3473 3567 3636 3624 etiam
3692 3566 3902 3622 Paulus

2285 3653 2364 3709 ait
2386 3670 2397 3708 :
2431 3653 2608 3710 Nolite
2614 3655 2899 3726 prudentes
2918 3672 3026 3710 esse
3041 3656 3188 3726 apud
3207 3658 3564 3730 vosmetipsos.
3581 3658 3762 3727 (Rom.
3787 3672 3894 3723 xu,

2289 3741 2400 3814 16).
2433 3742 2538 3799 Sed
2571 3742 2660 3799 his
2688 3743 3024 3801 immanibus
3055 3745 3154 3800 lux
3175 3744 3554 3814 absconditur,
3579 3745 3710 3819 quia
3729 3744 3894 3800 nimi-

2285 3847 2409 3887 rum
2462 3831 2912 3904 superbientibus
2968 3834 3222 3892 veritatis
3276 3835 3520 3908 cognitio
3571 3834 3893 3906 denegatur.

2286 3919 2440 3976 Unde
2475 3937 2572 3992 per
2602 3923 2951 3994 semetipsam
2984 3923 3201 3982 Veritas
3241 3923 3414 3981 dicit:
3468 3924 3734 3996 Conﬁteor
3781 3923 3894 3989 tibi,

2285 4009 2448 4064 Pater
2477 4011 2700 4066 Domine
2728 4011 2842 4068 cali
2870 4019 2918 4067 et
2949 4018 3124 4082 terra,
3157 4015 3178 4048 ⁴
3209 4013 3340 4085 quia
3367 4013 3686 4069 abscondisti
3731 4013 3836 4067 hac
3863 4031 3895 4066 α

2284 4097 2606 4168 sapientibus
2659 4106 2708 4154 et
2746 4101 3116 4172 prudentibus,
3151 4110 3201 4159 et
3246 4105 3496 4161 reuelasti
3548 4121 3611 4160 ea
3648 4099 3897 4174 paruulis

2288 4184 2498 4255 (Matth.
2527 4203 2608 4255 χι,
2641 4187 2730 4260 25)
2756 4205 2768 4242 :
2803 4189 3078 4261 sapientes
3105 4201 3159 4249 et.
3193 4193 3494 4266 prudentes
3524 4191 3788 4249 videlicet
3807 4205 3895 4246 su-

2285 4274 2596 4345 perbientes
2634 4291 2855 4332 vocans.
2893 4276 3001 4344 Qui
3029 4278 3176 4334 enim
3209 4297 3320 4336 non
3349 4279 3676 4354 subjunxit:
3722 4277 3897 4334 Reve-

2287 4364 2411 4420 lasti
2437 4381 2500 4420 ea
2535 4365 2742 4434 stultis,
2776 4364 2871 4422 sed
2901 4368 3168 4438 parvulis,
3201 4376 3474 4426 tumorem
3508 4385 3566 4426 se
3604 4369 3894 4425 damnasse

575 4471 758 4520 tantur
782 4467 898 4531 eis;
926 4472 975 4522 et
999 4483 1230 4537 quorum
1247 4467 1596 4535 retinueritis,
1626 4449 1826 4524 retenta
1840 4473 1966 4522 sunt
1983 4468 2170 4539 (Joan.
2205 4491 2252 4549 ι)
2289 4453 2554 4549 innotuit,
2585 4449 2698 4549 non
2716 4471 2979 4549 acumen.
2997 4456 3168 4549 ‘Unde
3191 4465 3245 4514 et
3275 4459 3412 4516 alias
3439 4457 3643 4549 dicitur
3669 4473 3680 4512 :
3711 4456 3891 4513 Custo-

573 4571 671 4622 χχ,
705 4555 823 4627 22)⁸
851 4555 923 4612 Et
966 4573 1208 4627 rursum,
1247 4558 1295 4615 si
1325 4575 1422 4632 per
1447 4575 1538 4616 eas
1577 4557 1766 4631 jejuna
1795 4567 1982 4616 nostra
2010 4558 2174 4615 θοι-(ια
2207 4544 2244 4549 ⁷
2280 4544 2692 4616 diensparvulos
2710 4545 2965 4600 Dominus
2987 4545 3160 4617 (Psal.
3181 4563 3326 4615 cnv,
3346 4548 3616 4621 6).Atque
3631 4555 3694 4603 ut
3713 4553 3891 4602 osten-

574 4658 684 4696 non
738 4653 1001 4716 pasceret,
1042 4663 1388 4721 nequaquam
1435 4647 1502 4704 de
1549 4647 1918 4704 esurientibus
1963 4647 2180 4719 populis

573 4731 862 4806 discipulis
889 4735 1161 4791 Dominus
1189 4735 1395 4792 diceret
1419 4753 1430 4790 :
1462 4736 1596 4791 Date
1615 4735 1726 4790 illis
1741 4753 1830 4789 vos
1862 4736 2180 4790 manducare

575 4826 788 4898 (Matth.
819 4843 938 4894 xw,
971 4825 1082 4898 16).
1115 4825 1274 4892 Quod
1302 4825 1382 4881 sic
1415 4832 1550 4880 tunc
1573 4840 1763 4880 eorum
1813 4824 2070 4881 manibus
2097 4825 2172 4879 fa-

571 4923 722 4973 ctum
753 4914 1052 4982 credimus,
1082 4921 1145 4970 ut
1172 4912 1280 4972 hoc
1308 4928 1498 4969 eorum
1548 4912 1732 4968 verbis
1775 4912 2024 4986 quotidie
2054 4912 2172 4970 ﬁeri

573 5005 690 5062 sine
719 5003 1022 5063 cessatione
1051 5002 1359 5060 videamus.
1418 5003 1560 5072 Quid
1617 5002 1764 5059 enim
1821 5004 1934 5076 agit
1962 5003 2176 5072 Petrus,

573 5110 698 5152 cum
728 5113 825 5170 per
879 5094 1136 5170 epistolas
1164 5093 1432 5168 loquitur,
1493 5093 1602 5150 nisi
1657 5101 1719 5150 ut
1767 5093 1922 5151 verbi
1977 5093 2178 5167 pabulo

650 5321 665 5354 ¹
699 5321 825 5379 Haec
851 5321 1038 5394 addita
1062 5331 1190 5394 sunt
1218 5321 1316 5378 diu
1345 5328 1468 5393 post
1498 5323 1746 5394 vulgatos
1779 5320 2070 5394 Moralium
2111 5321 2172 5376 li-

576 5388 726 5456 bros,
753 5408 880 5466 cum
908 5393 1073 5465 Angli
1099 5393 1170 5466 de
1201 5388 1437 5466 quorum
1467 5388 1828 5466 conversione
1859 5391 2169 5466 hicagitur,

577 5461 821 5536 nonnisi
846 5461 1140 5536 transactis
1171 5461 1426 5536 plurimis
1451 5462 1774 5536 Gregoriani
1804 5461 2171 5536 pontificatus

576 5529 753 5608 annis,
789 5531 950 5586 ﬁdem
1001 5529 1372 5608 Christianam
1417 5529 2170 5608 receperint._Czeterum__de

575 5601 882 5680 Anglorum
909 5605 1264 5680 conversione
1285 5607 1510 5662 consule
1530 5601 1830 5680 praesertim
1847 5605 2007 5678 epist.
2031 5604 2168 5660 olim

576 5683 644 5740 30
675 5673 802 5730 libri
837 5689 938 5738 vn,
971 5673 1084 5728 ind.
1116 5675 1164 5730 1.

649 5746 670 5782 ²
696 5743 986 5804 Omittitur
1007 5759 1108 5814 per
1134 5743 1192 5798 in
1241 5747 1511 5803 Gussanv.

2286 4632 2446 4689 datur
2468 4633 2585 4690 hac
2603 4633 2792 4690 eadem
2813 4635 3059 4707 parvitas
3089 4636 3228 4710 quid
3247 4644 3497 4704 vocatur,
3524 4634 3848 4708 adjungitur
3874 4650 3886 4688 :

2287 4723 2614 4780 Humiliatus
2641 4742 2777 4792 sum,
2800 4731 2847 4780 et
2879 4725 3123 4782 liberavit
3139 4744 3216 4783 me
3253 4727 3281 4796 (
3313 4725 3451 4783 Ibid.
3487 4724 3507 4798 )
3535 4769 3550 4794 ,
3581 4725 3722 4793 Quia
3765 4739 3893 4795 ergo

2287 4822 2417 4874 sunt
2443 4811 2605 4868 multi
2636 4813 2692 4867 in
2721 4813 2987 4884 Ecclesia,
3017 4815 3114 4889 qui
3145 4820 3294 4879 864
3319 4814 3539 4888 parvuli
3567 4830 3686 4872 esse
3713 4813 3894 4885 despi-

2287 4909 2462 4978 ciunt,
2495 4909 2749 4966 etiamin
2772 4911 3106 4970 humilitatis
3157 4915 3278 4972 loco
3333 4913 3601 4970 immanes
3648 4907 3797 4982 apud
3837 4923 3896 4962 se

2287 5014 2403 5054 esse
2433 4999 2663 5055 minime
2691 4999 2985 5059 desistunt.
3018 5003 3132 5059 Hos
3159 5003 3488 5076 plerumque
3505 5000 3694 5057 videas
3721 4998 3894 5055 hono-

2289 5089 2444 5148 ribus
2471 5090 2688 5157 extolli,
2721 5093 3098 5165 voluptatibus
3123 5093 3357 5167 perfrui,
3389 5108 3575 5150 rerum
3623 5089 3895 5162 multipli-

2357 5321 2386 5392 3,
2418 5319 2506 5377 Sic
2535 5319 3033 5392 legit__Grego_rius,
3093 5337 3218 5377 cum
3277 5322 3334 5378 iu
3388 5323 3543 5378 fonte
3597 5320 3891 5392 Hebraico,

2282 5389 2514 5466 Vulgata
2541 5389 2743 5466 et'aliis
2773 5389 3119 5466 versionihus
3137 5393 3359 5466 legatur
3390 5393 3446 5466 in
3475 5391 3736 5466 manibus,
3799 5389 3891 5444 vel

2294 5407 2514 5516 vulgata
2541 5407 2595 5446 et
2619 5407 2743 5446 ams
2773 5407 3119 5448 versmmnus
3150 5407 3359 5466 legatur
3390 5411 3445 5448 in
3475 5407 3736 5459 manibus,
3799 5407 3890 5444 vel

2281 5461 2375 5532 qui
2434 5462 2649 5516 simile:
2677 5479 2730 5516 v.
2788 5479 2862 5534 g.,
2897 5463 2952 5516 in
2975 5464 3192 5537 palmis,
3253 5465 3311 5519 in
3339 5465 3497 5537 uotis,
3529 5462 3890 5537 scilicet_tna-

2279 5531 2451 5606 uiuum
2493 5541 2777 5606 aut,‘perg
2796 5531 3211 5606 metaphoram,
3269 5535 3542 5602 nubium;
3585 5549 3698 5588 vox
3733 5531 3890 5606 _Heb.

2277 5605 2574 5678 chappaipi,
2604 5603 2876 5678 significat
2903 5603 3119 5678 proprie
3149 5623 3358 5678 manus.
3412 5606 3686 5664 Vitiosam
3733 5603 3892 5660 hanc

2275 5674 2448 5752 sancti
2481 5674 3046 5752 Gregoriilectiouem
3075 5677 3324 5752 sequitur
3352 5679 3625 5750 Lyranus.

2358 5748 2374 5780 ί
2403 5745 2623 5813 Ιδτειῐθιζ,
2655 5747 2746 5818 qui
2775 5748 3112 5804 abscondisti.
