4152 6182
282 272 386 330 M3

1020 272 1392 332 MOBALIUM
1430 275 1562 336 LIB.
1605 277 1836 338 XXVII.
1878 306 1947 326 -
1985 280 2055 336 IN
2094 280 2321 340 CAPUT
2360 283 2599 339 XXXVI
2640 283 2701 340 Β.
2744 286 2886 343 JOB.

3500 294 3608 352 414

284 401 453 459 citate
481 398 729 456 dilatari.
761 398 830 455 Hi
858 414 999 471 saepe
1017 399 1097 455 nil
1118 401 1390 472 praecipue
1417 402 1525 459 nisi
1548 420 1776 476 praeesse
1794 423 1893 463 οω-
1922 409 1973 469 Α
2002 407 2299 480 pascendos
2318 409 2339 444 ⁸
2390 408 2560 465 variis
2601 407 2892 464 desideriis
2930 409 3338 473 irrationabiles
3393 418 3612 474 animi-

284 491 418 548 teris
460 496 747 561 appetunt,
788 506 819 545 a
853 488 1045 545 multis
1078 490 1260 548 timeri
1313 493 1701 564 gratulantur;
1748 503 1893 552 recte

283 580 475 637 vivere
504 579 809 651 negligant,
841 586 896 635 et
935 587 1094 636 rectae
1125 580 1254 637 vitae
1279 581 1483 638 famam
1515 582 1715 640 habere
1749 602 1895 641 con-

280 670 579 743 cupiscunt
621 686 634 733 ;
686 668 1031 724 adulationes
1072 680 1347 741 quaerunt,
1400 671 1684 729 favoribus
1734 673 1894 729 intu-

282 766 558 815 mescunt.
588 758 659 813 Et
687 757 819 830 quia
859 757 916 812 in
950 758 1112 815 rebus
1136 758 1243 814 sibi
1279 760 1500 832 copiose
1530 762 1893 833 praesentibus

286 847 528 922 prompti
542 856 693 914 sunt,
718 854 951 903 ventura
966 848 1163 919 gaudia
1178 865 1287 904 non
1311 850 1623 922 requirunt.
1645 850 1894 925 Cumque

286 956 380 996 eos
405 936 704 1009 multiplex
732 936 877 994 actio
907 946 1155 1009 occupat,
1180 938 1343 995 etiam
1374 956 1405 995 a
1434 941 1742 1013 semetipsis
1765 941 1894 997 alie-

286 1046 388 1085 nos
417 1026 778 1084 demonstrat.
814 1024 952 1099 [Vet.
973 1027 1069 1102 X.]
1102 1029 1172 1083 Et
1202 1036 1385 1085 tamen
1417 1029 1462 1086 si
1490 1047 1598 1103 qua
1623 1030 1753 1087 ﬁdei
1780 1038 1894 1087 ten-

289 1116 426 1174 tatio
452 1123 733 1188 exsurgat,
756 1116 888 1189 quia
915 1115 975 1171 in
1018 1133 1081 1173 ea
1123 1118 1316 1174 saltem
1349 1120 1527 1190 specie
1563 1128 1721 1177 tenus
1750 1136 1896 1177 cou-

293 1208 561 1274 tinentur,
598 1205 742 1263 hanc
767 1206 972 1273 verbis,
1008 1206 1150 1265 hanc
1178 1208 1459 1264 laboribus
1484 1208 1808 1277 defendunt,
1842 1218 1895 1266 et

289 1296 528 1369 patriam
560 1295 834 1352 cmlestem
866 1294 1173 1364 vindicant,
1206 1313 1308 1353 nec
1332 1305 1517 1354 tamen
1543 1308 1749 1355 amant.

360 1413 448 1469 25.
483 1412 643 1469 Multi
680 1428 785 1483 pro
814 1414 1245 1483 repromissionis
1276 1421 1419 1470 terra
1445 1422 1707 1487 pugnant,
1737 1433 1898 1487 quam

294 1503 505 1559 minime
561 1509 734 1558 tamen
788 1502 1035 1574 diligunt.
1092 1506 1415 1577 Exemplum
1474 1507 1794 1563 Gaditarum
1852 1512 1899 1559 et

292 1593 698 1651 Rubenitarum.
719 1622 791 1635 —
809 1592 954 1659 Quos
984 1592 1125 1649 bene
1149 1593 1296 1665 apud
1322 1595 1548 1667 Moysen
1578 1595 1679 1651 ﬁlii
1707 1594 1897 1652 Ruben

296 1691 349 1738 et
378 1681 519 1748 Gad,
552 1690 606 1737 et
648 1681 884 1738 dimidia
919 1681 1097 1737 tribus
1141 1683 1386 1739 Manasse
1431 1684 1770 1755 exprimunt,
1804 1682 1899 1756 qui

2007 507 2188 557 motus
2207 499 2511 568 elaborant,
2533 498 2663 573 quia
2692 506 2911 557 aeternae
2940 501 3082 558 lucis
3111 513 3317 575 quanta
3345 508 3418 563 sit
3446 508 3614 565 clari-

2006 596 2090 645 tas
2137 589 2390 645 nesciunt
2419 590 2514 661 qui
2563 589 2895 646 transitoriis
2940 592 3396 663 occupationibus
3423 596 3614 654 obca-

2003 688 2224 745 cantur;
2256 687 2310 735 et
2344 680 2475 736 dum
2506 679 2572 735 de
2598 680 2829 736 terrenis
2859 679 3020 736 rebus
3048 681 3398 752 superbiunt,
3430 686 3605 741 cmle-

2005 769 2105 825 stis
2132 768 2237 824 sibi
2270 769 2498 825 luminis
2513 769 2725 825 aditum
2757 775 2901 833 865
2922 769 3207 826 claudunt.

2080 865 2217 938 [νει.
2251 866 2378 940 XL]
2422 866 2573 923 Unde
2617 874 2761 923 recte
2818 884 2967 924 nunc
3004 868 3209 923 dicitur
3242 884 3253 922 :
3287 869 3613 927 Immanibus

2006 957 2274 1013 abscondit
2306 958 2489 1013 lucem.
2521 956 2623 1011 Sed
2654 964 2836 1013 tamen
2871 957 3168 1030 aliquando
3198 957 3299 1013 hos
3344 958 3613 1015 immanes

2008 1064 2242 1120 superna
2270 1048 2442 1119 gratia
2471 1049 2715 1120 respicit,
2746 1056 2908 1121 atque
2939 1049 3072 1121 ipsis
3100 1065 3283 1104 rerum
3314 1049 3612 1107 abundan-

2008 1140 2147 1195 tium
2180 1140 2631 1210 orcupationibus
2651 1141 2870 1211 aﬂligit,
2900 1158 3201 1214 eorumque
3219 1143 3614 1215 prosperitati-

2008 1232 2110 1288 bus
2135 1231 2390 1286 adversas
2418 1231 2665 1302 quidem,
2689 1232 2783 1287 sed
2811 1234 2976 1289 utiles
3017 1234 3405 1290 tribulationes
3429 1235 3614 1291 inter-

2008 1320 2161 1388 serit,
2192 1328 2255 1375 ut
2282 1319 2590 1375 contristati
2620 1319 2687 1374 ad
2718 1337 2813 1376 cor
2834 1322 3078 1389 redeant,
3096 1323 3334 1395 atquein
3353 1323 3614 1395 perituris

2009 1411 2172 1466 rebus
2213 1425 2376 1481 quam
2424 1408 2665 1464 inaniter
2705 1419 3042 1481 occupentur
3095 1421 3415 1482 agnoscant.
3450 1412 3606 1469 Unde

2010 1500 2104 1556 hic
2133 1515 2348 1572 quoque
2365 1506 2650 1572 postquam
2683 1498 2961 1556 subtracta
2976 1500 3074 1556 lux
3093 1499 3320 1569 dicitur,
3351 1508 3474 1574 apte
3488 1501 3615 1556 sub-

2005 1590 2261 1664 jungitur
2293 1607 2305 1645 :

2605 1680 2833 1738 CAPUT
2865 1680 3017 1738 XIV.

298 1772 476 1829 multa
505 1788 701 1845 pecora
722 1779 775 1827 et.
796 1771 1051 1843 jumenta
1070 1772 1433 1845 possidentes,
1456 1771 1587 1827 dum
1611 1780 1767 1826 extra
1788 1770 1903 1825 Jor-
1932 1773 1985 1833 Β
2079 1773 2219 1827 Iam.
2251 1800 2321 1812 —
2350 1770 2683 1842 Etprtecipit
2711 1771 2757 1825 ei
2786 1777 2847 1826 ut
2874 1787 3068 1826 rursus
3101 1771 3371 1827 adveniat.

297 1859 499 1916 danem
547 1876 612 1915 ea
655 1876 775 1933 quas
822 1859 1076 1917 viderant
1114 1862 1441 1933 campestria
1481 1861 1902 1932 concupiscunt,

296 1950 357 2005 in
398 1949 841 2021 repromissionis
873 1957 1019 2007 terra
1062 1949 1439 2007 hareditatem
1471 1950 1674 2007 habere
1701 1950 1907 2004 nolue-

296 2046 453 2105 runt,
504 2037 788 2095 dicentes:
828 2041 997 2095 Terra
1044 2057 1203 2111 quam
1240 2040 1502 2112 percussit
1546 2038 1805 2095 Dominus
1849 2037 1907 2092 in

297 2134 569 2199 conspectu
623 2129 861 2200 ﬁliorum
890 2129 1084 2197 Israel,
1119 2131 1134 2164 ¹
1166 2130 1399 2201 regionis
1426 2129 1707 2185 uberrima:
1735 2134 1811 2183 est
1837 2126 1907 2183 ad

294 2222 509 2288 pastum
535 2217 856 2274 animalium
888 2237 907 2284 ;
945 2225 993 2273 et
1010 2235 1106 2274 nos
1125 2220 1264 2273 servi
1297 2219 1374 2274 tui
1403 2220 1651 2274 habemus
1666 2219 1909 2288 jumenta

293 2307 535 2378 plurima
576 2324 982 2378 precamurque,
1012 2308 1061 2362 si
1098 2308 1388 2363 invenimus
1418 2308 1440 2344 ⁸
1470 2308 1702 2379 gratiam
1731 2321 1911 2361 coram

301 2400 367 2462 te,
395 2402 455 2450 ut
480 2396 568 2451 des
596 2397 747 2451 nobis
780 2396 1004 2467 famulis
1034 2397 1139 2451 tuis
1166 2414 1282 2452 eam
1310 2397 1366 2451 in
1390 2397 1789 2468 possessionem,
1819 2411 1910 2450 nec

300 2484 473 2555 facias
491 2503 588 2541 nos
611 2487 844 2541 transire
871 2487 1161 2542 Iordanem
1191 2488 1375 2557 (Num.
1398 2504 1581 2554 xxxn,
1613 2487 1666 2554 4,
1690 2488 1771 2557 ὕ).
1802 2485 1908 2552 Qui

300 2575 476 2646 igitur
500 2574 757 2646 jumenta
776 2575 1017 2646 plurima
1038 2575 1337 2646 possident,
1359 2576 1651 2631 Jordanem
1680 2574 1912 2631 transire

295 2664 618 2734 refugiunt,
650 2664 781 2735 quia
804 2679 943 2735 quos
969 2665 1144 2719 multa
1170 2664 1362 2720 mundi
1394 2664 1804 2736 implicamenta
1826 2682 1910 2721 oc-

291 2761 529 2824 cupant,
564 2752 963 2808 habitationem
993 2754 1228 2809 cmlestis
1250 2754 1436 2824 patriai
1458 2770 1568 2809 non
1600 2756 1905 2827 requirunt.

301 2840 412 2898 Sed
441 2841 563 2912 ipsa
589 2857 684 2897 eos
713 2856 877 2913 quam
906 2842 1085 2911 specie
1127 2849 1288 2897 tenus
1313 2849 1522 2910 tenent,
1553 2842 1688 2898 ﬁdes
1719 2843 1911 2900 incre-

306 2939 420 3003 pat,
451 2945 519 2985 ne
547 2929 648 2986 otii
695 2928 1058 2986 delectatione
1096 2939 1426 3004 torpescent,
1460 2941 1622 3006 atque
1651 2935 1908 3005 exemplo

312 3035 411 3073 suo
441 3018 579 3073 alios
608 3035 640 3073 a
669 3017 875 3073 laboris
916 3018 1224 3086 tolerantia,
1256 3029 1311 3077 et
1339 3022 1525 3078 studio
1564 3023 1909 3094 longanimi-

2086 1861 2175 1917 26.
2220 1856 2463 1917 Veritatis
2494 1862 2684 1927 lumen,
2708 1860 2848 1930 quod
2871 1861 3024 1915 elatis
3042 1861 3408 1931 occupatisque
3433 1860 3615 1915 menti-

2017 1950 2110 2005 bus
2154 1950 2512 2016 absconditur,
2565 1950 2771 2022 aﬁlietis
2800 1955 2847 2003 et
2890 1948 3188 2004 humiliatis
3227 1950 3514 2003 revelatur.
3547 1978 3617 1990 -

2017 2039 2156 2107 Quia
2190 2038 2437 2094 veritatis
2466 2039 2675 2106 lumen,
2703 2038 2849 2110 quod
2872 2038 3029 2092 elatis
3056 2036 3445 2109 occupatisque
3466 2052 3616 2092 men-

2016 2131 2168 2187 tibus
2193 2129 2570 2197 absconditur,
2620 2129 2838 2185 aﬁlictis
2866 2127 3291 2199 humiliatisque
3318 2127 3618 2183 revelatur-

2016 2222 2131 2277 Lex
2161 2220 2360 2293 quippe
2388 2218 2772 2286 advenit,cum
2789 2218 2996 2275 afﬂicta
3024 2235 3185 2275 mens
3217 2220 3360 2291 ipsas
3389 2234 3525 2290 quas
3552 2217 3621 2273 de

2019 2310 2279 2384 perituris
2308 2309 2469 2365 rebus
2498 2308 2921 2363 tribulationum
2956 2307 3214 2363 tenebras
3242 2309 3440 2363 tolerat
3457 2321 3620 2377 agno-

2019 2401 2143 2465 scit,
2176 2397 2426 2472 quianisi
2457 2396 2669 2470 aliquid
2693 2413 2763 2452 ex
2785 2397 2995 2452 lumine
3028 2397 3258 2452 interno
3294 2396 3619 2468 perciperet,

2019 2507 2119 2546 nec
2138 2489 2242 2545 hoc
2271 2489 2448 2560 ipsum
2480 2488 2610 2561 quia
2638 2488 2826 2544 lumen
2859 2486 3170 2561 perdiderat
3197 2485 3429 2541 videret.
3463 2484 3621 2552 Quod

2019 2578 2254 2649 intelligi
2286 2577 2594 2649 specialiter
2622 2578 2785 2632 etiam
2823 2576 2889 2632 de
2931 2577 3135 2633 ludatis
3164 2582 3362 2649 potest,
3394 2575 3486 2648 qui
3530 2574 3621 2630 id-

2020 2669 2167 2726 circo
2198 2667 2546 2739 Redemptori
2578 2675 2768 2722 nostro
2799 2666 2855 2722 in
2875 2682 3040 2722 carne
3071 2665 3317 2722 venienti
3347 2662 3619 2721 contradi.

2020 2775 2139 2815 cere
2168 2757 2284 2814 ausi
2315 2765 2462 2826 sunt,
2486 2756 2617 2829 quia
2644 2756 2788 2829 apud
2818 2756 3141 2827 semetipsos
3170 2754 3439 2810 immanes
3458 2754 3622 2810 exsti-

2019 2856 2224 2904 terunt.
2253 2847 2359 2903 Sed
2384 2847 2470 2902 his
2488 2847 2825 2903 immanibus
2854 2847 2951 2902 lux
2966 2845 3235 2901 absconsa
3262 2851 3365 2911 est,
3390 2843 3519 2916 quia
3536 2860 3623 2899 su-

2022 2938 2175 3012 perbi
2208 2940 2394 2993 lumen
2412 2938 2662 2993 veritatis
2686 2938 2816 2993 dum
2841 2945 3267 3009 persequuntur,
3299 2935 3621 2991 amiserunt.

2020 3032 2123 3088 Sed
2146 3031 2273 3104 quia
2306 3031 2360 3085 in
2396 3030 2505 3085 ﬁne
2537 3030 2728 3084 mundi
2751 3030 2818 3086 ad
2839 3029 3003 3085 ﬁdem
3026 3026 3328 3100 recipiendi
3363 3034 3514 3093 sunt,
3546 3042 3625 3081 re-

313 3107 440 3163 tatis
466 3106 739 3177 frangant.
783 3106 938 3163 Unde
966 3108 1046 3163 eis
1085 3124 1180 3180 per
1206 3109 1437 3182 Moysen
1474 3110 1682 3166 dicitur
1716 3129 1727 3167 :
1762 3112 1908 3167 Nun-

2024 3130 2109 3180 cte
2138 3120 2492 3192 subjungitur
2524 3137 2535 3174 :
2570 3121 2642 3175 Et
2664 3118 2908 3191 p'rwcipit
2940 3119 2987 3173 ei
3030 3125 3089 3173 ut
3134 3134 3329 3173 rursus
3357 3117 3624 3185 adveniat,

305 3197 432 3269 quid
458 3195 658 3267 fratres
686 3197 848 3252 vestri
876 3197 1028 3252 ibunt
1046 3198 1117 3253 ad
1130 3216 1387 3271 pugnam,
1419 3207 1466 3255 et
1494 3218 1585 3256 vos
1603 3201 1685 3256 hic
1723 3201 1913 3256 sedebi-

309 3287 403 3342 tis?
426 3287 536 3342 Cur
548 3287 849 3342 suboertitis
865 3288 887 3322 ³
907 3294 1099 3343 mentes
1113 3289 1349 3360 filiorum
1370 3291 1543 3347 Israel
1562 3290 1913 3361 (Ibid.,6,7)?

308 3374 415 3431 Sed
441 3375 569 3448 quia
586 3375 919 3432 erubescunt
946 3393 1057 3432 non
1078 3377 1369 3436 defendere
1389 3380 1535 3453 quod
1556 3381 1909 3448 conﬁtentur,

308 3482 406 3537 pro
430 3464 619 3521 eadem
647 3464 755 3521 ﬁde
784 3481 949 3538 quam
972 3465 1205 3538 professi
1222 3475 1371 3535 sunt,
1395 3468 1464 3525 ad
1493 3477 1771 3525 certamen
1787 3485 1912 3539 pro-

311 3562 522 3627 perant,
560 3570 789 3628 eamque
820 3571 931 3611 non
974 3556 1102 3623 sibi,
1152 3556 1246 3612 sed
1290 3559 1561 3629 proximis
1603 3558 1909 3615 vindicant.

310 3644 465 3701 Unde
492 3652 546 3699 et
574 3643 641 3699 ad
667 3646 893 3717 Moysen
921 3644 1119 3701 dicunt
1149 3663 1160 3701 ε
1197 3646 1401 3703 Caulas
1420 3648 1596 3702 ovium
1626 3649 1913 3718 fabricabi-

306 3748 450 3799 mus,
472 3738 521 3787 el
536 3732 741 3789 stabula
759 3733 1149 3802 jumentorum,
1172 3736 1521 3805 parvulisque
1546 3738 1743 3791 nostris
1766 3737 1917 3791 urbes

307 3821 545 3877 munitas
568 3840 590 3886 ;
618 3839 712 3877 nos
728 3830 904 3878 autem
922 3823 1025 3895 ipsi
1039 3824 1239 3879 armati
1257 3831 1304 3878 et
1322 3824 1539 3879 accincti
1556 3842 1759 3897 pergem
1770 3843 1828 3880 us
1846 3827 1918 3881 ad

306 3912 559 3983 prwlium
578 3918 699 3967 ante
711 3912 850 3984 filios
868 3915 1037 3970 Israel
1056 3912 1457 3987 (Ibid.,16,l7).
1477 3914 1582 3982 Qui
1600 3931 1730 3970 mox
1752 3915 1918 3971 fortes

312 4016 409 4072 pro
434 4000 564 4056 aliis
593 4000 848 4069 veniunt,
877 4011 931 4058 et
961 4002 1404 4074 repromissionis
1436 4013 1634 4061 terram
1662 4004 1731 4060 ab
1750 4004 1918 4060 hosti-

310 4088 412 4145 bus
446 4088 707 4157 liberant,
739 4098 793 4145 et
822 4091 1144 4164 relinquunt
1171 4111 1184 4160 ;
1228 4102 1391 4166 atque
1420 4093 1488 4150 ad
1518 4093 1789 4166 pascenda
1820 4110 1911 4149 ar-

319 4186 503 4235 menta
532 4186 692 4236 extra
716 4179 1007 4237 Iordanem
1039 4182 1287 4239 redeunt.
1312 4183 1472 4240 Multi
1502 4184 1703 4258 quippe
1730 4200 1918 4257 quam-

313 4268 394 4325 vis
413 4267 623 4335 ﬁdeles,
644 4268 795 4326 curis
815 4271 1177 4341 praesentibus
1197 4273 1469 4342 occupati,
1496 4274 1651 4345 quasi
1672 4282 1919 4329 armenta

312 4365 468 4414 extra
513 4356 807 4413 Iordanem
851 4366 1100 4430 pascunt,
1138 4360 1158 4393 ⁴
1189 4360 1318 4432 quia
1367 4369 1557 4416 contra
1602 4361 1765 4417 ﬁdem
1812 4363 1919 4418 ba—

311 4447 587 4519 ptismatis
619 4454 735 4504 tota
765 4456 947 4504 mente
978 4449 1240 4521 omnique
1269 4449 1544 4506 desiderio
1570 4452 1735 4506 rebus
1763 4452 1918 4522 peri—

2022 3212 2177 3268 Unde
2193 3211 2357 3267 etiam
2389 3225 2484 3282 per
2542 3209 2736 3266 Isaiam
2785 3207 3037 3265 dicitur:
3073 3210 3154 3266 Si.
3184 3206 3351 3278 fuerit
3377 3222 3630 3262 numerus

2022 3304 2258 3374 ﬁliorum
2280 3302 2451 3357 Israel
2478 3299 2633 3371 quasi
2659 3316 2823 3353 arena
2844 3299 3036 3364 maris,
3066 3298 3307 3369 reliquiae
3320 3300 3483 3354 salva
3504 3298 3629 3370 ﬁent

2026 3391 2181 3462 (Isai.
2215 3407 2273 3459 x,
2300 3390 2417 3462 22).
2450 3389 2603 3445 Tunc
2632 3388 2833 3461 quippe
2852 3388 2919 3443 ad
2935 3403 3028 3443 eos
3047 3387 3145 3443 lux
3165 3387 3480 3453 revertitur,
3498 3402 3624 3445 cum

2023 3481 2127 3553 ipsi
2162 3480 2230 3537 ad
2258 3480 2627 3537 conﬁtendam
2663 3478 3048 3550 Redemptoris
3103 3477 3277 3533 nostri
3322 3476 3625 3549 potentiam

2026 3572 2047 3606 ⁶
2075 3577 2451 3625 revertuntur.
2980 3611 2992 3617 -

2095 3657 2182 3712 27.
2220 3658 2382 3722 Deus,
2414 3663 2472 3711 ut
2488 3659 2624 3722 vult,
2648 3659 2821 3712 lumen
2849 3663 2943 3711 aut
2970 3656 3262 3722 abscondit,
3293 3663 3389 3711 aut
3408 3658 3624 3711 revelat.

2024 3747 2169 3802 —Si
2200 3756 2381 3802 autem
2430 3748 2485 3801 in
2539 3746 2801 3814 manibus,
2850 3763 3195 3818 nequaquam
3225 3763 3321 3817 per
3374 3747 3624 3802 dativum

2026 3852 2213 3891 casum
2242 3852 2417 3890 unum
2449 3850 2672 3900 nomen,
2703 3834 2797 3889 sed
2828 3834 2964 3889 duas
2982 3843 3161 3905 partes
3190 3834 3457 3889 orationis
3486 3834 3626 3889 acci-

2026 3925 2241 3997 pimus;
2276 3931 2453 3995 potest
2482 3923 2877 3995 intelligi,quia
2899 3924 2957 3976 in
2990 3922 3245 3978 manibus
3272 3923 3370 3976 lux
3400 3922 3625 3979 abscon-

2027 4013 2199 4082 ditur,
2231 4029 2357 4069 cum
2391 4011 2535 4084 apud
2584 4020 2795 4067 rectum
2821 4010 3065 4082 judicem
3125 4010 3304 4084 iniqui
3335 4011 3539 4084 quique
3568 4011 3626 4068 in

2027 4105 2142 4160 suis
2170 4103 2428 4176 operibus
2475 4111 2767 4160 czecantur.
2802 4101 2903 4160 Cui
2956 4110 3141 4159 tamen
3188 4103 3508 4175 praecipitur
3568 4111 3628 4161 ut

2028 4209 2220 4248 rursus
2250 4193 2527 4261 adveniat,
2547 4193 2672 4266 quia
2705 4192 2835 4249 dum
2860 4200 3172 4265 peccatores
3199 4209 3256 4248 se
3276 4193 3393 4248 suis
3412 4192 3627 4251 viribus

2028 4283 2226 4339 salvari
2278 4298 2388 4338 non
2421 4299 2576 4355 posse
2622 4282 3004 4355 cognoverint,
3037 4282 3222 4354 gratiae
3251 4282 3439 4339 lumen
3469 4281 3626 4340 acci-

2027 4374 2208 4445 piunt,
2240 4381 2294 4428 et
2314 4372 2669 4445 protectionis
2699 4372 2908 4427 intimae
2948 4372 3117 4428 radiis
3148 4371 3517 4440 illustrantur,
3565 4380 3628 4428 ut

2030 4462 2233 4534 majore
2248 4461 2441 4517 ardore
2461 4460 2810 4532 postmodum
2828 4461 3102 4517 ccelestem
3126 4461 3355 4532 patriam
3372 4461 3626 4533 diligant,

310 4538 454 4593 turis
484 4537 816 4593 inSGI'Vinm-
852 4538 957 4605 Olli
1003 4546 1206 4606 tamen.
1238 4547 1300 4594 ut
1327 4538 1595 4607 diXimUS,
1626 4556 1753 4596 cum
1783 4539 1913 4596 ﬁdei
1946 4532 1993 4589 D
2023 4532 2187 4622 quam
2218 4550 2372 4622 prius
2400 4549 2458 4604 in
2492 4556 2709 4604 terrena
2761 4548 3124 4605 delectatione
3154 4532 3495 4622 ﬂagrabant.
3521 4549 3627 4605 Sed

314 4629 549 4684 tentatio
576 4628 773 4697 oritur,
797 4628 1181 4684 defensionum
1211 4630 1379 4685 armis
1399 4630 1782 4701 accinguntur.
1810 4631 1913 4685 Ho-

313 4726 424 4773 stes
456 4716 587 4773 ﬁdei
615 4718 923 4789 superando
942 4716 1243 4785 trucidant,
1267 4726 1321 4774 et
1347 4717 1726 4774 haereditatem
1758 4725 1918 4775 terrm

316 4808 781 4879 repromissionis,
814 4807 871 4864 id
901 4817 982 4864 est
1011 4808 1253 4864 fructum
1275 4807 1403 4865 ﬁdei
1424 4825 1535 4865 non
1563 4817 1783 4876 amant;
1819 4809 1919 4866 sic.

315 4912 423 4969 que
456 4913 556 4968 pro
586 4897 681 4953 illa
701 4906 964 4970 pugnant,
990 4908 1051 4954 ut
1071 4906 1252 4955 tamen
1283 4914 1381 4954 sua
1408 4898 1639 4971 pignora
1671 4906 1829 4955 extra
1854 4899 1917 4954 il-

313 4985 425 5041 lam
455 4985 753 5059 deponant.
786 4987 927 5055 Quia
955 4989 1103 5043 enim
1133 4989 1393 5059 parvulos
1420 4987 1556 5045 foris
1585 4987 1811 5058 habent,
1841 4989 1917 5047 af-

315 5075 524 5133 fectum
564 5077 623 5133 in
664 5076 784 5150 ejus
835 5077 1175 5136 habitatione
1223 5096 1335 5136 non
1390 5079 1613 5137 habent.
1666 5081 1820 5138 Unde
1848 5082 1917 5138 ad

315 5166 648 5239 campestria
679 5166 934 5235 redeunt,
961 5169 1091 5240 quia
1110 5167 1176 5224 ab
1205 5170 1332 5226 altis
1359 5170 1743 5227 cacuminibus
1765 5188 1917 5227 mon-

318 5253 461 5311 tium
496 5254 652 5329 quasi
683 5272 714 5311 a
742 5272 835 5328 spe
862 5254 1168 5313 caelestium
1199 5254 1541 5324 dilabuntur,
1566 5265 1627 5314 ut
1653 5267 1810 5315 extra
1838 5276 1918 5315 re-

318 5346 705 5418 promissionis
724 5355 924 5403 terram
945 5346 1107 5404 bruta
1127 5346 1389 5404 animalia
1403 5349 1672 5416 nutriant,
1702 5350 1831 5421 quia
1851 5350 1919 5406 ad

400 5559 410 5590 ¹
446 5557 777 5625 lta'l‘uron.,
800 5557 1011 5621 Baluz.,
1042 5554 1197 5611 Colb.
1223 5555 1282 5610 In
1314 5555 1511 5610 Pratel.
1540 5563 1593 5609 et
1614 5556 1923 5624 nonnullis,

322 5629 464 5700 regio
502 5629 788 5684 uberrima.
809 5629 919 5685 Hos
948 5634 1255 5699 sequuntur
1288 5625 1457 5683 Editi.

394 5701 415 5735 ³
444 5701 679 5767 Turon.,
710 5701 941 5770 gratiam
979 5706 1144 5755 tuam.

395 5774 416 5806 ³
450 5768 943 5840 νὶηᾶοο.,Ῥι·ειῐθι.
986 5780 1039 5827 et
1070 5768 1187 5838 alii,
1228 5771 1391 5825 corda
1420 5769 1674 5840 ﬁliorum.

2029 4639 2148 4695 haec
2176 4655 2301 4696 cum
2319 4638 2386 4694 de
2413 4638 2620 4695 cmlesti
2650 4637 2824 4710 patria
2854 4638 3155 4712 loquimur,
3177 4638 3266 4694 cui
3290 4638 3468 4695 inesse
3490 4636 3628 4693 mira

2029 4728 2277 4784 claritate
2305 4729 2533 4802 praedita
2562 4727 2880 4800 angelorum
2902 4729 3122 4801 agmina
3149 4728 3523 4797 audimus,cui
3547 4742 3627 4781 re-

2029 4835 2150 4873 rum
2181 4818 2429 4874 omnium
2459 4817 2716 4875 conditor
2743 4818 3023 4890 praesidet,
3055 4833 3217 4889 quam
3264 4816 3478 4878 visione
3529 4829 3625 4867 sua

2030 4908 2282 4965 reliciens
2310 4910 2503 4981 replet,
2535 4908 2624 4966 cui
2655 4925 2797 4965 verte
2830 4908 3119 4964 haereditas
3149 4908 3247 4961 lux
3275 4911 3357 4959 est
3396 4912 3450 4959 et
3483 4901 3625 4957 defe-

2027 5005 2148 5055 ctus
2167 4998 2407 5070 ejusdem
2430 5000 2658 5055 luminis
2672 5000 2859 5056 nullus
2880 5005 2981 5063 est,
3001 4996 3070 5053 ad
3093 4994 3455 5064 nosmetipsos
3477 5007 3623 5047 men-

2026 5094 2136 5143 tem
2189 5086 2524 5156 reducimus,
2556 5096 2609 5144 et
2638 5087 2784 5161 quod
2833 5094 3047 5143 terrena
3077 5090 3350 5155 gestemus
3382 5081 3627 5137 membra

2028 5177 2352 5247 cogitamus,
2375 5193 2664 5249 pensamus
2694 5176 2861 5249 quod,
2894 5162 3008 5229 nati
3040 5174 3096 5228 in
3134 5170 3377 5228 tenebris
3404 5179 3567 5245 atque
3596 5187 3628 5225 a

2028 5264 2197 5320 radiis
2224 5265 2434 5321 intimae
2490 5266 2630 5321 lucis
2667 5264 2855 5331 alieni,
2919 5269 3072 5317 tanto
3115 5262 3349 5336 nequius
3379 5260 3629 5319 viximus

2030 5360 2253 5426 quanto,
2314 5353 2475 5409 rebus
2514 5351 2887 5424 corporalibus
2922 5349 3115 5420 dediti,
3157 5368 3188 5407 a
3243 5348 3627 5423 spiritualibuS

2108 5554 2127 5586 ‘
2158 5552 2387 5619 Turon.,
2419 5551 2511 5621 qui
2539 5568 2654 5604 cum
2683 5550 2783 5621 ﬁde
2812 5549 3158 5619 baptismatis.

2107 5626 2128 5659 δ
2158 5623 2406 5691 Ebroic.,
2440 5623 2580 5678 Utic.
2614 5629 2668 5677 et
2695 5622 2813 5690 alii,
2848 5622 2997 5676 vanis
3029 5622 3325 5679 desideriis.

2111 5698 2132 5732 θ
2162 5695 2408 5765 Ebroic.,
2430 5702 2484 5750 et
2505 5695 2673 5767 plur.,
2692 5699 3089 5750 convertuntur.
