4152 6182
504 282 610 340 415

1699 270 1950 329 SANCTI
1987 267 2327 327 GREGOBII
2364 266 2595 324 MAGNI

3680 265 3817 354 eis

505 405 720 478 longius
747 402 1096 477 degebamus.
1144 401 1264 470 Qua
1299 397 1739 458 consideratione
1784 403 2094 470 permotum
2124 395 2178 456 A
2210 392 2450 461 adorari,
2483 399 2608 465 post
2635 392 2704 449 ab
2732 391 2958 448 homine
3000 389 3181 464 angeli
3212 398 3486 460 moueant,
3518 390 3629 448 nisi
3659 391 3815 466 quod

503 512 598 554 cor
624 511 689 552 ac
715 493 858 552 male
909 493 1016 550 sibi
1045 491 1330 560 conscium
1381 489 1638 564 trepidat,
1670 497 1724 546 et
1752 495 1920 545 tantae
1950 487 2128 561 illius‘

503 603 667 662 quam
710 585 866 642 audit
919 583 1110 658 patria
1138 583 1316 640 civem
1371 597 1429 636 se
1479 579 1600 636 ﬁeri
1629 594 1788 651 posse
1830 577 2099 650 desperat.

503 675 660 733 Unde
687 673 779 730 hic
807 689 1024 747 quoque
1039 679 1163 745 apte
1182 669 1300 751 subj
1309 669 1556 742 ungitur,
1575 684 1712 742 quos
1729 683 1884 724 mens
1904 665 2106 739 pavida

504 764 572 821 ad
613 761 874 820 ﬁduciam
916 760 1234 818 reducatur.
1259 760 1396 816 Nam
1425 757 1494 813 de
1521 757 1628 814 hac
1655 757 1775 814 luce
1804 773 1936 813 mox
1963 755 2105 811 sub-

505 852 676 910 ditur.

935 939 1163 998 CAPUT
1191 940 1300 996 XV
1329 935 1675 1012 [Rec.VIII].

575 1033 745 1089 Vens.
777 1031 866 1088 33.
887 1061 958 1074 —
996 1029 1301 1086 Annuntiat
1325 1028 1388 1084 de
1413 1044 1476 1083 ea
1501 1025 1670 1082 amico
1698 1041 1792 1080 suo
1812 1023 1952 1096 quod
1975 1039 2101 1095 pos-

503 1139 660 1177 sessio
688 1121 801 1191 ejus
828 1121 916 1188 sit,
947 1126 996 1174 et
1021 1120 1094 1175 ad
1121 1136 1236 1174 eam
1258 1117 1428 1190 possit
1453 1115 1747 1172 ascendere.

573 1211 664 1268 28.
696 1209 1006 1266 Hominibus
1027 1226 1158 1280 pene
1184 1206 1581 1279 desperantibus
1607 1205 1856 1260 cmicstem
1877 1201 2104 1273 gloriam

498 1297 764 1368 promittit
783 1298 942 1354 Deus.
965 1328 1037 1339 —
1061 1297 1292 1354 Amicus
1319 1293 1566 1351 veritatis
1592 1299 1674 1348 est
1707 1299 1868 1348 rectae
1895 1295 2106 1344 amator

503 1386 756 1444 actionis.
791 1387 945 1444 Unde
973 1395 1028 1443 et
1073 1387 1192 1459 ipsa
1219 1386 1437 1444 Veritas
1466 1381 1754 1454 discipulis
1783 1379 1922 1437 dicit
1955 1397 1966 1436 :
2008 1379 2106 1436 Vos

503 1477 662 1532 amici
711 1476 814 1531 mei
849 1477 988 1545 estis,
1037 1476 1084 1530 si
1118 1475 1346 1549 feceritis
1395 1490 1512 1546 quae
1541 1489 1629 1544 ego
1662 1469 1917 1542 principio
1961 1469 2105 1525 vobis

508 1564 688 1636 (Joan.
721 1582 818 1634 xv,
852 1565 965 1637 14).
999 1565 1227 1622 Amicus
1245 1563 1446 1636 quippe
1477 1563 1492 1597 ¹
1525 1560 1724 1617 animae
1748 1566 1933 1616 custos
1956 1557 2108 1615 dici-

504 1661 614 1710 tur.
647 1654 804 1710 Unde
833 1671 945 1710 non
990 1653 1270 1710 immerito
1318 1652 1412 1726 qui
1450 1648 1731 1707 custodire
1760 1648 2104 1705 voluntatem

2212 483 2368 555 prius
2398 481 2680 538 hominem
2719 479 3034 538 carnalibus
3060 480 3515 552 corruptionibus
3541 479 3815 550 deditum,

2214 587 2316 628 nec
2361 571 2431 627 ab
2478 571 2684 628 eisdem
2727 569 3042 630 carnalibus
3087 569 3541 643 corruptionibus
3592 569 3817 628 redem-

2214 667 2392 733 ptum,
2423 677 2533 734 quo
2566 659 2918 733 abjectiorem
2945 667 3238 728 noverant,
3261 657 3472 730 justius
3499 669 3818 717 contemne-

2213 749 2382 816 bant;
2414 749 2765 822 postmodum
2813 764 2946 804 vero
2990 747 3288 804 humanam
3328 757 3584 806 naturam
3614 765 3678 806 eo
3701 749 3819 822 jam

2213 839 2514 913 subjectam
2546 839 2746 898 habere
2774 857 2886 897 non
2902 847 3173 912 poterant,
3195 855 3306 913 quo
3326 838 3474 896 hanc
3499 839 3558 895 in
3587 848 3820 898 auctore

2212 945 2312 985 suo
2341 930 2506 986 etiam
2529 946 2692 1002 super
2718 929 3040 1002 semetipsos
3057 927 3281 984 ductam
3303 927 3570 984 videbant
3599 929 3627 985 ?
3660 931 3682 965 ⁴
3708 931 3812 987 Ne-

2213 1034 2320 1090 que
2347 1019 2494 1075 enim
2514 1017 2628 1092 jam
2657 1019 2890 1076 debebat
2910 1018 2972 1074 in
3001 1015 3263 1075 membris
3302 1016 3550 1089 subjecta
3576 1017 3811 1093 despici,

2213 1127 2334 1184 quas
2379 1110 2437 1166 in
2486 1111 2604 1184 ipso
2659 1110 3034 1168 membrorum
3081 1109 3262 1180 capite
3295 1108 3502 1165 meruit
3547 1109 3814 1181 praelata“

2214 1199 2484 1255 venerari.
2518 1201 2568 1255 Is
2595 1215 2723 1272 ergo
2743 1199 2836 1272 qui
2859 1205 3082 1273 propter
3101 1214 3202 1254 nos
3227 1196 3410 1254 minor
3425 1197 3636 1270 angelis
3651 1199 3818 1255 exsti-

2214 1287 2283 1342 tit
2311 1289 2548 1362 aequales
2577 1305 2690 1345 non
2717 1289 2930 1361 angelis
2947 1288 3157 1344 virtute
3185 1303 3298 1343 sum
3328 1286 3716 1344 minorationis
3743 1286 3817 1342 fe-

2213 1378 2308 1434 cit.
2341 1379 2497 1435 Unde
2525 1387 2579 1436 et
2606 1379 2895 1436 moriendo
2913 1379 3104 1436 docuit
3129 1386 3362 1434 mortem
3391 1393 3504 1434 non
3525 1377 3718 1445 metui,
3738 1393 3818 1433 re-

2215 1467 2488 1539 surgendo
2531 1467 2599 1524 de
2643 1467 2760 1524 vita
2800 1466 3028 1536 conﬁdi,
3081 1465 3428 1524 ascendendo
3469 1465 3538 1524 de
3579 1465 3819 1523 caelestis

2215 1557 2406 1630 patriae
2432 1556 2749 1613 haereditate
2769 1557 3016 1630 gloriari,
3036 1563 3097 1612 ut
3117 1573 3228 1630 quo
3253 1564 3417 1629 caput
3436 1555 3654 1628 praeisse
3669 1569 3816 1610 con-

2213 1646 2482 1717 spiciunt,
2500 1647 2636 1703 illuc
2651 1663 2710 1704 se
2723 1646 2982 1720 subsequi
2997 1653 3052 1702 et
3069 1645 3311 1702 membra
3325 1645 3683 1716 gratulentur.
3703 1643 3816 1700 Un-

504 1742 604 1799 Dei
632 1741 690 1798 in
711 1743 995 1816 praeceptis
1023 1741 1178 1798 illius
1207 1740 1429 1808 nititur,
1458 1737 1577 1811 ejus
1615 1737 1825 1795 amicus
1853 1744 2102 1795 vocatur.
2135 1753 2180 1812 Β
2213 1730 2280 1788 de
2309 1733 2448 1789 bene
2479 1733 2546 1788 ab
2575 1733 2766 1790 eodem
2797 1742 2986 1790 nostro
3016 1734 3194 1806 capite
3223 1732 3427 1789 dicitur
3461 1749 3474 1787 :
3513 1731 3818 1800 Ubicunque

505 1833 650 1892 Hinc
677 1843 758 1890 est
786 1833 934 1908 quod
962 1849 1182 1890 rursum
1212 1831 1420 1889 eisdem
1463 1829 1754 1904 discipulis
1781 1828 2000 1886 Veritas
2022 1827 2102 1884 di-

505 1921 582 1979 cit
614 1940 626 1978 :
668 1923 764 1980 Vos
787 1927 965 1978 autem
1011 1922 1128 1978 dixi
1155 1922 1374 1988 amicos,
1403 1919 1532 1992 quia
1587 1919 1766 1975 omnia
1786 1935 2108 1990 quaecunque

2213 1839 2404 1894 corpus
2427 1821 2616 1894 fuerit,
2645 1824 2776 1880 illuc
2801 1825 3255 1896 congregabantur
3281 1829 3330 1878 et
3368 1823 3566 1894 aquila
3595 1819 3813 1894 (Matth.

2214 1928 2374 1978 xxiv,
2403 1911 2522 1984 28).
2545 1911 2698 1969 Unde
2724 1913 2917 1970 Petrus
2945 1913 3026 1970 ait
3059 1931 3070 1968 :
3105 1915 3173 1971 In
3200 1912 3557 1969 hereditatem
3574 1911 3818 1966 incorru~

505 2010 690 2066 audivi
714 2029 750 2065 a
777 2011 940 2068 Patre
993 2029 1124 2080 meo,
1163 2017 1291 2067 nota
1336 2009 1438 2081 feci
1467 2007 1610 2066 vobis
1649 2007 1846 2077 (Ibid,
1879 2007 1994 2078 15).
2026 2009 2104 2064 De
2208 2000 2466 2073 Ριὶὺὶισηι,
2487 2006 2536 2054 et
2560 2001 3053 2070 incontaminatam,
3085 2008 3134 2056 et
3161 1999 3668 2066 immrcescibilem,
3696 2014 3812 2053 con-

506 2097 610 2156 hac
637 2098 809 2170 igitur
836 2099 958 2157 luce
985 2109 1204 2157 aeternae
1239 2099 1429 2174 patriae
1457 2098 1636 2155 amico
1663 2113 1763 2153 suo
1793 2101 1941 2160 866
1960 2099 2105 2154 Deus

506 2196 798 2254 annuntiat
838 2195 985 2270 quod
1032 2193 1302 2268 possessio
1343 2194 1460 2268 ejus
1496 2193 1618 2263 sit,’
1645 2201 1708 2250 ut
1761 2208 2105 2266 nequaquam

505 2301 562 2341 se
591 2284 934 2341 inﬁrmitatis
971 2301 1084 2342 suae
1120 2283 1415 2358 fragilitate
1461 2283 1730 2356 desperet,
1762 2296 2104 2355 nequaquam

506 2373 612 2432 hoc
625 2373 771 2448 quod
812 2373 1150 2442 creatus,sed
1179 2374 1326 2448 quod
1360 2381 1639 2431 recreatus
1663 2378 1746 2428 est
1773 2377 1985 2444 penset,
2013 2369 2108 2425 sed

507 2469 660 2518 tanto
696 2462 899 2519 certius
927 2462 1063 2519 sciat
1083 2462 1212 2535 quia
1255 2463 1410 2519 illius
1438 2462 1580 2519 lucis
1600 2459 1906 2518 claritatem
1939 2459 2108 2533 possi-

505 2550 650 2618 deat,
689 2558 894 2624 quanto
952 2566 1102 2607 nunc
1149 2549 1413 2606 vitiorum
1474 2549 1812 2621 pulsantium
1858 2547 2110 2604 tenebras

506 2639 621 2694 rius
648 2639 840 2694 calcat.
874 2639 1020 2694 Bene
1036 2645 1216 2693 autem
1234 2638 1292 2693 in
1313 2637 1679 2710 promissione
1707 2636 2064 2708 subjungitur
2093 2655 2104 2692 :

505 2729 580 2782 Et
603 2727 676 2781 ad
721 2745 836 2783 eam
881 2727 1053 2799 possit
1102 2727 1392 2784 ascendere.
1445 2727 1590 2794 Quid
1618 2727 1768 2783 enim
1826 2725 2108 2782 difﬁcilius

504 2833 666 2891 quam
689 2815 906 2873 homini
933 2817 993 2873 in
1021 2824 1168 2873 terra
1193 2816 1344 2874 edito
1361 2823 1580 2874 terrena
1607 2823 1663 2874 et
1690 2816 1912 2888 fragilia
1939 2832 2105 2871 mem-

503 2905 601 2962 bra
639 2904 906 2978 gestandi,
920 2907 1186 2964 cmlorum
1205 2906 1316 2963 alta
1331 2905 1718 2974 conscendere,
1741 2920 2106 2978 supernorum

503 2995 760 3067 spiritum
789 3012 990 3053 arcana
1018 3003 1182 3068 penet
1211 3010 1330 3052 rare
1351 2994 1380 3051 ?

575 3086 662 3141 29.
694 3086 937 3142 Christus
961 3102 1144 3158 pacem
1174 3085 1312 3142 inter
1339 3086 1552 3157 angelos
1575 3089 1624 3141 et
1650 3083 1882 3140 homines
1905 3100 2107 3156 compo-
2138 3108 2182 3169 ρ

500 3173 625 3227 suit.
658 3175 915 3243 [Equales
954 3191 1051 3228 nos
1087 3175 1289 3243 angelis
1335 3173 1478 3243 fecit.
1511 3204 1583 3215 —
1625 3173 1732 3228 Sed
1783 3171 2104 3227 eorumdem

499 3260 795 3332 spirituum
843 3261 913 3318 ad
967 3277 1066 3317 nos
1107 3261 1363 3316 conditor
1390 3261 1562 3330 venit,
1608 3277 1773 3333 seque
1821 3259 2102 3316 hominem

499 3350 664 3406 etiam
687 3349 790 3406 sub
817 3349 951 3422 ipsis
978 3349 1258 3418 exhibuit,
1286 3348 1432 3406 sicut
1465 3349 1534 3405 de
1555 3350 1653 3406 illo
1672 3350 1821 3406 Patri
1853 3366 1950 3422 per
1976 3351 2104 3407 Pro-

501 3439 724 3511 phetam
753 3439 958 3496 dicitur
989 3455 1002 3494 :
1035 3438 1280 3496 Minuisti
1318 3455 1436 3493 eum
1461 3439 1627 3510 paulo
1653 3454 1830 3493 minus
1857 3437 1924 3494 ab
1953 3455 2104 3510 ange-

503 3529 568 3584 lis
595 3529 775 3597 (Psal.
798 3544 903 3584 νιιι
931 3527 1014 3600 6).
1045 3527 1267 3601 thuia
1294 3527 1439 3582 inter
1473 3543 1574 3584 nos
1602 3534 1658 3582 et
1683 3525 1903 3583 eosdem
1945 3525 2103 3598 spiri-

500 3623 591 3672 tus
617 3616 977 3674 riscordantis
1021 3617 1152 3674 vita
1193 3615 1514 3674 scandalum
1569 3615 1792 3690 reperit,
1827 3615 1966 3672 misa
2011 3631 2104 3687 po-

499 3707 694 3776 tentia,
751 3705 1084 3762 mirabiliori
1151 3705 1318 3762 etiam
1375 3706 1580 3779 pietate
1624 3721 1844 3762 summa
1891 3719 2103 3772 creans,

501 3795 524 3830 ³
551 3795 662 3851 ima
688 3795 1012 3868 suscipiens,
1044 3795 1156 3851 ima
1183 3811 1310 3853 cum
1339 3795 1573 3853 summis
1594 3793 1806 3868 junxit.
1855 3795 2000 3852 Hinc
2025 3802 2106 3851 est

501 3884 648 3956 quod
677 3883 870 3942 eodem
900 3885 1044 3958 Rege
1072 3893 1226 3955 nato,
1255 3884 1577 3958 angelorum
1604 3884 1760 3942 ebori
1790 3883 1849 3940 in
1878 3883 1997 3957 ejus
2015 3899 2105 3939 an-

501 3971 849 4030 nuntiatione
881 3974 1178 4046 prodeunt,
1225 3973 1502 4046 hymnum
1534 3973 1749 4040 dicunt,
1807 3979 1862 4029 et
1889 3973 2108 4030 devicta

502 4076 682 4130 pravae
711 4063 840 4116 vitae
867 4061 1170 4130 discordia,
1189 4061 1290 4116 hos
1317 4078 1458 4133 quos
1478 4062 1691 4118 dudum
1720 4061 2100 4135 despexeram.

499 4146 650 4202 cives
675 4157 1252 4218 agnoscunt,consono
1274 4165 1368 4205 ore
1386 4150 1748 4220 praedicantes
1781 4167 1793 4206 :
1832 4151 2021 4208 Gloria
2049 4151 2106 4206 in

501 4234 713 4291 excelsis
729 4236 862 4301 Deo,
892 4243 943 4292 et
968 4238 1025 4291 in
1056 4244 1201 4292 terra
1224 4253 1341 4308 pas:
1369 4238 1665 4292 hominibus
1694 4239 1840 4294 bona:
1864 4242 2103 4297 volunta-

503 4323 570 4378 tis
592 4321 746 4392 (Luc.
775 4341 840 4392 ιι,
867 4323 988 4398 44).
1028 4327 1110 4382 Ac
1137 4325 1185 4381 si
1231 4331 1417 4398 aperte
1443 4325 1634 4383 dicant
1666 4344 1679 4383 :
1709 4327 1858 4396 Quos
1885 4344 1917 4384 a
1945 4328 2104 4386 nobis

501 4411 714 4468 malitia
741 4411 1110 4486 disjunxerat,
1147 4413 1263 4488 jam
1293 4431 1443 4473 nunc
1471 4415 1530 4472 in
1559 4423 1705 4473 terra
1733 4424 1860 4474 nata
1886 4417 2104 4476 bonitas

495 4500 710 4574 jungat.
744 4502 886 4560 Hinc
913 4511 997 4561 est
1025 4505 1174 4578 quod
1227 4511 1354 4562 ante
1405 4505 1842 4566 incarnationem
1897 4509 2016 4583 ejus
2044 4510 2102 4565 in

503 4590 850 4647 Testamento
875 4591 1064 4650 Veteri
1091 4593 1344 4651 adorasse
1389 4594 1556 4652 homo
1599 4599 1854 4670 angelum
1884 4599 2101 4671 legitur,

503 4695 605 4736 nec
631 4686 818 4736 tamen
846 4680 1073 4738 adorare
1104 4683 1432 4754 prohibetur
1464 4683 1674 4758 (Genes.
1700 4703 1864 4756 xvm,
1883 4689 1978 4761 2);
2011 4690 2106 4745 sed

502 4773 626 4840 post
641 4765 958 4825 Mediatoris
984 4767 1451 4839 adventum,cum
1467 4787 1526 4826 se
1554 4771 1794 4828 Joannes
1820 4772 2106 4830 adorando

501 4859 696 4932 angelo
715 4853 1118 4932 prostravisset,
1150 4859 1386 4916 audivit:
1406 4862 1527 4920 Vide
1540 4879 1603 4917 ne
1615 4861 2107 4932 feceris,conservus

505 4952 626 5001 tuus
645 4963 762 5001 sum
787 4952 837 5004 et
858 4947 1097 5018 fratrum
1123 4954 1336 5004 tuorum
1359 4949 1555 5021 (Apoc.
1575 4965 1699 5015 xxx,
1723 4951 1790 5008 10
1811 4968 1834 5016 ;
1861 4967 2006 5018 xm,
2020 4953 2100 5025 9).

503 5031 650 5099 Quid
662 5042 745 5090 est
756 5035 906 5091 enim
917 5035 1065 5109 quod
1087 5035 1240 5108 prius
1259 5036 1648 5110 aequanimiter
1661 5055 1718 5096 se
1732 5039 2106 5098 concedebant

579 5254 600 5337 ξ
628 5253 861 5337 ᾖξε-Μελ,
872 5257 1106 5337 Vin-doc.
1117 5302 1147 5337 ,_
1164 5259 1358 5337 Col_b._,_
1373 5259 1549 5337 animi;
1569 5267 1745 5337 custos
1755 5270 1991 5337 vocatur.

575 5322 600 5407 2
628 5323 719 5407 Sic
745 5322 1206 5407 nUtic.,.Pratél.,_
1243 5322 1422 5407 Colb.,
1456 5331 1642 5407 Belua.
1692 5334 1887 5407 Modus
1916 5343 1998 5392 est
2028 5337 2103 5393 lo-

505 5393 709 5472 quendi
740 5393 1001 5475 Gregorio
1051 5417 1161 5456 non
1181 5393 1454 5470 insolens,
1483 5405 1646 5475 paulo
1674 5405 1822 5460 enim
1853 5406 1999 5463 intra
2029 5409 2100 5462 le-

505 5467 706 5535 gimus,
730 5480 785 5518 n.
809 5467 896 5536 30,
919 5486 1023 5524 non
1046 5488 1167 5542 ergo
1181 5489 1285 5527 non
1314 5467 1562 5547 desperet.

577 5534 598 5568 ³
626 5533 814 5590 NOUI].
841 5537 998 5592 Dler..
1020 5543 1308 5592 susciniens
1335 5546 1463 5592 ima-
1499 5564 1612 5592 mm
1661 5547 1880 5592 summie
1900 5547 2058 5592 iunxi

577 5551 598 5568 ο
626 5551 814 5590 norm.
841 5551 998 5618 plen,
1020 5551 1308 5614 suscipiens
1335 5551 1464 5611 ima,
1499 5564 1615 5602 cum
1661 5551 1880 5603 summis
1890 5551 2096 5616 junxit.

577 5604 1025 5698 immisse
1043 5611 1185 5698 iam:
1241 5631 1362 5698 (ιιιω
1393 5619 1672 5698 particula
1698 5618 1858 5698 ,ἀθθει
1898 5619 1957 5675 in
1977 5618 2096 5698 ,Ερ-

575 5677 596 5713 ⁵
626 5677 878 5735 Sumitur
915 5677 1008 5737 hic
1047 5677 1109 5736 in
1138 5677 1538 5774 signiﬁcatione
1569 5689 1804 5762 passiva,
1837 5689 1992 5763 quasi
2019 5689 2098 5745 di-

2132 4460 2179 4518 D

2207 5552 2334 5608 Mss.
2388 5551 2607 5620 Balnz.,’
2641 5553 2820 5622 Colb.,

2209 5622 2640 5698 Gussanvillaeus
2692 5625 2761 5681 ad
2800 5626 3101 5698 marginem
3144 5622 3358 5698 rejecit'.
3389 5622 3558 5683 ‘Vide
3616 5638 3805 5697 supra,

2213 2095 2476 2145 servatam
2505 2089 2566 2144 in
2587 2089 2728 2145 aclis
2767 2091 2826 2162 (Ι
2863 2091 2976 2146 Pet.
3009 2107 3052 2156 ι,
3082 2088 3163 2162 lt).
3214 2088 3368 2144 Unde
3398 2088 3602 2146 Paulus
3632 2087 3774 2144 dicit
3803 2103 3818 2144 :

2216 2179 2418 2236 Scimus
2455 2179 2707 2250 quoniam
2738 2179 2787 2234 si
2816 2177 3082 2235 terrestris
3111 2177 3294 2233 domus
3323 2183 3511 2233 nostra
3548 2177 3710 2248 hujus
3727 2177 3823 2232 ha-

2215 2267 2483 2324 bitationis
2507 2267 2852 2336 dissolvatur,
2891 2267 3038 2340 quod
3071 2266 3470 2339 cediﬁcationem
3495 2283 3563 2321 ea:
3589 2265 3698 2322 Deo
3727 2265 3818 2322 ha-

2217 2357 2392 2413 bemus
2432 2357 2646 2412 domum
2683 2373 2791 2413 non
2833 2342 3220 2427 manufactam,
3268 2361 3522 2410 ceternam
3573 2353 3632 2409 in
3679 2355 3818 2412 catis

2217 2447 2311 2516 (ΙΙ
2339 2447 2468 2503 Cor.
2496 2461 2556 2511 v,
2599 2446 2678 2518 1).

2289 2532 2379 2591 30.
2410 2535 2564 2591 Solus
2605 2533 2849 2590 Christus
2878 2533 3064 2589 caelum
3108 2532 3363 2599 ascendit,
3389 2533 3532 2606 quod
3557 2532 3684 2589 solis
3704 2532 3816 2602 ejus

2219 2623 2464 2679 membris
2482 2629 2648 2696 patet.
2685 2654 2758 2666 —
2802 2621 2908 2680 Sed
2944 2621 2990 2677 si
3031 2639 3131 2678 nos
3169 2637 3410 2696 quoque,
3453 2622 3549 2696 qui
3593 2620 3727 2678 editi
3755 2621 3813 2676 in

2219 2719 2365 2768 terra
2404 2727 2617 2780 sumus,
2661 2711 2864 2767 coelum
2904 2709 3350 2780 conscendimus,
3399 2709 3496 2766 ubi
3545 2719 3627 2767 est
3667 2708 3814 2784 quod

2217 2815 2438 2857 rursum
2484 2799 2700 2856 Veritas
2728 2799 2866 2856 dicit
2896 2816 2908 2855 :
2938 2800 3102 2856 Nemo
3133 2799 3367 2856 ascendit
3393 2799 3450 2854 in
3475 2799 3682 2864 caelum,
3708 2798 3817 2854 nisi

2215 2887 2310 2959 qui
2333 2888 2396 2944 de
2425 2889 2551 2943 cwlo
2581 2889 2860 2958 descendit,
2906 2889 3082 2946 Filius
3118 2888 3342 2944 hominis
3369 2886 3462 2958 qui
3489 2893 3565 2941 est
3587 2887 3646 2942 in
3689 2888 3815 2943 cado

2215 2977 2405 3046 (Joan.
2424 2993 2510 3045 ιιι,
2530 2977 2626 3049 13)
2653 2979 2681 3034 ?
2707 2977 2811 3035 Cui
2832 2978 3102 3034 nimirum
3117 2977 3404 3035 sententiae
3420 2975 3600 3032 statim
3617 2975 3811 3032 obviat

2217 3065 2365 3140 quod
2396 3065 2514 3123 haec
2554 3067 2744 3123 eadem
2774 3066 2992 3125 Veritas
3019 3067 3158 3124 dicit
3195 3085 3206 3122 :
3241 3068 3424 3131 Pater,
3461 3066 3579 3121 volo
3618 3070 3679 3120 ut
3724 3065 3816 3120 ubi

2215 3173 2304 3228 ego
2325 3172 2463 3224 sum,
2487 3161 2536 3210 et
2559 3155 2645 3211 illi
2672 3155 2779 3210 sint
2796 3172 2996 3222 mecum
3013 3155 3196 3228 (Joan.
3227 3172 3368 3224 xvn,
3401 3153 3519 3226 24).
3551 3155 3684 3224 Quae
3711 3153 3814 3210 sibi

2215 3243 2270 3298 in
2306 3241 2490 3299 verbis
2518 3243 2632 3298 suis
2660 3257 2772 3298 non
2791 3241 3087 3316 discrepat,
3117 3243 3216 3300 sed
3242 3242 3314 3300 ad
3343 3242 3674 3317 inquirenda
3701 3243 3817 3300 haec

2214 3331 2372 3406 quasi
2392 3331 2766 3389 discordantia
2779 3331 3028 3388 studium
3048 3340 3251 3390 nostrae
3265 3333 3468 3390 mentis
3489 3333 3812 3390 inﬂammat.

2213 3427 2418 3485 Omnes
2445 3427 2594 3484 enim
2623 3443 2725 3484 nos
2753 3427 2850 3502 qui
2885 3427 2944 3484 in
2981 3427 3100 3501 ejus
3129 3429 3238 3486 ﬁde
3287 3429 3403 3486 nati
3429 3444 3638 3497 sumus,
3671 3426 3815 3484 867

2213 3517 2260 3590 ej
2269 3535 2332 3574 us
2359 3519 2550 3591 procul
2569 3518 2742 3576 dubio
2761 3535 2959 3592 corpus
2979 3519 3293 3577 existimus.
3317 3520 3458 3588 Quia
3486 3519 3654 3592 igitur
3671 3518 3817 3575 mira

2213 3608 2622 3680 dispensatione
2651 3609 2872 3683 pietatis
2892 3609 3271 3666 membrorum
3291 3627 3520 3667 suorum
3545 3609 3814 3668 Dominus

2213 3705 2378 3769 caput
2415 3697 2595 3756 factus
2639 3705 2742 3766 est,
2791 3699 3009 3770 repulsa
3036 3698 3396 3771 reproborum
3431 3698 3811 3766 multitudine,

2215 3787 2364 3842 solus
2402 3794 2484 3844 est
2529 3787 2697 3842 etiam
2746 3787 3056 3844 nobiscum.
3095 3787 3258 3844 Nemo
3301 3787 3468 3859 igitur
3495 3787 3731 3842 ascendit
3759 3787 3816 3841 in

2215 3876 2418 3944 caelum,
2448 3875 2556 3930 nisi
2583 3875 2676 3945 qui
2704 3875 2967 3930 descendit
2992 3875 3055 3931 de
3082 3877 3228 3942 creto,
3267 3876 3442 3932 Filius
3471 3875 3698 3932 hominis
3722 3875 3814 3946 qui

2214 3969 2289 4017 est
2317 3962 2374 4017 in
2399 3965 2522 4018 calo
2553 3962 2736 4032 (Joan.
2765 3980 2856 4030 ιιι,
2885 3963 3001 4036 13),
3032 3963 3163 4037 quia
3188 3963 3324 4020 dum
3352 3982 3454 4022 nos
3484 3981 3659 4022 unum
3687 3980 3812 4020 cum

2215 4050 2312 4106 illo
2336 4049 2451 4122 jam
2486 4049 2617 4106 facti
2647 4067 2861 4119 sumus,
2884 4051 3030 4107 unde
3053 4053 3204 4109 solus
3226 4053 3382 4109 venit
3401 4055 3459 4110 in
3480 4069 3556 4122 se,
3579 4053 3713 4110 illuc
3732 4070 3814 4108 so-

2215 4140 2299 4196 lus
2329 4140 2472 4198 redit
2499 4139 2667 4199 etiam
2715 4140 2774 4195 in
2809 4141 2968 4197 nobis
3000 4159 3014 4210 ;
3052 4149 3106 4198 et
3151 4142 3198 4198 is
3226 4143 3320 4216 qui
3350 4144 3409 4200 in
3435 4144 3577 4220 caelo
3603 4158 3816 4214 semper

2213 4237 2316 4296 est,
2344 4229 2414 4286 ad
2439 4230 2641 4286 cmlum
2671 4231 2920 4303 quotidie
2938 4233 3210 4303 ascendit,
3237 4235 3370 4308 quia
3397 4236 3492 4308 qui
3518 4233 3810 4290 divinitate

2211 4335 2374 4390 super
2417 4320 2605 4376 omnia
2642 4330 2944 4394 permanet,
2988 4322 3356 4382 humanitatis
3398 4343 3510 4382 suae
3548 4340 3812 4397 compage

2211 4425 2324 4465 sese
2353 4410 2604 4483 quotidie
2631 4411 2702 4467 ad
2716 4413 2884 4469 caelos
2912 4413 3102 4470 trahit.
3139 4416 3162 4450 ⁶
3189 4406 3311 4472 Non
3338 4431 3467 4489 ergo
3485 4431 3541 4471 se
3561 4414 3814 4486 desperet

2211 4497 2455 4555 humana
2491 4499 2784 4572 fragilitas,
2824 4501 3100 4574 unigeniti
3125 4504 3452 4576 sanguinem
3477 4502 3810 4570 consideret,

2214 4594 2269 4644 et
2309 4587 2368 4643 in
2414 4587 2590 4660 pretio
2632 4605 2734 4646 suo
2778 4589 3090 4660 conspiciat
3134 4608 3298 4664 quam
3338 4608 3536 4664 magna
3579 4601 3663 4648 est
3691 4607 3812 4665 qua:

2213 4676 2355 4732 tanti
2385 4677 2549 4734 valet.
2583 4678 2893 4750 Perpendat
2917 4679 3155 4738 sollicite
3183 4697 3291 4754 quo
3319 4688 3487 4753 caput
3512 4680 3813 4753 praecessit,

2213 4773 2268 4822 et
2293 4783 2415 4840 quae
2451 4767 2520 4824 ad
2550 4767 2854 4822 vivendum
2885 4771 3170 4843 praeceptis
3204 4770 3548 4842 astringitur,
3581 4770 3651 4826 ad
3682 4785 3818 4842 spe-

2213 4854 2448 4912 randum
2477 4858 2732 4928 exemplo
2777 4857 3070 4916 roboretur
3100 4879 3114 4930 ;
3147 4860 3388 4920 conﬁdat
3415 4861 3604 4930 cmlos,
3635 4868 3818 4933 speret

2213 4959 2502 5016 supernam
2531 4944 2786 5016 patriam,
2814 4948 3133 5020 angelorum
3163 4967 3222 5006 se
3241 4951 3448 5008 sociam
3477 4951 3634 5018 sciat,
3653 4957 3818 5022 atque

2212 5036 2270 5092 in
2327 5052 2426 5092 suo
2479 5034 2658 5109 capite
2698 5037 2980 5110 praelatam
3009 5058 3068 5098 se
3111 5041 3278 5100 etiam
3321 5043 3533 5116 angelis
3563 5040 3815 5114 gaudeat.

2209 5273 2356 5324 ceret
2400 5284 2410 5322 :
2461 5267 2650 5323 meruit
2685 5275 2884 5324 natura
2928 5271 3161 5327 humana
3206 5291 3242 5328 a
3283 5272 3494 5328 Christo
3538 5277 3818 5328 assumpta

2210 5338 2329 5466 foli.
2375 5339 2680 5466 Usurgaﬁtur
2718 5357 2858 5412 saepe
2899 5343 3134 5412 passive,
3185 5351 3248 5399 ut
3291 5344 3327 5398 Ι.
3375 5359 3538 5410 xvm,
3584 5357 3640 5396 ιι.
3687 5338 3755 5396 13
3799 5357 3814 5407 ;

2237 5452 2249 5465 .
2283 5425 2406 5466 χιιι.
2441 5428 2495 5464 ιι.
2610 5453 2622 5464 .

2237 5452 2249 5465 .
2283 5425 2406 5477 χιιι,
2441 5428 2495 5464 ιι.
2531 5425 2622 5466 uo.

2281 5482 2303 5514 ⁵
2332 5480 2506 5547 Editi,
2538 5498 2657 5552 ergo
2698 5483 2745 5537 si
2790 5483 2878 5538 des
2915 5489 3038 5540 cret.
3087 5485 3342 5541 Nostram
3384 5485 3534 5551 lect.,
3577 5499 3699 5556 quae
3729 5488 3816 5538 est

2281 5568 2334 5606 is.
2388 5551 2597 5611 Balnz..
2641 5553 2820 5611 Colb..
2875 5500 3146 5611 {rindocu
3209 5555 3464 5611 Longinu
3517 5554 3807 5611 Norman..

2939 5554 3146 5628 i_ndoc.,
3209 5554 3807 5628 Longip.,__Norman.,

2219 5709 2276 5750 ιι.
2309 5693 2397 5748 28.
