4152 6182
321 294 429 354 417

1024 292 1397 354 MORALIUM
1435 296 1570 353 LIB.
1613 290 1845 353 XXVII.
1887 325 1959 336 —
1996 286 2069 351 IN
2117 290 2346 351 CAPUT
2384 295 2651 353 XXXVII
2689 297 2752 352 B.
2794 297 2940 353 JOB.

3533 302 3644 358 418

323 422 563 481 Dicatur
609 420 780 492 igitur
830 426 976 476 recte
1025 417 1092 475 de
1135 419 1238 477 hac
1279 421 1400 477 luce
1445 428 1665 478 aeternae
1708 420 1928 493 patriae:
1961 424 2011 482 A
2049 419 2257 478 divinae
2287 422 2474 493 gratia:
2504 421 2838 493 aspiratione
2868 422 3138 492 pulsetur,
3175 425 3231 479 in
3262 426 3379 482 suis
3397 427 3644 483 delecta-

321 509 631 567 Annuntiat
650 509 713 563 de
744 526 806 564 ea
830 509 998 563 amico
1026 526 1123 564 suo
1151 511 1293 580 quod
1315 511 1575 581 possessio
1604 510 1717 580 ejus
1745 511 1834 579 sit,
1882 517 1929 565 et

319 599 395 654 ad
427 615 541 653 eam
568 597 740 670 possit
762 597 1056 653 ascendere.
1092 597 1231 671 [Vet.
1262 598 1421 673 ΧῙΙ.]
1467 599 1572 656 Sed
1601 600 1760 655 valde
1790 600 1930 655 mira

320 699 456 750 sunt
494 691 622 752 ista,
655 685 819 742 valde
848 686 1147 756 terribilia,
1179 688 1325 761 quod
1353 688 1521 745 homo
1555 689 1612 743 in
1644 696 1788 745 terra
1816 686 1928 743 edi-

320 793 437 848 tus,
459 788 625 854 atque
655 796 687 834 a
717 777 928 834 caelesti
957 779 1133 849 patria
1160 780 1509 851 exigentibus
1538 781 1749 836 meritis
1771 782 1927 851 longe

323 871 643 936 damnatus,
671 883 783 921 non
813 868 993 922 solum
1016 866 1085 922 ad
1114 875 1315 923 statum
1355 868 1691 925 conditionis
1718 869 1927 925 reduci-

322 968 436 1028 tur,
458 957 557 1015 sed
581 956 748 1012 etiam
775 954 1073 1027 gloriosius
1090 958 1384 1026 exaltatur,
1408 965 1470 1013 ut
1500 957 1593 1031 qui
1614 957 1927 1029 paradisum

323 1047 571 1121 perdidit
598 1046 800 1102 caelum
830 1045 1099 1117 recipiat;
1144 1054 1198 1102 et
1222 1062 1333 1102 non
1362 1047 1542 1102 solum
1571 1046 1721 1102 hunc
1757 1046 1927 1102 debiti

322 1138 411 1194 sui
442 1144 628 1193 reatus
655 1150 767 1191 non
798 1142 1002 1203 teneat,
1048 1135 1143 1192 sed
1186 1136 1319 1192 huic
1358 1145 1482 1209 post
1519 1137 1737 1209 culpam
1782 1135 1928 1192 dona

321 1225 666 1285 cumulatius
703 1232 1048 1293 excrescant,
1079 1233 1142 1281 ut
1169 1226 1263 1281 ille
1294 1234 1640 1299 contemptor
1667 1228 1789 1295 Dei,
1831 1227 1926 1282 ille

323 1317 576 1373 imitator
605 1313 839 1381 diaboli,
874 1314 921 1369 si
950 1312 1020 1369 ad
1058 1314 1302 1370 fructum
1341 1316 1680 1387 paenitentiae
1719 1316 1925 1383 redeat,

322 1421 501 1478 usque
541 1403 613 1460 ad
649 1403 1038 1460 celsitudinem
1077 1404 1515 1477 contemplandas
1548 1406 1761 1461 intimas
1789 1403 1929 1460 lucis

327 1494 607 1552 ascendat.
633 1492 805 1565 Cujus
833 1492 1018 1566 itaque
1046 1510 1143 1550 cor
1170 1510 1283 1550 non
1313 1494 1372 1550 in
1403 1493 1570 1567 hujus
1599 1495 1822 1567 pietatis
1838 1494 1929 1550 ad-

324 1584 624 1640 miratione
642 1582 866 1639 exsiliat
880 1583 909 1639 7
932 1581 1103 1654 Cujus
1123 1592 1316 1656 torpor
1335 1602 1447 1641 non
1469 1585 1528 1641 in
1548 1584 1930 1641 sublevatione

322 1680 489 1729 tanta
510 1671 970 1731 considerationis
992 1683 1323 1746 expavescat
1340 1675 1368 1731 ?
1398 1673 1553 1731 Unde
1581 1682 1638 1730 et
1660 1682 1783 1746 apte
1804 1674 1928 1730 sub-

315 1762 577 1836 iungitur
595 1781 607 1821 :

756 1850 984 1909 CAPUT
1018 1851 1151 1909 XVI
1188 1849 1331 1925 [Rea
1368 1851 1498 1926 IX].

399 1940 536 1999 CAP.
568 1955 786 2009 xxxvn,
833 1939 1006 1998 Vsus.
1041 1942 1092 1996 1.
1140 1965 1207 1982 -ι-
1243 1942 1415 2013 Super
1453 1942 1546 1996 hoc
1584 1938 1799 2012 expavit
1837 1955 1928 1994 cor

319 2044 523 2096 meum,
550 2035 807 2085 etmotum
834 2036 910 2085 est
932 2030 995 2085 de
1026 2030 1136 2086 loco
1164 2046 1280 2085 suo.

397 2121 485 2177 31.
514 2119 865 2177 Considerata
892 2125 1099 2175 (eterna
1112 2119 1313 2191 patria:
1343 2119 1476 2185 luce,
1496 2134 1638 2175 mens
1663 2118 1725 2173 in
1750 2125 1926 2174 ecsta-

324 2212 426 2267 sim
469 2212 706 2284 rapitur.
752 2242 824 2253 —
860 2211 1002 2279 Quia
1030 2227 1201 2283 pavor
1226 2210 1361 2267 dum
1390 2217 1632 2265 mentem
1662 2208 1923 2281 percutit,

325 2302 470 2360 hanc
493 2319 524 2358 a
548 2303 843 2374 semetipsa
857 2302 1094 2358 alienam
1123 2301 1328 2368 reddit,
1356 2315 1756 2373 nonnunquam
1782 2298 1926 2354 Lati-

324 2392 385 2447 ni
414 2391 743 2465 interpretes
785 2391 1037 2449 ecstasim
1076 2406 1338 2464 pavorem
1377 2396 1598 2458 vocant,
1643 2389 1787 2445 sicut
1828 2403 1924 2459 per

326 2480 693 2537 Psalmistam.
708 2480 951 2537 dicitur:
998 2483 1113 2551 Ego
1142 2482 1259 2536 dixi
1285 2481 1344 2534 in
1368 2496 1566 2551 pavore
1592 2496 1724 2547 meo,
1750 2477 1924 2549 proje-

322 2579 440 2627 ctus
471 2588 590 2627 sum
609 2590 644 2626 a
673 2572 827 2624 vultu
853 2571 1127 2626 oculorum
1158 2577 1373 2624 tuorum
1421 2570 1593 2640 (Psal.
1630 2585 1770 2637 xxx,
1808 2567 1922 2639 23).

321 2659 437 2716 Ubi
469 2657 733 2714 videlicet
761 2673 872 2713 non
901 2673 1092 2729 pavor,
1123 2657 1217 2714 sed
1246 2673 1505 2714 excessus
1531 2656 1640 2713 dici
1670 2664 1879 2729 poterat
1908 2675 1922 2723 ;

326 2747 433 2805 sed
464 2762 641 2817 pavor
668 2746 788 2802 illic
816 2762 916 2817 pro
957 2761 1183 2802 excessu
1222 2747 1469 2818 ponitur,
1512 2747 1641 2817 quia
1681 2746 1824 2803 sicut
1866 2746 1924 2802 in

326 2850 584 2903 excessu,
633 2834 710 2890 ita
749 2835 808 2889 in
845 2850 1049 2906 pavore
1081 2835 1355 2891 alienatur
1380 2835 1617 2892 animus.
1653 2836 1807 2892 Unde
1834 2836 1926 2892 hic

327 2939 548 3000 quoque
585 2922 930 2989 considerata
957 2922 1078 2980 lu'ce
1104 2931 1323 2981 aternaa
1352 2925 1562 2996 patriai,
1607 2933 1754 2982 recte
1784 2925 1925 2981 sub-

326 3015 611 3087 iungitur:
645 3014 817 3085 Super
844 3014 939 3069 hoc
965 3014 1178 3085 expavit
1204 3031 1297 3070 cor
1324 3031 1516 3070 meum.
1548 3016 1631 3072 Ac
1656 3015 1704 3071 si
1736 3014 1920 3071 dicat:

326 3104 391 3160 In
414 3103 800 3160 admirationis
833 3118 1061 3160 excessu
1086 3120 1144 3160 se
1173 3105 1481 3172 transtulit,
1511 3111 1565 3159 et
1593 3104 1725 3177 quia
1765 3120 1922 3160 novae
1958 3139 2001 3200 Ο

329 3194 443 3266 spei
473 3192 673 3264 spiritu
701 3208 857 3249 mens
883 3191 1068 3249 aﬂlata
1110 3200 1211 3261 est,
1247 3194 1599 3265 semetipsam
1642 3193 1822 3266 qualis
1864 3192 1921 3247 in

327 3289 543 3338 vetusta
565 3280 897 3354 cogitatione
927 3281 1106 3337 fuerat
1134 3282 1380 3356 reliquit.

399 3371 486 3430 32.
515 3374 642 3438 Cor,
665 3373 886 3427 terrenis
906 3372 1170 3443 despectis,
1198 3373 1269 3428 ad
1288 3375 1405 3429 sola
1423 3373 1648 3429 calestia
1666 3372 1919 3444 suspirat.

326 3460 543 3516 —Bene
559 3468 741 3517 autem
761 3460 969 3516 dicitur
986 3478 997 3516 :
1018 3462 1094 3517 Et
1108 3466 1305 3516 motum
1318 3468 1392 3517 est
1410 3462 1473 3517 de
1490 3463 1598 3517 loco
1612 3478 1729 3517 suo.
1746 3461 1926 3517 Locus

326 3550 529 3623 quippe
557 3550 788 3607 humani
816 3548 999 3607 cordis
1028 3556 1111 3606 est
1140 3549 1432 3607 delectatio
1461 3550 1589 3607 vita)
1609 3548 1922 3622 praesentis.

325 3639 437 3695 Sed
480 3655 608 3695 cum
653 3639 842 3695 divina
881 3638 1218 3711 aspiratione
1256 3641 1503 3712 tangitur
1549 3640 1705 3697 locus
1746 3638 1924 3695 nostri

325 3726 537 3794 cordis,
575 3727 636 3783 ﬁt
677 3744 830 3785 amor
870 3729 1214 3785 atemitatis.
1263 3726 1712 3785 Consideratione
1758 3729 1927 3799 igitur

324 3824 546 3873 aeternae
594 3817 783 3888 patriae
823 3816 890 3873 de
931 3818 1053 3874 loco
1087 3833 1187 3874 suo
1225 3816 1446 3871 animiis
1486 3822 1760 3882 movetur,
1799 3815 1928 3887 quia

326 3904 611 3961 derelictis
632 3905 858 3973 inﬁmis,
882 3906 941 3961 in
958 3905 1210 3978 supernis
1229 3903 1659 3977 cogitationibus
1679 3902 1921 3975 ponitur.

326 3996 491 4052 Prius
519 3996 669 4052 enim
700 4013 822 4069 quae
851 4004 1031 4053 essent
1056 4004 1259 4053 aeterna
1288 3995 1583 4063 nesciebat,
1610 3994 1668 4050 in
1694 4010 1925 4067 praesen-

326 4087 471 4142 tium
487 4086 852 4143 delectatione
883 4094 1182 4159 torpuerat,
1212 4084 1486 4159 simulque
1514 4085 1630 4157 ipse
1658 4083 1927 4140 transiens

328 4191 511 4232 amore
561 4177 902 4233 transeuntis
940 4177 1177 4233 tenebat.
1231 4174 1337 4231 Sed
1372 4182 1658 4249 postquam
1690 4189 1815 4246 qua:
1846 4189 1925 4229 es-

326 4272 447 4320 sent
475 4273 683 4321 aaterna
697 4267 977 4338 cognovit,
1000 4273 1288 4338 postquam
1307 4280 1556 4335 supernae
1577 4264 1717 4319 lucis
1746 4261 1927 4317 radios

326 4355 530 4425 raptim
561 4354 988 4426 contemplando
1019 4354 1273 4425 contigit,
1319 4350 1339 4389 ί
1372 4352 1736 4409 admiratione
1765 4366 1927 4406 sum-

327 4458 546 4498 morum
572 4458 688 4499 sese
720 4443 789 4499 ab
820 4443 1028 4500 inﬁmis
1055 4445 1351 4501 suscitatus
1379 4443 1638 4509 elevavit,
1682 4449 1746 4496 ut
1774 4441 1928 4496 nulla

321 4530 436 4602 jam
468 4531 521 4586 ei
556 4532 662 4587 nisi
698 4549 818 4606 quae
848 4540 1053 4589 aeterna
1090 4540 1220 4589 sunt
1260 4533 1488 4599 libeant,
1528 4537 1603 4598 et,
1657 4528 1927 4600 despectis

326 4622 762 4693 transeuntibus,
794 4624 911 4680 sola
938 4640 1059 4696 quae
1080 4631 1426 4697 permanent,
1459 4622 1724 4695 requirat.
1781 4620 1926 4676 Bene

327 4725 459 4781 ergo
497 4709 735 4768 dicitur:
790 4713 962 4785 Super
989 4714 1084 4767 hoc
1123 4712 1339 4785 expavit
1364 4716 1509 4774 868
1536 4726 1629 4764 cor
1654 4723 1847 4772 meum,
1882 4713 1930 4762 et

326 4812 528 4861 motum
553 4815 628 4863 est
655 4809 718 4864 de
748 4811 855 4865 loco
884 4826 1003 4878 suo,
1035 4808 1166 4882 quia
1196 4809 1413 4882 pigrum
1446 4824 1563 4877 cor,
1610 4815 1665 4863 et
1696 4805 1928 4862 terrenis

328 4894 544 4953 dudum
561 4898 994 4970 cogitationibus
1015 4898 1284 4966 deditum,
1317 4914 1443 4956 cum
1470 4905 1694 4970 repente
1722 4913 1819 4969 per
1836 4912 1927 4952 ex-

329 5001 548 5043 cessum
580 4989 603 5023 ²
628 5004 686 5044 se
702 4988 771 5045 ad
790 5005 1005 5045 summa
1024 4987 1330 5061 suspendit,
1353 4988 1706 5060 cogitationis
1722 4986 1928 5043 inﬁmas

329 5073 515 5132 locum
544 5079 803 5136 mutavit.
828 5081 849 5115 ³
872 5077 978 5135 Sed
1005 5079 1131 5152 quia
1157 5094 1251 5151 per
1277 5079 1625 5149 semetipsam
1655 5078 1714 5133 in
1743 5092 1928 5133 amore

328 5167 617 5235 praesentis
660 5167 851 5226 saeculi
891 5174 1163 5240 prostrata
1203 5184 1359 5225 mens
1396 5167 1681 5237 dormitat,
1719 5174 1774 5223 et
1818 5164 1926 5222 nisi

406 5395 425 5467 ξ
454 5393 681 5467 ~Pii-atem
722 5394 867 5467 Utic.
898 5402 953 5451 et
976 5395 1095 5463 alii,
1124 5396 1242 5467 ipsa
1271 5393 1647 5467 admiratione.

404 5465 428 5501 ³
452 5465 717 5538 Vindoc.,
748 5466 998 5534 Ebroic.,
1030 5465 1160 5533 etc.,
1186 5482 1239 5521 se
1261 5466 1333 5522 ad
1352 5482 1603 5538 superna.

405 5539 426 5572 ³
448 5531 713 5607 Vindoc.,
744 5531 1170 5619 Pratel.,'Utic._,
1201 5538 1290 5592 sed
1328 5531 1455 5619 dum
1479 5554 1576 5619 per
1601 5531 1932 5619 semetipsum

331 5608 389 5690 in
411 5605 1114 5692 amore_priesentis_siec....
1144 5624 1300 5692 _mens
1329 5605 1582 5692 dormiat,
1618 5614 1666 5692 et
1696 5605 1808 5692 nisi
1831 5605 1931 5692 _di-

329 5678 467 5735 vince
492 5678 683 5752 gratiis
708 5680 1035 5753 aspiratione
1058 5679 1303 5752 pulsetur
1330 5680 1388 5735 in
1416 5680 1524 5736 suis
1549 5681 1797 5736 delect....
1825 5683 1935 5733 tor-

326 5758 529 5825 pescat,
560 5769 759 5811 necesse
782 5759 877 5823 est,
906 5760 1011 5812 etc.

2036 510 2286 566 tionibus
2314 509 2520 583 frigida
2549 510 3002 583 insensibilisque
3020 515 3308 583 torpescit,
3331 532 3547 573 necesse
3562 524 3644 573 est

2036 606 2099 653 ut
2126 601 2402 670 quomodo
2434 601 2650 655 interna
2677 599 3015 671 cogitatione
3032 607 3305 671 tangatur,
3338 605 3425 659 vel
3457 605 3645 676 quali-

2035 694 2119 743 ter
2146 688 2214 743 ad
2243 688 2518 761 spiritalia
2550 692 2570 725 ‘
2617 689 2980 757 sensiﬁcetur,
3023 690 3307 763 adjungat.
3341 693 3637 765 Sequitur:

2303 779 2532 837 CAPUT
2564 782 2721 839 XVII
2754 780 2892 855 [Vet.
2918 784 3079 850 XIII,
3113 784 3233 841 Rec.
3266 782 3365 856 X].

2108 866 2281 926 Vnus.
2302 868 2354 924 2.
2395 900 2452 907 —
2476 871 3009 927 Audietauditionem
3030 872 3086 925 in
3119 878 3321 926 ter-rore
3340 871 3480 925 vocis
3507 872 3640 941 ejus,

2036 961 2084 1009 et
2110 974 2294 1012 sonum
2327 959 2388 1013 de
2421 976 2512 1013 ore
2540 959 2689 1014 illius
2712 961 3094 1031 procedentem.

2107 1045 2194 1101 33.
2226 1049 2369 1103 Deus
2393 1050 2551 1119 prius
2583 1050 2769 1103 timore
2788 1049 2988 1119 judicii
3034 1065 3131 1103 nos
3170 1049 3412 1120 castigat,
3462 1055 3643 1120 postea

2036 1136 2252 1195 caelestis
2290 1137 2581 1192 dulcedinis
2627 1140 2982 1194 consolatione
3023 1138 3209 1209 reﬁcit.
3243 1168 3309 1178 —
3341 1138 3457 1194 Mos
3503 1138 3639 1194 sacri

2038 1225 2246 1298 eloquii
2279 1232 2361 1280 est
2390 1233 2452 1280 ut
2480 1243 2609 1282 cum
2642 1227 2834 1282 audire
2864 1226 3076 1301 aliquid
3108 1243 3203 1298 per
3228 1227 3479 1283 auditum
3512 1228 3641 1283 insi-

2037 1320 2191 1382 nuat,
2225 1313 2407 1369 audiri
2438 1315 2693 1370 eumdem
2724 1315 2979 1371 auditum
3010 1316 3178 1383 dicat,
3212 1317 3358 1372 sicut
3386 1316 3643 1373 Habacuc

2038 1401 2115 1456 ait
2148 1419 2159 1457 :
2192 1402 2438 1467 Domine,
2467 1403 2654 1458 audivi
2681 1404 2927 1459 auditum
2960 1410 3130 1472 tuum,
3167 1411 3217 1459 et
3236 1404 3389 1459 timui
3418 1404 3638 1474 (Habac.

2038 1506 2123 1558 III,
2158 1491 2236 1563 1).
2271 1490 2427 1547 Unde
2455 1490 2550 1547 hic
2579 1508 2796 1566 quoque
2827 1491 3061 1548 dicitur:
3094 1492 3292 1547 Audiet
3318 1492 3642 1549 auditionem

2037 1576 2097 1632 in
2125 1585 2328 1635 terrore
2352 1581 2492 1635 vocis
2516 1580 2647 1650 ejus.
2690 1580 3006 1638 Notandum
3035 1597 3167 1637 vero
3209 1588 3292 1638 est
3336 1579 3485 1654 quod
3530 1598 3642 1639 vox

2037 1668 2139 1724 Dei
2169 1686 2281 1725 non
2310 1670 2367 1726 in
2399 1671 2617 1742 gaudio,
2642 1671 2739 1728 sed
2766 1671 2826 1727 in
2847 1680 3057 1728 terrore
3085 1671 3267 1728 audiri
3295 1672 3639 1745 perhibetur,

1959 1784 2007 1845 Β
2037 1760 2169 1833 quia
2196 1760 2467 1816 nimirum
2499 1770 2754 1832 peccator
2773 1763 3007 1836 quisque
3033 1761 3167 1818 dum
3188 1763 3307 1818 sola
3326 1779 3448 1836 quae
3477 1770 3641 1819 terre-

2039 1864 2111 1904 na
2138 1854 2270 1903 sunt
2297 1849 2520 1920 cogitat,
2552 1848 2687 1904 dum
2718 1866 2814 1906 cor
2844 1866 3165 1921 oppressum
3198 1850 3408 1907 inﬁmis
3437 1852 3640 1923 cogita-

2038 1938 2288 1994 tionibus
2318 1945 2512 2010 gestat,
2545 1937 2592 1993 si
2613 1945 2835 2009 repente
2863 1937 3071 1993 divinae
3092 1939 3280 2010 gratiae
3308 1937 3642 2010 aspiratione

2038 2027 2304 2098 tangitur,
2329 2025 2435 2082 hoc
2453 2032 2580 2082 ante
2604 2027 2795 2082 omnia
2811 2026 3095 2097 intelligit,
3127 2024 3275 2098 quod
3294 2033 3495 2082 cuncta
3519 2042 3639 2099 quas

2037 2116 2150 2188 agit
2179 2115 2433 2173 districta
2460 2116 2652 2172 aeterni
2677 2114 2885 2187 judicis
2905 2115 3383 2173 animadversione
3403 2116 3637 2188 punian-

2036 2214 2146 2260 tur.
2174 2204 2407 2261 Auditio
2436 2205 2607 2277 igitur
2638 2206 2791 2261 vocis
2819 2206 2918 2261 Dei
2949 2207 3104 2277 prius
3133 2206 3191 2260 in
3220 2214 3427 2261 terrore
3454 2205 3536 2273 ﬁt,
3577 2213 3639 2260 ut

2036 2301 2224 2366 postea
2252 2300 2500 2349 vertatur
2520 2293 2577 2348 in
2608 2291 2981 2361 dulcedinem,
3012 2294 3141 2365 quia
3169 2300 3294 2349 ante
3322 2308 3423 2347 nos
3453 2291 3635 2349 distri-

2036 2385 2111 2441 cti
2135 2383 2334 2456 judicii
2356 2385 2553 2441 timore
2568 2384 2816 2455 castigat,
2839 2391 2900 2438 ut
2923 2383 3039 2455 jam
3069 2384 3359 2456 castigatos
3388 2398 3635 2453 superna:

2036 2472 2348 2529 dulcedinis
2376 2473 2751 2531 consolatione
2771 2471 3002 2527 reﬁciat.
3035 2472 3169 2527 Nam
3201 2488 3327 2527 cum
3357 2487 3458 2527 nos
3495 2471 3630 2526 vio-

2035 2564 2183 2619 lenta
2241 2579 2426 2618 rerum
2475 2561 2863 2634 temporalium
2923 2559 3215 2617 delectatio
3264 2557 3528 2632 possidet,
3577 2569 3632 2616 et

2038 2653 2240 2707 mentis
2270 2659 2469 2708 nostra;
2499 2652 2690 2708 oculos
2718 2651 2777 2706 in
2797 2666 3000 2705 somno
3030 2650 3271 2722 torporis
3298 2649 3520 2722 premit,
3542 2653 3561 2684 ⁵
3585 2650 3632 2705 si

2036 2758 2203 2798 manu
2230 2742 2413 2799 subita
2430 2742 2654 2815 superni
2684 2750 2963 2813 respectus
2991 2741 3323 2808 excitamur,
3362 2738 3459 2795 diu
3488 2740 3632 2795 clau-

2035 2847 2125 2887 sos
2152 2848 2284 2888 mox
2313 2831 2532 2889 eosdem
2580 2832 2649 2887 ad
2695 2831 2946 2886 veritatis
2988 2831 3166 2887 lucem
3196 2830 3386 2885 oculos
3432 2828 3633 2884 mentis

2036 2923 2333 2993 aperimus,
2357 2939 2477 2994 quae
2509 2921 2721 2993 egimus
2759 2920 2905 2975 mala
2934 2918 3313 2984 meminimus,
3346 2932 3510 2988 quam
3552 2916 3633 2971 di-

2035 3012 2259 3068 strictus
2283 3010 2459 3083 judex
2485 3018 2679 3066 contra
2706 3009 2825 3065 hac
2854 3008 3039 3064 veniat
3067 3006 3321 3062 videmus
3353 3023 3363 3060 :
3399 3008 3421 3041 ⁸
3454 3021 3631 3061 versa-

2033 3108 2125 3156 tur
2151 3100 2211 3156 in
2242 3106 2423 3156 mente
2452 3106 2689 3173 quantus
2719 3098 2813 3154 ille
2839 3097 2913 3153 sit
2941 3096 3079 3152 tanti
3103 3093 3311 3166 judicis
3340 3094 3628 3163 adventus,

2034 3208 2155 3264 quae
2183 3198 2319 3247 tunc
2336 3190 2434 3245 illa
2453 3188 2527 3245 sit
2544 3187 2836 3245 hominum
2851 3186 3278 3258 angelorumque
3291 3182 3623 3256 frequentia,

2033 3286 2237 3352 quanta
2264 3278 2323 3333 vi
2345 3284 2538 3334 contra
2565 3275 2828 3349 reprobos
2857 3282 2912 3331 et
2952 3273 3204 3331 ardentia
3231 3278 3476 3345 pugnent
3504 3271 3629 3328 ele-

2034 3377 2237 3437 menta,
2271 3384 2435 3443 quam
2466 3366 2787 3424 terribiliter
2816 3372 3019 3421 interna
3038 3362 3265 3436 prodeat
3291 3360 3360 3417 de
3389 3359 3628 3419 districti

2028 3454 2234 3528 judicis
2263 3471 2357 3512 ore
2385 3454 2675 3521 sententia,
2716 3469 2824 3526 qua
2854 3452 3100 3525 reprobis
3120 3453 3140 3487 ⁷
3176 3449 3383 3507 dicitur
3408 3468 3419 3504 :
3452 3450 3630 3505 Disce-

2035 3547 2139 3600 dite
2165 3564 2201 3600 a
2228 3562 2325 3611 me,
2354 3545 2641 3612 maledicti,
2666 3544 2724 3599 in
2754 3545 2919 3616 ignem
2947 3548 3220 3610 internum,
3242 3539 3336 3611 qui
3348 3556 3627 3612 praepara-

2038 3641 2119 3689 tus
2146 3640 2223 3688 est
2247 3633 2460 3689 diabolo
2488 3640 2537 3688 et
2560 3632 2760 3703 angelis
2788 3631 2902 3702 ejus
2929 3632 3148 3703 (Matth.
3181 3645 3322 3695 xxv,
3368 3628 3486 3702 41).
3518 3629 3622 3683 Eo-

2034 3721 2285 3778 rumdem
2318 3738 2480 3794 paena
2505 3720 2868 3794 reproborum
2898 3728 3025 3776 ante
3053 3721 3244 3776 oculos
3277 3719 3544 3785 volvitur,
3578 3725 3632 3773 et

2035 3829 2155 3886 quas
2184 3812 2295 3868 sint
2333 3812 2594 3884 gehennae
2624 3808 2881 3877 tenebrat,
2914 3824 3041 3864 cum
3068 3808 3220 3880 gravi
3244 3805 3633 3861 amaritudinis

2034 3901 2367 3959 obscuritate
2398 3908 2677 3972 pensatur.
2710 3897 2850 3964 Quia
2879 3913 3007 3968 ergo
3026 3894 3327 3968 superbum
3357 3910 3452 3949 cor
3481 3892 3634 3962 prius

2032 4000 2242 4049 terrore
2271 3989 2607 4055 concutitur,
2640 3993 2703 4043 ut
2732 4000 3059 4043 concussum
3091 3985 3150 4040 in
3180 3997 3366 4039 amore
3412 3978 3627 4038 solide—

2033 4089 2143 4150 tur,
2174 4087 2321 4137 recte
2340 4094 2490 4134 nunc
2508 4076 2714 4133 dicitur
2741 4093 2752 4132 :
2775 4074 2973 4131 Audiet
2999 4073 3323 4130 auditionem
3345 4071 3403 4125 in
3435 4075 3635 4126 terrore

2033 4171 2174 4227 cocis
2203 4170 2335 4240 ejus.
2367 4167 2473 4224 Ubi
2510 4175 2565 4223 et
2602 4165 2742 4223 bene
2786 4162 3142 4237 subjungitur
3173 4180 3185 4218 :
3219 4160 3294 4219 Et
3335 4177 3518 4218 sonum
3572 4159 3634 4215 de

2035 4278 2126 4317 ore
2144 4260 2295 4317 illius
2318 4257 2699 4331 procedentem.

2107 4350 2193 4407 34.
2234 4351 2523 4419 Utrumque
2556 4351 2780 4419 prastat
2810 4342 3046 4415 Spiritus
3074 4347 3286 4397 sanctus
3314 4341 3377 4397 de
3404 4357 3494 4396 ore
3531 4340 3632 4396 Do-

2035 4443 2170 4497 mini
2192 4438 2494 4512 procedens.
2526 4466 2597 4477 —
2625 4437 2803 4491 Sonus
2831 4432 2900 4489 de
2928 4448 3023 4488 ore
3049 4431 3150 4488 Dei
3180 4439 3263 4486 est
3304 4431 3390 4486 vis
3416 4429 3635 4485 timoris

1953 4499 2000 4557 D
2035 4530 2102 4586 de
2160 4499 2397 4599 superna
2442 4527 2659 4581 irruens
2706 4521 3060 4594 aspiratione,
3111 4519 3242 4592 quia
3282 4535 3408 4576 cum
3439 4534 3540 4574 nos
3567 4516 3634 4573 de

2036 4617 2288 4676 venturis
2329 4615 2601 4672 Dominus
2640 4609 2933 4685 aspirando
2978 4609 3169 4681 replet,
3217 4608 3409 4681 procul
3465 4605 3635 4662 dubio

2036 4710 2105 4766 de
2142 4709 2283 4764 male
2313 4705 2476 4780 gestis
2519 4700 2814 4776 praeteritis
2860 4708 3047 4756 terret.
3092 4698 3279 4755 Potest
3310 4704 3494 4754 autem
3540 4711 3636 4767 per

2035 4816 2098 4856 os
2126 4798 2246 4867 Dei,
2279 4794 2599 4868 unigenitus
2629 4790 2905 4863 designari
2935 4788 3134 4856 Filius,
3167 4788 3264 4859 qui
3311 4787 3457 4842 sicut
3498 4783 3636 4837 bra—

2037 4889 2231 4946 chium
2260 4887 2381 4959 ejus
2410 4885 2636 4953 dicitur,
2669 4883 2799 4956 quia
2826 4898 2923 4955 per
2951 4896 3077 4936 eum
3107 4884 3307 4934 cuncta
3334 4872 3493 4929 Pater
3512 4884 3654 4942 ope-'

2038 4987 2208 5048 ratur,
2239 4979 2308 5035 de
2335 4994 2444 5051 quo
2476 4974 2740 5048 propheta
2767 4972 2845 5029 ait
2869 4989 2881 5027 :
2913 4972 2989 5026 Et
3015 4967 3287 5023 brachium
3305 4962 3522 5020 Domini
3550 4961 3635 5016 cui

2036 5071 2324 5126 revelatum
2354 5050 2442 5122 Sest
2479 5066 2637 5137 (Isai.
2696 5080 2818 5131 LIII,
2851 5061 2904 5134 1)
2937 5060 2965 5116 ‘P
3006 5059 3074 5115 de
3121 5072 3231 5129 quo
3276 5055 3511 5111 Joannes
3539 5050 3636 5109 di-

2035 5160 2114 5217 cit
2145 5176 2157 5216 :
2194 5156 2385 5215 Omnia
2407 5171 2508 5229 per
2542 5155 2719 5226 ipsum
2763 5150 2910 5222 facta
2937 5151 3061 5203 sunt
3091 5144 3272 5217 (Joan.
3323 5159 3363 5213 ι,
3396 5141 3460 5215 3)
3492 5159 3506 5210 ;
3558 5140 3636 5197 ita

2112 5387 2134 5460 ἒ
2165 5386 2350 5460 Baluz_.
2384 5392 2439 5440 et
2470 5379 2650 5447 Colb.,
2677 5375 3030 5460 signiﬁcetur.
3128 5443 3141 5460 τ
3166 5444 3176 5455 ⁸

2111 5458 2133 5494 ⁵
2163 5457 2364 5513 Pratel.
2397 5462 2451 5511 et
2482 5443 2761 5517 nonnulli,
2793 5443 2841 5525 si
2867 5463 3033 5525 manu
3059 5443 3249 5525 subito:

2113 5528 2420 5608 “__Longip.,
2462 5512 2756 5608 persamus’
2789 5521 3073 5608 iumento}.
3122 5513 3288 5584 Ibid.,
3340 5512 3528 5570 Baluz.
3581 5522 3635 5570 et

2041 5603 2220 5669 Colb.,
2254 5591 2361 5672 pro'
2381 5591 2594 5668 judicis,
2628 5593 2834 5650 habent
2850 5591 3064 5661 judicii.

2116 5677 2135 5709 ⁷
2168 5674 2281 5741 ΑΙ.,
2314 5671 2460 5738 dicit,
2494 5674 2555 5724 ut
2583 5665 2789 5723 habent
2818 5662 2973 5722 Colb.
2998 5672 3052 5719 et
3081 5662 3268 5719 Baluz.
