4152 6182
567 271 670 326 419

1764 267 2026 324 ΒΑΝΟΤΙν
2053 268 2400 326 GREGORII
2436 268 2660 325 MAGNI

3765 271 3876 328 420

565 395 732 450 etiam
762 407 823 447 os
850 389 1074 447 dicitur.
1107 389 1252 446 Hinc
1277 396 1360 446 est
1385 389 1534 446 enim
1561 389 1710 462 quod
1739 389 2004 462 propheta
2035 389 2113 446 ait
2138 407 2152 448 :
2185 395 2236 454 A
2285 391 2451 446 etiam
2481 391 2539 446 in
2568 387 2936 446 dissimilibus
2955 389 3060 446 sibi
3078 388 3498 462 ipsidissimilis
3522 406 3636 447 non
3656 401 3755 449 est.
3787 395 3878 450 1E-

570 483 640 538 Os
666 480 804 537 enim
833 478 1051 536 Domini
1081 479 1309 534 locutum
1337 485 1410 534 est
1438 479 1544 534 hinc
1571 479 1727 550 (Isai.
1753 495 1910 543 LVIII,
1943 478 2163 549 Ib).Per

566 587 728 644 quem
760 569 918 626 nobis
949 569 1140 626 omnia
1167 569 1436 642 loquitur,
1467 585 1534 626 ac
1575 569 1622 624 si
1652 568 1764 624 oris
1811 567 2037 625 nomine
2065 586 2164 641 pa-

564 668 744 717 tenter
772 659 1051 716 diceretur
1080 658 1336 727 verbum,
1367 659 1512 715 sicut
1540 675 1640 716 nos
1670 675 1888 732 quoque
1917 676 2015 731 pro
2045 675 2166 715 ver-

563 749 654 805 bis
709 749 956 821 linguam
1005 748 1186 805 dicere
1233 749 1493 816 solemus,
1543 755 1606 805 ut
1645 764 1770 804 cum
1801 749 2046 805 Graecam
2077 749 2164 804 vel

566 839 816 896 Latinam
851 840 1092 911 linguam
1126 839 1384 906 dicimus,
1416 839 1612 895 Latina
1649 841 1738 896 vel
1771 839 1960 896 Graeca
2000 839 2168 894 verba

568 938 958 985 monstramus.
993 928 1066 984 Os
1097 944 1224 1000 ergo
1255 928 1480 985 Domini
1512 944 1624 984 non
1665 929 1943 986 immerito
1987 929 2166 1000 ipsum

567 1019 894 1092 accipimus.
928 1022 1076 1080 869
1105 1018 1260 1074 Unde
1291 1025 1346 1074 et
1373 1019 1424 1075 ei
1455 1035 1652 1090 sponsa
1681 1019 1737 1074 in
1768 1018 2010 1077 Canticis
2044 1034 2169 1074 can-

565 1112 802 1170 ticorum
824 1113 1012 1190 dicit:
1063 1113 1341 1171 Osculetur
1379 1131 1460 1169 me
1502 1115 1678 1169 osculo
1726 1114 1837 1168 oris
1865 1113 1950 1167 sui
1981 1111 2164 1184 (Cant.

567 1221 609 1270 1,
642 1205 718 1276 1).
752 1207 834 1262 Ac
862 1206 909 1261 si
937 1205 1086 1262 dicat
1124 1223 1136 1260 :
1187 1207 1394 1278 Tangat
1424 1222 1510 1262 me
1541 1204 1836 1261 dulcedine
1867 1203 2168 1275 praesentiae

568 1293 840 1366 unigeniti
865 1295 992 1350 Filii
1020 1295 1383 1368 redemptoris
1408 1295 1536 1351 mei.
1569 1293 1708 1368 [νει.
1741 1295 1826 1350 XI
1833 1291 1918 1366 V.]
1950 1293 2050 1349 Per
2069 1309 2169 1348 so-

568 1397 703 1438 num
737 1401 868 1440 vero
897 1385 1011 1440 oris
1061 1391 1238 1457 potest
1265 1383 1510 1455 ejusdem
1545 1383 1767 1440 Domini
1796 1389 2020 1440 sanctus
2049 1381 2167 1453 Spi-

566 1470 712 1528 ritus
754 1471 1051 1545 designari.
1103 1473 1262 1529 Unde
1305 1483 1360 1530 et
1389 1473 1524 1528 alias
1553 1473 1612 1528 in
1656 1470 1901 1542 ejusdem
1931 1471 2169 1544 Spiritus

568 1561 970 1636 signiﬁcatione
1011 1563 1275 1634 scriptum
1334 1569 1458 1618 est:
1511 1562 1704 1617 Factus
1749 1567 1825 1616 est
1868 1568 2073 1632 repente
2109 1561 2171 1615 de

569 1651 694 1707 ctelo
751 1667 913 1706 sonus
961 1657 1212 1721 tanquam
1259 1649 1582 1705 advenientis
1616 1649 1838 1722 spiritus
1866 1649 2171 1704 vehementis

2273 495 2380 551 que
2407 496 2536 552 ergo
2563 479 2752 536 omnia
2767 478 3014 550 respicit,
3031 495 3185 551 teque
3199 486 3400 535 cuncta
3413 479 3680 552 disponit,
3704 482 3795 556 qui
3811 483 3868 540 in

2274 569 2534 625 omnibus
2563 569 2703 626 locis
2730 584 2994 642 praesens,
3044 583 3148 624 nec
3178 567 3432 624 localiter
3459 571 3480 604 ³
3508 575 3751 639 tenetur,
3782 588 3880 632 nec

2275 657 2430 714 varia
2449 659 2694 717 curando
2725 661 2988 716 variatur.
3023 658 3079 716 Si
3113 664 3296 715 autem
3325 659 3494 715 caelos
3511 669 3730 718 sanctos
3748 679 3878 734 prie-

2276 747 2548 804 dicatores
2601 749 2926 822 accipimus,
2971 747 3250 821 Propheta
3291 757 3580 806 attestante
3623 750 3722 823 qui
3775 751 3876 808 ait:

2281 837 2412 893 Caeli
2433 845 2692 894 etiarrant
2715 839 2947 910 gloriam
2967 839 3064 894 Dei
3096 838 3270 910 (Psal.
3295 855 3460 908 xvrn,
3494 841 3570 914 1),
3591 849 3880 914 postquam

2274 942 2373 998 per
2399 943 2597 982 sonum
2629 928 2744 984 oris
2763 929 3034 984 adventus
3063 928 3304 1000 Spiritus
3333 930 3508 986 sancti
3539 929 3878 1002 designatur,

2275 1025 2422 1074 recte
2463 1017 2816 1092 subjungitur
2841 1037 2852 1075 :
2920 1021 3106 1076 Subter
3125 1037 3300 1076 omnes
3327 1022 3481 1077 oculos
3517 1022 3628 1092 ipse
3654 1021 3882 1078 conside-

2276 1115 2386 1173 rat,
2403 1113 2448 1162 et
2481 1109 2654 1164 lumen
2682 1109 2830 1164 illius
2858 1126 3018 1181 super
3039 1110 3286 1165 terminos
3317 1116 3489 1166 terrm

2349 1195 2437 1251 36.
2469 1197 2735 1254 Miracula
2758 1213 2855 1252 cur
2881 1197 2939 1251 in
2967 1199 3216 1254 Ecclesia:
3243 1199 3482 1254 exordiis
3518 1214 3779 1256 concessa.
3811 1229 3880 1242 --

2277 1284 2418 1341 Sunt
2458 1299 2694 1358 namque
2731 1287 2990 1342 nonnulli
3021 1288 3115 1359 qui
3149 1303 3276 1344 cum
3315 1288 3458 1343 mira
3501 1289 3877 1361 apostolorum

2277 1389 2442 1444 opera
2471 1373 2724 1444 audiunt,
2755 1375 2903 1449 quod
2931 1383 3154 1448 accepto
3182 1375 3395 1448 Spiritu
3424 1383 3614 1433 sancto
3632 1385 3884 1433 mortuos

2278 1461 2448 1517 verbo
2491 1463 2840 1533 suscitarent,
2886 1464 2955 1521 ab
2994 1465 3229 1522 obsessis
3269 1465 3543 1523 daemonia
3583 1467 3882 1538 pellerent,

2278 1550 2476 1609 umbra
2495 1551 2848 1611 inﬁrmitates
2865 1565 3184 1612 amoverent
3205 1556 3344 1630 (Act.
3370 1575 3426 1626 v,
3459 1557 3542 1620 l2,
3567 1556 3723 1629 seq),
3742 1571 3878 1610 ven-

2277 1649 2404 1698 tura
2417 1659 2648 1718 quaeque
2664 1645 3046 1716 prophetando
3066 1645 3441 1719 praedicerent,
3458 1654 3513 1702 et
3523 1645 3879 1718 unigenitum

570 1740 722 1812 (Act.
755 1755 817 1808 II,
851 1740 930 1812 2).
981 1740 1159 1796 Sonus
1209 1739 1378 1812 igitur
1425 1739 1492 1795 de
1521 1754 1616 1794 ore
1643 1738 1869 1794 Domini
1900 1739 2166 1812 procedit,
2198 1751 2244 1811 Β
2279 1730 2522 1787 Verbum
2537 1731 2660 1800 Dei,
2682 1733 2933 1789 omnium
2951 1735 3198 1807 gentium
3217 1735 3496 1808 loquentes
3514 1733 3723 1806 lingua,
3742 1747 3882 1804 prae-

569 1841 695 1884 cum
725 1827 1222 1885 consubstantialis
1251 1829 1303 1886 ei
1335 1828 1576 1900 Spiritus
1601 1827 1670 1884 ad
1691 1844 1790 1884 nos
1819 1844 1916 1900 per
1963 1828 2169 1884 Filium

507 1985 515 1994 _
576 1917 826 1984 veniens,
856 1917 1180 1975 surditatem
1227 1925 1428 1974 nostrai
1468 1917 1912 1974 insensibilitatis
1941 1919 2167 1990 rumpit,

579 2007 727 2065 sicut
755 2008 823 2064 de
844 2009 1036 2066 eodem
1065 2025 1200 2065 sono
1222 2009 1702 2081 incircumscripto
1731 2015 1895 2082 atque
1922 2009 2170 2080 incorpoo

573 2111 666 2152 reo
693 2113 754 2153 os
781 2097 1005 2153 Domini
1028 2099 1296 2170 loquitur,
1327 2098 1518 2156 dicens
1551 2115 1562 2154 :
1595 2098 1676 2154 De
1718 2116 1831 2154 meo
1859 2098 2095 2171 accipiet,
2125 2105 2173 2154 et

575 2187 921 2241 annuntiabit
941 2187 1086 2242 vobis
1113 2188 1300 2256 (Joan.
1333 2203 1455 2265 xvi,
1489 2188 1600 2261 15).
1631 2187 1817 2244 Potest
1845 2203 1972 2260 ergo
1997 2195 2050 2244 et
2079 2204 2173 2258 per

575 2282 843 2331 terrorem
875 2276 1029 2333 vocis
1067 2276 1152 2332 vis
1196 2276 1531 2346 formidinis,
1587 2285 1639 2334 et
1681 2292 1778 2349 per
1825 2293 2022 2333 sonum
2061 2276 2172 2331 oris

572 2363 811 2421 dulcedo
853 2365 1247 2422 consolationis
1295 2365 1552 2439 intelligi,
1597 2367 1727 2440 quia
1773 2382 1912 2440 quos
1939 2366 2174 2438 Spiritus

573 2463 796 2511 sanctus
822 2455 1016 2527 replet,
1051 2455 1202 2526 prius
1231 2471 1322 2511 eos
1353 2455 1420 2512 de
1449 2463 1666 2512 terrena
1717 2455 1932 2512 actione
1978 2453 2174 2510 terriﬁ-

573 2551 680 2612 cat,
731 2553 786 2600 et
827 2543 1176 2614 postmodum
1226 2560 1318 2614 spe
1357 2545 1663 2600 caelestium
1721 2544 2054 2611 consolatur,
2113 2549 2176 2598 ut

579 2639 733 2688 tanto
763 2634 924 2704 post‘
959 2631 1287 2687 conﬁdendo
1315 2631 1383 2688 de
1413 2633 1652 2704 praemiis
1682 2633 1948 2704 gaudeant
1969 2641 2174 2707 quanto

579 2719 734 2793 prius
764 2720 881 2776 sola
917 2719 1184 2792 supplicia
1227 2720 1616 2791 conspiciendo
1648 2721 1980 2778 metuebant.
2033 2723 2174 2778 Hinc

579 2818 662 2866 est
689 2809 837 2884 quod
866 2809 935 2866 de
962 2809 1236 2882 unigeniti
1267 2810 1474 2882 Spiritu
1503 2810 1654 2882 quasi
1679 2810 1746 2866 de
1775 2810 1882 2867 hoc
1901 2811 2014 2866 oris
2036 2827 2173 2867 sono

495 2912 503 2917 ‘
573 2900 775 2956 Paulus
804 2898 940 2956 dicit
974 2917 986 2954 :
1019 2900 1143 2956 Non
1170 2900 1308 2954 enim
1333 2901 1604 2971 accepistis
1631 2899 1882 2972 spiritum
1907 2901 2174 2956 servitutis

573 2995 767 3050 iterum
798 2995 856 3050 in
885 2994 1148 3061 timorem,
1179 2994 1267 3050 sed
1295 2993 1566 3064 accepistis
1607 2991 1857 3065 spiritum
1873 2991 2174 3064 adoptionis

576 3085 836 3158 ﬁliorum,
867 3085 924 3139 in
951 3101 1055 3155 quo
1083 3087 1395 3150 clamamus,
1443 3085 1595 3142 Abba
1619 3089 1774 3154 pater
1813 3084 1997 3155 (Rom.
2044 3101 2170 3150 vm,
2201 3113 2244 3171 Ο

575 3173 690 3242 15).
755 3172 897 3226 Hinc
943 3189 1040 3242 per
1079 3173 1426 3243 semetipsam
1457 3172 1674 3228 Veritas
1717 3171 1897 3228 dicit:
1945 3172 2174 3243 Accipite

577 3259 840 3330 Spiritum
867 3266 1128 3330 sanctum,
1159 3276 1388 3330 quorum
1406 3260 1716 3317 remiseritis
1727 3269 1960 3334 peccata,
1997 3263 2174 3316 remit-

577 3353 764 3405 tuntur
791 3348 868 3404 eis
883 3367 905 3415 ;
923 3355 973 3404 et
997 3365 1226 3420 quorum
1251 3349 1602 3416 retinueritis,
1631 3357 1832 3407 retenta
1851 3357 1974 3407 sunt
1993 3353 2168 3422 (Joan.

575 3455 676 3508 xx,
715 3439 832 3513 26).
867 3439 1011 3497 Ecce
1041 3455 1436 3497 conversorum
1467 3447 1644 3496 terror
1672 3443 1908 3498 vertitur
1936 3441 1993 3497 in
2023 3449 2171 3514 pote-

575 3539 793 3599 statem,
826 3531 958 3603 quia
997 3529 1128 3587 dum
1161 3532 1306 3589 mala
1334 3547 1432 3589 sua
1460 3531 1778 3606 paenitendo
1808 3531 2172 3604 puniunt,us-

575 3635 679 3694 que
708 3618 779 3676 ad
799 3621 1168 3678 exercendum
1193 3620 1471 3694 judicium
1500 3622 1805 3679 ascendunt
1831 3639 1844 3688 ;
1890 3630 1952 3678 ut
1980 3619 2087 3678 hoc
2115 3622 2172 3678 in

575 3711 690 3769 Deo
718 3726 876 3783 posse
905 3712 1198 3784 accipiant,
1233 3713 1380 3787 quod
1409 3713 1563 3786 prius
1591 3711 1659 3769 de
1687 3713 1804 3768 Deo
1833 3711 1938 3784 ipsi
1969 3719 2172 3768 metue-

574 3799 728 3858 bant.
760 3800 984 3861 Judices
1013 3803 1214 3878 quippe
1248 3805 1391 3862 ﬁunt
1420 3804 1515 3878 qui
1558 3821 1858 3878 supernum
1897 3800 2172 3876 judicium

574 3892 813 3964 perfecte
846 3895 1179 3966 timuerunt,
1211 3905 1266 3954 et
1293 3897 1474 3954 aliena
1498 3896 1614 3970 jam
1642 3905 1865 3970 peccata
1897 3895 2174 3966 incipiunt

573 3983 854 4040 dimittere
903 3988 998 4056 qui
1030 3989 1184 4060 prius
1212 3987 1648 4043 formidaverant
1685 4003 1755 4041 ne
1807 3987 2174 4040 retinerentur

572 4086 690 4126 sua.
717 4071 822 4126 Sed
844 4075 976 4142 quia
1003 4073 1110 4130 hoc
1138 4075 1316 4145 ipsum
1346 4073 1621 4144 judicium
1653 4074 1802 4146 quod
1849 4073 2174 4146 spiritaliter

571 4157 756 4228 agitur
775 4157 940 4213 modo
968 4176 1000 4214 a
1028 4160 1343 4216 carnalibus
1362 4177 1474 4216 non
1494 4161 1736 4228 videtur,
1755 4170 1885 4218 sunt
1913 4163 2172 4218 nonnulli

573 4245 669 4318 qui
714 4247 890 4302 Deum
949 4264 1036 4303 res
1064 4247 1334 4304 humanas
1378 4265 1570 4306 curare
1603 4266 1714 4306 non
1744 4251 2038 4320 aestimant,
2072 4253 2094 4287 ³
2118 4260 2173 4308 et

571 4351 662 4392 eas
691 4335 824 4392 ferri
853 4337 1100 4396 fortuitis
1121 4339 1363 4397 motibus
1384 4348 1598 4414 putant.
1627 4341 1832 4400 Contra
1859 4359 1996 4418 quos
2026 4351 2171 4400 recte

571 4423 829 4481 subditur
861 4443 873 4482 :

970 4518 1199 4578 CAPUT
1245 4520 1428 4579 XVIII
1469 4521 1611 4597 [Rea
1645 4521 1774 4600 XI].

641 4604 812 4662 Vnus.
847 4606 900 4663 3.
931 4639 1001 4650 -—
1031 4609 1222 4666 Subter
1249 4628 1423 4666 omnes
1459 4614 1612 4668 emtas
1640 4613 1750 4684 ipse
1776 4613 2089 4680 considerat,
2119 4617 2168 4668 et

575 4697 744 4752 lumen
778 4697 930 4754 illius
958 4716 1119 4770 super
1140 4701 1388 4756 terminos
1420 4709 1591 4759 terrte.

643 4785 732 4843 35.
763 4787 864 4844 Dei
891 4808 1016 4864 erga
1045 4807 1249 4846 summa
1279 4797 1328 4845 et
1351 4793 1568 4865 inﬁrma
1581 4789 2100 4866 providentia.—Ac
2119 4793 2165 4848 si

572 4886 756 4950 aperte
787 4877 1066 4938 diceretur
1091 4898 1102 4938 :
1154 4880 1258 4949 Qui
1289 4897 1504 4938 summa
1535 4883 1694 4954 regit,
1727 4883 1890 4939 etiam
1923 4888 2167 4940 extrema

570 4982 683 5022 non
713 4967 938 5040 deserit,
969 4972 1100 5046 quia
1129 4969 1208 5026 sic
1238 4971 1577 5044 impenditur
1607 4973 1956 5042 maximis,ut
1985 4982 2166 5030 tamen

573 5055 692 5114 haec
716 5060 904 5117 eadem
923 5079 1056 5120 cura
1071 5061 1358 5136 regiminis
1381 5079 1492 5119 non
1514 5061 1880 5136 praepediatur
1909 5081 1941 5120 a
1962 5063 2157 5136 parvis.

572 5145 680 5213 Qui
709 5151 858 5207 enim
889 5153 1094 5228 ubique
1149 5169 1408 5228 praesens,
1457 5159 1514 5210 et
1555 5153 1765 5227 ubique
1795 5154 2021 5227 aequalis
2063 5163 2165 5224 est,

650 5366 666 5399 ²
694 5366 777 5423 Ita
829 5369 1038 5450 Belum,
1084 5371 1262 5450 ϐολὴ.)
1287 5447 1298 5450 _
1321 5375 1672 5450 Longipont.,
1703 5374 1943 5450 _Ebroic.
1982 5385 2037 5434 et
2075 5376 2170 5433 alii

567 5433 788 5560 ἔργω,
811 5440 967 5510 cujus
998 5433 1118 5500 loco
1148 5433 1301 5502 Editi
1331 5433 1556 5516 habent,
1587 5433 1896 5519 conﬁtendo.
1929 5433 2172 5506 Annota-

615 5515 659 5560 η
689 5506 983 5560 Gnssanv-_
1016 5516 1322 5560 ηοηῆιῖρηιῖη
1375 5535 1472 5560 nm
1501 5519 1749 5560 variants)
1779 5519 1880 5560 InM
1940 5523 1994 5560 in
2017 5537 2172 5560 πιαν-

607 5505 659 5588 ‘it
689 5505 984 5590 Gussanv.,
1016 5516 1344 5642 COﬂJidendO,
1375 5535 1472 5590 pro
1501 5505 1749 5576 variante
1779 5519 1903 5576 lect.
1940 5523 1996 5576 in
2017 5505 2173 5578 mar-

607 5591 722 5642 me,
753 5578 983 5638 Codices
1013 5600 1087 5639 un
1130 5603 1158 5642 e
1189 5597 1408 5642 summa
1434 5590 1505 5642 sit
1540 5607 1652 5642 non
1683 5590 1954 5642 indicans.

577 5578 722 5649 gine,
753 5578 983 5638 Codices
1013 5600 1087 5639 un

647 5649 670 5729 Ϊ
697 5649 962 5729 ὲρηεὲρσ.
989 5659 1146 5729 μέθας
1174 5659 1294 5729 ﬁeri
1315 5649 1587 5728 ‘fortuitis.

645 5723 666 5756 ³
697 5722 924 5783 Ebrdié.
955 5724 1161 5796 aliique
1174 5722 1378 5785 'Norm.
1411 5739 1465 5784 et
1493 5731 1747 5806 Longip.,
1773 5752 1864 5792 nec
1893 5736 2178 5806 loqualiter

1130 5603 1158 5642 e
1189 5597 1408 5660 sumpta
1434 5590 1505 5646 sit
1540 5607 1652 5647 non
1683 5590 1954 5649 indicans.

2198 4473 2248 4533 D

2280 1819 2528 1878 dicerent
2561 1821 2703 1894 (Act.
2727 1839 2790 1890 ir,
2821 1822 2902 1895 4),
2930 1823 3062 1896 quia
3079 1825 3180 1882 has
3195 1825 3428 1881 virtutes
3443 1839 3590 1880 nunc
3612 1823 3671 1878 in
3687 1822 3878 1878 Eccle-

2279 1909 2360 1964 sia
2389 1925 2501 1965 non
2520 1909 2733 1978 vident,
2751 1911 3087 1968 subtractam
3103 1913 3218 1984 jam
3236 1915 3306 1970 ab
3320 1912 3570 1970 Ecclesia
3583 1926 3880 1983 supernam

2279 1999 2509 2071 gratiam
2539 1999 2910 2072 suspicantur,
2932 2002 3240 2058 nescientes
3262 2017 3492 2074 pensare
3521 2000 3671 2074 quod
3695 2000 3884 2072 scrip-

2277 2095 2396 2144 tum
2417 2095 2528 2144 est:
2561 2087 2800 2158 Adjutor
2825 2090 2886 2143 in
2911 2090 3417 2161 opportunitatibus,
3446 2089 3506 2143 in
3537 2089 3888 2144 tribulatione

2285 2176 2458 2250 (Psal.
2490 2191 2572 2244 ix,
2604 2178 2718 2250 10).
2749 2178 2902 2235 Tunc
2930 2179 3133 2251 quippe
3156 2186 3344 2236 sancta
3369 2177 3620 2234 Ecclesia
3645 2175 3886 2234 miracu-

2283 2265 2464 2321 lorum
2495 2269 2641 2330 870
2671 2265 2960 2338 adjutoriis
2985 2267 3248 2341 indiguit,
3278 2284 3406 2324 cum
3435 2281 3558 2322 eam
3587 2263 3880 2323 tribulatio

2282 2364 2676 2434 persecutionis
2704 2364 2918 2436 pressit.
2967 2365 3106 2421 Nam
3138 2371 3426 2437 postquam
3459 2362 3776 2434 superbiam
3807 2365 3886 2420 in-

2283 2453 2566 2510 ﬁdelitatis
2579 2453 2852 2521 edomuit,
2881 2470 2996 2509 non
3019 2452 3135 2524 jam
3162 2453 3436 2508 virtutum
3457 2453 3634 2525 signa,
3656 2453 3756 2509 sed
3771 2453 3882 2510 sola

2285 2545 2481 2601 merita
2508 2561 2737 2616 operum
2767 2542 3020 2616 requirit,
3065 2543 3320 2616 quamvis
3345 2551 3402 2600 et
3431 2543 3528 2600 illa
3554 2561 3648 2616 per
3675 2547 3876 2601 multos

2283 2639 2407 2688 cuin
2438 2633 2824 2706 opportunitas
2852 2631 3028 2704 exigit
3051 2631 3319 2688 ostendat.
3371 2631 3644 2704 Scriptum
3676 2633 3878 2706 quippe

2282 2731 2394 2779 est:
2427 2725 2647 2794 Linguis
2667 2724 2723 2778 in
2741 2723 2949 2793 signum
2980 2728 3104 2777 sunt
3131 2739 3236 2776 non
3267 2723 3526 2794 ﬁdelibus,
3573 2723 3662 2777 sed
3697 2723 3878 2795 inﬁde-

2285 2813 2420 2868 libus
2450 2813 2507 2882 (Ι
2535 2814 2660 2868 Cor.
2694 2828 2816 2878 XIV,
2847 2812 2964 2884 22).
2999 2810 3103 2866 Ubi
3129 2826 3258 2883 ergo
3287 2826 3476 2866 omnes
3505 2809 3696 2867 ﬁdeles
3726 2819 3877 2880 sunt,

2282 2915 2404 2973 quae
2433 2915 2597 2955 causa
2625 2899 2800 2971 exigit
2828 2906 2892 2955 ut
2918 2899 3075 2971 signa
3103 2897 3518 2954 monstrentur?
3535 2897 3688 2954 Unde
3703 2900 3880 2956 citius

2279 2988 2511 3046 fortasse
2539 2988 2929 3055 satisfacimus,
2961 2991 3008 3046 si
3039 2988 3174 3062 quid
3201 2989 3268 3045 de
3299 2988 3416 3060 ipsa
3437 2987 3738 3060 apostolica
3764 2987 3876 3045 dis-

2280 3079 2602 3152 pensatione
2631 3095 3017 3136 memoremus.

2350 3171 2439 3226 37.
2467 3171 2629 3241 Signa
2643 3186 2752 3224 non
2777 3170 3040 3242 ﬁdelibus,
3069 3169 3158 3226 sed
3185 3167 3486 3242 inﬁdeliqu
3509 3167 3873 3225 datm—Pau-

2279 3259 2367 3316 lus
2398 3275 2634 3332 namque
2653 3259 2902 3332 egregius
2931 3259 3258 3332 praedicator
3287 3261 3310 3296 δ
3353 3259 3598 3316 Melitem
3626 3261 3874 3330 veniens,

2281 3359 2334 3426 et
2363 3351 2581 3424 plenam
2604 3351 2922 3408 inﬁdelibus
2953 3353 3194 3409 insulam
3224 3353 3423 3420 sciens,
3459 3359 3667 3424 patrem
3698 3350 3876 3408 Publii

2281 3438 2598 3513 dysenteria
2609 3439 2966 3514 febribusque
2980 3440 3482 3512 vexatum,orando
3489 3439 3752 3511 salvavit(
3755 3440 3871 3496 Act.

2281 3547 2486 3600 xxvm,
2519 3530 2601 3603 8),
2647 3537 2700 3587 et
2729 3539 2914 3588 tamen
2941 3532 3228 3605 aegrotanti
3271 3532 3561 3588 Timotheo
3590 3529 3867 3604 praecepit,
3943 3583 3959 3594 ,

2282 3620 2504 3678 dicens:
2553 3623 2760 3682 Modico
2799 3623 2922 3679 vino
2952 3629 3097 3679 utere
3119 3629 3342 3694 propter
3369 3621 3692 3678 stomachum
3733 3627 3874 3676 tuum

2283 3716 2330 3766 et
2355 3711 2652 3783 frequentes
2675 3717 2792 3769 tuas
2811 3712 3228 3786 inﬁrmitatestl
3245 3711 3380 3768 Tim.
3399 3728 3457 3780 v,
3474 3710 3591 3784 23).
3612 3708 3756 3778 Quid
3775 3714 3871 3794 est,

2283 3802 2472 3872 Paule,
2490 3802 2638 3878 quod
2667 3819 2872 3876 aegrum
2903 3801 3182 3858 inﬁdelem
3213 3801 3424 3858 orando
3450 3800 3518 3857 ad
3545 3800 3777 3856 salutem
3791 3812 3870 3854 re-

2281 3908 2464 3960 vocas,
2512 3899 2566 3947 et
2593 3899 2808 3947 tantum
2835 3890 3140 3973 adjutorem
3172 3890 3463 3962 Evangelii
3500 3903 3650 3945 more
3678 3886 3871 3944 medici

2281 3999 2378 4056 per
2429 3983 2691 4040 alimenta
2739 4000 2918 4052 curas,
2958 3983 3066 4039 nisi
3111 3982 3261 4056 quod
3304 3983 3511 4040 idcirco
3551 3980 3694 4037 ﬁunt
3731 3987 3871 4036 exte-

2281 4073 2430 4129 riora
2459 4072 2726 4128 miracula
2751 4081 2815 4130 ut
2843 4080 3054 4129 mentes
3084 4071 3373 4129 hominum
3393 4071 3462 4128 ad
3480 4071 3745 4128 interiora
3762 4085 3874 4144 per-

2282 4162 2536 4230 ducatur,
2569 4169 2838 4234 quatenus
2881 4180 2978 4236 per
3015 4163 3121 4220 hoc
3161 4162 3309 4237 quod
3347 4163 3553 4220 mirum
3583 4159 3874 4217 visibiliter

2281 4251 2590 4308 ostenditur
2605 4267 2668 4309 ea
2696 4270 2818 4326 quae
2845 4252 3259 4310 admirabiliora
3289 4261 3421 4309 sunt
3437 4249 3743 4308 invisibilia
3761 4261 3870 4305 cre-

2285 4340 2486 4398 dantur
2504 4341 2534 4398 ?
2553 4343 2721 4415 Signo
2750 4343 2953 4418 quippe
2983 4343 3208 4399 virtutis
3227 4350 3382 4416 pater
3402 4341 3582 4398 Publii
3601 4335 3870 4396 sanandus

2280 4433 2481 4502 fuerat,
2513 4441 2575 4489 ut
2603 4441 2786 4491 mente
2812 4433 3186 4502 revivisceret,
3231 4433 3362 4490 dum
3395 4430 3662 4488 miraculo
3683 4427 3754 4486 ad
3780 4443 3870 4484 sa-

2279 4523 2449 4579 lutem
2480 4522 2720 4589 rediret;
2766 4523 3058 4580 Timotheo
3097 4531 3281 4580 autem
3322 4520 3700 4579 adhibendum
3741 4515 3869 4574 foris

2274 4615 2609 4671 miraculum
2657 4631 2772 4670 non
2802 4621 2938 4684 erat,
2967 4614 3096 4688 quia
3119 4613 3232 4686 jam
3264 4621 3411 4670 totus
3440 4613 3590 4668 intus
3629 4607 3866 4665 vivebat.

2275 4703 2418 4771 Quid
2436 4711 2517 4760 est
2533 4721 2662 4778 ergo
2686 4705 2887 4760 mirum
2921 4704 2988 4772 si,
3020 4710 3312 4776 propagata
3340 4700 3465 4770 ﬁde,
3497 4698 3692 4756 crebro
3709 4696 3868 4752 mira-

2276 4794 2401 4848 cula
2437 4811 2549 4849 non
2580 4794 2742 4862 ﬁunt,
2765 4792 2984 4866 quando
3015 4792 3134 4850 haec
3165 4792 3266 4864 ipsi
3297 4805 3514 4865 quoque
3543 4785 3779 4860 apostoli
3816 4783 3870 4839 in

2275 4881 2605 4953 quibusdam
2629 4880 2742 4952 jam
2775 4881 3033 4937 ﬁdelibus
3072 4898 3182 4937 non
3215 4879 3508 4938 fecerunt?
3557 4875 3696 4950 [νει.
3729 4869 3868 4944 ΧΥ]

2274 4972 2520 5027 Elevatis
2567 4987 2694 5042 ergo
2737 4973 2913 5040 caelis,
2945 4971 3215 5027 Dominus
3246 4969 3512 5026 inferiora
3538 4963 3867 5027 considerat,

2277 5061 2407 5133 quia
2433 5069 2487 5117 et
2518 5061 2715 5116 ablatis
2745 5063 2980 5118 summis
3018 5060 3492 5134 praedicatoribus,
3539 5058 3872 5114 incessanter

2276 5151 2440 5206 etiam
2463 5149 2653 5207 inﬁma
2678 5159 2880 5209 nostra
2911 5152 3255 5210 inﬁrmitatis
3280 5157 3458 5213 curat.
3481 5150 3557 5208 Et
3575 5144 3734 5222 quasi
3747 5140 3868 5200 sub

2280 5378 2531 5434 tenditur.

2353 5452 2374 5527 ’ζ
2405 5450 2590 5505 Baluz.
2609 5456 2664 5505 et
2681 5446 2837 5527 Cglb.
2862 5446 3066 5527 habent
3083 5448 3336 5527 gelitine.
3358 5445 3600 5527 Vindoc.
3612 5488 3626 5514 ,
3643 5441 3869 5527 Pratel?

2280 5521 2450 5593 Utic.,
2480 5527 2690 5576 veteres
2717 5519 2866 5578 Edit.
2901 5521 3064 5578 Basil.
3100 5520 3238 5578 1503
3267 5527 3323 5593 et
3353 5518 3514 5593 15in
3528 5516 3873 5593 ‘Parisieusis

2284 5583 2448 5660 1518;
2473 5593 2779 5663 Mitilenem,
2811 5599 2908 5650 aut
2935 5594 3187 5662 Mitilens,
3204 5591 3381 5648 Paris.
3417 5583 3556 5647 1488
3584 5586 3750 5644 habet
3771 5583 3872 5644 Mi-

2289 5666 2466 5732 letum,
2499 5680 2608 5720 non
2639 5664 2834 5721 leviori
2865 5681 3064 5721 errore.
