4152 6182
316 279 411 338 421

1012 285 1384 346 MORALIUM
1422 290 1557 346 LIB.
1601 290 1832 349 XXVII.
1874 323 1945 336 --
1981 293 2055 351 IN
2109 296 2339 353 CAPUT
2380 298 2648 357 XXXVII
2680 302 2743 357 B.
2786 302 2928 359 JOB.

3527 312 3631 371 422

309 419 388 467 ter
415 411 587 466 caelos
619 412 803 467 lumen
830 412 1003 481 illius,
1026 421 1184 470 terra:
1212 416 1480 472 terminos
1499 419 1744 490 respicit,
1767 421 1897 492 quia
1926 424 1975 482 A
2005 421 2176 492 rugiet
2217 424 2438 494 sonitus,
2481 426 2610 498 quia
2637 443 2764 482 cum
2798 435 3040 486 mentem
3113 436 3264 493 Deus
3305 439 3630 511 ingreditur,

302 512 427 576 post
438 502 736 559 sublimem
752 503 926 559 vitam
944 505 1369 576 praecedentium
1381 508 1547 564 etiam
1562 518 1908 582 peccatorum

304 610 486 650 mores
497 594 952 666 actusquegratiae
964 612 1074 651 suae
1087 595 1458 655 illustratione
1469 601 1905 672 comprehendit.

301 684 413 752 Qui
459 684 565 740 etsi
606 684 880 740 virtutum
918 685 1075 757 signa
1122 704 1269 745 nunc
1313 706 1407 761 per
1454 691 1626 746 vitam
1660 691 1909 749 ﬁdelium

302 773 501 831 crebro
545 790 657 829 non
704 774 902 842 exerit,
938 774 1008 830 ab
1056 776 1263 833 eisdem
1295 786 1479 835 tamen
1530 779 1785 838 ﬁdelibus
1817 799 1910 853 per

302 865 571 921 virtutem
617 882 846 938 operum
892 882 1178 940 nunquam
1222 870 1445 926 recedit.
1502 872 1686 927 Potest
1739 872 1907 927 etiam

306 956 495 1011 lumen
527 955 679 1011 illius
709 971 874 1028 super
902 957 1171 1013 terminos
1191 966 1349 1015 terrae
1376 960 1454 1015 ita
1474 959 1735 1032 intelligi,
1758 960 1908 1033 quod

305 1044 631 1117 praedicatio
659 1062 907 1116 supernae
935 1048 1121 1119 gratiae
1152 1049 1281 1105 dum
1300 1057 1486 1120 gentes
1513 1049 1581 1105 ad
1614 1048 1776 1105 ﬁdem
1798 1052 1907 1106 col-

302 1133 451 1205 ligit,
486 1134 631 1189 intra
660 1134 1011 1207 semetipsam
1047 1137 1240 1193 mundi
1272 1138 1477 1194 limites
1504 1139 1721 1195 clausit.

376 1222 466 1279 38.
503 1224 712 1279 Divina:
735 1226 925 1295 gratia:
950 1225 1269 1282 miraculum
1294 1228 1348 1282 in
1375 1230 1708 1284 conversione
1729 1246 1907 1301 pecca-

308 1320 483 1368 torum
506 1314 563 1368 in
582 1314 829 1369 extremis
847 1316 1162 1387 positorum.
1181 1348 1251 1358 —
1272 1318 1367 1373 Vel
1392 1326 1542 1375 certe
1561 1320 1787 1376 termini
1803 1327 1907 1375 ter-

305 1422 405 1471 rae,
435 1410 566 1459 sunt
594 1402 732 1460 ﬁnes
763 1404 1054 1461 hominum
1088 1414 1457 1477 peccatorum.
1494 1410 1565 1464 Et
1593 1426 1735 1482 saepe
1765 1424 1908 1465 con—

308 1494 474 1565 tingit
500 1501 562 1549 ut
592 1494 839 1566 plerique
868 1496 1042 1551 Deum
1074 1494 1346 1565 deserant,
1379 1505 1433 1553 et
1462 1498 1593 1552 vitae
1627 1514 1739 1553 suae
1776 1505 1910 1553 tem-

308 1599 444 1655 pora
472 1583 529 1638 in
560 1582 848 1639 desideriis
876 1584 1190 1641 carnalibus
1219 1585 1564 1659 expendant;
1598 1586 1696 1642 sed
1729 1594 1909 1642 tamen

311 1689 548 1745 superna
566 1673 741 1745 gratia
761 1673 992 1745 respecti
1012 1674 1071 1729 in
1100 1676 1365 1731 extremis
1393 1676 1507 1732 suis
1536 1674 1606 1731 ad
1631 1678 1809 1732 Deum
1828 1692 1907 1730 re-

2019 520 2234 569 constat
2264 514 2455 585 procul
2483 513 2655 570 dubio
2681 514 2830 586 quod
2858 532 2988 573 mox
3023 524 3371 591 pmnitentize
3399 529 3635 600 gemitus

2018 611 2297 675 sequatur,
2331 611 2392 660 ut
2423 606 2473 660 ei
2497 603 2612 676 jam
2643 605 2942 663 salubriter
2972 607 3104 665 ﬂere
3128 612 3311 683 libeat,
3342 633 3461 688 quae
3482 621 3634 690 prius

2019 692 2087 749 de
2132 694 2523 767 iniquitatibus
2555 696 2735 752 ﬂenda
2757 695 3123 767 jucunditate
3154 705 3440 774 gaudebat.
3491 708 3629 781 [νει.

2019 783 2195 857 XVI.]
2247 785 2351 841 Sed
2384 802 2491 859 quo
2522 787 2755 843 uberius
2784 789 2946 862 culpa
2975 789 3157 860 ﬂetur,
3195 794 3215 828 ²
3245 811 3309 850 eo
3339 797 3504 853 altius
3531 814 3635 853 co-

2019 872 2194 940 gnitio
2210 875 2459 930 veritatis
2473 876 2783 947 attingitur,
2801 879 2928 950 quia
2942 879 3011 935 ad
3028 880 3333 939 videndum
3352 885 3632 942 internum
3690 880 3697 893 ’

2019 960 2205 1017 lumen
2239 964 2450 1034 polluta
2478 964 2688 1021 dudum
2715 968 3051 1025 conscientia
3085 971 3344 1044 lacrymis
3363 973 3634 1046 baptizata

2019 1060 2334 1137 renovatur.
2369 1054 2523 1111 Unde
2552 1064 2673 1128 post
2703 1058 3041 1130 paenitentiae
3080 1063 3323 1133 rugitum
3354 1072 3477 1137 apte
3505 1065 3629 1121 sub-

2016 1135 2317 1211 junguur:

2430 1233 2659 1292 CAPUT
2693 1239 2797 1295 xx
2834 1238 2977 1313 [Rea
3012 1242 3202 1318 XIII].

2092 1319 2230 1376 Iern.
2261 1351 2332 1361 —
2370 1322 2591 1377 Tonabit
2620 1343 2737 1381 voce
2764 1329 3149 1397 magnitudinis
3172 1349 3300 1391 sum.

2091 1408 2178 1465 40.
2230 1411 2342 1467 Vox
2361 1411 2461 1467 Dei
2481 1418 2764 1484 torpentem
2781 1424 3099 1487 peccatorem
3126 1423 3384 1491 excitans,
3408 1425 3631 1479 tonitrui

2020 1498 2230 1555 similis.
2253 1532 2324 1543 —
2352 1501 2500 1558 Voce
2528 1504 2677 1559 enim
2709 1506 3109 1577 magnitudinis
3139 1526 3249 1567 sua
3280 1514 3424 1568 Deus
3455 1504 3629 1582 tonat,

2022 1604 2151 1644 cum
2181 1606 2239 1644 se
2268 1589 2429 1645 nobis
2458 1590 2597 1648 bene
2618 1593 2732 1665 jam
2756 1611 2850 1666 per
2868 1596 3107 1653 lamenta
3129 1601 3443 1672 praeparatis
3465 1617 3629 1673 quam

2028 1676 2102 1732 sit
2131 1695 2361 1750 magnus
2391 1679 2450 1734 in
2479 1683 2730 1753 supernis
2764 1684 3030 1741 insinuat.
3050 1686 3216 1754 Quasi
3237 1689 3384 1745 enim
3407 1689 3476 1746 de
3488 1691 3631 1747 coelo

311 1761 504 1830 deunt,
535 1779 654 1835 quae
678 1764 790 1819 sint
811 1761 1023 1834 judicia
1051 1772 1255 1820 aeterna
1281 1771 1638 1837 cognoscunt,
1672 1771 1912 1821 cuncta-
1946 1784 1993 1843 Β
2024 1766 2268 1821 tonitrus
2314 1769 2561 1839 procedit
2602 1787 2727 1826 cum
2773 1788 2874 1828 nos
2918 1773 3135 1831 incuria
3190 1777 3632 1852 negligentiaque

309 1868 417 1927 que
475 1870 594 1927 quae
638 1871 694 1910 se
746 1870 998 1927 perverse
1045 1856 1216 1928 egisse
1264 1855 1639 1924 meminerint,
1690 1854 1917 1911 ﬂetibus

308 1942 582 2014 puniunt,
614 1951 773 2016 atque
800 1943 919 2002 haec
948 1961 1076 2002 vere
1106 1962 1163 2002 se
1200 1945 1418 2019 insequi
1460 1946 1627 2003 rectis
1655 1943 1917 2016 operibus

310 2031 634 2088 ostendunt.
672 2032 880 2101 Quibus
907 2034 1273 2109 subsequente
1292 2034 1531 2107 justitia,
1560 2036 1807 2108 profecto
1836 2041 1916 2089 to-

312 2130 434 2177 tum
463 2120 763 2179 dimittitur
792 2124 941 2197 quod
980 2132 1107 2181 ante
1152 2125 1527 2200 deliquerunt.
1578 2125 1726 2182 Hinc
1767 2124 1917 2179 enim

314 2227 413 2284 per
441 2211 738 2283 prophetiae
760 2212 1019 2285 spiritum
1045 2215 1207 2270 Anna
1224 2214 1391 2270 dicit:
1423 2214 1687 2271 Dominus
1704 2213 1916 2282 judica-

313 2303 391 2358 bit
424 2305 550 2375 ﬁnes
571 2312 725 2361 terra:
756 2306 813 2379 (Ι
840 2308 960 2377 Reg.
992 2323 1055 2375 ιι,
1088 2308 1202 2378 10),
1232 2309 1361 2380 quia
1390 2308 1659 2363 nimirum
1689 2314 1921 2362 anteac—

311 2400 429 2449 tam
456 2395 630 2451 vitam
658 2398 805 2475 Deus
839 2412 949 2452 non
973 2396 1207 2468 judicat,
1230 2398 1450 2470 quando
1470 2398 1775 2469 posteriora
1796 2413 1917 2468 pec-

309 2490 564 2540 catorum
607 2494 860 2557 respectu
905 2503 1154 2558 supernae
1204 2488 1426 2558 pietatis
1466 2488 1726 2542 illustrat.
1775 2486 1920 2541 Hinc

306 2573 533 2646 Moyses
548 2574 644 2628 ait:
668 2573 1027 2643 Primogenita
1046 2575 1188 2629 asini
1204 2576 1432 2630 mutabis
1452 2593 1545 2630 ove
1566 2575 1772 2645 (Exod.
1796 2590 1918 2643 xm,

310 2661 441 2733 13).
472 2661 576 2716 Per
605 2661 826 2716 asinum
854 2661 1055 2734 quippe
1084 2662 1460 2732 immunditia,
1485 2681 1580 2735 per
1600 2680 1758 2719 ovem
1791 2680 1920 2719 vero

306 2751 644 2807 innocentia
674 2750 1009 2821 designatur.
1051 2752 1211 2807 Asini
1250 2768 1377 2823 ergo
1420 2752 1784 2825 primogenita
1811 2769 1914 2809 ove

309 2847 554 2909 mutare,
587 2847 669 2895 est
696 2840 998 2896 immundae
1032 2842 1160 2897 vitae
1182 2840 1483 2913 primordia
1502 2843 1559 2897 in
1581 2842 1916 2899 innocentiae

314 2928 729 3003 simplicitatem
758 2938 1097 2997 convertere,
1129 2937 1190 2985 ut
1217 2938 1504 3003 postquam
1539 2931 1635 2987 illa
1663 2939 1919 3004 peccator

314 3018 448 3089 egit,
499 3034 620 3090 quae
667 3026 730 3073 ut
774 3018 1062 3075 immunda
1100 3019 1372 3076 Dominus
1430 3021 1660 3092 respuit,
1706 3037 1769 3076 ea
1801 3019 1918 3091 jam

317 3106 529 3177 agendo
572 3106 834 3179 proferat,
867 3124 986 3181 quae
1032 3108 1133 3164 Dei
1161 3108 1433 3166 sacriﬁcio
1478 3110 1743 3180 imponat.
1778 3108 1919 3176 Quia
1956 3144 1998 3204 Ο

318 3213 449 3269 ergo
492 3205 615 3270 post
657 3215 828 3270 prava
872 3215 1036 3271 opera
1083 3207 1338 3272 peccator
1365 3201 1729 3268 convertitur,
1763 3207 1817 3256 et
1849 3200 1918 3257 ab

319 3287 599 3343 actionum
641 3305 868 3345 suarum
918 3290 1161 3346 tenebris
1199 3289 1364 3362 juxta
1407 3291 1575 3347 ﬁnem
1619 3290 1918 3364 aliquando

317 3385 625 3445 revocatur,
652 3385 798 3435 recte
830 3394 977 3434 nunc
1002 3378 1237 3435 dicitur:
1289 3384 1428 3443 871
1460 3382 1535 3436 Et
1565 3381 1739 3436 lumen
1767 3379 1919 3435 illius

316 3491 481 3548 super
508 3475 756 3531 terminos
796 3481 971 3532 term.
1002 3475 1108 3532 Sed
1142 3476 1294 3548 gravi
1342 3470 1497 3533 luctu
1525 3476 1695 3534 allicit
1728 3474 1919 3532 eadem

318 3565 517 3635 gratia,
544 3580 664 3637 quae
695 3570 817 3637 post
844 3564 1091 3622 facinora
1119 3572 1359 3621 mentem
1389 3566 1580 3638 replet.
1608 3566 1745 3622 Nam
1777 3564 1919 3619 male

318 3658 474 3725 gesta
494 3651 567 3707 ad
594 3653 912 3710 memoriam
940 3652 1176 3721 reducit,
1208 3654 1425 3726 sibique
1444 3653 1728 3710 hominem
1753 3668 1919 3726 quam

320 3744 400 3801 sit
424 3742 572 3814 juste
598 3742 938 3802 damnandus
968 3743 1231 3801 ostendit.
1269 3744 1423 3801 Unde
1451 3743 1517 3799 ﬁt
1543 3750 1606 3799 ut
1639 3750 1922 3815 peccatum

323 3849 489 3889 omne
518 3832 665 3906 quod
694 3849 750 3890 se
777 3834 951 3907 egisse
980 3832 1378 3900 reminiscitur,
1418 3830 1758 3904 quotidianis
1786 3830 1923 3886 ﬂeti-

324 3922 430 3979 bus
457 3922 808 3997 insequatur;
833 3930 887 3979 et
913 3939 1021 3996 quo
1037 3921 1210 3994 magis
1226 3921 1373 3977 valet
1394 3918 1510 3993 jam
1538 3920 1686 3994 quod
1710 3918 1923 3992 justum

325 4019 407 4069 est
431 4028 673 4081 cernere,
721 4028 787 4069 eo
824 4012 1107 4069 ardentius
1140 4013 1349 4085 appetit
1379 4009 1648 4082 injustum
1678 4026 1793 4066 sese
1823 4024 1924 4082 ge-

329 4100 559 4159 mitibus
588 4102 804 4175 punire.
838 4101 993 4158 Unde
1020 4109 1143 4174 apte
1172 4099 1528 4173 subjungitur
1552 4120 1562 4157 :

748 4190 975 4249 CAPUT
1005 4191 1135 4247 XIX
1169 4189 1311 4264 [Rea
1336 4189 1493 4265 XII].

398 4277 568 4338 Vnus.
599 4280 652 4337 4.
685 4310 749 4321 -
780 4282 909 4337 Post
934 4298 1049 4335 eum
1073 4282 1248 4352 rugiet
1271 4281 1492 4336 sonitus.

398 4370 487 4427 39.
519 4371 743 4444 Afﬂante
769 4378 818 4427 et
844 4372 1040 4427 lucente
1062 4372 1261 4443 gratia,
1290 4369 1606 4441 paenitentia
1635 4367 1852 4440 gemitus
1882 4376 1928 4424 et

325 4460 535 4531 rugitus
546 4461 939 4518 audiuntur.—
954 4461 1125 4529 Quem
1143 4460 1292 4518 enim
1309 4459 1578 4516 Dominus
1598 4458 1926 4514 illustrando

328 4552 642 4623 repleverit,
667 4551 785 4623 ejus
801 4554 978 4608 vitam
1001 4550 1379 4624 proculdubio
1409 4551 1467 4606 in
1488 4551 1790 4606 [amentum
1808 4566 1926 4606 ver-

325 4643 431 4710 tit;
460 4651 626 4717 atque
656 4645 981 4701 illuminataa
1013 4644 1185 4701 menti
1218 4659 1326 4716 quo
1357 4642 1528 4713 magis
1557 4647 1759 4697 aeterna
1788 4657 1930 4713 sup-

329 4733 500 4805 plicia
528 4734 790 4803 insinuat,
822 4752 887 4792 eo
908 4734 1051 4792 hanc
1081 4735 1097 4768 ¹
1130 4733 1326 4790 durius
1354 4732 1421 4788 de
1446 4737 1721 4787 transacta
1740 4731 1930 4802 nequi-

331 4824 410 4880 tia
437 4825 736 4896 gemitibus
761 4826 988 4897 fatigat;
1021 4833 1076 4881 et
1102 4824 1253 4881 dolet
1274 4823 1441 4879 homo
1466 4821 1615 4895 quod
1647 4821 1775 4888 fuit,
1801 4821 1932 4892 quia

330 4910 539 4969 bonum
562 4912 679 4985 jam
700 4914 898 4987 incipit
916 4915 1102 4971 videre
1123 4913 1270 4987 quod
1290 4930 1399 4969 non
1424 4912 1550 4979 fuit;
1575 4910 1692 4967 odit
1713 4910 1932 4983 qualem

331 5019 388 5057 se
419 5002 591 5060 fuisse
620 5004 895 5074 meminit,
926 5012 1071 5061 amat
1091 5004 1308 5077 qualem
1330 5019 1386 5061 se
1420 5019 1537 5060 esse
1562 5001 1818 5058 debuisse
1844 5016 1930 5056 co-

332 5094 571 5165 gnoscit,
593 5102 650 5152 et
674 5095 851 5151 solam
864 5093 977 5166 jam
996 5095 1330 5168 paenitentiae
1359 5091 1785 5151 amaritudinem
1808 5089 1933 5145 dili-

335 5181 435 5254 git,
454 5184 587 5256 quia
605 5193 763 5242 caute
783 5185 1100 5242 considerat
1125 5184 1182 5240 in
1202 5185 1425 5257 quantis
1439 5182 1818 5255 voluptatibus
1837 5197 1936 5237 sua

334 5271 705 5333 delectatione
734 5276 999 5350 peccavit.
1030 5277 1175 5334 Bene
1212 5292 1339 5348 ergo
1379 5274 1615 5331 dicitur:
1663 5273 1795 5329 Post
1819 5288 1938 5328 eum

417 5467 429 5543 ξ
464 5468 724 5543 Longip.,
753 5467 973 5528 clarius.

416 5542 438 5575 ²
471 5542 698 5613 Pratel.,
727 5560 783 5599 eo
804 5545 990 5599 altior.

366 5686 375 5695 .
411 5615 433 5648 ³
464 5611 690 5683 Βδιιιι.,’
711 5615 864 5673 Colb.
901 5621 956 5670 et
983 5611 1240 5685 Longip.,
1266 5617 1523 5684 respectus
1554 5628 1795 5685 superna:
1812 5629 1936 5685 gra-

338 5692 443 5789 ἠδ’
468 5756 733 5825 Vindoc.,
768 5757 965 5815 Pratel.
1000 5765 1054 5814 et
1080 5756 1199 5826 alii,
1230 5757 1317 5813 sed
1342 5757 1503 5814 iste...
1539 5764 1731 5816 terror.

1961 4502 2009 4561 D

2028 1858 2309 1925 torpentes
2342 1856 2363 1889 ³
2395 1864 2674 1929 respectus
2708 1860 2895 1930 gratiae
2926 1878 3127 1932 pavore
3155 1865 3340 1921 subito
3369 1867 3627 1938 percutit,

2032 1949 2195 2014 atque
2217 1942 2273 1997 in
2297 1951 2443 2000 terra
2458 1947 2624 2017 positi
2652 1964 2850 2004 sonum
2871 1949 2938 2006 de
2957 1952 3334 2023 superioribus
3348 1954 3627 2024 audimus,

2032 2034 2161 2107 quia
2190 2042 2404 2093 terrena
2431 2038 2730 2108 cogitantes
2776 2043 2997 2114 superni
3041 2044 3268 2100 terroris
3295 2046 3626 2102 sententiam

2029 2134 2254 2197 repente
2283 2128 2746 2199 pertimescimus,
2772 2140 2827 2187 et
2855 2149 3009 2190 mens
3029 2134 3166 2190 bene
3174 2134 3290 2207 jam
3308 2136 3377 2193 de
3395 2136 3630 2194 summis

2028 2215 2273 2273 sollicita
2310 2218 2568 2289 trepidat,
2614 2236 2735 2291 qua:
2764 2221 2918 2291 prius
2944 2222 3004 2277 in
3033 2222 3243 2279 inﬁmis
3272 2226 3413 2280 male
3438 2239 3630 2281 secura

2029 2304 2299 2376 torpebat.
2341 2308 2363 2340 ἰ
2414 2307 2521 2363 Sed
2576 2307 2736 2364 istius
2783 2309 3119 2368 visitationis
3161 2313 3390 2369 occultae
3427 2311 3631 2385 quibus

2032 2393 2215 2449 modis
2261 2411 2318 2451 se
2361 2396 2523 2452 nobis
2574 2396 2819 2454 insinuet
2859 2406 3036 2455 terror
3082 2399 3403 2472 ignoratur;
3454 2417 3629 2474 neque

2030 2482 2203 2553 ipsius
2232 2484 2432 2539 mentis
2459 2485 2575 2541 acie
2604 2486 3111 2558 comprehenditur,
3151 2487 3310 2560 cujus
3336 2489 3405 2545 ad
3434 2490 3632 2545 melius

2031 2571 2273 2627 intentio
2302 2581 2692 2630 commutatur.
2728 2574 2880 2631 Unde
2911 2583 3034 2647 apte
3061 2575 3416 2650 subjungitur
3448 2596 3460 2634 :

2233 2657 2241 2665 ’
2630 2664 2856 2721 CAPUT
2887 2665 3039 2722 XXI.

2100 2752 2239 2808 Iern.
2274 2783 2347 2795 —-
2373 2754 2449 2810 Et
2483 2770 2589 2809 non
2628 2753 3047 2828 inuestigabitur,
3093 2773 3212 2813 cum
3251 2757 3441 2814 audita
3467 2757 3633 2828 fuerit

2029 2856 2134 2894 vox
2171 2840 2305 2911 ejus.

2100 2929 2186 2985 41.
2231 2930 2434 2997 Quibus
2462 2931 2631 2986 modis
2659 2934 2768 2988 haec
2792 2951 2896 2989 vos:
2924 2952 2977 2989 se
3006 2935 3063 2989 in
3089 2951 3246 2990 aures
3282 2935 3457 2991 cordis
3482 2935 3627 2989 insi-

2028 3024 2151 3072 nuet
2164 3018 2673 3089 ignoratur.—Vox
2686 3022 2910 3077 Domini
2924 3021 3147 3078 auditur
3162 3039 3287 3078 cum
3308 3023 3494 3093 gratiae
3513 3020 3632 3093 ejus

2029 3104 2305 3178 a3piratio
2323 3114 2507 3164 mente
2525 3108 2854 3179 concipitur,
2876 3127 3004 3167 cum
3026 3109 3424 3167 insensibilitas
3443 3110 3624 3168 occul-

2030 3203 2101 3253 tae
2142 3196 2431 3254 surditatis
2468 3198 2767 3271 rumpitur,
2817 3206 2873 3255 et
2917 3216 3011 3257 cor
3047 3199 3117 3257 ad
3145 3199 3392 3257 studium
3420 3200 3625 3258 summi

2028 3302 2116 3341 am
2123 3286 2236 3344 oris
2251 3289 2557 3346 excitarum
2573 3288 2797 3345 virtutis
2812 3288 3026 3347 intimae
3038 3292 3278 3349 clamore
3292 3296 3628 3364 penetratur.

2029 3375 2136 3432 Sed
2182 3377 2347 3434 istam
2386 3395 2578 3456 vocem
2628 3380 3068 3451 supervenientis
3113 3380 3371 3453 Spiritus,
3420 3398 3542 3456 quae
3571 3397 3629 3438 se

2031 3464 2089 3521 in
2120 3483 2279 3524 aures
2307 3468 2491 3525 cordis
2520 3454 2784 3538 insinuat,
2807 3486 2910 3528 nec
2930 3470 3047 3541 ipsa
3061 3488 3215 3528 mens
3235 3486 3359 3543 quae
3377 3454 3473 3542 per
3488 3470 3632 3527 hanc

2034 3556 2310 3613 illustrata
2346 3558 2515 3615 fuerit
2542 3558 2856 3631 investigat.
2907 3560 3140 3617 Pensare
3167 3560 3315 3617 enim
3345 3575 3458 3617 non
3486 3560 3634 3616 valet

2037 3644 2341 3703 invisibilis
2361 3647 2541 3703 virtus
2556 3647 2758 3720 quibus
2777 3647 2885 3703 sibi
2905 3648 3176 3706 meatibus
3193 3648 3408 3717 inﬂuat,
3432 3647 3633 3722 quibus

2033 3734 2101 3789 ad
2134 3752 2192 3791 se
2221 3737 2401 3793 modis
2431 3737 2639 3805 veniat,
2679 3737 2882 3810 quibus
2928 3738 3163 3795 recedat.
3211 3738 3365 3795 Unde
3404 3746 3459 3794 et
3495 3739 3633 3794 bene

2034 3839 2129 3894 per
2147 3823 2413 3879 Joannem
2441 3823 2677 3881 dicitur:
2704 3827 2725 3860 ⁸
2748 3826 2982 3895 Spiritus
3000 3826 3091 3880 ubi
3112 3828 3228 3881 uult
3238 3825 3414 3895 spirat
3434 3842 3456 3890 ;
3484 3831 3532 3879 et
3548 3842 3634 3879 υσ-

2033 3928 2137 3967 cem
2166 3909 2279 3980 ejus
2305 3910 2487 3976 audis,
2533 3912 2622 3965 εεά
2662 3910 2827 3967 nescis
2861 3911 2999 3967 unde
3025 3912 3221 3975 veniat,
3260 3916 3309 3965 et
3338 3928 3441 3981 quo
3473 3910 3637 3966 vadat

2033 4000 2225 4069 (Joan.
2255 4017 2341 4068 III,
2372 4000 2453 4072 8).
2489 4000 2694 4058 Vocem
2734 3999 2881 4056 enim
2920 3999 3148 4072 spiritus
3193 3997 3405 4068 audire,
3445 4006 3529 4056 est
3574 4000 3630 4055 vi

2035 4090 2479 4164 compunctionis
2494 4090 2705 4147 intimae
2719 4089 2777 4147 in
2792 4106 3035 4147 amorem
3051 4089 3352 4147 invisibilis
3371 4088 3637 4147 condito-

2036 4183 2112 4238 ris
2141 4198 2440 4254 assurgere.
2474 4180 2579 4238 Sed
2610 4198 2772 4237 nemo
2799 4181 2904 4237 scit
2934 4180 3079 4237 unde
3098 4179 3305 4248 veniat,
3336 4179 3466 4254 quia
3486 4178 3637 4252 igno-

2036 4279 2191 4327 ratur
2219 4288 2315 4344 per
2344 4287 2438 4326 ora
2468 4270 2886 4343 praedicantium
2918 4269 3119 4343 quibus
3148 4286 3204 4326 se
3233 4268 3301 4324 ad
3338 4286 3440 4325 nos
3469 4284 3639 4326 occa—

2036 4360 2288 4416 sionibus
2317 4359 2534 4416 fundat.
2568 4361 2640 4416 Et
2672 4376 2837 4416 nemo
2862 4360 2969 4416 scit
2997 4376 3107 4432 quo
3138 4358 3321 4426 vadat,
3354 4357 3482 4431 quia
3511 4374 3636 4414 cum

2037 4468 2205 4507 unam
2229 4449 2674 4523 praedicationem
2706 4450 2868 4505 multi
2890 4449 3145 4518 audiunt,
3179 4448 3413 4521 intelligi
3448 4447 3638 4520 procul

2039 4542 2209 4598 dubio
2240 4544 2382 4602 872
2410 4556 2523 4595 non
2554 4546 2731 4612 potest
2764 4555 2926 4612 quem
2969 4539 3225 4597 deserens
3272 4538 3514 4611 abjiciat,
3545 4544 3641 4593 aut

2038 4637 2198 4710 cujus
2226 4636 2540 4710 ingrediens
2572 4636 2631 4692 in
2660 4634 2822 4692 corde
2844 4635 3169 4708 requiescat.
3194 4636 3311 4692 Una
3336 4636 3537 4709 quippe
3558 4649 3641 4689 res

2038 4728 2173 4785 foris
2193 4728 2393 4801 agitur,
2424 4726 2520 4785 sed
2548 4743 2661 4783 non
2692 4741 2787 4797 per
2816 4725 2959 4783 hanc
2978 4742 3090 4782 uno
3110 4725 3275 4781 modo
3303 4724 3639 4780 intuentium

2038 4817 2204 4875 corda
2221 4825 2599 4891 penetrantur,
2621 4816 2751 4889 quia
2770 4816 2866 4888 qui
2884 4814 3245 4873 invisibiliter
3265 4810 3509 4869 visibilia
3529 4824 3640 4864 mo-

2039 4907 2248 4976 diﬁcat,
2268 4908 2323 4963 in
2342 4907 2602 4964 humanis
2620 4905 2882 4964 cordibus
2896 4921 3185 4963 causarum
3203 4900 3413 4958 semina
3433 4900 3639 4954 incom-

2040 4998 2494 5072 prehensibiliter
2512 4998 2742 5070 plantat.
2772 4997 2916 5052 Hinc
2938 5004 3021 5053 est
3040 4993 3188 5067 quod
3203 4990 3527 5049 resuscitato
3541 4988 3640 5044 La-

2040 5104 2167 5144 zaro
2187 5090 2208 5125 ⁶
2230 5087 2454 5159 quidam
2475 5087 2851 5154 crediderunt,
2871 5085 2966 5142 sed
2985 5092 3168 5140 tamen
3187 5079 3503 5137 Iudaeorum
3522 5078 3641 5152 plu-

2042 5180 2170 5235 rimi
2200 5179 2270 5236 ad
2300 5179 2697 5251 persecutionis
2728 5179 2904 5235 zelum
2937 5193 3007 5233 ex
3032 5175 3135 5229 hac
3163 5173 3317 5245 ipsa7
3342 5170 3641 5228 resuscita-

2041 5270 2192 5327 tione
2220 5270 2484 5326 commoti
2513 5276 2645 5325 sunt
2662 5268 2842 5340 (Joan.
2865 5284 2946 5337 xx,
2967 5265 3084 5339 45).
3106 5264 3287 5321 Unum
3306 5277 3434 5335 ergo
3454 5259 3641 5318 idem-

2117 5466 2137 5501 ⁸
2169 5464 2392 5532 Pratel.,
2425 5461 2646 5535 spiritus
2675 5459 2814 5535 enim
2841 5460 2933 5516 ubi
2960 5461 3228 5535 vult,_etc_.
3274 5530 3289 5535 _
3554 5482 3627 5535 »ηκιε

2119 5540 2140 5573 δ
2170 5530 2682 5603 νίηάοὰ.,”Ρι’ίιιθι.,
2724 5532 2891 5600 Utic.,
2931 5540 3059 5601 etc.,
3093 5532 3172 5588 ita
3200 5530 3442 5597 habent;
3490 5540 3564 5601 qu

2048 5610 2230 5666 minus
2257 5607 2529 5680 signiﬁcat
2558 5622 2721 5680 quam
2749 5604 2926 5680 multi,
2947 5604 3257 5661 Editorum.
3476 5622 3626 5680 imm

2118 5684 2137 5717 ⁷
2170 5676 2369 5736 Pratél.
2404 5686 2459 5736 et
2484 5676 2592 5745 al.,'
2612 5677 3010 5734 resurrectione.
3468 5676 3505 5753 Ο
3540 5690 3555 5707 ιι
