4152 6182
580 263 686 319 423

1795 256 2046 319 SANCTI
2081 255 2420 320 GREGORII
2457 261 2686 321 MAGNl

3778 271 3885 334 424

567 405 676 464 que
699 385 1030 445 miraculum
1060 385 1208 460 quod
1235 386 1360 444 aliis
1386 387 1574 444 lumen
1595 385 1726 444 ﬁdei
1747 387 2002 460 praebuit,
2025 389 2164 444 alios
2197 394 2248 454 Α
2286 389 2334 446 si
2365 393 2694 462 perscrutari
2724 393 3044 464 potuissent.
3069 393 3219 448 Facit
3235 411 3356 466 ergo
3381 411 3578 465 magna
3595 402 3642 450 et
3667 414 3888 454 inseru-

567 495 664 552 per
680 475 910 534 invidiae
930 474 1186 532 tenebras
1205 477 1460 534 alumine
1478 477 1680 532 mentis
1698 477 2169 534 excaecavit.Hinc

567 574 648 624 est
679 566 827 640 quod
855 573 1084 640 uterque
1109 568 1124 602 ¹
1160 565 1297 622 latro
1325 573 1380 623 et
1407 564 1653 622 eamdem
1683 573 1737 621 et
1767 582 1878 622 suae
1909 566 2075 621 morti
2099 565 2170 622 si-

569 656 758 712 milem
789 663 1020 712 mortem
1052 654 1431 728 Redemptoris
1457 655 1601 712 vidit
1617 655 1657 722 ²;
1699 654 1794 712 sed
1822 671 1946 710 eum
1971 671 2174 726 super-

567 745 772 802 biendo
801 747 940 801 alter
966 744 1320 802 contumeliis
1349 744 1611 800 lacessere
1641 760 1753 800 non
1779 745 1982 813 timuit,
2007 761 2170 818 quem

569 834 818 890 timendo
847 835 986 890 alter
1015 833 1308 889 honoravit
1347 833 1508 900 (Luc.
1542 850 1616 900 rx,
1649 832 1880 905 39-43);
1920 841 2085 906 atque
2115 833 2170 888 in

573 941 682 980 una
711 940 770 980 re
797 939 906 980 una
934 923 1220 994 utriusque
1245 921 1507 994 cogitatio
1553 938 1664 977 non
1693 921 1822 990 fuit,
1859 923 1988 994 quia
2031 921 2173 978 hanc

572 1011 822 1069 internus
850 1010 1055 1066 arbiter
1092 1009 1454 1066 invisibiliter
1493 1009 1864 1068 modiﬁcando
1891 1009 2171 1067 distinxit.

574 1101 679 1158 Sed
723 1100 780 1155 hi
826 1100 1056 1155 occultae
1106 1097 1458 1168 aspirationis
1506 1097 1676 1164 modi,
1703 1100 1725 1134 ³
1757 1098 1886 1171 quia
1915 1114 2174 1170 compre-

574 1189 743 1244 hendi
774 1195 959 1244 nostra
986 1187 1318 1259 cogitatione
1349 1195 1646 1260 nequeunt,
1669 1187 1938 1242 nimirum
1969 1187 2175 1243 divinae

573 1277 727 1334 vocis
763 1274 996 1347 vestigia
1014 1275 1356 1334 nesciuntur.
1391 1277 1537 1334 Bene
1563 1292 1692 1348 ergo
1711 1275 1955 1332 dicitur:
1980 1278 2056 1332 Et
2068 1293 2176 1331 non

569 1367 991 1440 investigabitur,
1035 1384 1154 1422 cum
1189 1367 1379 1423 audita
1418 1365 1585 1438 fuerit
1621 1383 1724 1422 vos:
1764 1365 1897 1437 ejus.
1943 1366 2096 1422 Unde
2125 1373 2180 1422 et

572 1457 756 1518 adhuc
781 1457 1137 1532 subjungitur
1168 1476 1180 1514 :

1143 1572 1371 1630 CAPUT
1408 1572 1588 1628 XXII.

644 1663 816 1722 Vnus.
845 1662 901 1720 ὅ.
929 1691 1002 1703 -
1038 1661 1260 1718 Tonabit
1286 1662 1428 1717 Deus
1457 1677 1575 1716 voce
1597 1677 1697 1717 sua
1723 1661 2066 1720 mirabiliter.

641 1753 733 1810 42.
765 1751 1093 1813 Mirabilitcr
1119 1756 1272 1806 sonat
1299 1751 1462 1819 Deus,
1491 1751 1622 1821 quia
1653 1751 1868 1807 silcnter
1895 1759 1944 1808 et
1969 1753 2176 1808 occulta
2209 1762 2255 1822 Β

576 1843 627 1898 vi
643 1842 832 1898 caelesti
859 1841 1021 1896 simul
1047 1840 1157 1895 cibo
1185 1839 1372 1912 reﬁcit.
1403 1869 1475 1881 —
1503 1839 1651 1897 Voce
1689 1855 1788 1896 sua
1815 1841 1961 1897 Deus
1995 1840 2176 1896 mira—

573 1931 761 1986 biliter
801 1936 974 1996 tonat,
1019 1928 1150 2000 quia
1189 1927 1407 1985 occulta
1448 1927 1506 1984 vi
1545 1927 1711 1984 corda
1739 1937 1926 1986 nostra
1950 1930 2176 1986 incom-

575 2017 1020 2090 prehensibiliter
1035 2023 1301 2088 penetrat.
1322 2016 1453 2084 Quae
1469 2015 1603 2072 dum
1621 2016 1916 2074 latentibus
1931 2017 2174 2074 motibus

575 2107 776 2178 premit
804 2106 861 2162 in
881 2105 1098 2173 timore,
1128 2112 1182 2162 et
1200 2105 1401 2162 format
1429 2105 1487 2161 in
1507 2121 1713 2175 amore,
1744 2114 1955 2178 quanto
1983 2107 2176 2162 ardore

576 2195 885 2269 sequendus
911 2195 986 2251 sit
1009 2194 1197 2267 aliquo
1225 2192 1392 2251 modo
1416 2193 1644 2251 silenter
1669 2195 1890 2264 clamat,
1913 2203 1966 2250 et
1995 2194 2059 2252 ﬁt
2077 2212 2170 2252 cu-

571 2283 790 2356 jusdam
821 2283 1174 2354 impulsionis
1215 2283 1474 2340 nimietas
1521 2283 1579 2338 in
1626 2293 1830 2352 mente,
1875 2300 2001 2340 cum
2033 2283 2176 2340 nihil

577 2381 734 2431 sonet
755 2374 813 2428 in
843 2389 997 2430 voce.
1031 2371 1163 2440 Qua:
1182 2379 1338 2428 tanto
1358 2371 1502 2444 apud
1523 2388 1622 2428 nos
1643 2371 1917 2428 valentius
1933 2379 2178 2443 perstre-

579 2463 680 2536 pit,
713 2469 919 2536 quanto
940 2468 993 2518 et
1023 2461 1090 2516 ab
1119 2461 1271 2516 omni
1302 2460 1568 2516 exteriori
1595 2460 1830 2532 strepitu
1855 2475 2045 2516 aurem
2061 2475 2175 2514 no-

576 2553 676 2609 stri
718 2550 1029 2608 surdescere
1069 2549 1252 2605 cordis
1295 2549 1448 2605 facit.
1505 2547 1643 2622 [Vet.
1689 2549 1896 2623 XVII.]
1941 2547 2094 2606 Unde
2123 2555 2177 2604 et

575 2642 759 2698 anima
781 2641 850 2697 ad
878 2639 1222 2709 semetipsam
1254 2653 1384 2692 mox
1413 2636 1520 2693 hoc
1555 2638 1756 2692 intimo
1784 2639 2025 2694 clamore
2051 2639 2181 2694 col-

577 2733 718 2787 lecta
747 2731 976 2786 miratur
1015 2725 1164 2800 quod
1208 2726 1383 2794 audit,
1434 2725 1563 2798 quia
1584 2726 1698 2781 vim
1727 2727 2178 2798 compunctionis

577 2819 866 2892 incognitae
897 2815 1150 2890 percipit.
1183 2813 1354 2887 Cujus
1381 2814 1504 2886 ipsa
1540 2813 1834 2870 admiratio
1864 2815 2004 2871 bene
2032 2815 2179 2887 apud

575 2909 801 2982 Moysen
823 2925 1024 2965 manna
1039 2906 1272 2978 desuper
1291 2905 1546 2962 veniente
1561 2904 1810 2978 signatur
1831 2905 2037 2972 (Exod.
2057 2921 2176 2974 xvr,

579 3001 692 3074 15).
729 2999 920 3057 Dulcis
933 2998 1082 3056 enim
1102 2995 1260 3053 cibus
1279 2995 1374 3070 qui
1390 2995 1458 3052 de
1476 2995 1726 3070 supernis
1741 2995 2012 3068 accipitur
2027 3010 2180 3050 man-

578 3089 656 3146 hu
685 3096 934 3146 vocatur.
981 3087 1191 3145 Manbu
1230 3087 1380 3142 enim
1410 3083 1618 3174 dicitur
1647 3085 1789 3174 Quid
1815 3091 1889 3140 est
1921 3086 2019 3174 _hoc
2038 3086 2066 3140 ?
2108 3085 2181 3140 Et
2207 3114 2252 3174 Ο

577 3177 714 3249 quid
741 3183 823 3232 est
851 3176 958 3232 hoc
983 3175 1223 3230 dicimus
1249 3172 1470 3244 quando
1491 3171 1598 3228 hoc
1615 3172 1764 3245 quod
1782 3172 2062 3229 cernimus
2081 3188 2170 3228 ne-

578 3263 812 3320 scientes
845 3261 1203 3318 admiramur.
1235 3259 1545 3330 Supernum
1575 3259 1745 3332 igitur
1774 3277 1976 3317 manna
1993 3261 2179 3317 anima

586 3351 837 3428 percipit,
868 3365 994 3408 cum
1021 3363 1119 3422 per
1143 3363 1332 3404 vocem
1372 3348 1814 3420 compunctionis
1843 3351 2053 3406 elevata
2080 3365 2181 3405 no-

581 3459 708 3499 vam
737 3439 974 3514 speciem
999 3439 1229 3494 internae
1257 3435 1960 3516 refectioniscbstupescit,
1997 3446 2058 3494 ut
2082 3437 2180 3494 di-

579 3533 712 3588 vina
738 3529 1031 3587 dulcedine
1053 3526 1260 3598 repleta
1283 3523 1410 3598 jure
1437 3527 1787 3600 respondeat,
1807 3526 1950 3595 Quid
1967 3529 2180 3583 esthoc?

581 3619 712 3694 quia
738 3618 870 3675 dum
891 3617 959 3674 ab
993 3615 1184 3674 inﬁma
1219 3615 1550 3689 cogitatione
1577 3614 1950 3688 suspenditur,
1977 3631 2040 3672 ea
2058 3632 2180 3688 quae

585 3711 652 3768 de
679 3709 931 3782 supernis
961 3705 1232 3780 conSpicit
1261 3707 1482 3764 insolite
1511 3706 1763 3762 miratur.
1794 3707 1868 3762 Et
1893 3705 2024 3780 quia
2051 3722 2178 3764 cum

580 3802 686 3860 hac
703 3815 837 3859 voce
866 3797 1102 3872 torporis
1125 3797 1302 3854 nostri
1326 3795 1566 3854 surditas
1587 3795 1886 3869 rumpitur,
1910 3797 1932 3832 ⁴
1951 3803 2180 3852 vetustae

581 3891 709 3948 vitae
738 3891 992 3964 protinus
1022 3903 1155 3945 usus
1196 3895 1462 3957 mutatur,
1491 3894 1556 3944 ut
1582 3887 1770 3944 anima
1805 3902 2046 3959 superno
2074 3885 2180 3957 spi-

491 3999 502 4005 ’
579 3981 692 4036 ritu
717 3981 922 4048 afﬁata,
965 3987 1020 4036 et
1058 3979 1115 4034 in
1157 3977 1390 4033 summis
1427 3985 1645 4048 appetat
1675 3992 1796 4048 quae
1835 3982 2180 4044 contempse-

580 4075 684 4134 rat,
723 4075 778 4122 et
803 4073 1118 4122 contemnat
1164 4064 1224 4118 in
1265 4063 1474 4119 inﬁmis
1511 4079 1632 4135 quae
1680 4061 1988 4134 appetebat,
2037 4068 2182 4120 recte

581 4152 938 4224 subjungitur
977 4171 989 4209 :

1153 4239 1381 4298 CAPUT
1409 4239 1615 4296 XXIII.

652 4333 788 4388 lem.
805 4360 878 4372 —
896 4331 1000 4398 Qui
1025 4330 1158 4404 facit
1182 4345 1377 4402 magna
1405 4335 1456 4385 et
1481 4327 1874 4385 inscrutabilia.

649 4420 740 4477 43.
775 4420 921 4480 Mira
938 4428 986 4477 et
1011 4421 1269 4493 stupenda
1297 4421 1354 4474 in
1375 4419 1670 4492 peccatoris
1687 4419 2020 4475 conversione
2039 4420 2179 4476 Deus

580 4518 852 4586 operatur.
887 4543 948 4554 —
981 4515 1051 4570 Ut
1078 4513 1225 4570 enim
1257 4511 1425 4569 homo
1453 4513 1685 4569 terrenis
1714 4513 1905 4568 usibus
1931 4511 2170 4582 deditus,

581 4603 788 4676 iniquis
812 4601 1099 4660 desideriis
1129 4619 1368 4675 pressus,
1399 4603 1586 4659 subito
1621 4602 1690 4658 ad
1722 4619 1866 4658 nova
1897 4602 2175 4670 eﬁ‘erveat,

581 4704 744 4768 atque
763 4693 832 4750 ad
850 4700 1109 4750 consueta
1129 4692 1411 4764 frigescat,
1427 4690 1797 4748 exterioribus
1816 4691 1963 4748 curis
1983 4708 2180 4748 renuu-

581 4786 700 4854 tiet,
721 4784 777 4840 in
799 4784 1032 4840 internis
1049 4781 1608 4854 contemplationibus
1629 4781 1870 4849 anhelet,
1895 4781 2020 4853 quis
2040 4781 2182 4840 hanc

582 4875 845 4930 virtutem
889 4888 1138 4946 supernae
1171 4869 1326 4927 vocis
1368 4870 1714 4928 considerare
1747 4869 2028 4927 sufﬁciat?
2056 4870 2181 4944 quis

581 4948 980 5020 considerando
1017 4959 1487 5034 comprehendat?
1525 4960 1720 5031 Magna
1757 4967 1888 5016 sunt
1933 4975 2053 5032 quae
2085 4975 2180 5032 per

581 5066 774 5133 vocem
801 5069 958 5111 suam
983 5051 1252 5110 Dominus
1271 5049 1424 5120 facit,
1455 5048 1551 5108 sed
1569 5049 1756 5106 minus
1773 5064 1971 5122 magna
1997 5055 2181 5106 essent

658 5284 672 5320 ¹
705 5285 1056 5368 Longipont.,
1081 5286 1220 5368 latro
1237 5284 1346 5342 suis
1357 5284 1618 5368 mortibus
1636 5284 1880 5368 similem.
1915 5283 2000 5368 Ita_
2017 5285 2183 5368 etiam

585 5349 947 5482 Turon.,'nbisi
967 5349 1137 5430 quod,
1156 5374 1254 5429 pro
1281 5359 1394 5413 suis
1412 5357 1690 5426 mortibus,
1708 5357 1965 5414 mendose
1986 5359 2186 5430 legitur

584 5439 696 5479 suis
719 5441 862 5480 mori
893 5444 974 5483 us.

617 5567 627 5578 ο
658 5496 680 5530 ³
709 5495 932 5578 Pratel.,
978 5499 1070 5554 sed
1109 5517 1222 5556 eam
1261 5500 1542 5572 (mortem)
1574 5497 1986 5572 superbiendo...
2020 5517 2186 5572 quam

588 5565 834 5648 timendo,
865 5575 970 5648 etc.
1270 5565 1279 5572 “
1522 5565 1532 5572 ’
1636 5565 1654 5572 ’

656 5639 679 5674 ³
709 5636 1000 5710 Omittitur
1018 5639 1147 5710 quia
1173 5641 1231 5698 in
1258 5641 1480 5709 Pratel.,
1500 5642 1642 5700 Utic.
1673 5651 1729 5699 et
1755 5641 1898 5699 aliis.

658 5711 678 5745 ‘
709 5709 909 5768 Pratel.
941 5717 996 5766 et
1023 5709 1119 5776 aL,
1153 5717 1401 5768 vetustate
1427 5713 1548 5768 vita
1575 5713 1843 5782 protinus.

2283 481 2486 549 tabilia,
2516 481 2646 554 quia
2672 481 2916 538 ostendit
2953 482 3090 539 foris
3121 483 3520 555 perfectionem
3561 487 3766 558 operis,
3791 488 3887 545 sed

2282 570 2415 624 latet
2435 569 2588 627 intus
2625 572 2745 642 ipsa
2772 571 3010 644 qualitas
3049 574 3404 644 operationis.
3448 573 3598 631 Voce
3625 592 3728 632 sua
3755 577 3888 634 foris

2281 659 2444 714 etiam
2484 675 2580 730 per
2610 662 2886 732 apostolos
2925 661 3164 729 insonat,
3203 662 3299 718 sed
3339 662 3504 718 corda
3535 663 3888 721 audientium

2281 764 2377 819 per
2403 748 2646 820 seipsum
2677 750 2912 806 interius
2942 750 3207 820 illustrat,
3231 757 3378 815 873
3408 753 3578 808 Paulo
3597 760 3894 810 attestante

2281 847 2374 918 qui
2403 848 2481 902 ait
2505 865 2515 903 :
2547 851 2666 920 Ego
2691 849 2962 920 plantavi,
2993 849 3189 922 Apollo
3209 851 3427 922 rigavit,
3445 852 3586 908 Deus
3615 859 3796 908 autem
3814 854 3893 907 in-

2282 944 2598 992 crementum
2625 938 2784 994 dedit.
2818 939 2995 1010 Neque
3024 940 3119 1010 qui
3131 941 3346 1011 plantat
3374 947 3448 996 est
3474 942 3706 1013 aliquid,
3731 961 3896 1014 neque

2284 1025 2376 1094 qui
2404 1025 2567 1096 rigat,
2611 1027 2701 1081 sed
2729 1044 2821 1097 qui
2867 1027 3246 1082 incrementum
3271 1029 3366 1084 dat
3389 1030 3530 1086 Deus
3555 1030 3614 1102 (I
3641 1032 3772 1088 Cor.
3807 1047 3892 1099 ιιι,

2284 1115 2363 1185 6).
2398 1115 2662 1182 Quamvis
2690 1133 2818 1188 ergo
2857 1118 3060 1175 nostris
3109 1119 3387 1175 mentibus
3433 1136 3685 1192 supernae
3739 1121 3896 1178 vocis

2285 1204 2538 1260 auditum
2570 1221 2681 1260 non
2713 1205 2819 1278 ipsi
2865 1205 3166 1279 praebeant,
3210 1208 3365 1264 missi
3411 1217 3598 1266 tamen
3639 1218 3795 1275 sunt,
3833 1220 3894 1267 ut

2287 1294 2472 1350 verbis
2499 1295 2658 1351 nobis
2683 1296 3052 1354 exterioribus
3083 1297 3548 1356 condescendant.
3581 1299 3742 1357 Unde
3771 1308 3897 1372 apte

2288 1383 2409 1456 subj
2416 1385 2643 1458 ungitur
2655 1403 2674 1482 σε

2671 1529 2898 1589 CAPUT
2927 1531 3118 1592 XXIV
3148 1530 3292 1607 [Rea
3331 1532 3511 1608 XIV].

2362 1647 2534 1706 Vnus.
2555 1647 2608 1705 6.
2627 1679 2693 1691 —
2713 1649 2816 1717 Qui
2837 1651 3079 1722 praecipit
3096 1651 3208 1708 nivi
3226 1659 3286 1706 ut
3303 1652 3573 1708 descendat
3588 1651 3644 1706 in
3663 1641 3898 1719 terram,

2286 1741 2337 1792 et
2361 1737 2547 1792 hiemis
2570 1738 2796 1808 pluviis,
2824 1745 2874 1794 et
2897 1739 3060 1796 imbri
3086 1740 3420 1810 fortitudinis
3439 1757 3566 1797 sua.

2355 1824 2444 1881 44.
2472 1825 2656 1882 Sancti
2667 1827 3048 1897 praedicatores
3077 1845 3304 1901 quorum
3323 1831 3646 1886 conversatio
3674 1830 3735 1884 in
3755 1830 3902 1885 caelis

2283 1920 2376 1978 est,
2405 1914 2637 1986 inﬁmis
2678 1922 2850 1971 tamen
2877 1916 3148 1986 fratribus
3185 1919 3618 1975 condescendant.
3650 1948 3726 1960 —
3757 1917 3901 1986 Quia

2283 2001 2570 2058 Psalmista
2596 2003 2708 2058 ait:
2743 2005 2973 2060 Lavabis
2999 2021 3096 2074 me,
3127 2013 3177 2060 et
3212 2023 3374 2076 super
3402 2007 3577 2062 nivem
3603 2007 3903 2062 dealbabor

2287 2092 2460 2164 (Psal.
2486 2109 2537 2162 L,
2555 2093 2777 2165 8),quid
2799 2093 2904 2150 hoc
2923 2095 3046 2150 loco
3061 2095 3268 2162 nivem,
3293 2094 3402 2150 nisi
3421 2110 3518 2173 per
3533 2094 3718 2150 lucem
3733 2094 3901 2166 justi-

2284 2182 2374 2238 tiae
2390 2181 2626 2240 candida
2640 2182 2942 2255 acéipimus
2960 2183 3128 2240 corda
3147 2185 3494 2241 sanctorum?
3515 2185 3695 2256 Aquas
3711 2191 3901 2240 autem

2285 2269 2463 2326 ductae
2481 2270 2538 2326 in
2555 2271 2930 2342 superioribus
2945 2273 3348 2344 constipantur,
3363 2279 3426 2326 ut
3441 2272 3600 2328 nives
3617 2271 3782 2330 ﬁant.
3797 2273 3900 2330 Sed

2283 2375 2410 2416 cum
2437 2359 2520 2416 hae
2551 2361 2680 2432 ipsa;
2723 2361 2879 2416 nives
2916 2360 2986 2416 ad
3014 2369 3216 2416 terram
3243 2361 3500 2428 veniunt,
3535 2360 3590 2416 in
3619 2362 3896 2434 aquarum
3925 2351 3930 2354 ’

2286 2447 2484 2504 iterum
2533 2447 2807 2520 liquorem
2835 2456 3148 2505 vertuntur.
3182 2449 3356 2521 Aquae
3387 2448 3558 2520 igitur
3604 2457 3740 2506 sunt
3769 2467 3896 2523 prae.

2287 2538 2598 2596 dicatorum
2631 2547 2876 2596 mentes:
2924 2556 3046 2612 quae
3074 2538 3206 2596 dum
3234 2539 3303 2596 ad
3332 2541 3764 2614 contemplanda
3792 2560 3892 2600 su-

2286 2644 2454 2700 perna
2483 2645 2540 2685 se
2569 2629 2812 2700 erigunt,
2833 2628 3024 2683 altiori
3055 2628 3337 2686 intellectu
3366 2629 3704 2686 solidantur.
3735 2631 3893 2688 Cum-

2287 2733 2392 2790 que
2421 2719 2478 2773 in
2507 2734 2722 2774 summa
2751 2717 3194 2776 consideratione
3225 2720 3534 2792 rapiuntur,
3572 2723 3594 2757 ⁸
3625 2723 3893 2779 virtutem

2287 2805 2729 2862 conﬁrmationis
2772 2807 3078 2878 accipiunt.
3120 2807 3224 2864 Sed
3253 2810 3379 2882 quia
3406 2809 3588 2868 adhuc
3627 2812 3691 2868 in
3727 2813 3892 2870 terris

2287 2896 2530 2952 fraterna
2565 2895 2862 2952 dilectione
2908 2897 3238 2967 retinentur,
3291 2901 3608 2972 semetipsas
3655 2901 3730 2959 ab
3777 2905 3894 2960 alto

2288 2985 2574 3043 intellectu
2591 2985 2933 3055 modiﬁcant,
2951 2995 3006 3044 et
3026 2987 3264 3044 inﬁrmis
3282 2987 3568 3046 humiliter
3588 2991 3894 3062 praedican-

2285 3080 2369 3130 tes
2390 3090 2542 3131 more
2561 3075 2778 3132 nivium
2801 3079 2822 3113 ⁸
2839 3075 3004 3134 corda
3023 3077 3237 3133 arentia
3256 3077 3478 3150 liquatae
3498 3077 3702 3150 rigant.
3725 3081 3892 3138 Nives

2288 3181 2416 3236 ergo
2444 3165 2511 3220 ad
2547 3173 2752 3222 terram
2797 3166 2864 3223 de
2911 3167 3226 3224 coelestibus
3273 3168 3527 3236 veniunt,
3555 3185 3688 3226 cum
3724 3170 3890 3227 subli-

2289 3254 2402 3308 mia
2437 3253 2604 3310 corda
2651 3263 2968 3312 sanctorum
3013 3272 3136 3329 quae
3177 3254 3296 3328 jam
3338 3257 3518 3314 solida
3544 3259 3890 3332 contempla-

2289 3342 2440 3398 tione
2466 3351 2768 3415 pascuntur
2811 3361 2910 3417 pro
2934 3345 3179 3401 fraterna
3207 3345 3478 3404 cbaritate
3508 3349 3529 3384 ⁷
3559 3347 3629 3403 ad
3657 3348 3888 3405 humilia

2290 3432 2696 3505 praedicationis
2725 3433 2894 3490 verba
2920 3433 3284 3492 descendunt.
3313 3435 3450 3510 [Vet.
3474 3437 3530 3493 Χ
3534 3438 3670 3494 VIII
3671 3435 3715 3511 .]
3737 3438 3889 3495 Sicut

2289 3523 2436 3579 enim
2485 3522 2585 3578 nix
2629 3531 2836 3582 terram
2877 3541 3006 3582 cum
3045 3523 3196 3596 jacet
3235 3527 3435 3598 operit,
3483 3543 3606 3584 cum
3641 3544 3774 3584 vero
3808 3527 3886 3584 li-

2289 3619 2490 3684 quatur
2516 3613 2677 3685 rigat,
2710 3613 2787 3669 ita
2813 3622 3126 3670 sanctorum
3159 3615 3338 3672 virtus
3369 3623 3424 3672 et
3451 3631 3547 3688 per
3574 3616 3882 3676 ﬁrmitatem

2290 3719 2445 3759 suam
2475 3704 2619 3777 apud
2647 3706 2822 3761 Deum
2845 3704 3020 3760 vitam
3049 3711 3397 3777 peccatorum
3428 3707 3686 3778 protegit,
3717 3715 3772 3764 et
3797 3723 3886 3780 per

2291 3795 2809 3854 condescensionem
2837 3812 2994 3852 suam
3019 3795 3176 3868 quasi
3201 3796 3498 3868 liquefacta
3515 3805 3763 3854 arentem
3785 3805 3884 3854 ter-

2289 3902 2408 3942 ram
2438 3894 2500 3941 ut
2527 3887 2740 3942 fructus
2759 3885 3001 3958 proferat
3021 3885 3285 3942 infundit.
3317 3888 3396 3944 Et
3421 3887 3549 3961 quia
3576 3903 3720 3961 aqua
3738 3889 3884 3961 prius

2290 3975 2358 4030 ab
2389 3974 2596 4031 inﬁmis
2643 3973 2906 4045 trahitur,
2953 3983 3014 4031 ut
3056 3983 3178 4048 post
3219 3992 3250 4032 a
3279 3977 3661 4049 superioribus
3707 3993 3885 4051 sparsa

2292 4063 2574 4130 reddatur,
2603 4064 2779 4120 sancti
2808 4063 3014 4138 q'uique
3045 4065 3211 4122 etiam
3240 4082 3370 4124 cum
3389 4067 3446 4124 in
3467 4067 3742 4124 virtutum
3767 4081 3884 4123 arce

2291 4153 2621 4220 consistunt,
2643 4152 2788 4209 unde
2812 4153 3010 4210 elevati
3041 4163 3172 4211 sunt
3200 4156 3574 4227 considerant,
3607 4172 3673 4212 ne
3697 4157 3884 4214 alienae

2292 4241 2630 4298 inﬁrmitatis
2658 4241 2870 4314 abjecta
2896 4250 3270 4301 contemnant.
3305 4245 3471 4312 Quasi
3493 4262 3620 4318 ergo
3646 4260 3800 4319 aqua
3819 4243 3886 4301 ad

2287 4338 2462 4388 terras
2490 4331 2557 4386 de
2588 4331 2788 4404 quibus
2815 4331 3114 4389 sublevatae
3144 4340 3276 4388 sunt
3303 4333 3558 4404 redeunt,
3595 4334 3729 4390 dum
3759 4350 3885 4393 con-

2295 4423 2686 4481 descendentes
2708 4422 2846 4495 justi
2876 4423 3258 4496 peccatoribus
3291 4424 3577 4482 reminisci
3611 4441 3724 4481 non
3754 4423 3885 4482 desi-

2295 4521 2438 4570 nunt
2483 4512 2630 4587 quod
2671 4513 2914 4569 fuerunt.
2960 4511 3118 4570 Certe
3150 4513 3172 4549 ⁸
3219 4531 3361 4588 aqua
3397 4515 3456 4570 in
3502 4515 3668 4571 terris
3713 4513 3886 4570 adhuc

2291 4605 2493 4662 Paulus
2523 4603 2720 4672 fuerat,
2753 4620 2879 4662 cum
2911 4605 3086 4676 legem
3132 4606 3427 4662 carnaliter
3457 4594 3757 4677 sapiebat;
3797 4602 3885 4662 sed

2291 4693 2489 4752 ductus
2520 4694 2590 4750 ad
2620 4694 2884 4764 ccelestia,
2916 4696 2972 4751 in
3005 4695 3190 4751 nivem
3223 4711 3412 4752 versus
3440 4701 3558 4762 est;
3593 4695 3729 4768 quia
3747 4691 3886 4768 quod

2293 4785 2446 4855 prius
2475 4783 2761 4839 inﬁrmum
2794 4784 2976 4858 sapuit
3001 4784 3071 4840 ad
3113 4785 3451 4842 soliditatem
3493 4800 3640 4842 verse
3671 4781 3887 4840 intelli—

2292 4875 2488 4948 gentiae
2519 4877 2919 4944 commutavit;
2952 4885 3006 4933 et
3033 4885 3218 4934 tamen
3247 4877 3698 4936 condescendens
3711 4873 3884 4932 fratri-

2289 4964 2392 5020 bus
2421 4966 2577 5038 quasi
2624 4967 2724 5020 nix
2763 4966 2873 5021 ima
2901 4969 3138 5040 repetiit,
3190 4969 3324 5042 quia
3357 4975 3412 5024 et
3451 4974 3573 5040 post
3618 4967 3882 5022 virtutum

2289 5053 2542 5112 culmina
2567 5069 2731 5128 quam
2759 5055 2929 5113 fuerit
2959 5055 3223 5130 indignus
3247 5057 3518 5130 agnoscit,
3535 5056 3756 5114 dicens:
3791 5051 3886 5120 Qui

2365 5279 2678 5410 5£Vindoc.,
2708 5277 2930 5341 Ebroic.
2953 5279 3157 5359 aliique
3175 5277 3390 5354 Norm.,
3420 5279 3678 5339 virtutum
3703 5273 3887 5352 conﬁr-

2365 5374 2379 5410 ι
2409 5373 2568 5410 nones.

2292 5371 2379 5410 ma
2387 5371 2550 5410 tiones
2557 5401 2568 5412 .

2326 5496 2337 5508 .
2369 5429 2390 5462 θ
2422 5427 2670 5496 Ebroic.,
2715 5427 2916 5486 Pratel.
2958 5436 3016 5485 et
3058 5427 3317 5486 nonnulli
3355 5427 3478 5496 alii,
3523 5425 3686 5483 corda
3723 5438 3887 5479 aren-

2296 5503 2653 5646 ‘m'rf'l‘uronq
2683 5573 2758 5628 ad
2782 5571 3129 5630 humilitatem
3159 5569 3559 5646 praedicationis
3587 5567 3742 5626 verbo
3780 5564 3888 5620 des-

2293 5641 2536 5697 cendunl.

2369 5713 2390 5748 ⁸
2420 5713 2582 5771 Deest
2602 5730 2746 5786 aqua
2774 5714 2832 5771 in
2862 5715 3082 5773 Pratell.

3221 5819 3248 5831 τ
