4152 6182
330 309 434 365 425

1013 311 1392 369 MOR.\LIUM
1447 314 1580 369 LIB.
1626 312 1857 370 XXVII.
1903 343 1968 356 —
2010 315 2081 370 IN
2122 315 2352 372 CAPUT
2392 317 2663 373 XXXVII
2704 319 2767 373 Β.
2807 319 2949 375 JOB.

3547 323 3653 381 426

322 435 483 507 prius
509 432 597 503 fui
625 433 1029 504 blasphemus‘et
1048 443 1351 506 persecutor
1376 438 1442 509 (Ι
1466 437 1599 494 Tim.
1622 438 1782 510 I,l3),
1830 447 1935 496 etc.
1965 439 2019 501 Α
2049 455 2287 512 praesens
2318 442 2616 513 peragitur,
2665 441 2724 497 in
2782 459 2890 514 qua
2935 459 3036 498 nos
3091 446 3414 516 ignorantia:
3461 446 3655 503 nubilo

327 526 471 582 Ecce
486 539 652 598 quam
674 522 971 580 clementer
984 540 1096 581 suae
1118 524 1519 583 imbecillitatis
1534 528 1937 599 reminiscitur,

328 620 395 670 ut
416 612 654 669 aliorum
673 611 1056 684 aequanimiter
1079 613 1300 671 inﬁrma
1319 616 1577 688 patiatur.
1603 616 1770 684 Quasi
1790 618 1939 674 enim

327 703 400 760 ad
446 712 651 760 terram
690 700 758 757 de
787 718 894 776 qua
940 713 1159 776 sumpta
1188 704 1365 762 fuerat
1394 714 1516 778 post
1543 707 1744 763 coelum
1800 723 1941 779 aqua

328 792 516 861 rediit,
549 790 681 848 dum
714 798 839 864 post
869 799 1020 849 tanta
1066 809 1179 850 suae
1220 795 1709 867 contemplationis
1745 811 1942 852 arcana

327 892 670 957 peccatorem
703 898 759 937 se
789 882 992 938 Paulus
1020 884 1295 953 meminit,
1329 894 1390 941 ut
1420 884 1677 957 prodesse
1700 883 1945 940 humili—

331 984 414 1031 ter
447 972 831 1048 peccatoribus
862 974 1052 1047 possit.
1087 975 1389 1032 Videamus
1431 976 1617 1048 itaque
1665 992 1807 1049 aqua
1825 974 1944 1030 haec

328 1065 387 1122 in
418 1064 571 1121 nivis
613 1061 951 1121 soliditatem
1000 1065 1264 1121 vertenda
1307 1065 1543 1139 qualiter
1572 1064 1827 1121 trahatur
1873 1062 1941 1119 ad

326 1169 569 1212 summa.
602 1152 698 1208 Ait
731 1169 743 1208 :
782 1152 900 1209 Sive
927 1159 1093 1208 mente
1120 1154 1438 1226 excedimus,
1468 1156 1577 1211 Deo
1606 1155 1701 1224 (ΙΙ
1731 1154 1857 1211 Cor.
1882 1170 1938 1221 ν,

328 1243 447 1315 13).
483 1241 787 1300 Videamus
817 1242 1055 1314 qualiter
1080 1243 1145 1299 ad
1177 1245 1288 1301 ima
1316 1243 1417 1301 nix
1460 1244 1665 1312 redeat,
1700 1253 1764 1300 ut
1807 1241 1939 1299 dum

326 1334 575 1407 liquatur
594 1329 871 1388 infundat.
895 1331 1009 1386 Ait:
1036 1332 1154 1388 Sive
1173 1334 1340 1390 sobrii
1360 1333 1742 1403 sumus,vobis(
1748 1332 1864 1388 Ibid
1873 1376 1884 1388 .
1892 1330 1938 1402 ).

327 1421 634 1480 Videamus
677 1435 787 1492 qua
835 1436 1004 1476 manu
1033 1419 1278 1492 ducitur,
1307 1432 1369 1481 ut
1421 1432 1478 1479 et
1498 1422 1690 1494 jacens
1737 1419 1943 1477 elevari

329 1511 534 1579 valeat,
594 1518 648 1566 et
691 1508 980 1566 sublevata
1009 1512 1277 1568 revocari.
1309 1512 1407 1568 Ait
1455 1530 1468 1568 :
1508 1512 1761 1568 Charitas
1808 1510 1946 1565 enim

333 1599 539 1658 Christi
572 1604 719 1671 urget
746 1616 841 1655 nos
881 1600 1078 1671 (Ibid.,
1132 1599 1249 1672 14).
1300 1600 1441 1668 Quia
1485 1601 1656 1672 igitur
1701 1599 1945 1658 charitas

329 1688 564 1758 Christi,
597 1704 720 1762 quae
761 1696 1075 1745 sanctorum
1123 1697 1332 1745 mentes
1383 1688 1452 1744 ad
1481 1705 1717 1761 superna
1766 1686 1944 1743 suble-

2048 530 2229 586 carnis
2261 530 2639 604 corruptibilis
2669 538 2859 603 torpor
2887 533 3243 603 astrinxerat,
3276 550 3439 593 omne
3472 538 3656 593 mini-

2047 623 2281 678 sterium
2304 621 2711 695 praedicationis
2741 629 2935 677 cessat.
2971 620 3186 679 Clarius
3218 625 3419 696 quippe
3440 642 3535 696 per
3554 642 3654 682 nos

2047 718 2182 767 tunc
2211 711 2521 769 videbimus
2552 712 2659 768 hoc
2695 709 2841 784 quod
2871 718 3188 766 sanctorum
3234 711 3467 767 vocibus
3508 730 3657 770 nunc

2050 802 2337 859 obscurius
2366 801 2641 856 audimus.
2671 800 2929 872 Praecipit
2949 799 3119 871 igitur
3139 800 3411 856 Dominus
3428 801 3569 868 nivi,
3604 808 3658 856 et

2047 886 2251 947 hiemis
2272 890 2498 963 pluviis,
2532 898 2595 946 ut
2625 890 2682 944 in
2715 899 2914 946 terram
2945 888 3301 957 descendant,
3336 889 3467 945 dum
3500 890 3658 961 aspi-

2051 982 2262 1037 ratione
2291 981 2466 1037 sancti
2495 980 2733 1052 Spiritus
2768 997 2865 1053 pro
2894 980 3234 1052 corrigendis
3265 980 3656 1053 peccatoribus

2050 1070 2216 1128 corda
2236 1079 2550 1128 sanctorum
2589 1069 2659 1127 ad
2698 1069 3070 1126 ministerium
3108 1068 3518 1142 praedicationis
3543 1067 3661 1125 hu-

2050 1160 2247 1216 miliat.
2314 1160 2419 1215 Ubi
2476 1168 2622 1216 recte
2677 1159 2903 1215 additur
2951 1176 2963 1214 :
3026 1159 3099 1214 Et
3155 1157 3315 1213 imbri
3367 1157 3660 1229 fortudinis

2050 1266 2181 1306 suae.

2125 1336 2268 1411 [Rec.
2318 1336 2463 1411 XV.]
2512 1337 2599 1393 46.
2643 1368 2713 1379 -
2765 1337 2941 1394 Imber
2958 1338 3319 1409 fortitudinis,
3348 1337 3658 1411 prcedicatio

2052 1428 2385 1493 divinitatis;
2414 1428 2577 1483 imber
2596 1428 2944 1500 infinnitatis,
2973 1428 3285 1498 praedicatio
3315 1428 3661 1483 humanitatis

2057 1518 2276 1576 Christi.
2308 1548 2379 1559 —
2407 1516 2589 1573 Imber
2621 1517 2821 1590 quippe
2853 1515 3204 1573 forttiudinis
3233 1518 3331 1573 Dei
3362 1526 3444 1573 est
3467 1518 3661 1590 praedi-

2053 1608 2197 1666 catio
2215 1607 2549 1664 divinitatis.
2584 1609 2720 1665 Nam
2752 1606 2929 1664 imber
2961 1607 3304 1665 inﬁrmitatis
3353 1615 3439 1664 est
3466 1607 3661 1680 praedi-

2054 1698 2201 1755 catio
2229 1696 2350 1768 ejus
2384 1696 2801 1765 incarnationis,
2826 1696 2892 1753 de
2910 1704 3018 1770 qua
3044 1713 3142 1769 per
3170 1697 3403 1753 Paulum
3425 1695 3656 1753 dicitur:

331 1786 452 1845 vat.
484 1795 573 1836 eas
618 1779 711 1852 pio
766 1778 1140 1836 moderamine
1196 1794 1295 1851 pro
1351 1777 1592 1834 fraterna
1648 1776 1945 1833 dilectione
1976 1798 2023 1858 Β
2057 1787 2207 1853 Quod
2236 1786 2509 1857 infirmum
2538 1792 2611 1840 est
2639 1784 3064 1855 Dei,fortiusest
3080 1786 3377 1841 hominibus
3396 1786 3454 1857 (Ι
3473 1788 3597 1845 Cor.
3620 1806 3659 1856 ι,

332 1871 503 1927 etiam
531 1866 599 1925 ad
627 1867 1001 1924 humilitatem
1033 1866 1513 1925 condescensionis
1546 1866 1770 1935 format,
1803 1874 1949 1922 recte

332 1959 548 2015 dicitur
578 1975 592 2016 :
628 1958 729 2027 Qui
753 1958 997 2030 praecipit
1039 1958 1152 2014 nivi
1200 1964 1260 2014 ut
1304 1958 1579 2014 descendat
1620 1956 1677 2013 in
1726 1961 1946 2012 terram.

338 2048 447 2105 Ubi
477 2057 529 2106 et
556 2058 678 2122 apte
706 2046 1065 2121 subjungitur
1098 2066 1110 2105 :
1144 2050 1219 2106 Et
1248 2048 1435 2105 hiemis
1458 2047 1665 2122 pluviis
1696 2050 1845 2109 874
1904 2050 1952 2100 et

336 2144 501 2201 imbri
525 2144 863 2217 fortitudinis
891 2163 1018 2204 sum.

408 2297 494 2356 45.
528 2299 706 2356 Hiems
738 2304 814 2355 est
839 2300 952 2355 vita
976 2315 1234 2372 prcesens,
1258 2299 1315 2355 in
1343 2316 1451 2372 qua
1479 2305 1951 2370 sanctorumprce—

336 2387 633 2445 dicatorum
662 2388 941 2445 abundant
964 2388 1180 2460 pluviae.
1204 2420 1274 2431 —
1296 2389 1484 2445 Hiems
1505 2389 1708 2463 quippe
1737 2397 1820 2445 est
1835 2387 1953 2443 vita

334 2493 594 2550 prensans,
627 2478 685 2534 in
716 2495 825 2552 qua
850 2494 951 2533 nos
979 2479 1081 2534 etsi
1106 2477 1221 2549 jam
1253 2494 1373 2549 spes
1403 2477 1473 2533 ad
1502 2493 1738 2549 superna
1767 2476 1948 2548 erigit,

332 2566 521 2625 adhuc
568 2577 756 2624 tamen
807 2567 1168 2622 mortalitatis
1223 2574 1424 2622 nostra:
1472 2566 1711 2637 frigidus
1765 2572 1953 2637 torpor

332 2654 621 2725 astringit,
652 2653 781 2726 quia
811 2652 1077 2725 scriptum
1107 2663 1190 2710 est
1222 2673 1233 2711 :
1263 2654 1470 2725 Corpus
1496 2654 1635 2725 quod
1664 2652 1955 2725 corrumpi-

337 2750 439 2797 tur
487 2748 749 2814 aggravat
793 2743 1051 2809 animam,
1083 2749 1129 2797 et
1157 2743 1405 2814 deprimit
1461 2748 1669 2798 terrena
1699 2742 1952 2798 habitatio

333 2848 549 2889 sensum
582 2832 753 2887 multa
781 2832 1090 2903 cogitantem
1123 2832 1387 2903 (Sap.1x,
1415 2832 1529 2903 15).
1566 2832 1741 2888 Habet
1768 2841 1954 2889 autem

335 2921 459 2978 haec
489 2920 671 2977 hiems
699 2920 939 2993 pluvias,
972 2929 1246 2977 rectorum
1270 2922 1462 2993 procul
1491 2920 1663 2977 dubio
1689 2921 1953 2994 praedica-

338 3012 537 3070 tiones.
563 3013 643 3067 De
673 3008 874 3085 quibus
902 3009 1163 3066 videlicet
1194 3009 1402 3082 pluviis
1431 3026 1528 3082 per
1560 3011 1788 3082 Moysen
1819 3010 1957 3066 dici-

338 3109 431 3158 tur
492 3119 503 3157 :
566 3102 919 3173 Exspectetur
946 3099 1081 3154 sicut
1129 3099 1320 3170 pluvia
1376 3100 1641 3170 eloquium
1681 3117 1873 3166 meum,
1905 3107 1952 3155 et

341 3191 652 3247 descendant
679 3162 813 3246 sicut
835 3206 925 3245 ros
966 3162 1269 3245 verba-mea
1306 3162 1492 3259 (Deut.
1527 3206 1708 3258 χχχιι,
1741 3189 1824 3260 2).
1855 3162 1949 3246 Iiae
1984 3162 2029 3224 δ

343 3284 606 3344 nimirum
642 3283 847 3356 pluvia:
876 3281 1031 3338 hieni
1061 3290 1395 3354 congruunt,
1422 3289 1607 3338 aestate
1637 3283 1949 3350 cessabunt,

340 3375 472 3450 quia
500 3390 627 3432 cum
680 3387 828 3429 nunc
859 3372 1165 3429 carnalium
1215 3372 1392 3429 oculis
1422 3372 1540 3427 vita
1566 3372 1804 3429 caelestis
1832 3371 1950 3428 abs-

340 3464 619 3532 conditur,
678 3478 896 3520 necesse
942 3472 1024 3519 est
1051 3470 1113 3518 ut
1142 3471 1457 3518 sanctorum
1505 3462 1665 3519 nobis
1692 3461 1949 3535 praedica-

340 3553 589 3611 tionibus
614 3553 637 3587 ²
684 3552 968 3609 irroretur.
1004 3551 1143 3609 Cum
1187 3567 1318 3606 vero
1346 3551 1535 3607 aeterni
1558 3550 1761 3622 judicii
1789 3558 1953 3607 aestus

342 3641 714 3711 incanduerit,
759 3642 949 3699 nullus
977 3641 1147 3698 verba
1176 3641 1599 3714 praedicantium
1650 3639 1951 3697 necessaria

262 3753 273 3759 δ
342 3743 486 3791 tunc
530 3730 771 3801 habebit,
821 3731 973 3806 quia,
1006 3730 1263 3787 veniente
1301 3730 1513 3802 judice,
1545 3728 1614 3785 ad
1643 3746 1738 3786 cor
1788 3746 1949 3785 suum

341 3823 580 3897 quisque
608 3820 916 3890 reducitur,
949 3829 1014 3877 ut
1041 3825 1229 3877 sancta
1251 3816 1365 3890 jam
1396 3834 1522 3874 cum
1544 3833 1702 3890 agere
1720 3833 1831 3872 non
1862 3833 1953 3873 va-

342 3914 422 3969 let
450 3911 672 3981 sentiat,
705 3917 758 3967 et
787 3920 1000 3969 rectum
1031 3908 1179 3983 quod
1218 3906 1372 3983 sequi
1403 3906 1598 3964 debuit
1628 3924 1698 3964 ex
1730 3907 1951 3964 tortitu-

342 4004 493 4061 diuis
522 4020 635 4060 sua:
663 4018 825 4076 poena
847 4010 1161 4075 cognoscat.
1179 3998 1332 4058 Unde
1356 3999 1495 4056 bene
1512 4015 1609 4073 per
1626 3998 1951 4074 prophetam

341 4092 549 4151 dicitur
581 4111 593 4150 :
631 4095 901 4167 Congrega
930 4110 1013 4148 eos
1051 4091 1207 4164 quasi
1259 4108 1461 4164 gregem
1489 4092 1561 4147 ad
1588 4092 1875 4157 victimam,
1906 4097 1955 4146 et

342 4185 614 4258 sancti/ica
638 4201 723 4239 eos
752 4184 809 4238 in
844 4182 927 4238 die
954 4182 1231 4237 occisionis
1263 4180 1479 4253 (Jerem.
1512 4197 1614 4251 χιι,
1648 4180 1726 4254 3).
1772 4181 1835 4237 In
1862 4179 1951 4237 die

343 4273 493 4331 enim
549 4272 849 4331 occisionis
887 4270 1301 4328 sanctiﬁcantur
1353 4270 1592 4342 reprobi,
1644 4270 1774 4345 quia
1818 4276 1953 4325 tunc

346 4373 537 4422 sancta
587 4380 708 4438 qua;
755 4361 1067 4420 debuerunt
1112 4376 1270 4433 agere
1327 4359 1596 4428 sentiunt,
1628 4375 1753 4417 cum
1786 4358 1952 4431 digna

347 4454 640 4529 pravitatis
668 4471 780 4512 sua:
810 4452 1083 4526 supplicia
1106 4450 1220 4523 jam
1252 4449 1530 4507 declinare
1558 4465 1669 4505 non
1699 4456 1946 4522 possunt.

2059 1875 2175 1945 25).
2207 1874 2279 1928 Et
2318 1891 2536 1930 rursum
2563 1892 2574 1930 :
2611 1874 2669 1929 Si
2698 1874 2987 1945 cruciﬁxus
3016 1882 3091 1930 est
3118 1893 3183 1931 ex
3214 1876 3540 1947 inﬁrmitate,
3573 1878 3661 1933 sed

2058 1963 2189 2019 vivit
2217 1979 2281 2018 ex
2312 1964 2504 2019 virtute
2530 1964 2630 2020 Dei
2657 1964 2752 2033 (ΙΙ
2769 1963 2893 2020 Cor.
2914 1979 3039 2031 xm,
3064 1963 3145 2037 4).
3166 1964 3256 2021 Sic
3271 1973 3454 2021 autem
3484 1965 3660 2022 sancti

2059 2054 2169 2110 viri
2222 2053 2584 2109 humanitatis
2612 2052 2731 2126 ejus
2763 2053 2981 2111 inﬁrma
3008 2055 3329 2128 praedicant,
3359 2064 3423 2112 ut
3451 2056 3661 2112 audito-

2059 2160 2182 2201 rum
2199 2159 2425 2200 suorum
2458 2143 2719 2200 cordibus
2749 2144 2915 2200 etiam
2946 2143 3258 2200 divinitatis
3284 2144 3451 2200 fortia
3477 2142 3663 2200 infun-

2060 2232 2213 2293 dant.
2237 2232 2543 2291 Audiamus
2590 2250 2686 2306 per
2704 2233 3013 2291 tonitruum
3041 2232 3227 2301 nubis,
3253 2232 3487 2290 imbrem
3508 2233 3663 2291 forti-

2060 2323 2274 2381 tudinis
2306 2341 2318 2380 :
2353 2325 2420 2381 In
2442 2324 2713 2397 principio
2742 2329 2857 2380 erat
2901 2323 3143 2393 Verbum,
3174 2330 3222 2379 et
3266 2322 3488 2381 Verbum
3548 2329 3665 2381 erat

2059 2414 2206 2485 apud
2263 2414 2452 2483 Deum,
2482 2419 2529 2469 et
2554 2414 2697 2470 Deus
2725 2420 2842 2470 erat
2876 2412 3099 2471 Verbum
3126 2413 3315 2483 (Joan.
3350 2429 3390 2481 ι,
3441 2413 3519 2486 1).
3552 2416 3663 2470 Au-

2061 2504 2277 2561 diamus
2306 2502 2737 2560 etiamimbrem
2759 2501 3131 2559 inﬁrmitatis:
3176 2500 3394 2560 Verbum
3424 2518 3549 2557 caro
3573 2500 3663 2573 fa-

2062 2600 2199 2649 ctum
2219 2599 2311 2663 est,
2335 2599 2383 2649 et
2411 2592 2669 2649 habitavit
2696 2593 2753 2648 in
2775 2592 2924 2648 nobis
2952 2591 3147 2663 (Ibid.,
3182 2590 3297 2662 14).
3352 2591 3664 2649 Audiamus

2062 2684 2293 2740 imbrem
2333 2684 2709 2742 fortitudinis:
2747 2683 2938 2742 Omnia
2962 2699 3063 2755 per
3090 2683 3263 2755 ipsum
3290 2680 3435 2752 facta
3462 2688 3606 2749 sunt,
3619 2689 3667 2739 et

2063 2774 2172 2830 sine
2199 2775 2311 2846 ipso
2337 2773 2538 2845 factum
2552 2780 2626 2830 est
2654 2773 2809 2830 nihil.
2831 2771 2982 2840 Quod
2999 2771 3202 2843 factum
3220 2777 3311 2839 est,
3343 2772 3399 2826 in
3426 2771 3541 2845 ipso
3556 2773 3665 2829 vita

2062 2869 2177 2919 erat
2196 2864 2381 2935 (Ibid.,
2401 2862 2479 2935 3).
2505 2862 2811 2919 Audiamus
2840 2861 3007 2917 etiam
3027 2860 3261 2916 imbrem
3284 2859 3625 2918 inﬁrmitatis
3650 2878 3663 2917 :

2065 2958 2129 3013 In
2144 2956 2366 3027 propria
2395 2956 2553 3022 venit,
2572 2961 2619 3010 et
2637 2955 2721 3009 sui
2740 2970 2855 3010 eum
2874 2969 2980 3008 non
2996 2958 3301 3024 receperunt
3326 2952 3522 3023 (Ibid.,
3546 2952 3662 3024 11).

2064 3045 2233 3102 Imbri
2260 3061 2389 3117 ergo
2419 3042 2765 3101 fortitudinis
2793 3059 2904 3098 sua:
2930 3040 3181 3113 praecipit
3236 3046 3299 3095 ut
3345 3039 3403 3095 in
3462 3049 3662 3097 terram

2064 3134 2377 3203 descendat,
2401 3134 2531 3208 quia
2564 3142 2877 3190 sanctorum
2902 3146 3127 3187 suorum
3159 3128 3388 3185 vocibus
3409 3129 3489 3187 sic
3508 3130 3667 3186 nobis

2064 3225 2425 3283 humanitatis
2474 3240 2585 3280 suae
2634 3221 2854 3278 inﬁrma
2910 3218 3191 3293 praedicat,
3223 3227 3285 3276 ut
3313 3218 3475 3275 nobis
3501 3220 3665 3276 etiam

2060 3316 2202 3373 mira
2230 3325 2283 3373 et
2311 3315 2477 3372 fortia
2504 3330 2616 3371 suae
2654 3311 2967 3369 divinitatis
3013 3310 3347 3365 innotescat.
3402 3309 3509 3366 Sed
3536 3327 3663 3368 cum

2060 3409 2325 3465 virtutem
2355 3407 2531 3464 nostri
2562 3403 2866 3463 conditoris
2887 3400 3165 3470 audimus,
3184 3400 3374 3457 statim
3405 3399 3474 3457 ad
3503 3400 3669 3458 corda

2060 3504 2248 3554 nostra
2268 3499 2289 3533 ‘
2315 3495 2616 3553 formidine
2632 3495 2995 3568 compellente
3015 3491 3354 3560 reducimur,
3378 3501 3432 3548 et
3451 3498 3666 3548 tantum

2060 3602 2223 3658 super
2251 3603 2351 3642 nos
2372 3585 2617 3657 judicem
2651 3585 3066 3658 perpendentes,
3102 3585 3248 3645 875
3285 3580 3306 3614 ⁵
3338 3599 3459 3657 qua:
3480 3581 3667 3654 digne,

2061 3691 2250 3749 quaeve
2299 3675 2510 3748 egimus
2544 3674 2788 3747 indigne,
2844 3691 3155 3747 pensamus.
3217 3675 3376 3736 Unde
3434 3682 3489 3731 et
3529 3671 3669 3728 bene

2062 3765 2425 3839 subjungitur
2456 3784 2469 3822 :

2440 3880 2668 3939 CAPUT
2723 3880 2885 3941 XXV
2917 3881 3059 3957 [Rec.
3110 3878 3285 3957 XVI].

2132 3970 2303 4030 Vsus.
2337 3970 2389 4027 7.
2418 4000 2491 4013 —
2523 3971 2626 4039 Qui
2640 3972 2697 4026 in
2716 3988 2879 4028 manu
2906 3974 3141 4029 omnium
3169 3972 3441 4029 hominum
3471 3966 3668 4044 signat,

2061 4067 2120 4119 ut
2145 4061 2391 4117 noverint
2415 4060 2613 4133 singuli
2649 4078 2812 4133 opera
2840 4079 2959 4119 sua.

2130 4151 2218 4207 47.
2261 4150 2621 4224 Cognoscendo
2653 4151 2820 4207 Deum
2845 4160 3045 4210 nosmet
3098 4151 3453 4226 agnoscimus,
3504 4158 3552 4209 et
3578 4169 3669 4208 se-

2058 4241 2239 4297 verius
2266 4239 2813 4311 judicamus.—Mala
2841 4243 2989 4299 enim
3042 4260 3167 4317 quae
3198 4253 3365 4318 agunt
3394 4243 3667 4311 homines,

2058 4349 2287 4405 pensare
2339 4340 2723 4389 contemnunt.
2776 4333 2882 4390 Sed
2920 4351 3046 4392 cum
3094 4336 3359 4392 virtutem
3421 4350 3669 4407 supernae

2059 4422 2425 4480 districtionis
2456 4423 2713 4493 audiunt,
2738 4439 3039 4497 pravorum
3072 4442 3296 4498 operum
3321 4424 3427 4481 hoc
3446 4423 3592 4497 quod
3614 4438 3671 4479 se

344 4510 1145 4617 iluiavautemvprzedidatione's
1170 4548 1370 4596 sanctae
1391 4555 1518 4596 cum
1545 4538 1661 4594 vita
1681 4510 1955 4610 praesenti,
1986 4534 2035 4594 D
2066 4510 2327 4617 del‘ﬂmit
2356 4510 2600 4617 _P9fldu§
2633 4522 2955 4617 ξξὲηίξδοιξηῐ.
3006 4513 3422 4617 Przedicationis
3470 4512 3670 4617 quippe

347 4633 405 4691 id
435 4644 518 4692 est
546 4635 752 4709 pluviae
796 4650 922 4690 cum
971 4631 1155 4688 hieme
1198 4631 1514 4699 cessabunt,
1548 4637 1693 4686 recte
1728 4629 1953 4685 exeunti

346 4725 570 4794 anime,
602 4726 623 4761 ³
659 4734 823 4798 atque
851 4722 920 4779 ad
949 4729 1165 4778 aeterna":
1211 4720 1497 4777 felicitatis
1544 4719 1736 4775 aestiva
1764 4733 1955 4791 prope-

348 4815 515 4884 ranti,
543 4814 733 4887 sponsi
748 4830 883 4870 voce
904 4811 1186 4870 suadentis
1212 4809 1424 4867 dicitur
1447 4826 1459 4865 :
1494 4809 1684 4881 Surge,
1694 4825 1953 4881 propera,

345 4908 521 4964 amica
550 4924 684 4972 mea,
712 4905 953 4977 formosa
982 4920 1116 4970 mea,
1165 4907 1213 4957 et
1268 4900 1415 4968 veni;
1451 4898 1571 4968 jam
1605 4900 1741 4955 enim
1795 4898 1957 4953 hiems

349 4996 590 5063 transiit,
614 4995 779 5051 imber
807 4994 939 5051 abiit
952 5000 999 5050 et
1026 4992 1240 5050 recessit
1259 4991 1443 5064 (Cant.
1477 4988 1956 5062 11,!0,iI).Trans-

348 5094 516 5143 eunte
545 5086 748 5160 quippe
793 5082 995 5155 hieme,
1044 5081 1221 5140 imber
1248 5078 1478 5150 recedit,
1510 5077 1640 5153 quia
1668 5094 1793 5136 cum
1843 5076 1960 5134 vita

430 5286 445 5323 ί
479 5282 745 5355 Vindoc.,
775 5290 824 5341 et
846 5288 1170 5356 persecutor,
1211 5286 1259 5337 et
1288 5276 1694 5356 contumeliosus
1716 5276 1842 5356 ,‘sed
1870 5274 1966 5356 mi-

351 5359 702 5414 sericordiam
720 5350 1019 5413 consscutus
1049 5371 1188 5419 sum,
1218 5353 1347 5424 quia
1380 5353 1631 5423 ignorans
1656 5350 1762 5421 feci
1789 5354 1845 5408 in
1871 5352 1967 5407 in-

352 5430 697 5487 credulitate.

428 5503 453 5538 ⁸
482 5499 741 5574 Longip.,
761 5498 1151 5574 manifestetur.

428 5576 451 5610 ³
480 5558 867 5641 Ebr3icehses,
912 5558 1125 5642 aliique
1172 5564 1433 5623 Norman.
1485 5574 1539 5624 et
1583 5565 1847 5634 Vindoc.,
1896 5558 1969 5620 ad

353 5647 542 5702 cestiva
563 5641 1110 5717 wternaproperanti.

428 5720 451 5754 ⁸
479 5718 707 5791 Decem.
727 5708 927 5791 Vulgi,
948 5712 1271 5791 fortitudine
1299 5709 1739 5791 compellentejn
1768 5708 1966 5791 veteri-

354 5789 463 5847 bus
495 5788 668 5847 Paris.
701 5796 756 5846 et
784 5780 957 5845 Basili
978 5786 1178 5859 legitur
1206 5793 1268 5843 ut
1303 5785 1362 5843 in
1377 5780 1504 5842 Mss.
1529 5780 1791 5848 Vindoc.,
1826 5781 1965 5838 Loné

646 5886 885 5943 Ρλτιιοι..
920 5882 1171 5943 LXXVI.

2062 4601 2247 4657 verbis
2276 4603 2478 4673 pulsati
2500 4602 2790 4674 evigilant,
2808 4613 2870 4661 ut
2891 4613 3120 4677 pensent
3149 4604 3217 4661 ad
3247 4621 3370 4678 quae
3399 4601 3669 4675 supplicia

2064 4708 2179 4749 sese
2225 4692 2467 4765 antiquae
2522 4691 2758 4748 actionis
2805 4693 3064 4749 meritum
3112 4692 3314 4749 trahat.
3367 4692 3510 4747 Dum
3542 4703 3669 4758 ergo

2065 4781 2242 4838 imber
2271 4781 2619 4839 fortitudinis
2657 4783 2715 4838 in
2773 4789 2974 4839 terram
3036 4781 3357 4848 descendit,
3390 4780 3447 4833 in
3504 4790 3672 4832 manu

2064 4872 2503 4947 uniuscujusque
2549 4873 2817 4946 signatur,
2871 4883 2935 4931 ut
2980 4890 3079 4931 sua
3133 4887 3296 4944 opera
3344 4868 3499 4935 sciat,
3543 4864 3674 4939 quia

2065 4965 2198 5023 dum
2215 4966 2394 5022 virtus
2411 4967 2993 5042 incomprehensibilis
3012 4964 3316 5036 majestatis
3335 4958 3669 5033 agnoscitur,

2066 5055 2134 5113 ab
2162 5071 2496 5129 unoquoque
2537 5056 2803 5113 subtilius
2833 5072 2933 5113 sua
2962 5055 3076 5111 vita
3104 5057 3382 5125 pensatur.

2075 5274 2309 5353 gipont.,
2344 5274 2565 5338 EBroic.
2585 5282 2638 5337 et
2663 5276 2789 5336 aliis
2815 5270 3192 5344 Normanniae,
3221 5269 3513 5345 formidine
3538 5286 3672 5328 com.

2069 5353 2397 5478 Ρείεῑῗῖξξὶθι.
2448 5431 2501 5477 et
2549 5418 2644 5492 alii
2692 5418 2979 5488 Norman.,
3030 5435 3161 5492 qua,
3193 5419 3388 5492 egimus
3442 5416 3672 5488 indigne.

2076 5494 2280 5551 omisso
2299 5500 2357 5554 τό
2401 5511 2519 5563 quae
2565 5491 2754 5561 digne;
2799 5508 2902 5549 nec
2948 5490 3247 5560 immerito,
3293 5506 3418 5545 nam
3450 5497 3675 5561 urgente

2075 5571 2273 5653 timore
2303 5574 2537 5653 extremi
2551 5571 2752 5645 judicii
2783 5572 2926 5627 mala
2946 5587 3119 5653 opera
3144 5570 3330 5653 potius
3348 5584 3510 5641 quam
3531 5573 3676 5653 {'0le

2076 5638 2222 5699 facta
2252 5646 2426 5700 menti
2468 5637 2786 5712 occurrunt,
2808 5653 2913 5701 etc.
2945 5637 3294 5700 Retinuimus
3316 5637 3500 5696 tamen
3531 5637 3677 5693 hanc

2078 5713 2203 5773 lect.
2237 5732 2359 5789 quae
2382 5726 2464 5775 est
2483 5717 2832 5774 Excusorum
2864 5715 3132 5772 omnium.

3358 5890 3424 5946 14
