4152 6182
576 320 676 386 427

1805 319 2054 382 SANCTI
2093 320 2428 386 GBEGOBII
2464 320 2688 382 MAGNI
3769 322 3864 382 538

647 453 737 510 48.
770 452 1029 510 Naturali
1061 448 1276 517 lumine,
1307 457 1561 522 tanquam
1589 452 1692 522 lege
1718 451 1926 520 mentis,
1950 467 2180 522 pravum
2207 455 2257 514 Α
2287 451 2403 507 rius
2443 451 2628 523 (Num.
2677 451 2826 524 XIX),
2845 453 2865 487 ‘
2895 449 3126 508 nubium
3167 448 3265 507 Dei
3313 449 3546 507 virtutes
3594 450 3866 521 intulerat,

574 547 622 596 el
640 546 838 597 rectum
857 539 1436 608 innotescunt—Quod
1465 549 1651 597 tamen
1673 537 1909 612 intelligi
1937 548 1990 596 et
2005 539 2166 596 aliter

574 638 770 704 potest.
801 630 1026 689 Creator
1067 646 1305 704 namque
1341 629 1694 703 omnipotens
1738 645 1769 684 a
1809 628 2023 686 cunctis
2068 629 2167 685 in-

573 719 924 778 sensibilibus
979 719 1560 792 irrationabilibusque
1589 720 1604 753 ¹
1635 717 1956 775 distinctum
1987 719 2163 775 ratio—

571 808 807 866 nabilem
859 817 1165 866 creaturam
1220 808 1502 865 hominem
1568 807 1836 875 condidit,
1896 817 2164 880 quatenus

570 897 717 972 quod
745 898 916 971 egerit
945 898 1196 972 ignorare
1234 913 1346 954 non
1393 897 1584 969 possit.
1616 897 1836 954 Naturae
1863 897 2012 953 enim
2049 897 2164 969 lege

569 988 708 1045 scire
737 987 1109 1060 compellitur,
1153 1003 1249 1044 seu
1278 1003 1512 1060 pravum
1539 987 1657 1043 sive
1678 995 1888 1044 rectum
1919 987 1993 1043 sit
2019 984 2166 1059 quod

567 1086 842 1150 operatur,
873 1078 1009 1134 Nam
1039 1075 1108 1134 ad
1129 1076 1406 1150 judicium
1427 1092 1526 1149 pro
1545 1077 1762 1133 actione
1789 1094 1889 1134 cur
1917 1075 2090 1144 venit,
2119 1075 2165 1130 si

567 1167 748 1238 potuit
773 1166 982 1225 nescire
1014 1164 1164 1239 quod
1191 1165 1346 1239 egit?
1372 1166 1444 1223 Et
1472 1165 1577 1238 ipsi
1605 1181 1734 1238 ergo
1763 1166 1858 1238 qui
1881 1163 2165 1237 praceptis

566 1256 862 1313 dominicis
891 1255 1100 1312 erudiri
1129 1264 1510 1324 contemnunt,
1541 1263 1724 1311 utrum
1753 1254 1897 1312 bona
1921 1271 1991 1310 an
2020 1253 2166 1309 mala

567 1347 680 1403 sint
706 1361 828 1420 qua
871 1345 1082 1402 faciunt
1118 1344 1324 1401 sciunt.
1353 1343 1491 1400 Nam
1519 1343 1566 1399 si
1596 1343 1742 1399 bona
1770 1359 1827 1400 se
1856 1343 2034 1400 facere
2059 1359 2167 1398 ne-

565 1435 768 1504 sciunt,
797 1451 896 1492 cur
935 1434 1003 1490 de
1030 1432 1307 1506 aliquibus
1357 1431 1516 1490 factis
1546 1432 1604 1488 in
1634 1432 2007 1488 ostentatione
2039 1431 2167 1504 glo-

564 1523 780 1580 riantur
799 1523 828 1579 ‘l
853 1524 1091 1581 Rursum
1121 1522 1171 1578 si
1199 1522 1344 1578 mala
1379 1537 1437 1579 se
1481 1537 1640 1594 agere
1671 1522 1948 1594 ignorant,
1977 1537 2078 1580 cur
2107 1521 2166 1576 in

565 1611 770 1669 eisdem
791 1610 954 1669 factis
972 1611 1183 1668 alienos
1212 1611 1404 1669 oculos
1419 1611 1735 1668 declinant?
1756 1611 1865 1684 Ipsi
1896 1610 2045 1666 enim
2061 1609 2166 1666 sibi

565 1710 728 1758 testes
756 1707 903 1770 sunt,
935 1701 1066 1775 quia
1092 1701 1278 1759 sciunt
1331 1701 1538 1758 malum
1598 1717 1715 1758 esse
1771 1699 1920 1774 quod
1974 1707 2162 1772 agunt,

2273 541 2385 613 agit
2409 557 2558 597 nunc
2585 548 2647 597 ut
2674 549 2866 598 contra
2893 541 3166 598 bonorum
3196 540 3368 596 vitam
3391 539 3557 596 etiam
3577 539 3868 597 adversarii

2275 631 2718 705 impugnationes
2744 633 3071 689 innotescat.
3104 631 3240 687 Nam
3279 629 3530 702 sequitur
3559 646 3570 684 :

2477 719 2707 778 CAPUT
2741 720 2927 778 XXVI
2960 720 3098 794 [Vet.
3131 721 3280 787 XIX,
3316 721 3435 776 Rec.
3469 716 3675 792 XVII].

2347 809 2520 866 Vnus.
2552 810 2605 866 8.
2639 840 2710 851 —
2739 810 3080 881 Ingredietur
3114 808 3276 864 bestia
3319 807 3600 864 latibulum
3627 823 3804 875 suum,
3833 813 3878 862 et

2275 898 2332 954 in
2364 905 2523 954 antro
2551 916 2648 954 suo
2677 899 2996 956 morabitur.

2343 987 2431 1046 49.
2464 988 2682 1044 Diaboli
2708 996 2927 1044 antrum
2955 985 3340 1051 Antichristus,
3370 989 3420 1040 et
3444 983 3662 1056 reprobi
3683 1001 3876 1039 omnes.

2275 1109 2345 1120 —
2370 1078 2505 1146 Quis
2543 1081 2685 1136 alius
2715 1079 2941 1134 nomine
2985 1075 3198 1144 bestia,
3250 1073 3358 1130 nisi
3401 1076 3663 1148 antiquus
3711 1072 3882 1129 hostis

2275 1173 2560 1244 accipitur,
2587 1173 2680 1247 qui
2701 1172 3087 1244 deceptionem
3113 1168 3282 1242 primi
3302 1167 3551 1224 hominis
3577 1183 3760 1223 savus
3785 1166 3882 1222 im-

2277 1261 2467 1333 petiit,
2513 1270 2566 1318 et
2623 1261 2998 1333 integritatem
3047 1257 3175 1313 vita
3221 1256 3378 1312 illius
3420 1257 3561 1312 male
3604 1256 3883 1313 suadendo

2274 1350 2548 1407 laniavit?
2577 1350 2782 1408 Contra
2811 1366 2973 1422 quem
3013 1345 3294 1420 propheta
3333 1347 3564 1403 vocibus
3593 1346 3662 1403 de
3691 1355 3882 1403 sancta

2276 1441 2578 1496 electorum
2609 1439 2857 1495 Ecclesia
2877 1439 2934 1494 in
2970 1435 3260 1508 antiquum
3290 1443 3493 1491 statum
3525 1434 3884 1492 restauranda

2277 1529 2625 1602 promittitur
2657 1547 2668 1584 :
2702 1530 2776 1584 Et
2817 1529 2962 1584 mala
3009 1526 3171 1582 bestia
3219 1542 3323 1580 non
3354 1524 3602 1580 transibit
3626 1542 3727 1596 per
3769 1541 3884 1578 eam

2275 1619 2440 1688 (Isai.
2478 1635 2654 1687 xxxv,
2703 1617 2786 1690 9).
2838 1617 2943 1674 Sed
2985 1615 3103 1672 hac
3147 1614 3322 1672 bestia
3363 1631 3488 1670 cum
3521 1616 3543 1650 ⁶
3601 1621 3721 1686 post
3768 1614 3885 1669 lle-

2276 1708 2582 1780 demptoris
2597 1708 2919 1776 adventum,
2945 1717 3067 1780 post
3087 1707 3505 1780 pradicatorum
3523 1722 3703 1773 voces,
3723 1704 3883 1778 quasi

565 1793 713 1866 quod
742 1791 919 1848 videri
945 1791 1014 1848 ab
1042 1791 1170 1848 aliis
1195 1799 1472 1848 verentur.
1489 1791 1547 1847 Si
1576 1791 1728 1846 enim
1751 1789 2026 1845 veraciter
2054 1804 2165 1842 ma-
2195 1823 2242 1882 Β
2274 1805 2397 1870 post
2424 1797 2735 1853 tonitruum
2768 1797 3002 1853 nubium
3035 1799 3092 1853 in
3125 1797 3238 1854 ﬁne
3265 1797 3452 1854 mundi
3479 1796 3635 1852 illum
3657 1795 3885 1851 damna.

565 1882 681 1936 lum
709 1897 826 1938 esse
871 1897 983 1937 non
1043 1880 1346 1947 crederent,
1416 1893 1761 1951 nequaquam
1793 1877 1899 1934 hoc
1941 1875 2010 1931 ab
2039 1874 2164 1931 aliis

563 1968 743 2024 videri
773 1967 1154 2024 formidarent.
1191 1966 1347 2024 Unde
1373 1974 1428 2024 et
1454 1966 1594 2023 bene
1635 1981 1733 2038 per
1761 1963 2053 2038 quemdam
2083 1978 2163 2018 sa-

564 2057 800 2130 pientem
822 2055 1028 2114 dicitur
1052 2073 1064 2111 :
1093 2055 1228 2114 Cum
1246 2057 1316 2111 sit
1345 2055 1531 2111 timida
1545 2055 1804 2127 nequitia,
1832 2054 1925 2109 dat
1941 2052 2163 2108 testimo-

551 2147 712 2201 nium
753 2145 1174 2202 condemnationi
1216 2145 1378 2217 (Sap.
1423 2161 1567 2212 xvn,
1619 2144 1736 2215 10).
1771 2143 1914 2211 Quia
1933 2142 2068 2198 dum
2095 2139 2164 2198 de

565 2233 712 2290 facto
743 2249 844 2290 suo
876 2234 898 2268 ³
927 2231 1322 2291 conscientiam
1366 2233 1592 2305 pulsans
1637 2232 1808 2288 timor
1864 2230 2162 2302 redarguit,

572 2334 688 2408 ipsa
717 2331 825 2389 sibi
853 2331 1238 2389 testimonium
1260 2330 1513 2404 perhibet
1532 2329 1850 2387 damnabile
1875 2345 1992 2386 esse
2019 2327 2168 2402 quod

565 2425 697 2499 agit.
729 2423 850 2493 Quo
871 2431 1064 2482 contra
1081 2438 1179 2496 per
1191 2421 1458 2479 Joannem
1474 2421 1682 2478 dicitur
1704 2439 1716 2477 :
1743 2420 1802 2478 Si
1817 2437 1908 2475 cor
1925 2426 2169 2475 nostrum

565 2532 672 2570 non
696 2513 1089 2586 reprehenderit
1124 2529 1237 2581 nos,
1269 2511 1520 2584 ﬁduciam
1547 2510 1794 2566 habemus
1827 2509 1974 2580 apud
2001 2509 2170 2564 Deum

564 2605 890 2676 (IJoan.m,
913 2601 1030 2674 21).
1049 2601 1287 2672 Fugiant
1305 2616 1433 2672 ergo
1452 2599 1632 2672 iniqui
1661 2598 1936 2654 humanos
1959 2597 2168 2664 oculos,

567 2693 888 2763 semetipsos
900 2697 1045 2748 certe
1064 2688 1252 2761 fugere
1264 2704 1376 2744 non
1392 2687 1790 2760 possunt.quia
1803 2686 2166 2742 enimmalum

544 2780 715 2856 'quod
742 2780 955 2837 faciunt
973 2785 1272 2847 noverunt,
1293 2777 1498 2834 habent
1520 2784 1716 2834 testem
1745 2775 2166 2842 conscientiam,

569 2870 774 2928 habent
782 2867 1028 2942 judicem
1043 2867 1314 2924 rationem
1329 2867 1575 2924 suam.ln
1595 2873 1818 2940 peccato
1834 2865 2006 2938 igitur
2020 2863 2168 2937 quod

568 2959 926 3018 committunt
952 2957 1106 3032 prius
1134 2965 1329 3015 contra
1369 2973 1427 3014 se
1449 2955 1727 3030 judicium
1775 2970 1886 3011 sua
1930 2951 2166 3010 rationis

569 3049 885 3118 inveniunt,
914 3055 970 3104 et
996 3053 1118 3120 post
1137 3045 1208 3104 ad
1235 3045 1640 3103 districtionem
1670 3041 1864 3100 aterni
1893 3041 2168 3099 examinis

555 3141 965 3214 perducuntur.
1007 3138 1078 3192 Et
1132 3135 1239 3192 hoc
1279 3143 1362 3192 est
1409 3135 1638 3192 fortasse
1681 3131 1832 3208 quod
1869 3147 1966 3204 per
2006 3130 2169 3186 Psal-

569 3231 788 3286 mistam
837 3226 1083 3283 dicitur:
1131 3225 1369 3296 Abyssus
1413 3225 1660 3295 abyssum
1698 3223 1911 3276 invocat
1952 3220 2011 3274 in
2049 3236 2169 3274 voce

569 3323 963 3375 cataractarum
992 3321 1208 3370 tuarum
1239 3313 1412 3385 (Psal.
1444 3329 1561 3381 xu,
1590 3311 1672 3384 8).
1695 3309 1836 3379 Quia
1863 3308 1997 3365 dum
2026 3309 2167 3366 miro

571 3407 765 3465 ordine
792 3402 1174 3480 dispositionis
1198 3401 1428 3459 occulta
1461 3400 1669 3456 malum
1691 3414 1803 3454 non
1824 3396 2169 3470 permittitur

571 3497 771 3555 nesciri
791 3495 940 3572 quod
965 3493 1169 3566 agitur,
1197 3497 1253 3548 et
1279 3507 1380 3548 suo
1417 3505 1475 3547 se
1517 3489 1633 3563 jam
1659 3487 1876 3561 judicio
1915 3492 2168 3560 peccator

569 3589 626 3645 in
655 3586 995 3646 conscientia
1021 3583 1372 3650 condemnat,
1412 3587 1466 3636 et
1495 3587 1618 3653 post
1645 3577 2165 3636 condemnationem

571 3675 847 3752 propriam
897 3673 968 3730 ad
1012 3673 1204 3730 aterni
1239 3669 1448 3744 judicia
1511 3668 1841 3726 sententiam
1888 3673 2164 3742 properat.

573 3769 595 3802 ³
623 3765 901 3840 Abyssum
964 3776 1094 3836 ergo
1145 3760 1407 3834 abyssum
1439 3759 1701 3815 invocare
1736 3765 1818 3814 est
1863 3756 1929 3814 de
1950 3755 2169 3829 judicio

571 3855 641 3913 ad
665 3853 945 3929 judicium
973 3852 1285 3926 pervenire.
1315 3851 1461 3908 Eant
1488 3865 1618 3923 ergo
1633 3848 2021 3922 pradicatores
2049 3862 2168 3904 sau-

572 3947 670 4013 cti,
700 3946 1030 4018 redarguant
1070 3943 1216 4002 facta
1243 3942 1616 4014 peccantium,
1648 3939 1932 3996 auditores
1984 3945 2167 3994 autem

570 4034 727 4106 pravi
749 4038 1108 4087 contemnant
1137 4030 1303 4084 verba
1337 4029 1639 4098 justorum,
1671 4027 1972 4082 defendant
1998 4041 2168 4098 quan-

572 4128 691 4175 tum
747 4116 1026 4174 voluerint
1073 4116 1370 4188 pravitates
1411 4130 1556 4182 suas,
1614 4121 1774 4185 atque
1823 4113 2170 4186 impudenter

572 4213 747 4280 gestas
792 4203 1171 4276 impudentius
1196 4200 1542 4257 defendendo
1572 4201 1950 4272 multiplicent
1976 4220 1988 4256 :
2023 4210 2168 4260 certe

573 4292 680 4366 ipsi
707 4291 813 4347 sibi
841 4291 901 4346 in
929 4287 1266 4348 conscientia
1293 4295 1457 4344 testes
1502 4294 1633 4343 sunt
1655 4288 1785 4362 quia
1819 4289 2170 4349 excusabiles

573 4396 686 4439 non
710 4387 859 4437 sunt.
887 4381 970 4436 Eo
1005 4379 1154 4436 enim
1185 4377 1304 4451 ipso
1317 4392 1428 4450 quo
1455 4376 1838 4436 rationabilem
1861 4386 2166 4438 creaturam

572 4474 720 4530 Deus
733 4469 1016 4527 hominem
1035 4466 1306 4536 condidit,
1329 4467 1388 4523 in
1414 4483 1581 4524 manu
1595 4468 1851 4526 omnium
1869 4466 2166 4527 hominum

573 4561 773 4635 signat,
794 4565 857 4616 ut
879 4559 1136 4616 noverint
1163 4557 1368 4630 singuli
1397 4573 1561 4631 opera
1591 4573 1708 4614 sua.

655 4655 800 4716 876
828 4649 936 4708 Sed
957 4650 1088 4724 quia
1115 4647 1243 4705 Eliu
1269 4647 1337 4704 de
1365 4649 1634 4721 pravitate
1653 4649 2002 4722 singulorum
2031 4665 2167 4707 sen-

575 4751 802 4811 tentiam
823 4748 1074 4823 protulit,
1098 4746 1250 4804 illico
1269 4745 1339 4802 ad
1353 4747 1534 4820 ipsum
1549 4745 1838 4820 pravitatis
1863 4754 2164 4818 auctorem,

573 4857 672 4918 per
711 4854 875 4914 quem
920 4831 1352 4910 unumquodque
1390 4834 1597 4890 malum
1642 4832 1914 4902 oboritur,
1962 4835 2166 4893 mentis

574 4932 766 4991 oculos
790 4927 1056 4997 deﬂectit,
1080 4932 1143 4982 ut
1169 4923 1301 4998 quia
1329 4939 1440 4980 uno
1469 4921 1576 4980 hoc
1601 4938 1767 4980 versu
1785 4923 1942 4996 pravi
1970 4925 2166 4998 capitis

577 5021 826 5082 membra
843 5017 1259 5094 perstrinxerat,
1275 5014 1440 5070 etiam
1456 5011 1564 5072 hoc
1586 5012 1767 5086 ipsum
1784 5013 2164 5072 membrorum

576 5117 740 5184 caput
765 5110 869 5167 sub
886 5109 1156 5167 brevitate
1182 5103 1475 5162 describat.
1524 5101 1627 5160 Vel
1655 5109 1806 5160 certe
1834 5104 1966 5176 quia
1992 5120 2168 5178 supe-

653 5271 938 5346 *_Ita_cum
965 5271 1170 5346 Turon.
1189 5274 1276 5346 _et
1306 5265 1451 5342 plur.
1485 5280 1638 5346 mss...
1659 5265 2026 5346 antiquior-ib.
2058 5267 2170 5346 Ex-

577 5343 744 5467 fusiz;
776 5344 851 5398 At
877 5350 1083 5400 recent.
1114 5337 1340 5408 habent,
1384 5354 1512 5397 cum
1554 5337 1721 5407 Utic.,
1743 5337 2030 5396 et'Pratel.
2061 5339 2170 5395 dis-

601 5427 686 5467 mc
745 5429 815 5467 ιη.

601 5419 815 5468 iactam.

653 5484 675 5518 ²
694 5483 926 5556 'l_‘uron.,
954 5483 1270 5556 conscientia
1296 5483 1519 5556 pulsans
1545 5479 1722 5536 timor.

651 5556 673 5591 ³
702 5550 926 5611 Ebroic.
946 5561 1015 5624 et
1042 5554 1140 5610 alii
1167 5550 1380 5622 Noun,
1409 5555 1612 5623 Abysso
1641 5568 1764 5624 ergo
1794 5551 1970 5624 abyss.
2004 5550 2170 5608 inoo-

577 5643 718 5698 οπο,
757 5623 1076 5698 estdejud.,
1103 5631 1208 5698 etc2

650 5703 673 5736 ⁴
699 5695 956 5769 Longip.,
983 5695 1155 5769 niuem
1181 5696 1281 5752 Dei
1307 5695 1556 5769 oirtut_es_._
1573 5695 1806 5753 fortasse
1834 5711 1934 5768 pro
1960 5695 2170 5769 niuium

578 5763 1232 5842 Dei,sec,'apostolorum,
1263 5781 1400 5840 quos
1419 5764 1644 5823 nivibus
1657 5763 2000 5840 comparavit
2018 5765 2172 5828 hunc

2197 4537 2246 4596 D

2275 1894 2395 1942 tum
2437 1885 2721 1942 hominem
2752 1885 2848 1959 qui
2887 1886 3272 1944 Antichristus
3317 1895 3544 1944 vocatur
3591 1883 3882 1952 invaserit,

2276 1975 2411 2049 quid
2439 1975 2590 2032 aliud
2621 1991 2784 2049 quam
2814 1975 3108 2030 latibulum
3135 1993 3298 2032 suum
3331 1975 3660 2048 ingreditur,
3681 1977 3704 2010 ⁶
3734 1981 3799 2028 ut
3831 1973 3886 2028 in

2275 2073 2434 2122 antro
2462 2066 2684 2138 proprio
2713 2065 3073 2121 demoretur?
3112 2065 3224 2121 Vas
3265 2065 3467 2136 quippe
3501 2064 3644 2119 illud
3676 2062 3890 2119 diaboli

2275 2165 2493 2212 antrum
2528 2171 2590 2212 ac
2627 2153 2917 2210 latibulum
2934 2152 3124 2210 bestia
3141 2161 3242 2221 est,
3275 2159 3337 2208 ut
3358 2151 3629 2208 insidians
3643 2151 3892 2208 homini-

2276 2252 2382 2308 bus
2409 2253 2555 2308 viam
2585 2250 2757 2323 hujus
2786 2251 2916 2307 vita
2941 2249 3316 2322 carpentibus,
3347 2251 3404 2306 in
3427 2251 3526 2306 illo
3545 2258 3600 2306 et
3615 2267 3718 2321 per
3735 2250 3891 2324 signa

2279 2343 2462 2409 lateat,
2495 2350 2548 2398 et
2578 2357 2674 2414 per
2703 2341 2973 2397 malitiam
3003 2339 3240 2396 occidat.
3271 2339 3380 2407 Qui
3406 2346 3594 2394 tamen
3628 2337 3883 2394 omnium

2281 2429 2640 2500 reproborum
2688 2428 2854 2484 corda
2885 2428 3054 2484 etiam
3096 2443 3246 2482 nunc
3290 2426 3614 2498 priusquam
3665 2435 3889 2498 apertus

2281 2527 2538 2590 appareat
2558 2518 2818 2590 possidet,
2843 2534 3013 2590 eaque
3035 2533 3129 2588 per
3147 2517 3422 2572 occultam
3442 2513 3719 2570 malitiam
3740 2515 3888 2589 quasi

2283 2607 2567 2680 proprium
2613 2614 2831 2662 antrum
2875 2612 3042 2673 tenet,
3078 2613 3242 2678 atque
3273 2603 3342 2659 ad
3375 2619 3539 2660 omne
3561 2605 3581 2638 ⁷
3609 2603 3766 2678 quod
3801 2620 3888 2659 no-

2283 2713 2402 2754 cere
2431 2696 2592 2752 bonis
2629 2695 2837 2768 appetit
2881 2693 2939 2749 in
2990 2709 3182 2749 eorum
3228 2709 3285 2750 se
3323 2692 3572 2750 obscuris
3602 2693 3885 2750 mentibus

2279 2785 2588 2842 abscondit.
2634 2785 2722 2840 An
2761 2783 3078 2840 Judaorum
3112 2783 3555 2857 persequentium
3585 2783 3760 2840 corda
3785 2799 3888 2840 an-

2279 2881 2426 2930 trum
2482 2873 2653 2946 hujus
2708 2873 2898 2929 bestia
2943 2889 3055 2928 non
3098 2872 3355 2938 fuerunt,
3403 2873 3460 2927 in
3500 2888 3746 2945 quorum
3789 2871 3884 2929 diu

2278 2965 2529 3025 consiliis
2559 2963 2744 3031 latuit,
2776 2961 2871 3018 sed
2901 2971 3122 3035 repente
3153 2961 3380 3019 vocibus
3406 2961 3583 3034 erupit
3631 2961 3886 3018 clamau-

2277 3055 2418 3112 tium
2454 3073 2466 3110 :
2504 3053 2784 3126 Cruciﬁge,
2815 3052 3058 3124 cruci/iga
3091 3053 3272 3124 (Joan.
3293 3068 3414 3117 xxx,
3435 3049 3526 3122 6)?
3554 3050 3625 3105 Et
3651 3050 3790 3123 quia
3817 3049 3888 3106 ad

2278 3143 2672 3202 lacerationem
2708 3141 2911 3198 mentis
2942 3141 3250 3212 pertingere
3280 3137 3541 3196 tentando
3569 3155 3680 3194 non
3713 3139 3888 3212 potuit

2277 3235 2334 3290 in
2383 3232 2746 3302 Redemptore
2792 3239 2981 3286 nostro
3027 3231 3240 3301 (Matth.
3280 3247 3359 3298 1v,
3404 3229 3487 3301 3),
3532 3227 3601 3284 ad
3652 3237 3883 3285 mortem

2275 3319 2457 3380 carnis
2515 3318 2820 3375 anhelavit.
2891 3319 3019 3374 Hac
3082 3319 3351 3374 nimirum
3417 3316 3595 3374 bestia
3643 3317 3664 3352 ⁸
3724 3317 3885 3374 multa

2276 3412 2577 3468 electorum
2621 3407 2789 3466 corda
2817 3408 3018 3478 tenuit,
3057 3408 3154 3465 sed
3190 3407 3335 3464 hanc
3380 3407 3448 3463 ab
3488 3407 3601 3463 illis
3645 3407 3882 3464 moriens

2276 3503 2467 3573 Agnus
2509 3497 2774 3556 excussit.
2823 3497 2978 3555 Unde
3005 3506 3060 3554 et
3089 3497 3148 3553 iu
3181 3496 3486 3568 Evangelia
3514 3495 3652 3552 dicit
3687 3515 3702 3552 :
3738 3497 3880 3553 Nunc

2270 3589 2516 3662 princeps
2549 3587 2709 3659 hujus
2750 3587 2936 3642 mundi
2968 3586 3209 3656 ejicietur
3239 3585 3394 3656 foras
3427 3585 3608 3658 (Joau.
3644 3602 3750 3654 xu,
3775 3585 3878 3654 31).

2277 3678 2384 3746 Qui
2396 3678 2538 3734 miro
2549 3685 2804 3750 rectoque
2813 3675 3031 3749 judicio
3046 3674 3178 3731 dum
3196 3673 3570 3732 confessiones
3581 3674 3878 3730 humilium

2278 3769 2602 3826 illuminans
2646 3767 2908 3840 suscepit,
2968 3765 3331 3839 superborum
3389 3766 3578 3823 oculos
3633 3764 3880 3822 deserens

2277 3858 2494 3916 clausit.
2541 3856 2696 3913 Unde
2744 3855 2794 3912 ei
2837 3871 2933 3927 per
2980 3854 3329 3911 Psalmistam
3369 3853 3617 3911 dicitur:
3651 3853 3879 3910 Posuisti

2279 3949 2532 4014 tenebras,
2571 3951 2618 3999 et
2629 3945 2776 4014 facta
2795 3951 2870 3998 est
2887 3961 3019 4010 nox,
3055 3945 3113 3999 in
3143 3945 3258 4016 ipsa
3282 3943 3686 4016 pertransibunt
3713 3959 3880 3999 omnes

2279 4037 2449 4091 bestia
2469 4036 2731 4091 silvarum
2746 4052 2767 4100 ;
2796 4035 2962 4090 catuli
2985 4036 3191 4091 leonum
3212 4037 3471 4107 rugientes
3496 4041 3552 4088 ut
3567 4034 3804 4106 rapiant,
3834 4039 3882 4088 et

2277 4129 2520 4196 quaerant
2544 4141 2579 4179 a
2607 4124 2717 4180 Deo
2743 4141 2912 4179 escam
2940 4124 3043 4180 sibi
3073 4126 3254 4195 (Psal.
3289 4141 3410 4191 cm,
3441 4123 3530 4192 20,
3563 4122 3680 4195 21).
3715 4123 3878 4178 Tene-

2276 4211 2403 4268 bras
2442 4212 2644 4285 quippe
2688 4213 2960 4269 Dominus
3003 4215 3180 4286 ponit,
3227 4231 3354 4272 cum
3403 4212 3638 4287 peccatis
3673 4211 3879 4285 judicia

2278 4301 2599 4374 rependens,
2646 4303 2834 4359 lumen
2880 4320 2993 4360 sua
3034 4304 3418 4376 intelligentia
3464 4303 3762 4360 subtrahit.
3811 4303 3879 4358 Et

2278 4409 2390 4448 nox
2421 4393 2679 4463 efﬁcitur,
2727 4395 2858 4468 quia
2887 4411 3186 4468 pravorum
3217 4410 3372 4450 mens
3416 4393 3744 4466 ignorantia
3775 4406 3880 4448 sua

2277 4483 2555 4540 erroribus
2599 4493 2858 4541 caecatur.
2906 4483 2964 4538 in
2995 4500 3104 4558 qua
3132 4501 3328 4542 omnes
3358 4484 3546 4541 bestia
3578 4483 3737 4538 silva
3771 4497 3879 4554 per-

2275 4579 2579 4641 transeunt,
2611 4571 2740 4628 dum
2775 4572 3003 4645 maligni
3033 4573 3262 4646 spiritus
3290 4574 3393 4630 sub
3423 4573 3698 4645 opacitate
3740 4570 3878 4626 frau-

2276 4659 2364 4716 dis
2411 4661 2638 4718 latentes
2677 4662 2734 4717 in
2783 4663 3144 4734 reproborum
3192 4661 3361 4718 corda
3413 4661 3716 4734 pravitates
3761 4671 3879 4715 suas

2275 4754 2548 4828 explendo
2581 4763 2930 4827 percurrunt.
2964 4757 3026 4812 In
3070 4773 3178 4830 qua
3223 4764 3278 4812 et
3323 4739 3495 4814 catuli
3529 4755 3752 4812 leonum
3784 4769 3880 4809 ru—

2276 4843 2453 4915 giunt,
2489 4843 2620 4916 quia
2647 4844 3113 4917 nequissimarum
3155 4845 3250 4901 sed
3292 4852 3478 4902 tamen
3516 4841 3876 4899 eminentium

2275 4937 2604 5004 potestatum
2620 4932 2860 4989 ministri
2876 4933 3105 5006 spiritus
3122 4933 3458 5006 importunis
3479 4929 3878 4990 tentationibus

2276 5021 2586 5094 insurgunt.
2629 5020 2734 5088 Qui
2780 5030 2964 5078 tamen
2994 5039 3026 5079 a
3053 5025 3168 5080 Deo
3201 5039 3383 5080 escam
3432 5027 3720 5096 expetunt,
3757 5015 3880 5092 quia

2273 5109 2540 5168 nimirum
2563 5126 2754 5183 capere
2779 5112 2992 5170 animas
3021 5123 3318 5188 nequeunt,
3363 5113 3474 5170 nisi
3499 5112 3654 5186 justo
3668 5106 3876 5183 judicio

2279 5269 2589 5398 ἐξοῌέᾅῦ
2616 5271 2914 5344 explanans
2945 5289 2958 5330 :
2987 5275 3080 5344 qui
3101 5275 3357 5347 praecepit
3382 5274 3496 5330 nivi
3525 5277 3588 5328 ut
3611 5268 3885 5328 descendat

2280 5359 2338 5398 ιη
2358 5359 2578 5399 terram.

2351 5415 2372 5450 ⁵
2414 5414 2702 5472 Omittitur

2351 5485 2374 5522 °
2400 5485 2646 5555 Ebroic.,

2278 5562 2459 5612 ratur.

2351 5629 2371 5701 Ἰ
2402 5626 2665 5701 Yindoc.,
2694 5647 2797 5701 quo
2816 5649 3019 5689 nocere.

2351 5698 2383 5778 ι,
2401 5698 2623 5782 Pratel.,
2651 5693 2820 5782 υζίοε,
2852 5704 3094 5782 Ebrgic.,
3125 5705 3296 5782 multa
3323 5711 3372 5782 et
3396 5705 3698 5782 electorum,
3721 5693 3878 5770 quod

2275 5772 2539 5844 majorem
2570 5772 2686 5834 vim
2713 5772 2914 5843 habet;
2959 5775 3036 5832 ibi
3065 5775 3215 5834 enim
3241 5783 3293 5834 et
3317 5775 3594 5851 signiﬁcat
3621 5773 3804 5831 etiam.

2797 5423 2844 5490 s_t
2870 5418 3228 5490 Redemptoris
3254 5419 3377 5475 adv.
3412 5418 3470 5474 in
3503 5415 3738 5490 Vindoc.

2745 5488 2946 5558 indoc.,
2994 5487 3123 5559 etc,
3177 5497 3225 5546 et
3261 5491 3319 5546 in
3363 5496 3524 5548 antro
3572 5505 3669 5545 suo
3705 5487 3878 5542 demo-
