4152 6182
410 302 513 362 429

402 434 706 504 praevalere
725 435 996 497 divinitus
1019 447 1423 515 permittantur.
1440 452 1545 509 Ubi
1568 463 1622 511 et
1641 466 1763 530 apte
1783 460 1903 533 subj
1912 478 2011 519 un-

398 525 590 597 gitur:
627 527 787 584 Ortus
815 537 891 586 est
917 533 1019 600 sol,
1048 542 1097 591 et
1113 543 1409 612 congregati
1436 553 1580 613 sunt,
1600 555 1647 603 et
1662 525 1720 604 in
1745 525 2006 610 cubilibus

397 614 512 669 suis
539 632 594 670 se
621 618 1013 678 collocaverunt
1062 624 1234 695 (Psal.
1268 646 1383 701 cur,
1425 633 1539 706 20).
1574 635 1715 704 Quia
1753 642 2003 700 veritatis

398 704 612 762 lumine
641 722 739 778 per
772 725 992 768 carnem
1027 727 1339 788 apparente,
1373 737 1405 777 a
1436 704 1680 783 ﬁdelium
1723 714 2002 790 mentibus

393 796 634 863 excussi,
668 799 824 878 quasi
855 799 924 855 ad
948 802 1156 861 cubilia
1184 823 1282 863 sua
1310 813 1514 867 reversi
1545 824 1693 886 sunt,
1724 817 1855 876 dum
1877 823 1994 878 sola

394 883 708 942 inﬁdelium
748 888 917 945 corda
964 898 1276 953 tenuerunt.
1310 903 1455 963 877
1485 903 1641 970 Quod
1677 883 1853 980 igitur
1882 909 2001 969 illic

392 982 618 1039 leonum
650 983 859 1054 cubile,
882 986 977 1045 hic
1005 998 1224 1049 antrum
1250 993 1436 1054 bestia;
1465 999 1689 1057 dicitur.

460 1152 551 1210 50.
594 1155 871 1212 Bonorum
890 1166 1081 1216 mentes
1101 1163 1342 1222 diabolus
1362 1168 1654 1238 aliquando
1677 1173 1992 1245 ingreditur,

386 1244 477 1297 sed
508 1244 565 1298 in
594 1245 670 1299 eis
698 1262 807 1300 non
826 1254 1485 1312 moratur.—Notandum
1510 1276 1640 1315 vero
1668 1244 1995 1335 magnopere

386 1332 601 1388 aestimo
646 1334 795 1408 quod
838 1337 1014 1395 bestia
1055 1340 1172 1399 haec
1212 1361 1322 1401 non
1365 1348 1543 1403 solum
1582 1332 1800 1407 antrum
1830 1369 1992 1408 suum

387 1423 628 1495 ingredi,
648 1426 745 1483 sed
763 1428 819 1483 in
838 1444 902 1484 eo
914 1432 1077 1487 etiam
1095 1436 1300 1492 morari
1315 1437 1657 1509 perhibetur.
1677 1443 1994 1516 Aliquando

382 1530 623 1588 namque
647 1519 663 1551 ¹
706 1518 871 1574 etiam
895 1519 1168 1579 bonorum
1202 1534 1413 1583 mentes
1443 1528 1773 1601 ingreditur,
1798 1534 1994 1591 illicita

383 1604 648 1674 suggerit,
683 1608 1084 1667 tentationibus
1114 1611 1328 1686 fatigat,
1354 1618 1743 1675 rectitudinem
1766 1622 1992 1694 spiritus

380 1691 452 1747 ad
481 1691 906 1752 delectationem
936 1701 1119 1757 carnis
1149 1701 1435 1761 deﬂectere
1463 1715 1712 1778 conatur,
1744 1691 1991 1768 delecta—

382 1781 589 1839 tionem
624 1801 844 1860 quoque
873 1791 941 1847 ad
961 1808 1290 1849 consensum
1325 1796 1621 1867 perducere
1650 1799 1870 1869 nititur,
1894 1802 1988 1857 sed

378 1878 566 1928 tamen
593 1874 883 1933 resistente
923 1896 1161 1952 superno
1201 1880 1477 1955 adjutorio
1521 1888 1819 1958 praevalere
1850 1906 1987 1961 pro-

381 1961 626 2021 hibetur.
659 1966 865 2025 Intrare
895 1986 1022 2042 ergo
1052 1972 1110 2028 in
1140 1985 1350 2032 mentes
1379 1975 1651 2035 bonorum
1674 1988 1872 2052 potest,
1889 1980 1984 2037 sed

377 2051 439 2107 in
462 2054 541 2109 eis
568 2057 769 2113 morari
798 2074 909 2115 non
940 2069 1138 2132 potest,
1172 2065 1302 2137 quia
1328 2082 1425 2122 cor
1445 2065 1583 2138 justi
1598 2051 1766 2141 hujus
1795 2069 1983 2126 bestiaa

376 2149 595 2199 antrum
624 2162 738 2203 non
770 2157 873 2206 est.
895 2148 1043 2218 Quos
1072 2153 1221 2209 enim
1251 2156 1407 2227 quasi
1436 2159 1723 2230 pr0prium
1759 2165 1981 2213 antrum

376 2233 635 2305 possidet,
668 2252 861 2294 eorum
897 2249 1106 2298 mentes
1129 2245 1319 2314 procul
1358 2245 1530 2303 dubio
1559 2248 1861 2306 immorans
1889 2258 1983 2305 te-

374 2331 487 2393 net,
519 2327 653 2398 quia
679 2335 733 2383 et
764 2328 920 2399 prius
958 2330 1016 2385 in
1047 2332 1127 2387 eis
1163 2334 1524 2405 cogitationes
1562 2355 1735 2412 usque
1764 2341 1833 2397 ad
1863 2341 1982 2395 ini-

373 2427 480 2483 qua
506 2414 783 2471 desideria
824 2424 879 2472 et
907 2426 1029 2489 post
1056 2421 1249 2494 iniqua
1276 2423 1548 2482 desideria
1576 2444 1749 2500 usque
1777 2430 1845 2486 ad
1874 2445 1983 2485 ne—

370 2500 650 2572 quissima
678 2520 844 2574 opera
858 2505 1131 2575 perducit.
1149 2510 1337 2581 Neque
1356 2514 1505 2567 enim
1526 2515 1749 2572 student
1762 2518 1981 2589 reprobi

373 2590 762 2659 suggestiones
791 2590 909 2661 ejus
938 2601 1084 2649 recta
1110 2594 1309 2665 judicii
1335 2615 1503 2656 manu
1530 2604 1812 2674 repellere,
1839 2606 1860 2639 ²
1888 2624 1979 2664 cu-

361 2674 464 2745 jus
497 2676 886 2737 voluntatibus
927 2692 1191 2754 appetunt
1228 2686 1448 2744 subdita
1475 2690 1835 2749 delectatione
1861 2711 1977 2750 ser-

367 2764 514 2819 vire.
542 2763 792 2838 Cumque
810 2769 868 2824 in
887 2786 1077 2827 eorum
1095 2774 1353 2832 cordibus
1373 2794 1605 2849 pravum
1624 2782 1757 2853 quid
1778 2784 1974 2852 oritur,

364 2870 499 2909 mox
531 2870 630 2925 per
643 2856 889 2913 studium
911 2859 1292 2920 delectationis
1308 2870 1615 2939 enutritur;
1649 2881 1702 2928 et
1721 2891 1845 2929 cum
1869 2876 1976 2931 sibi

363 2941 598 2998 minime
628 2945 925 3017 resistitur,
958 2951 1211 3021 protinus
1252 2970 1319 3010 ex
1361 2973 1631 3016 consensu
1662 2963 1970 3033 roboratur,

365 3033 669 3106 statimque
699 3052 997 3094 consensus
1027 3041 1095 3096 ad
1124 3060 1262 3115 opus
1294 3047 1637 3118 perducitur,
1676 3068 1812 3124 opus
1841 3071 1973 3110 vero

364 3121 524 3176 etiam
558 3126 960 3185 consuetudine
1008 3139 1287 3202 gravatur.
1338 3136 1503 3193 Recte
1548 3154 1677 3211 ergo
1710 3121 1766 3196 in
1814 3151 1971 3199 antro

3607 380 3709 438 430

2038 468 2090 529 Α
2123 465 2450 544 insanirent,
2474 486 2608 550 quot
2626 482 2847 552 explere
2865 490 3232 549 contraillum
3254 501 3706 567 pravadesideria

2115 564 2370 622 ardenter
2384 568 2609 635 vellent,
2626 570 2720 627 sed
2749 579 2931 630 tamen
2951 581 3215 651 populum
3234 564 3497 647 timerent
3515 594 3699 666 (Joan.

2116 669 2194 722 x1,
2225 653 2315 723 44,
2343 654 2436 727 49)
2458 675 2472 723 ;
2493 666 2627 730 quot
2650 662 2964 720 occasiones
2991 668 3282 729 occidendi
3302 653 3634 751 quaererent,
3651 653 3707 741 et

2114 743 2366 801 invenire
2409 763 2521 803 non
2562 759 2783 821 possent
2816 754 3029 825 (Matth.
3058 775 3220 829 xxvr,
3266 743 3439 838 3-3);
3473 743 3707 841 quot'ad

2114 841 2303 889 votum
2325 852 2436 892 suae
2456 839 2681 895 saevitia
2702 843 3131 917 alienigenarum
3162 853 3417 912 manibus
3449 839 3533 916 usi
3553 873 3702 933 sunt,

2111 924 2242 996 quia
2287 940 2413 981 eum
2445 943 2607 1000 quem
2638 928 2886 999 legaliter
2912 934 3229 996 interimere
3269 942 3375 1014 ipsi
3413 962 3525 1003 non
3556 924 3705 1021 pote:

2111 1022 2235 1070 rant
2252 1015 2562 1075 feriendum
2588 1021 2843 1092 gentibus
2871 1025 3238 1099 tradiderunt,
3272 1041 3332 1089 ut
3359 1051 3428 1090 ex
3465 1015 3583 1094 sola
3611 1057 3705 1111 po-

2109 1111 2304 1160 testate
2332 1106 2610 1164 Romanus
2637 1126 2837 1181 praeses
2866 1124 3047 1187 ageret
3076 1120 3223 1191 quod
3251 1137 3321 1178 ex
3350 1125 3466 1181 sola
3489 1106 3702 1184 malitia

2107 1199 2170 1247 ut
2196 1193 2283 1264 agi
2330 1193 2610 1254 debuisset
2641 1200 2746 1272 ipsi
2785 1204 3107 1265 anhelarent
3138 1208 3320 1281 (Joan.
3376 1230 3539 1284 xvm,
3579 1217 3697 1291 28).

2106 1281 2262 1339 Unde
2290 1291 2344 1339 et
2376 1293 2500 1357 apte
2530 1287 2886 1364 subjungitur
2917 1314 2929 1352 :

2441 1400 2669 1495 CAPUT
2699 1407 2911 1466 XXVII
2941 1411 3083 1485 [Rec.
3122 1416 3362 1495 XVIII].

2175 1488 2346 1545 Vens.
2390 1490 2443 1546 9.
2475 1522 2546 1533 —
2576 1493 2657 1549 Ab
2703 1496 3047 1556 interioribus
3074 1488 3370 1574 egredietur
3403 1517 3695 1586 tempestas,

2102 1584 2150 1632 et
2174 1578 2240 1633 ab
2268 1579 2499 1634 Arcturo
2527 1582 2720 1655 frigus.

2170 1667 2260 1724 51.
2272 1670 2517 1727 Christus
2535 1692 2572 1728 a
2589 1675 2789 1733 Iudaeis
2808 1686 2855 1734 et
2872 1683 3150 1751 gentilibus
3154 1692 3565 1758 persecutionem
3570 1711 3693 1766 pas-

2101 1781 2208 1821 sus.
2249 1796 2319 1808 -—
2348 1768 2630 1843 Scriptura
2659 1789 2811 1832 sacra
2852 1795 2981 1835 cum
3010 1791 3199 1841 contra
3232 1787 3527 1846 Arcturum
3558 1792 3694 1849 inte-

2020 1859 2066 1919 B
2101 1853 2248 1910 riora
2277 1867 2563 1928 memorat,
2595 1861 2869 1920 diversam
2900 1869 3193 1940 Aquilonis
3222 1877 3471 1946 partibus
3502 1880 3691 1937 Austri

2095 1944 2308 2016 plagam
2339 1945 2605 2019 designat.
2635 1950 2789 2007 Unde
2809 1953 2868 2008 in
2889 1952 2995 2012 hoc
3017 1958 3207 2015 eodem
3224 1944 3373 2019 libro
3388 1965 3651 2024 scribitur
3674 1986 3686 2024 :

2097 2033 2200 2100 Qui
2240 2032 2373 2103 facit
2417 2036 2732 2109 Arcturum,
2780 2048 2829 2097 et
2880 2045 3130 2116 Orionas,
3165 2055 3214 2104 et
3252 2051 3516 2111 interiora
3544 2060 3690 2121 8'78

2091 2128 2284 2186 Austri
2308 2133 2434 2203 (Job
2464 2151 2547 2201 ιχ,
2577 2137 2657 2207 9).
2689 2139 2828 2207 Quia
2874 2142 3043 2214 igitur
3071 2146 3331 2205 interiora
3375 2152 3564 2209 Austri
3606 2155 3686 2210 sol

2091 2217 2394 2276 ferventior
2422 2230 2592 2292 tenet,
2632 2227 2654 2260 ⁴
2689 2225 2746 2281 in
2794 2228 3032 2288 Arcturo
3060 2248 3192 2289 vero
3245 2252 3466 2294 cursum
3496 2243 3689 2297 omni-

2092 2307 2258 2364 modo
2285 2324 2397 2366 non
2428 2309 2613 2381 habet,
2643 2313 2969 2374 interiorum
3000 2322 3225 2378 nomine
3251 2323 3408 2395 plebs
3434 2326 3682 2399 Iudaica,

2091 2398 2315 2455 Arcturi
2345 2408 2526 2457 autem
2557 2403 2828 2462 vocabulo
2854 2406 2961 2465 hoc
2986 2409 3045 2464 in
3072 2410 3193 2467 loco
3209 2415 3447 2486 populus
3465 2398 3686 2489 gentilis

2090 2487 2439 2559 exprimitur.
2498 2491 2569 2547 Hi
2613 2493 2763 2549 enim
2807 2496 2901 2568 qui
2940 2512 3111 2554 unum
3151 2508 3316 2575 atque
3344 2487 3683 2565 invisibilem

2089 2576 2264 2632 Deum
2307 2589 2596 2649 noverant,
2638 2581 2990 2660 ejusdemque
3019 2588 3122 2662 legi
3155 2593 3348 2648 saltem
3392 2599 3685 2656 carnaliter

2089 2665 2421 2737 serviebant,
2469 2670 2623 2743 quasi
2669 2672 2776 2731 sub
2806 2676 3114 2735 meridiano
3159 2681 3274 2738 sole
3311 2682 3588 2744 ferventes
3622 2690 3681 2745 in

2088 2753 2217 2811 ﬁdei
2246 2757 2426 2813 calore
2454 2758 2799 2818 tenebantur.
2831 2764 3077 2824 Gentiles
3103 2777 3288 2826 autem
3309 2773 3439 2845 quia
3468 2777 3680 2834 nullam

2086 2845 2374 2903 scientiam
2404 2864 2654 2920 superna:
2683 2853 3021 2923 cognitionis
3045 2859 3358 2932 attigerant,
3381 2864 3533 2919 velut
3560 2867 3680 2922 sine

2084 2936 2198 2990 sole
2233 2934 2422 3007 frigidi
2470 2938 2572 2992 sub
2619 2942 2895 3011 Aquilone
2944 2948 3319 3007 remanebant.
3369 2951 3507 3018 Quia
3549 2970 3679 3012 vero

2082 3030 2376 3096 tempestas
2402 3025 2659 3115 impellit,
2706 3030 2879 3101 frigus
2923 3040 3107 3090 autem
3136 3044 3357 3109 torpore
3385 3044 3674 3115 opprimit,

2082 3120 2225 3167 recte
2296 3129 2446 3170 nunc
2517 3114 2720 3173 dicitur
2779 3135 2790 3172 :
2849 3120 2931 3176 Ab
2978 3123 3323 3203 interioribus
3386 3114 3680 3201 egredietur

363 3227 461 3267 suo
476 3214 681 3269 morari
699 3214 820 3272 haec
839 3215 1017 3275 bestia
1032 3220 1384 3298 dicitur,quae
1399 3226 1591 3283 tandiu
1610 3205 1970 3302 cogitationes
1999 3220 2042 3279 Ο
2083 3207 2374 3302 ίθΨΡθδίωῖ
2416 3210 2465 3302 cf
2506 3205 2572 3302 (ib
2594 3207 2849 3302 ,Ανθωνθ
2877 3210 3070 3283 frig'w'
3102 3214 3184 3272 Ac
3210 3216 3259 3272 Si
3302 3228 3487 3290 aperte
3516 3222 3677 3281 dice"

364 3301 723 3372 reproborum
744 3314 914 3376 tenet,
949 3325 1232 3385 quousque
1251 3331 1439 3371 eorum
1463 3318 1633 3374 vitam
1657 3301 1821 3375 etiam
1842 3338 1967 3377 acu-

361 3390 447 3445 leo
490 3393 645 3463 pravi
695 3395 876 3467 operis
924 3398 1181 3468 perforet.
1232 3403 1385 3460 Unde
1431 3405 1569 3463 bene
1611 3408 1678 3464 ad
1723 3410 1965 3466 Iudaeam

360 3478 630 3537 Dominus
659 3498 757 3554 per
787 3484 1111 3557 prophetam
1143 3490 1281 3547 dicit
1314 3510 1325 3548 :
1364 3495 1641 3567 Quousque
1667 3500 1967 3554 morabun-

359 3572 450 3620 tur
476 3568 533 3622 in
564 3575 608 3624 te
658 3572 1000 3642 cogitationes
1032 3579 1211 3634 noxiae
1253 3581 1476 3649 (Jerem.
1510 3601 1587 3653 1v,
1625 3586 1750 3658 14)?
1778 3588 1964 3661 Neque

354 3656 508 3711 enim
539 3660 893 3731 reprehendit
920 3682 1021 3721 cur
1050 3664 1299 3737 veniant,
1336 3671 1431 3728 sed
1452 3690 1551 3729 cur
1570 3656 1873 3733 morentur.
1892 3680 1966 3734 Et

355 3745 417 3802 in
446 3745 593 3804 bona
620 3753 765 3809 enim
795 3755 961 3811 corda
981 3757 1342 3829 cogitationes
1364 3762 1574 3819 illicitae
1592 3766 1844 3835 veniunt,
1868 3768 1962 3825 sed

352 3842 539 3892 tamen
562 3844 763 3898 morari
784 3843 1168 3917 prohibentur,
1189 3848 1320 3921 quia
1335 3850 1470 3907 recti
1486 3852 1689 3925 quique
1708 3869 1776 3908 ne
1792 3856 1960 3927 capti-

351 3925 590 3983 vandam
621 3929 850 3988 domum
890 3936 1242 3992 conscientiae
1263 3939 1560 4010 praebeant,
1598 3940 1666 3997 ab
1696 3942 1814 4014 ipso
1843 3960 1959 4001 cor-

349 4014 435 4071 dis
452 4017 647 4076 limine
662 4020 879 4080 hostem
911 4024 1123 4097 fugant.
1149 4026 1255 4095 Qui
1276 4037 1330 4085 et
1348 4030 1394 4085 si
1417 4032 1634 4104 quando
1657 4036 1958 4106 repentinis

349 4108 801 4177 suggestionibus
837 4130 1011 4187 usque
1042 4115 1109 4171 ad
1142 4118 1382 4188 primum
1413 4120 1749 4178 vestibulum
1779 4125 1955 4181 subri-

350 4197 551 4265 puerit,
595 4200 666 4256 ad
713 4219 1015 4261 consensus
1052 4213 1238 4262 tamen
1268 4207 1498 4279 januam
1529 4227 1640 4268 non
1669 4213 1950 4286 pertingit.

348 4282 491 4342 Huic
539 4287 809 4346 nimirum
858 4291 1067 4363 bestiae,
1117 4296 1362 4368 impulsu
1397 4298 1593 4355 subitae
1635 4300 1953 4359 formidinis

348 4372 552 4444 victus,
593 4376 820 4448 januam
869 4381 1052 4438 cordis
1082 4382 1275 4441 Petrus
1301 4387 1550 4457 negando
1591 4390 1822 4461 aperuit,
1854 4391 1950 4449 sed

342 4463 513 4523 citius
561 4470 942 4539 cognoscendo
991 4474 1215 4542 restitit,
1256 4474 1438 4530 ﬂendo
1485 4476 1683 4534 clausit
1732 4478 1944 4550 (Matth.

2080 3301 2233 3351 retur
2285 3312 2296 3351 :
2342 3298 2393 3352 A
2432 3296 2636 3355 Iudaeis
2676 3302 2850 3374 surgit
2896 3305 3110 3361 malitia
3136 3323 3487 3383 persequens,
3545 3321 3599 3371 et
3644 3332 3676 3371 a

2079 3384 2376 3455 gentilibus
2410 3395 2649 3459 potestas
2676 3409 2948 3464 premens.
2979 3396 3165 3469 Neque
3211 3402 3358 3457 enim
3409 3405 3675 3463 miracula

2077 3472 2197 3528 ﬁeri
2228 3475 2363 3547 legis
2390 3488 2657 3552 praecepta
2687 3490 2995 3555 vetuerant,
3025 3494 3079 3542 et
3121 3494 3305 3546 tamen
3351 3492 3526 3549 Judaei
3572 3510 3671 3565 pro

2076 3564 2282 3620 eisdem
2334 3568 2617 3626 miraculis
2672 3572 2987 3651 interimere
3024 3575 3254 3635 humani
3297 3586 3510 3653 generis
3557 3587 3671 3643 Re-

2076 3653 2416 3726 demptorem
2447 3659 2764 3731 quaerebant
2794 3662 2974 3733 (Joan.
3006 3681 3086 3734 x1,
3118 3667 3235 3741 48).
3269 3671 3424 3728 Unde
3447 3675 3668 3746 explere

2075 3742 2180 3798 hoc
2195 3745 2341 3816 quod
2361 3757 2638 3819 casperant
2664 3766 2776 3806 non
2796 3753 3062 3825 valentes,
3082 3758 3152 3813 ad
3170 3760 3334 3815 Pilati
3347 3742 3665 3832 praetorium

2072 3844 2488 3903 concurrerunt,
2522 3844 2584 3891 ut
2610 3838 2726 3909 ipse
2773 3838 2923 3916 hunc
2952 3843 3246 3912 perimeret
3272 3862 3433 3918 quem
3465 3850 3666 3920 injuste

2071 3923 2093 3958 ⁸
2124 3922 2492 3994 perimentum
2522 3925 2614 3981 lex
2642 3928 2797 3983 nulla
2818 3929 3100 3986 cohiberet
3130 3932 3312 4004 (Joan.
3340 3953 3505 4007 xvm,
3544 3941 3660 4014 28).

2068 4014 2156 4070 Ab
2176 4015 2669 4091 interioribusergo
2698 4026 2990 4092 tempestas
3017 4031 3178 4097 atque
3214 4024 3283 4081 ab
3310 4028 3546 4088 Arcturo
3566 4033 3661 4090 fri-

2068 4119 2168 4176 gus
2187 4104 2414 4176 prodiit,
2444 4105 2577 4162 dum
2608 4107 2756 4181 quod
2783 4109 2970 4168 Iudaea
3002 4128 3073 4169 ex
3100 4113 3317 4172 invidia
3343 4120 3523 4191 petiit,
3556 4122 3662 4181 hoc

2067 4195 2286 4267 gentilis
2306 4194 2481 4267 judex
2526 4213 2595 4253 ex
2642 4199 2887 4257 Romana
2925 4204 3248 4262 auctoritate
3302 4212 3656 4282 perpetravit.

2065 4283 2220 4341 Unde
2258 4284 2397 4343 bene
2439 4294 2632 4345 contra
2660 4287 2805 4347 hanc
2858 4291 3107 4350 eamdem
3152 4295 3426 4356 invidiam
3476 4301 3658 4360 adhuc

2060 4375 2318 4431 subditur
2363 4393 2376 4430 :

2416 4481 2644 4539 CAPUT
2671 4484 2908 4544 XXVIII
2940 4487 3079 4561 [γει.
3121 4493 3297 4569 XXI].

341 4567 501 4621 xxvr,
525 4555 640 4627 70).
669 4554 809 4630 [νει.
833 4559 981 4633 ΧΧ.]
1006 4560 1146 4627 Quia
1172 4579 1303 4617 vero
1332 4564 1598 4636 antiquus
1627 4564 1804 4622 hostis
1824 4584 1942 4638 per-
1970 4584 2020 4644 ι)
2121 4572 2292 4629 Vens.
2332 4572 2416 4628 l0.
2449 4604 2520 4615 —
2548 4575 2738 4630 Flaute
2767 4576 2875 4631 Deo
2902 4554 3185 4637 concrescit
3209 4554 3346 4655 gelu.

337 4651 654 4701 secutorum
692 4647 858 4704 corda
901 4665 1013 4705 non
1061 4650 1240 4706 solum
1286 4652 1549 4707 intrando
1594 4655 1797 4724 tenuit,
1844 4657 1939 4713 sed

336 4733 504 4789 etiam
553 4736 792 4793 tenendo
821 4738 1083 4811 possedit,
1115 4739 1331 4798 dicatur
1373 4751 1518 4799 recte
1551 4762 1563 4800 :
1609 4745 1943 4816 Ingredietur

337 4822 503 4878 bestia
525 4825 807 4883 latibulum
826 4837 1053 4897 suum,et
1074 4832 1128 4885 in
1146 4838 1305 4886 antro
1323 4850 1418 4889 suo
1434 4834 1937 4904 morabitur.Quan-

334 4919 453 4968 tum
485 4929 723 4989 namque
743 4919 764 4953 ³
796 4919 853 4974 in
882 4919 1196 4978 Iudaeorum
1240 4922 1518 4979 mentibus
1557 4923 1838 4982 demorata
1862 4926 1937 4984 sit

332 5002 623 5077 discimus,
655 5027 782 5066 cum
816 5011 1039 5071 illorum
1068 5016 1300 5072 consilia
1328 5018 1679 5075 attestatione
1707 5036 1934 5093 evange-

333 5095 455 5152 licae
475 5102 808 5159 narrationis
828 5103 1104 5163 audimus.
1131 5110 1191 5163 In
1214 5108 1310 5164 illa
1328 5125 1565 5183 namque
1580 5110 1928 5180 describitur,

329 5199 456 5241 cum
487 5187 908 5264 Redemptorem
938 5204 1189 5252 nostrum
1226 5197 1509 5255 viviﬁcare
1538 5209 1788 5257 mortuos
1815 5218 1929 5257 cer-

2119 4661 2208 4717 52.
2268 4660 2577 4716 Iudaeorum
2630 4664 2794 4720 corda
2836 4665 3053 4724 incidire
3094 4672 3211 4741 gelu
3261 4674 3645 4734 obduruerunt.

2048 4780 2119 4793 —
2149 4750 2288 4818 Quia
2312 4767 2420 4824 quo
2450 4751 2698 4808 ﬁdelium
2718 4754 2976 4813 cordibus
2995 4757 3234 4830 Spiritus
3254 4771 3476 4820 sanctus
3502 4768 3645 4836 aspi-

2047 4840 2210 4910 ravit,
2244 4857 2354 4913 quo
2386 4840 2593 4914 majora
2621 4843 2893 4901 virtutum
2939 4846 3207 4904 miracula
3241 4850 3497 4920 contulit,
3530 4854 3552 4887 ⁸
3580 4868 3645 4907 eo

2047 4928 2107 4985 in
2136 4929 2448 4988 inﬁdelium
2494 4932 2776 4990 mentibus
2805 4936 3157 5007 gravioribus
3196 4937 3424 4993 invidia:
3453 4946 3643 5012 torpor

2045 5019 2312 5084 excrevit,
2343 5027 2506 5093 atque
2548 5021 2675 5077 inde
2731 5030 2924 5079 contra
2978 5026 3152 5079 Deum
3204 5024 3359 5095 plebs
3397 5025 3640 5086 infidelis

2044 5106 2326 5176 obduruit,
2348 5109 2496 5165 unde
2516 5109 2746 5168 humilis
2762 5113 2996 5184 populus
3023 5119 3328 5168 anteactam
3349 5113 3634 5186 duritiam,

2041 5213 2149 5271 qua
2175 5216 2233 5255 se
2258 5200 2589 5257 astrinxerat
2607 5203 2899 5259 emollivit.
2931 5205 3044 5258 Deo
3056 5202 3205 5259 enim
3232 5202 3400 5262 ﬂante
3423 5207 3482 5265 in
3511 5210 3634 5282 gelu

328 5285 544 5344 nerant,
575 5277 632 5335 in
665 5289 896 5341 mortem
926 5281 1044 5357 ejus
1066 5294 1272 5359 quanta
1288 5286 1567 5345 anxietate
1586 5287 1927 5348 crudelitatis
2033 5288 2179 5345 versi
2208 5288 2448 5360 fuerant,
2478 5290 2575 5362 qui
2605 5291 2739 5348 visis
2777 5291 3060 5350 miraculis
3105 5293 3422 5358 invidentes
3468 5298 3631 5357 dice-

399 5536 416 5608 ?
449 5534 711 5608 Yindoc.,
742 5538 963 5596 Ebroic.
996 5545 1051 5595 et
1077 5538 1194 5608 alii,
1223 5542 1381 5598 etiam
1409 5544 1704 5601 electorum.

471 5580 484 5591 .
505 5580 686 5594 ......,.,.
742 5580 963 5596 ...ηνημ
996 5580 1051 5595 υ.
1077 5580 1171 5595 ...η
1223 5580 1381 5598 tm...
1409 5580 1704 5601 σιωικιιιοιη.

396 5607 420 5642 ³
449 5607 542 5664 Sic
584 5580 1097 5689 laudati_C_odices;_
1143 5584 1203 5689 et
1222 5614 1461 5689 quidem
1487 5618 1697 5689 optimo
1736 5633 1919 5675 sensu.

322 5677 1147 5758 yeteresntamepuEditLljar’is.
1183 5677 1340 5758 llg88,
1371 5677 1541 5756 41195;
1561 5689 1721 5758 1518,
1752 5689 1918 5746 Basil.

324 5749 679 5830 1593,1514,
711 5752 877 5830 αξιοι.
923 5754 1079 5812 1571.
1112 5762 1165 5810 et
1210 5749 1664 5827 Gussanv.,'etc.,
1696 5749 1920 5830 habent,

319 5820 473 5877 cuius
491 5824 866 5896 uoluptatibus.

2103 5547 2125 5582 ³
2155 5544 2422 5618 Vindoc.,
2445 5544 2503 5600 in
2529 5560 2727 5612 eorum,
2755 5560 2831 5601 sc.
2861 5554 3291 5618 persecutorum.

2103 5619 2124 5653 ⁴
2153 5616 2375 5685 Pratel.,
2406 5617 2461 5671 in
2489 5622 2783 5671 arcturum.

2101 5690 2122 5723 ³
2154 5689 2357 5746 Recent
2384 5731 2398 5755 ,
2421 5688 2699 5761 perimere,
2730 5691 3183 5750 mutatalectione
3210 5702 3327 5751 tum
3349 5696 3478 5753 Mss.
3498 5704 3615 5753 tum

2031 5768 2725 5850 vetne'r‘umexcusorum.“
2789 5834 2833 5850 h
2982 5836 2992 5848 _
3283 5845 3293 5850 _
3409 5838 3421 5850 υ

2103 5834 2125 5866 ⁸
2153 5832 2427 5889 Particula
2454 5832 2511 5888 in
2541 5831 2691 5889 deest
2711 5834 2767 5889 in
2789 5834 3043 5907 Excusis,
3062 5855 3172 5894 non
3206 5845 3385 5895 autem
3407 5838 3461 5895 in
3482 5840 3610 5897 Mss.
