4152 6182
512 355 613 412 431

1728 336 1983 394 SANCTI
2025 334 2365 392 GREGORII
2400 328 2629 389 MAGNI

3726 319 3821 379 432

514 483 649 538 bant
680 477 851 534 :Ecce
878 477 1015 529 totus
1042 469 1271 526 mundus
1303 470 1320 504 ¹
1338 475 1460 542 post
1486 483 1604 523 eum
1630 465 1762 522 abiit
1785 464 1968 538 (Joan.
1999 479 2103 532 xu,
2133 466 2181 525 Α
2209 478 2360 517 reum
2389 477 2561 528 suum,
2587 459 2775 532 paleas
2812 462 2987 512 autem
3027 453 3291 510 comburet
3320 452 3429 524 igni
3467 449 3827 520 inea-stingui-

519 570 632 643 19).
665 563 1090 638 Conspiciebant
1134 560 1309 634 signa,
1361 557 1659 617 cernebant
1692 571 1787 629 per
1831 553 2117 643 ministros

518 642 638 732 ejus
664 655 949 722 miracula,
968 659 1161 729 _totum
1188 650 1304 722 jam
1343 646 1614 705 mundum
1644 653 1961 704 secuturum
1988 642 2116 700 ﬁdei

517 746 940 822 praedicamenta
967 739 1379 815 praevidebant;
1427 744 1480 793 et
1516 744 1700 793 tamen
1750 751 1860 808 quo
1900 741 2119 792 sanctus

517 837 759 911 Spiritus
803 831 1074 891 mundum
1117 830 1424 903 repleverat
1466 826 1619 899 (Sap.
1667 842 1706 894 ι,
1754 826 1831 898 7),
1864 840 1929 881 eo
1984 824 2121 880 illo—

520 943 644 985 rum
674 932 885 982 mentes
924 921 1134 979 arctius
1185 917 1418 975 invidiae
1464 915 1680 972 malitia
1708 914 1931 986 ligabat.
1963 917 2124 986 Aqua

520 1033 647 1090 ergo
698 1015 759 1071 in
794 1014 919 1087 gelu
967 1025 1127 1067 versa
1170 1009 1351 1065 fuerat
1376 1004 1531 1073 dum,
1562 1011 1728 1062 eunte
1784 1010 1908 1076 post
1947 1003 2123 1059 Deum

521 1104 751 1172 mundo,
793 1101 981 1159 Iudaea
1032 1100 1091 1156 in
1148 1095 1364 1155 invidia
1417 1092 1572 1167 pigra
1627 1092 1961 1150 remanebat.
2018 1090 2125 1149 Sed

521 1196 651 1269 quia
678 1209 928 1267 supernae
977 1188 1232 1263 potestati
1272 1184 1541 1261 suppetiit
1570 1185 1735 1241 etiam
1782 1191 1947 1240 tantae
1988 1198 2125 1239 cru—

522 1282 765 1341 delitatis
801 1279 1068 1337 duritiam
1123 1278 1336 1334 solvere
1391 1283 1555 1349 atque
1601 1273 1670 1331 ad
1723 1273 2022 1330 amandum
2069 1288 2126 1328 se

522 1374 689 1434 corda
715 1373 1027 1431 inﬁdelium
1067 1372 1296 1447 liquare,
1339 1379 1461 1446 post
1493 1369 1599 1429 hoc
1645 1369 1769 1445 gelu
1817 1385 1947 1425 mox
1986 1368 2127 1425 bene

526 1465 786 1525 subditur
817 1480 829 1520 :

1084 1563 1311 1624 CAPUT
1341 1561 1554 1620 XXIX.
1762 1622 1769 1625 _

598 1660 736 1719 Iern.
761 1687 827 1701 --
855 1657 932 1714 Et
956 1671 1178 1711 rursum
1208 1654 1480 1711 latissime
1495 1650 1801 1723 funduntur
1819 1664 1992 1719 aquae.

598 1751 687 1808 53.
722 1747 1085 1819 Quorumdam
1104 1753 1285 1819 postea
1313 1744 1567 1812 emollita,
1600 1748 1648 1799 et
1696 1742 1754 1797 in
1778 1739 2020 1813 pluviam
2064 1735 2124 1792 li-

2227 552 2323 608 bili
2345 551 2555 625 (Matth.
2579 568 2665 617 III,
2695 550 2809 624 12).
2842 548 2947 607 Sed
2965 548 3072 604 hoc
3091 547 3435 603 frumentum
3459 557 3747 619 quousque
3765 542 3828 599 ad

2226 642 2616 717 perfectionem
2646 630 3170 707 fructuum‘veniat,
3209 637 3444 693 nubium
3475 633 3694 708 pluvias
3723 649 3829 689 ex-

2228 740 2435 807 spectat
2462 740 2525 788 ut
2560 738 2784 799 crescat,
2831 730 2959 804 quia
3003 728 3279 785 bonorum
3326 741 3482 781 mens
3519 722 3832 797 praedican-

2227 822 2371 879 tium
2400 821 2584 878 verbis
2614 819 2946 887 infunditur,
2975 833 3042 874 ne
3068 815 3136 873 ab
3165 814 3401 871 humore
3431 812 3717 872 charitatis
3746 811 3833 869 de-

2231 912 2559 970 sideriorum
2589 909 2893 968 carnalium
2928 908 3041 964 sole
3070 906 3325 964 siccetur.
3350 904 3467 960 Hoc
3496 902 3834 959 frumentum

2232 1021 2499 1078 supernus
2530 1003 2770 1077 agricola
2803 1001 2861 1058 in
2899 996 3108 1057 mundo
3141 1012 3363 1070 surgere
3389 1011 3452 1052 ac
3479 993 3656 1051 nubes
3684 992 3837 1049 desi-

2233 1095 2421 1151 derare
2462 1099 2841 1166 conspexerat,
2893 1106 3019 1148 cum
3063 1086 3281 1145 dicebat
3330 1103 3341 1141 :
3402 1084 3588 1144 Messis
3629 1082 3836 1154 quidem

2233 1185 2424 1250 multa,
2454 1182 2690 1256 operarii
2714 1188 2891 1237 autem
2913 1178 3095 1252 pauci.
3127 1179 3323 1250 Rogate
3351 1179 3527 1230 autem
3551 1171 3838 1228 Dominum

2234 1272 2435 1340 messis,
2478 1279 2540 1328 ut
2577 1272 2753 1327 mittat
2785 1269 3060 1343 operarios
3104 1267 3165 1322 in
3203 1280 3418 1320 messem
3447 1278 3599 1317 suam
3623 1260 3836 1332 (Matth.

2234 1378 2318 1429 1x,
2340 1362 2429 1429 37,
2454 1361 2568 1434 38).
2587 1360 2692 1429 Qui
2706 1359 2876 1432 igitur
2890 1357 2982 1415 hic
2999 1357 3363 1421 frumentum,
3378 1351 3496 1408 illic
3517 1348 3732 1418 messis,
3747 1347 3837 1421 qui

2236 1467 2370 1508 vero
2398 1450 2493 1506 hic
2519 1449 2715 1519 nubes,
2745 1448 2862 1505 illic
2889 1445 3126 1520 operarii
3155 1449 3444 1511 vocantur,
3478 1440 3607 1514 quia
3636 1436 3841 1511 praedi-

2236 1549 2448 1599 catores
2481 1540 2655 1596 sancti
2686 1546 2741 1595 et
2768 1537 2940 1594 nubes
2968 1542 3119 1604 sunt,
3147 1542 3200 1590 et
3232 1531 3502 1606 operarii;
3542 1528 3715 1586 nubes
3745 1526 3843 1581 vi-

2236 1632 2436 1689 delicet
2481 1646 2579 1703 per
2622 1628 2954 1698 doctrinam,
3006 1622 3241 1698 operarii
3275 1638 3371 1695 per
3412 1621 3621 1686 vitam;
3663 1615 3840 1672 nubes

2237 1723 2365 1798 quia
2405 1719 2589 1776 verbis
2635 1718 2902 1786 inﬂuunt,
2953 1712 3189 1789 operarii
3241 1712 3371 1786 quia
3408 1727 3519 1767 non
3574 1706 3839 1765 desinunt

986 1801 1339 1911 gelu‘
1359 1801 1631 1892 Dominus
1646 1801 1944 1889 latiséimas
1959 1843 2129 1901 aquas
2160 1825 2207 1887 Β
2234 1827 2391 1887 agere
2420 1809 2570 1885 quod
2599 1810 2927 1882 loquuntur.
2961 1804 3119 1863 Unde
3146 1811 3201 1861 et
3226 1801 3483 1861 subditur
3514 1817 3526 1857 :

528 1915 693 2001 fudit,
723 1930 853 2005 quia
879 1934 1172 2001 postquam
1200 1925 1515 1983 Iudaeorum
1563 1921 1834 1981 saevitiam
1860 1934 2032 1992 usque
2061 1915 2131 1974 ad

530 2033 763 2087 mortem
800 2024 1050 2100 pertulit,
1082 2039 1273 2081 eorum
1301 2021 1468 2081 corda
1495 2018 1748 2095 protinus
1777 2018 1846 2075 ab
1875 2014 2131 2073 inﬁdeli-

528 2118 661 2177 tatis
704 2115 912 2174 duritia
956 2114 1159 2173 amoris
1209 2112 1297 2171 sui
1342 2112 1674 2186 aspiratione
1711 2106 2030 2183 liquefacit;
2070 2111 2135 2161 ut

531 2217 687 2268 tanto
714 2216 837 2283 post
866 2206 1286 2265 desiderabilius
1312 2205 1383 2263 ad
1432 2203 1802 2263 obediendum
1832 2203 2134 2267 currerent,

535 2312 741 2380 quanto
761 2301 1047 2379 praeceptis
1074 2300 1229 2358 illius
1258 2299 1415 2374 prius
1436 2297 1767 2357 obstinatius
1784 2292 2134 2352 restitissent.

536 2392 694 2454 Unde
707 2393 847 2452 bene
858 2409 954 2467 per
978 2391 1272 2467 quemdam
1288 2390 1589 2464 sapientem
1604 2387 1811 2444 dicitur
1830 2404 1841 2442 :
1866 2384 2014 2443 Sicut
2029 2381 2140 2454 gla-

536 2486 639 2542 cies
650 2486 707 2540 in
725 2482 1008 2549 sereno,sic
1018 2484 1348 2538 resolventur
1357 2486 1569 2554 peccata
1585 2484 1678 2535 tua
1700 2474 1891 2550 (Eccli.
1915 2490 2002 2542 ιιι,
2020 2470 2084 2528 17
2091 2472 2137 2542 ).

539 2575 627 2631 Ab
678 2572 786 2631 hoc
814 2571 1004 2643 frigidi
1033 2572 1273 2641 torporis
1305 2572 1429 2640 gelu
1458 2567 1600 2625 solvi
1629 2565 1902 2637 Propheta
1934 2559 2143 2619 deside-

542 2673 777 2731 raverat,
797 2679 922 2720 cum
939 2659 1188 2717 dicebat:
1219 2660 1494 2723 Converte,
1515 2655 1759 2723 Domine,
1790 2651 2145 2724 captivitatem

542 2756 804 2820 nostram,
820 2753 955 2809 sicut
974 2757 1180 2807 torrens
1190 2751 1247 2807 in
1265 2750 1470 2805 Austro
1488 2749 1661 2822 (Psal.
1686 2761 1857 2812 cxxv,
1875 2743 2041 2817 4).De
2055 2740 2145 2796 his

545 2841 723 2917 aquis,
756 2840 815 2898 id
843 2847 924 2898 est
952 2839 1021 2898 ad
1048 2841 1222 2898 Deum
1268 2834 1729 2898 concurrentibus
1756 2832 1996 2907 populis,
2026 2847 2144 2887 rur-

548 2948 670 2990 sum
708 2931 915 2989 dicitur
947 2948 959 2987 :
990 2931 1163 2990 Mittet
1204 2929 1418 2987 verbum
1456 2944 1629 2995 suum,
1660 2931 1708 2982 et
1737 2921 2037 2995 lique/adet
2063 2936 2145 2986 ea,

550 3028 574 3063 ι
604 3022 754 3096 ﬂabit
779 3021 1005 3095 spiritus
1032 3019 1569 3092 ejus,etﬂuentaqu¢e
1596 3015 1995 3088 (Psal.cx1.vn,
2031 3009 2143 3082 18).

554 3122 726 3193 Aqua:
752 3115 819 3171 de
849 3113 975 3185 gelu
1002 3118 1256 3179 currunt,
1280 3110 1410 3183 quia
1426 3108 1672 3182 plerique
1702 3121 1771 3161 ex
1800 3103 1956 3193 duris
1974 3116 2148 3175 perse-

555 3188 842 3267 cutoribus
870 3201 1053 3274 magni
1084 3199 1469 3272 pradicatores
1497 3197 1657 3252 ﬁunt.
1717 3194 1856 3250 Gelu
1884 3192 2054 3264 igitur
2106 3188 2166 3245 in
2197 3198 2239 3258 α

559 3311 699 3371 aqua
728 3295 993 3366 liquatur,
1015 3305 1140 3347 cum
1170 3295 1361 3361 torpor
1388 3285 1594 3342 interni
1613 3283 1833 3357 frigoris
1861 3281 1929 3338 ad
1958 3280 2150 3351 irriga-

559 3368 767 3444 tionem
789 3386 936 3446 879
965 3380 1201 3437 vertitur
1232 3373 1659 3450 praedicationis.
1697 3374 1782 3429 An
1805 3371 2007 3428 Paulus
2037 3368 2161 3442 gelu

563 3501 675 3543 non
704 3488 841 3552 erat,
873 3480 969 3555 qui
999 3477 1237 3551 acceptis
1281 3474 1532 3549 epistolis
1577 3475 1904 3531 Damascum
1934 3483 2163 3542 pergens

569 3576 711 3649 (Act.
743 3589 823 3642 Ix,
858 3572 939 3645 2),
972 3570 1032 3626 in
1056 3566 1221 3626 corde
1250 3564 1500 3624 ﬁdelium
1532 3561 1686 3638 quasi
1713 3561 1773 3618 in
1800 3569 1949 3617 terra
1957 3557 2166 3630 jactata

567 3662 723 3723 verbi
748 3660 848 3720 Dei
877 3660 1109 3727 semina,
1154 3674 1223 3714 ne
1252 3655 1321 3713 ad
1350 3654 1741 3728 perfectionem
1783 3664 2011 3724 operum
2049 3663 2166 3704 sur-

571 3759 778 3831 gerent,
806 3748 1137 3821 restringere
1157 3743 1434 3821 quserebat
1453 3743 1482 3800 ?
1503 3741 1609 3801 Sed
1624 3741 1750 3815 gelu
1769 3737 1876 3796 hoc
1891 3736 1949 3793 in
1969 3750 2165 3810 aquam

569 3826 756 3913 rediit,
779 3841 911 3916 quia
939 3855 1076 3914 quos
1104 3833 1481 3911 persequendo
1493 3833 1646 3907 prius
1661 3844 1906 3905 premere
1931 3826 2165 3893 studuit,

572 3937 675 3995 hos
722 3915 1074 4007 postmodum
1110 3927 1336 3985 ﬂuentis
1390 3934 1590 3984 sanctae
1640 3918 2043 3979 exhortationis
2087 3915 2169 3971 in-

574 4025 739 4090 fudit;
763 4030 826 4077 ut
852 4029 1006 4076 tanto
1034 4019 1261 4076 uberior
1287 4017 1588 4074 electorum
1610 4011 1803 4070 messis
1832 4010 2168 4079 exsurgeret,

577 4116 784 4186 quanto
813 4109 959 4166 hanc
1006 4107 1183 4165 imber
1230 4105 1330 4163 Dei
1373 4104 1539 4161 etiam
1587 4102 1655 4159 ab
1685 4116 1778 4158 ore
1808 4092 2175 4173 persecutoris

579 4201 853 4273 irrigaret.
891 4196 1046 4255 Unde
1074 4206 1130 4254 et
1156 4195 1296 4253 bene
1326 4193 1582 4251 subditur
1614 4210 1626 4247 :

792 4288 1022 4347 CAPUT
1050 4283 1215 4343 xxx
1247 4283 1387 4359 [Vet.
1421 4282 1603 4350 XXII,
1632 4280 1753 4338 Rec.
1785 4274 1967 4349 XIX].

654 4379 822 4439 Vnus.
856 4379 941 4436 11.
973 4408 1043 4420 -
1072 4378 1418 4434 Frumentum
1448 4370 1713 4429 desiderat
1741 4369 1920 4426 nubes.

654 4471 743 4529 5b.
774 4468 945 4527 Electi
972 4465 1295 4539 frumentum
1324 4470 1467 4533 sunt,
1514 4462 1600 4519 cui
1640 4459 1793 4520 Verbi
1821 4457 1992 4516 divini
2018 4454 2183 4512 imber

585 4560 927 4618 necessarius.
959 4587 1031 4601 —
1057 4556 1204 4627 Quid
1231 4557 1382 4613 enim
1429 4553 1592 4611 electi
1630 4551 1836 4627 quique
1876 4552 2026 4614 sunt,
2073 4541 2186 4600 nisi
2215 4564 2265 4624 ι)

588 4654 865 4710 frumenta
891 4649 991 4706 Dei
1014 4614 1327 4706 ccclestibns
1377 4644 1589 4701 horreis
1637 4614 1982 4698 recondenda
2001 4636 2030 4692 ?
2059 4633 2189 4701 Quae
2218 4614 2259 4624 ”
2301 4614 2426 4686 bus:

2799 1923 3026 1983 CAPUT
3057 1920 3267 1978 XXXI.

2309 2040 2472 2107 1311).,
2502 2037 2555 2096 6.
2587 2065 2658 2079 -
2685 2036 2760 2092 Et
2785 2035 2944 2091 nubes
2971 2036 3231 2106 spargunt
3260 2031 3436 2085 lumen
3464 2040 3638 2082 suum.

2312 2130 2402 2187 55.
2441 2127 2616 2186 Nubes
2672 2132 2797 2182 sunt
2849 2123 3016 2181 sancti
3054 2119 3450 2194 prcedicatores.
3492 2145 3564 2157 -—
3609 2114 3632 2148 ‘
3661 2108 3854 2169 Nubes

2245 2220 2394 2279 enim
2423 2220 2611 2276 lumen
2638 2229 2888 2289 spargere
2913 2220 2997 2269 est
3016 2207 3397 2285 pradicatores
3416 2210 3636 2263 sanctos
3649 2214 3857 2256 exem—

2245 2316 2339 2389 pla
2365 2312 2494 2370 vitae
2522 2316 2578 2366 et
2600 2286 2880 2381 loquendo
2899 2310 2954 2361 et
2971 2300 3179 2376 agendo
3198 2298 3451 2354 dilatare.
3474 2291 3581 2350 Sed
3600 2286 3858 2389 quamvis

2248 2374 2691 2462 annuntiationis
2715 2396 2927 2453 intimae
2942 2374 3132 2449 lumen
3154 2392 3435 2462 spargant,
3455 2398 3568 2440 non
3582 2388 3775 2437 tamen
3794 2374 3860 2433 ad

2249 2488 2624 2554 convertenda
2668 2486 2921 2545 omnium
2970 2498 3092 2556 quae
3136 2482 3403 2552 appetunt
3448 2470 3612 2531 corda
3654 2483 3859 2543 perve-

2253 2578 2435 2642 niunt.
2466 2581 2606 2639 Nam
2637 2574 2889 2650 sequitur
2923 2590 2936 2629 :

2810 2689 3038 2750 CAPUT
3066 2684 3300 2743 XXXII.

2324 2818 2497 2877 Vens.
2536 2815 2623 2873 12.
2653 2844 2725 2856 —
2755 2812 2882 2880 Qua:
2930 2808 3157 2864 lustrant
3201 2805 3385 2856 cuneta
3416 2813 3518 2869 per
3560 2792 3868 2855 circuitum,

2255 2922 2560 2982 quocunque
2586 2919 2672 2959 eas
2691 2900 2934 2955 voluntas
2960 2888 3298 2965 gubernantis
3327 2883 3561 2941 duxerit.

2327 2998 2418 3056 56.
2468 2969 2722 3054 Universa
2766 2989 3018 3050 lustrant,
3066 2982 3176 3039 Deo
3204 2993 3384 3034 eorum
3439 2988 3620 3028 cursus
3662 2969 3875 3043 guber-

2255 3092 2434 3143 nante.
2466 3115 2537 3126 —
2572 3082 2721 3154 Saepe
2764 3076 2911 3135 enim
2941 3070 3331 3147 praedicatores
3373 3061 3545 3121 sancti
3579 3057 3878 3117 exhortari

2273 3174 2536 3251 quosdam
2571 3147 2787 3237 vol-unt,
2823 3164 2917 3222 sed
2955 3165 3256 3251 nequeunt.
3291 3155 3441 3227 Saepe
3470 3149 3752 3251 quosdam.
3775 3147 3879 3245 de.—

2266 3235 2472 3324 clinare
2523 3235 2808 3334 appetunt,
2857 3252 2951 3310 sed
2997 3259 3185 3307 tamen
3227 3247 3461 3303 internae
3502 3235 3878 3312 instigationis

2268 3354 2511 3429 impulsu
2538 3330 2820 3407 exhortari
2862 3360 2955 3402 eos
2998 3335 3398 3398 instantissime
3440 3330 3874 3403 compelluntur.

2269 3417 2569 3503 Videamus
2597 3436 2805 3494 nubem
2840 3430 2943 3490 Dei
2971 3425 3248 3504 quomodo
3294 3417 3654 3497 gubernantis
3692 3430 3870 3481 manu,

2273 3544 2327 3593 et
2354 3533 2423 3592 ad
2452 3548 2516 3591 ea
2542 3546 2668 3605 quae
2703 3542 2819 3583 non
2840 3520 3069 3597 appetit,
3093 3516 3336 3584 ducitur,
3357 3520 3520 3587 atque
3547 3509 3616 3566 ab
3637 3505 3877 3605 impulsu

2273 3642 2373 3683 suo
2404 3593 2605 3681 iterum
2628 3593 2985 3691 gubernantis
3004 3623 3174 3665 manu
3194 3603 3484 3661 retinetur.
3504 3598 3665 3656 Certe
3686 3593 3878 3652 Paulus

2276 3731 2404 3774 cum
2431 3682 2764 3769 vestimenta
2791 3719 2889 3762 sua
2915 3697 3204 3757 excutiens
3231 3710 3263 3750 a
3281 3687 3588 3751 Corinthiis
3604 3682 3878 3743 discedere

2277 3806 2466 3874 vellet,
2498 3798 2750 3858 audivit:
2790 3792 2920 3853 Noli
2963 3798 3139 3854 tmere,
3178 3785 3267 3841 sed
3307 3785 3541 3854 loquere,
3587 3784 3635 3835 et
3682 3792 3748 3832 ne
3784 3780 3870 3828 ta-

2279 3912 2415 3960 ceas,
2451 3894 2472 3929 '5
2488 3895 2711 3963 propter
2746 3883 2886 3958 quod
2919 3896 3006 3953 ego
3037 3885 3200 3935 tecum
3228 3891 3367 3943 sum,
3396 3879 3445 3929 et
3467 3886 3612 3926 nemo
3640 3879 3882 3963 oppone-

2284 3988 2372 4040 tur
2395 3953 2507 4038 tibi.
2521 3953 2789 4035 utgnocea—t
2818 3980 2883 4040 te,
2904 3969 3158 4044 quoniam
3179 3966 3376 4022 multus
3394 3968 3472 4018 est
3500 3956 3628 4015 mihi
3646 3953 3883 4044 populus

2282 4077 2339 4134 in
2355 4077 2450 4132 hac
2464 4071 2671 4129 civitate
2685 4067 2833 4141 (Act.
2849 4042 3014 4131 xvm,
3033 4059 3087 4129 9,
3108 4058 3198 4130 10)
3212 4100 3224 4113 .
3245 4057 3477 4114 Rursum
3491 4064 3617 4141 cum
3629 4042 3884 4141 ad

2284 4164 2649 4225 salonicenses
2671 4156 2936 4215 voluisset
2961 4152 3062 4221 ire,
3086 4154 3331 4205 retentus
3349 4151 3447 4211 est,
3474 4139 3660 4197 dicens
3684 4154 3696 4192 :
3722 4136 3745 4170 ⁸
3774 4133 3887 4193 Vo—

2290 4222 2565 4316 luiroenire
2596 4251 2669 4308 ad
2694 4265 2782 4305 vos
2811 4263 2898 4318 ego
2931 4240 3141 4315 quidem
3178 4238 3405 4300 Paulus,
3439 4238 3486 4288 et
3512 4228 3686 4318 semel
3713 4222 3886 4318 et

2288 4313 2432 4412 rum,
2471 4342 2560 4399 sed
2591 4313 2863 4413 impedivit
2886 4313 2967 4390 me
2996 4333 3223 4390 Satanas
3250 4327 3315 4399 (Ῑ
3340 4325 3514 4383 ΤῙιεδει
3536 4313 3891 4413 “suis-IN":

2290 4401 2395 4511 que
2413 4401 2588 4490 Ienim
2633 4401 2731 4504 per
2776 4423 3129 4495 semetipsum
3173 4417 3337 4474 Satan
3398 4406 3700 4509 praepedite
3750 4401 3888 4500 tanti

2300 4490 2533 4600 apostoli
2570 4490 2690 4577 vias
2717 4516 2919 4591 potuit,
2951 4490 3044 4569 sed
3071 4508 3299 4567 occultae
3333 4497 3764 4595 dispensationis
3790 4490 3891 4549 usi-

2465 4616 2619 4676 880
2658 4584 2791 4664 dum
2823 4603 3164 4668 adversatur,
3189 4594 3440 4652 nesciens
3468 4584 3807 4651 deservivit;
3836 4586 3892 4636 ut

589 4686 629 4710 ιι
644 4686 865 4709 αωυιικ»
891 4686 991 4706 uva
1014 4686 1327 4706 νωινουυιω
1377 4686 1589 4701 "unum
1638 4686 1982 4698 ...υνυς-πη...
2009 4686 2021 4692 -
2067 4686 2143 4701 ,ε-

589 4758 739 4803 nunc
768 4740 828 4797 in
869 4739 1076 4797 tritura
1102 4752 1240 4795 area:
1271 4733 1452 4809 paleas
1480 4733 1738 4797 tolerant,
1791 4728 1922 4801 quia
1972 4724 2030 4780 in
2084 4722 2188 4777 hac
2294 4712 2563 4771 nimirum
2592 4707 2797 4765 Paulus
2825 4704 2957 4760 dum
2995 4700 3065 4757 ad
3101 4697 3239 4755 alios
3272 4693 3441 4752 vellet
3483 4686 3773 4754 accedere,
3802 4694 3894 4781 nec

2366 4804 2380 4809 -
2488 4808 2491 4809 ,
2603 4798 2613 4808 ι
2846 4791 2880 4809 οι
2950 4808 2957 4809 ,
3011 4788 3258 4809 _----j-_._
3308 4799 3416 4809 ...Α-ι
3462 4785 3677 4809 ςιιΛθΛΙιΛ.
3728 4780 3894 4809 nhil“.

592 4832 913 4911 purgatione
938 4836 1140 4888 sancta:
1169 4822 1431 4883 Ecclesiae
1461 4835 1640 4877 mores
1668 4815 1977 4875 contrarios
2004 4826 2187 4884 repro-

591 4902 789 4982 borum
835 4925 1080 4995 portant,
1125 4917 1146 4954 ³
1177 4927 1463 4989 quousque
1491 4909 1610 4967 haec
1656 4909 1907 4963 internus
1952 4902 2191 4976 agricola

595 4991 906 5070 ventilabro
932 5004 1134 5083 judicii
1165 5004 1411 5071 dirimat,
1440 5008 1496 5058 et
1529 4998 1588 5056 in
1616 5012 1853 5071 superna
1879 4991 2190 5052 habitacula

598 5100 798 5160 electos
816 5119 966 5171 suos,
988 5095 1144 5175 quasi
1167 5092 1371 5152 munda
1384 5091 1500 5166 jam
1521 5108 1691 5165 grana
1704 5088 2190 5162 suscipiens,aeter-

2296 4804 2525 4867 valeret,
2568 4798 2647 4855 eis
2693 4813 2725 4852 a
2766 4791 2968 4869 quibus
3009 4788 3262 4846 recedere
3308 4799 3422 4841 non
3462 4785 3681 4854 poterat
3726 4772 3895 4869 aptius

2298 4862 2594 4968 prodesset.
2644 4862 2828 4946 Nubes
2873 4882 3043 4955 igitur
3087 4875 3187 4934 Dei
3231 4880 3430 4932 cuncta
3472 4885 3570 4943 per
3605 4862 3897 4926 circuitum

2300 4952 2558 5050 lustrant,
2597 4980 2728 5054 quia
2755 4952 3161 5050 praedicationis
3202 4968 3324 5025 luce
3353 4958 3549 5019 mundi
3588 4957 3730 5014 ﬁnes
3768 4952 3898 5054 illa:

2302 5044 2672 5133 minantised
2693 5044 2823 5141 quia
2839 5062 3048 5121 divinis
3076 5056 3302 5116 nutibus
3344 5050 3580 5110 subditas
3628 5044 3903 5119 nequeunt

600 5138 798 5160 ειενυυο
816 5138 966 5171 unus),
1029 5138 1144 5157 uno:
1167 5138 1371 5152 μευ-υνυ-
1384 5138 1500 5166 δ--ι-
1521 5138 1572 5165 δι
1583 5138 1691 5149 ν--ι-ι-
1704 5138 1849 5149 ν--ιν-
1892 5138 2031 5154 --ν-ν,
2046 5138 2081 5141 η
2098 5138 2107 5140 ν
2710 5138 2727 5141 _

600 5194 688 5252 nis
714 5192 896 5267 paleas
923 5138 1146 5263 igniibus
1172 5184 1375 5244 tradat.
1407 5181 1562 5240 Unde
1607 5180 1746 5240 bene
1788 5138 1885 5253 pe;
1929 5177 2194 5235 Joannem
2303 5165 2523 5239 explere
2551 5158 2699 5235 quod
2726 5157 2943 5226 volunt,
2976 5153 3063 5267 ire
3091 5165 3204 5249 non
3242 5150 3498 5267 pps’s‘unt:
3535 5138 3648 5267 nisi
3682 5143 3903 5267 quin?

2379 5256 2392 5267 1
2482 5261 2493 5267 -
2660 5250 2676 5267 ι
2709 5244 2942 5267 4,,-_-_.A2_
3010 5247 3196 5267 ..υΑ-..ι
3300 5253 3333 5267 η
3381 5250 3409 5267 n
3438 5250 3466 5267 Δ
3532 5247 3556 5267 0
3646 5243 3717 5267 “0
3774 5266 3779 5267 ,

602 5217 688 5252 lus
716 5217 896 5267 paleas
923 5217 1146 5263 lguluua
1178 5217 1375 5244 clauae.
1411 5217 1562 5240 uuuu
1608 5217 1746 5240 wuc
1790 5217 1877 5253 γυι
1929 5217 2194 5235 uva-uua.-
2308 5217 2517 5239 --τ--η
2566 5217 2621 5235 ιη
2927 5217 2940 5226 ,
3248 5217 3263 5221 -

602 5283 808 5340 dicitur
839 5297 852 5339 :
888 5281 1057 5352 Cujus
1084 5277 1438 5337 ventilabrum
1462 5274 1523 5331 in
1548 5290 1712 5331 manu
1738 5288 1859 5340 sua,
1880 5274 1930 5326 et
1948 5280 2196 5344 permun-
2305 5256 2561 5352 voluntas
2589 5244 2946 5324 gubernantis
2973 5239 3219 5301 duxerit.
3252 5234 3411 5296 Unde
3438 5240 3493 5291 et
3530 5228 3719 5287 adhuc
3772 5217 3906 5279 ηδ’

605 5371 751 5429 dabit
798 5388 981 5430 aream
1031 5386 1206 5437 suam,
1233 5376 1282 5427 et
1331 5365 1662 5441 congregabit
1689 5360 1923 5421 triticum
1966 5358 2027 5415 in
2079 5356 2198 5411 hor-

685 5538 702 5577 ¹
736 5534 961 5612 Pratel.,
992 5540 1136 5598 Utic.
1170 5549 1225 5597 et
1247 5541 1418 5612 plur.,
1439 5543 1562 5610 post
1587 5550 1706 5591 eum
1730 5531 1897 5587 vadit.

681 5616 706 5653 ²
734 5613 908 5673 Iidem
942 5612 1191 5680 Codices,
1220 5612 1390 5680 flavit.

2301 5344 2555 5419 jungitur
2586 5358 2600 5399 :

2310 5532 2432 5574 rum
2464 5512 2764 5568 frumenta.

2382 5549 2789 5641 i"s3ii€&i"i€£e
2816 5581 3072 5654 legunth
3099 5574 3266 5654 infra,
3295 5569 3635 5654 adyersu‘m,
3672 5549 3915 5632 nunquid

684 5683 706 5724 ³
735 5637 1497 5753 ἓξῖῗῖῗ,“ῧ’ἓιῗῗέξῗ’όῗξέἕιίιν.,
1528 5693 1696 5749 quous
1734 5691 1797 5729 ue
1817 5673 1968 5735 hanc,
1996 5680 2073 5721 sc.
2105 5664 2204 5747 Ἐξο-
2312 5657 2414 5717 scis
2434 5637 2653 5710 ’ἀὰτιάο
2670 5637 2982 5735 praecepta:
3000 5651 3144 5713 Deus
3166 5637 3319 5720 pluv.
3350 5644 3516 5703 Num.
3538 5637 3628 5696 eo.

684 5762 858 5820 tsiam.
917 5754 1257 5814 Vetustiores
1310 5750 1499 5820 Edita,
1532 5754 1671 5820 post.
1699 5692 1874 5808 qus.,
1905 5743 2206 5820 praesertim
2386 5731 2411 5820 ξ
2439 5672 2664 5820 ἓξξὲξὶ
3418 5781 3628 5820 ’ΛΜΝ

614 5756 858 5820 clesiam.
917 5750 1257 5814 Vetustiores
1310 5750 1484 5811 Edit.,

1805 5759 1848 5798 s.
1860 5783 1874 5808 ,
1906 5736 2206 5808 praesertim

881 5807 1154 5891 Vixit-loc;
1170 5807 1395 5887 Pratel.,
1415 5807 1583 5884 Utic.,
1614 5807 1885 5885 quousque
1901 5807 2025 5877 hac,
2046 5807 2209 5866 nimi-

2386 5731 2407 5765 ⁵
2439 5725 2945 5797 Ρταῑειηῇαοηίαᾳη
2978 5729 3141 5797 tecum
3167 5735 3305 5797 sum.

2390 5802 2413 5836 θ
2439 5781 2931 5867 Vindoc.,‘Pratel.
2964 5801 3019 5851 et
3046 5790 3141 5850 alii
3171 5791 3388 5859 Norm.,
3418 5781 3706 5844 voluimus.
