4152 6182
376 280 483 338 433

911 409 1141 470 CAPUT
1186 413 1290 471 XX
1301 415 1452 474 XIII.

448 501 588 557 Iern.
612 530 681 541 —
710 499 801 557 Ad
827 516 976 557 omne
1003 502 1145 576 quod
1176 507 1486 580 praeceperit
1511 508 1584 565 eis
1608 526 1769 583 super
1793 512 1985 584 faciem

369 593 518 650 orbis
539 600 716 651 term.

441 683 532 741 57.
577 686 653 741 Et
696 684 929 741 internos
970 693 1143 745 motus
1185 692 1510 749 moderante.
1542 723 1614 737 —
1648 695 1800 769 Saepe
1832 698 1981 754 enim

368 792 498 834 cum
522 775 886 848 gubernantis
913 778 1200 839 voluntate
1227 782 1623 855 perducuntur,
1646 785 1808 843 aliter
1826 804 1982 861 agere

367 872 656 939 appetunt,
706 864 803 923 sed
839 866 1005 924 aliter
1052 869 1442 944 disponuntur.
1493 875 1630 932 Nam
1659 876 1983 951 plerumque

367 954 635 1031 quosdam
665 954 950 1014 auditores
977 975 1105 1018 suos
1133 962 1357 1019 student
1383 964 1585 1023 blande
1606 967 1900 1039 corrigere,
1926 977 1979 1025 et

366 1051 554 1101 tamen
583 1060 777 1100 eorum
798 1061 978 1101 sermo
999 1046 1057 1102 in
1082 1049 1431 1123 asperitatem
1447 1050 1695 1111 ducitur.
1721 1055 1982 1112 Plerum-

364 1151 472 1210 que
502 1133 768 1209 quosdam
818 1151 1063 1195 resecare
1108 1155 1295 1213 aspere
1339 1150 1624 1216 appetunt,
1672 1145 1768 1202 sed
1797 1154 1981 1204 tamen

364 1241 559 1282 eorum
601 1227 618 1260 ¹
642 1225 801 1297 vigor
833 1242 931 1299 per
962 1230 1404 1289 mansuetudinis
1430 1233 1688 1306 spiritum
1730 1235 1984 1292 refrena-

361 1323 474 1372 tur.
507 1311 663 1371 Sicut
693 1330 954 1388 ergonon
976 1328 1206 1391 possunt
1232 1321 1312 1378 ire
1341 1339 1451 1396 quo
1470 1324 1688 1395 volunt,
1720 1326 1797 1382 ita
1816 1326 1982 1382 etiam

362 1413 647 1480 nequeunt
674 1422 840 1480 agere
867 1407 1013 1465 sicut
1043 1410 1262 1469 volunt.
1307 1412 1448 1481 Quia
1488 1414 1638 1471 enim
1678 1432 1771 1474 eos
1799 1416 1984 1473 inter—

361 1513 469 1554 nus
495 1496 708 1554 arbiter
733 1504 883 1555 tenet
911 1515 1038 1556 cum
1060 1500 1258 1572 mittit,
1290 1502 1369 1560 ita
1396 1503 1525 1562 illos
1552 1505 1722 1563 etiam
1752 1505 1984 1563 modiﬁ-

361 1604 525 1645 ceans
568 1586 801 1661 suscipit
829 1605 953 1645 cum
974 1589 1248 1663 perducit,
1280 1601 1342 1650 ut
1369 1594 1668 1669 aliquando
1689 1596 1747 1652 in
1767 1597 1984 1670 cogita-

362 1678 512 1736 tione
539 1678 650 1734 alia
681 1676 1003 1751 disponant,
1033 1680 1130 1737 sed
1148 1681 1257 1737 alia
1276 1682 1335 1738 in
1356 1699 1523 1755 opere
1548 1694 1844 1758 peragant;
1869 1686 1983 1742 ali-

1076 281 1450 343 MORALIUM
1487 288 1622 347 LIB.
1665 290 1899 350 xxvn.
1940 321 2011 335 —
2053 293 2122 352 IN
2161 292 2392 352 CAPUT
2444 256 2710 353 XXXVII
2750 299 2811 354 B.
2852 298 2995 356 JOB.

3580 306 3693 366 434

2015 424 2065 483 A
2093 424 2348 496 gentibus
2374 425 2645 483 virtutum
2685 427 2954 485 miracula
2988 431 3254 502 ostendit,
3293 441 3356 490 ut
3390 435 3507 492 sola
3535 437 3695 494 mise-

2092 512 2330 571 ricordia
2374 531 2405 571 a
2446 514 2581 588 jugo
2626 515 2828 573 erroris
2877 515 3206 589 absolveret,
3253 538 3391 596 quos
3437 524 3694 597 ingenita

2090 603 2333 676 perﬁdia:
2378 603 2461 662 ira
2500 604 2860 679 deprimebat.
2916 605 3056 681 [Vet.
3111 610 3351 686 ΧΧῙΙΙ.]
3399 613 3506 671 Sed
3550 619 3688 679 881

2091 718 2213 759 ecce
2258 703 2410 772 Eliu,
2459 703 2591 777 quia
2626 705 2812 762 futura
2847 720 2943 778 per
2988 704 3373 779 propheticum
3431 709 3690 781 spiritum

2090 792 2281 862 sensit,
2312 793 2443 867 quia
2472 794 2646 850 multa
2685 793 2998 852 sublimiter
3031 794 3282 867 protulit,
3311 796 3401 853 vir
3431 813 3691 870 arrogans

2089 884 2344 942 elationis
2372 902 2484 942 suae
2513 887 2753 960 pondere
2778 888 3009 946 lassatus
3035 905 3147 946 non
3174 889 3321 948 valet
3335 897 3552 963 portare
3573 906 3694 967 qua

2089 973 2245 1033 dicit.
2275 976 2413 1033 Nam
2442 992 2539 1050 per
2560 976 2883 1051 jactantiam
2913 979 3166 1052 protinus
3192 979 3447 1054 adjungit
3484 998 3497 1038 :

2631 1086 2858 1144 CAPUT
2904 1087 3142 1149 XXXV.

2162 1173 2335 1231 Vens.
2371 1174 2456 1231 ili.
2488 1205 2559 1218 —
2586 1176 2845 1234 Ausculta
2874 1177 3000 1245 luec,
3026 1178 3123 1235 Job
3144 1196 3167 1246 ;
3213 1184 3316 1248 sta,
3346 1183 3394 1235 et
3417 1178 3691 1237 considera

2089 1263 2354 1322 miracula
2382 1264 2501 1322 Dei.

2161 1355 2250 1412 59.
2296 1355 2435 1424 Quid
2452 1355 2522 1410 sit
2540 1356 2639 1413 Dei
2658 1357 2920 1414 miracula
2949 1359 3159 1430 stando,
3181 1360 3311 1432 quid
3329 1358 3557 1431 jacendo
3578 1375 3695 1415 con-

2091 1446 2349 1503 siderare.
2396 1477 2467 1488 —
2513 1446 2679 1515 Quasi
2726 1447 2783 1503 in
2843 1448 3250 1521 comparatione
3297 1450 3383 1507 sui
3420 1448 3693 1521 jacentem

2091 1535 2255 1606 vidit,
2286 1553 2449 1610 quem
2479 1538 2546 1595 ad
2575 1539 2745 1595 verba
2784 1546 2950 1597 tantae
2991 1538 3401 1614 praedicationis
3438 1547 3501 1597 ut
3528 1545 3695 1597 staret

2092 1624 2399 1682 admonuit.
2431 1626 2697 1696 Quamvis
2726 1638 2779 1685 et
2807 1647 2903 1703 per
2929 1630 3037 1687 hoc
3064 1628 3213 1705 quod
3245 1629 3382 1689 dicit
3409 1629 3692 1698 Ausculta,

2091 1732 2311 1788 gravem
2339 1716 2498 1773 beato
2525 1717 2627 1774 Job
2658 1719 3052 1776 contumeliam
3098 1720 3325 1793 irrogat,
3371 1718 3519 1794 quia,
3551 1718 3696 1776 sicut

794 1767 1816 1881 f9nsum’f’eél-
1840 1775 1983 1881 Quia
2008 1791 2055 1852 Β
2082 1766 2197 1881 jam
2231 1805 2298 1862 de
2338 1805 2434 1861 illo
2475 1813 2529 1861 et
2557 1807 2810 1879 superius
2840 1807 3089 1866 diximus
3119 1766 3266 1881 (Lib.
3299 1766 3406 1877 in:
3436 1766 3616 1876 n;’38,
3648 1813 3695 1862 et

358 1858 532 1931 igitur
557 1856 723 1931 juxta
748 1857 857 1915 hoc
884 1859 1035 1932 quod
1057 1858 1164 1916 sibi
1184 1861 1503 1935 praecipitur
1529 1864 1803 1931 serviunt,
1832 1865 1978 1923 dica-

358 1956 457 2004 tur
478 1955 625 2005 recte
657 1965 669 2003 :
705 1949 1022 2021 Quocunque
1048 1966 1136 2006 eas
1162 1952 1408 2009 voluntas
1425 1954 1767 2024 gubernantis
1799 1955 1980 2011 duae-

358 2037 459 2104 rit,
500 2037 573 2093 ad
608 2054 754 2093 omne
779 2038 922 2109 quod
944 2040 1260 2112 praeceperit
1285 2041 1398 2098 illis
1424 2059 1584 2116 super
1611 2043 1805 2115 faciem
1832 2044 1977 2101 orbis

359 2133 532 2184 terra.
564 2128 647 2184 Eo
672 2127 820 2184 enim
843 2127 1179 2201 apertiorem
1200 2130 1350 2187 viam
1381 2132 1793 2205 praedicationis
1821 2134 1974 2190 inve-

356 2216 541 2285 niunt,
594 2234 706 2292 quo
754 2217 822 2274 ad
863 2217 1008 2276 hanc
1049 2235 1162 2276 non
1206 2220 1343 2290 suis,
1379 2222 1470 2279 sed
1498 2225 1854 2298 praeceptoris
1885 2223 1973 2283 sui

354 2307 583 2365 nutibus
608 2307 913 2365 ducuntur.
948 2308 1103 2366 Unde
1133 2308 1316 2369 adhuc
1347 2311 1607 2371 subditur
1639 2332 1653 2371 :

734 2423 964 2482 CAPUT
993 2425 1237 2485 XXXIV
1263 2425 1409 2501 [Rec.
1442 2429 1594 2505 XX]

424 2540 600 2597 Vnus.
648 2540 734 2597 I3.
771 2571 841 2581 —
874 2541 990 2596 Sive
1023 2543 1081 2595 in
1111 2560 1218 2596 una
1262 2544 1420 2606 tribu,
1454 2544 1559 2600 sive
1592 2544 1651 2600 in
1679 2552 1824 2602 terra
1850 2564 1969 2617 sua,

347 2631 462 2686 sive
488 2631 549 2684 in
579 2646 887 2701 quocunque
934 2631 1044 2686 loco
1082 2631 1460 2689 misericordia:
1503 2650 1611 2690 sure
1644 2634 1970 2706 easjusserit

350 2719 609 2777 inveniri.

421 2810 513 2868 58.
553 2810 677 2866 Non
717 2808 918 2865 Iudaeis
963 2815 1187 2876 tantum,
1217 2811 1305 2867 sed
1334 2811 1492 2869 etiam
1526 2814 1807 2886 gentilibus
1845 2835 1964 2874 con-

346 2916 490 2956 cessa
530 2899 816 2971 Evangelii
845 2900 1181 2971 praedicatio.
1227 2933 1298 2943 —
1343 2902 1460 2959 Una
1502 2904 1680 2961 tribus
1718 2907 1964 2979 profecto

345 2987 488 3046 Iuda
512 2987 879 3061 intelligitur,
927 3005 1048 3061 quae
1104 2989 1163 3044 in
1204 2990 1487 3063 Scriptura
1527 3009 1680 3051 sacra
1713 2996 1859 3053 clara
1901 3014 1964 3054 ac

2087 1913 2219 1968 sape
2247 1894 2531 1967 deinceps),
2580 1895 2892 1969 arrogantia
2920 1897 3153 1956 minoris
3186 1905 3268 1954 est
3296 1895 3547 1953 auditum
3585 1894 3693 1954 sibi

2087 1985 2229 2043 velle
2261 1992 2588 2058 extorquere
2626 1985 2871 2058 majoris.
2912 1984 3017 2043 Sed
3064 1986 3193 2043 licet
3226 1984 3356 2042 Eliu
3396 1984 3543 2042 bona
3570 2002 3692 2059 quas

2085 2074 2222 2132 dicit
2250 2075 2459 2134 nesciat
2487 2092 2714 2149 pensare
2743 2075 2833 2134 cui
2863 2075 3030 2146 dicat,
3060 2093 3163 2134 nos
3201 2074 3298 2151 qui
3325 2074 3533 2133 erudiri
3575 2078 3598 2113 ⁸
3622 2076 3692 2133 ab

2085 2167 2345 2225 omnibus
2383 2168 2703 2241 quaerimus,
2738 2168 2996 2243 indagare
3032 2168 3202 2226 verba
3242 2168 3508 2225 doctrinae
3537 2166 3690 2225 illius

2083 2256 2362 2314 subtiliter
2391 2255 2673 2313 debemus.
2691 2259 2828 2315 Nam
2845 2273 3042 2330 magna
3060 2257 3311 2314 fortassis
3325 2256 3552 2313 virtutis
3572 2264 3689 2315 arte

2083 2347 2289 2406 dicitur
2327 2364 2339 2403 :
2384 2348 2498 2413 Sta,
2531 2353 2579 2403 et
2601 2347 2877 2405 considera
2911 2349 3176 2405 miracula
3203 2347 3322 2404 Dei.
3368 2346 3509 2404 Sunt
3536 2362 3689 2403 non-

2081 2437 2224 2494 nulli
2253 2436 2455 2512 quippe
2486 2437 2581 2511 qui
2609 2437 2708 2493 Dei
2738 2437 3004 2494 miracula
3038 2435 3283 2509 jacentes
3310 2435 3683 2505 considerant,

2080 2527 2209 2601 quia
2237 2527 2571 2601 operationis
2588 2526 2705 2599 ejus
2723 2526 3027 2600 potentiam
3046 2543 3159 2583 non
3179 2533 3470 2600 sequentes
3494 2525 3685 2585 admi-

2078 2624 2288 2673 rantur.
2333 2616 2486 2674 Stare
2524 2617 2726 2690 quippe
2768 2624 2850 2675 est
2887 2624 3031 2674 recte
3072 2631 3249 2690 agere.
3301 2615 3456 2673 Unde
3499 2622 3552 2671 et
3590 2630 3687 2688 per

2076 2708 2305 2764 Paulum
2327 2706 2534 2764 dicitur
2553 2725 2565 2763 :
2593 2708 2696 2776 Qui
2715 2725 2766 2763 se
2783 2708 3050 2763 existimat
3069 2713 3228 2775 stare,
3249 2706 3425 2763 videat
3450 2724 3515 2763 ne
3531 2697 3688 2763 cada‘

2077 2798 2137 2872 (Ι
2160 2799 2284 2856 Cor.
2315 2814 2373 2855 x.
2410 2796 2525 2870 I2).
2557 2798 2628 2853 Et
2658 2814 2799 2871 saepe
2829 2796 3050 2871 quidem
3082 2812 3319 2869 superna
3340 2795 3554 2869 judicia
3582 2792 3685 2851 mi'

2074 2896 2285 2956 rantur,
2318 2887 2744 2960 praedicamenta
2788 2886 3026 2943 caelestis
3056 2885 3249 2959 patriae
3291 2901 3418 2942 cum
3446 2884 3684 2941 audiunt

2072 2975 2335 3048 diligunt,
2386 2975 2527 3031 mira
2556 2991 2720 3047 opera
2758 2975 2989 3031 interna)
3016 2972 3398 3046 dispositionis
3425 2972 3680 3044 obstupe-

347 3076 642 3149 multiplex
670 3093 781 3150 prae
821 3078 1042 3135 caeteris
1072 3061 1429 3137 memoratur.
1462 3081 1593 3150 Quae
1614 3083 1672 3138 in
1691 3083 1798 3141 hoc
1814 3088 1961 3159 quod
2002 3153 2033 3159 _
2071 3073 2253 3134 scum,
2284 3064 2379 3121 ⁸θά
2408 3072 2592 3120 tamen
2623 3064 2859 3159 “laudo
2884 3062 3204 3159 et_ViVend°
3233 3062 3300 3119 ad
3340 3061 3466 3159 δξθθ,
3490 3061 3678 3159 θδςιθιη

348 3182 419 3222 ex
450 3182 506 3223 se
545 3165 931 3239 Redemptoris
971 3168 1146 3225 nostri
1186 3185 1404 3227 carnem
1435 3171 1687 3243 protulit,
1728 3151 1962 3247 speciale

2074 3171 2238 3229 opera
2266 3170 2548 3228 assurgere
2578 3154 2889 3227 negligunt.
2937 3154 3185 3211 Jacentes
3214 3169 3342 3226 ergo
3368 3151 3470 3209 Dei
3499 3151 3679 3209 mira-

346 3272 457 3328 praa
485 3255 747 3314 omnibus
770 3273 977 3314 munus
1006 3260 1237 3332 accepit.
1270 3260 1436 3317 Terra
1463 3270 1646 3319 autem
1666 3265 1766 3321 Dei
1788 3265 1956 3322 simul

346 3347 526 3404 omnis
551 3346 742 3405 Iudaea
769 3347 1111 3418 nominatur,
1146 3349 1275 3422 quia
1303 3367 1424 3423 quae
1454 3359 1591 3411 tunc
1623 3354 1673 3410 ei
1704 3355 1831 3412 fidei
1849 3373 1961 3413 suae

345 3436 590 3494 fructum
639 3437 896 3511 protulit,
944 3455 1070 3495 cum
1131 3446 1284 3497 totus
1328 3441 1430 3498 sub
1477 3441 1757 3501 idolorum
1805 3448 1961 3502 cultu

346 3524 588 3600 delapsis
604 3526 862 3601 gentibus
881 3527 1125 3584 mundus
1140 3529 1367 3586 erravit.
1391 3531 1569 3589 Locus
1589 3543 1773 3590 autem
1795 3535 1932 3592 mise
1945 3568 1960 3576 -

344 3615 599 3673 ricordiaa
628 3616 725 3674 Dei
750 3624 830 3674 est
860 3618 978 3691 ipsa
1009 3619 1311 3692 gentilitas,
1334 3620 1492 3694 cujus
1526 3624 1717 3696 culpas
1744 3624 1959 3682 distric-

347 3710 442 3759 tus
482 3701 655 3774 judex
701 3704 747 3759 si
792 3703 943 3778 juste
986 3704 1474 3775 animadverteret,
1522 3711 1591 3766 ad
1640 3712 1958 3768 reconcilia-

349 3792 563 3849 tionem
613 3793 800 3865 grati'r.
838 3810 1125 3868 nunquam
1170 3795 1403 3853 veniret.
1439 3799 1608 3867 ’Quas
1645 3816 1771 3857 cum
1806 3801 1959 3857 nulla

345 3882 495 3955 apud
543 3882 720 3939 Deum
765 3885 963 3941 merita
1004 3884 1221 3955 habuit,
1262 3888 1729 3946 reconciliationis
1773 3897 1956 3948 tamen

342 3972 574 4044 gratiam
604 3988 675 4028 ex
706 3973 826 4029 sola
854 3974 1234 4032 misericordia
1257 3976 1487 4050 accepit.
1525 3977 1679 4035 Unde
1708 3977 1846 4035 bene
1862 3995 1958 4051 per

339 4061 574 4118 Paulum
602 4061 816 4120 dicitur
841 4080 852 4118 :
885 4064 1067 4119 Gentes
1095 4072 1266 4121 autem
1297 4083 1460 4140 super
1472 4068 1841 4125 misericordia
1867 4071 1955 4126 ho-

341 4167 537 4206 norare
553 4151 725 4207 Deum
743 4154 928 4223 (Rom.
953 4171 1050 4223 xv,
1069 4154 1150 4228 9).
1175 4155 1330 4214 Unde
1350 4173 1540 4214 rursus
1560 4157 1829 4232 scriptum
1850 4167 1950 4216 est:

340 4240 361 4274 ³
378 4240 480 4306 Qui
493 4240 767 4311 quondam
781 4257 886 4297 non
906 4243 1163 4299 consecuti
1174 4244 1616 4316 misericordiam,
1633 4264 1771 4303 nunc
1781 4255 1954 4305 autem

339 4328 763 4385 misericordiam
790 4332 1047 4387 consecuti
1079 4332 1144 4403 (Ι
1167 4333 1281 4390 Pet.
1313 4350 1385 4403 II,
1434 4334 1546 4408 10.)
1590 4334 1775 4394 Nubes
1825 4354 1952 4411 ergo

338 4433 465 4475 suas
492 4419 639 4475 Deus
668 4418 844 4488 ducit,
872 4419 992 4476 sive
1020 4420 1079 4476 in
1106 4437 1219 4477 una
1247 4421 1420 4490 tribu,
1442 4422 1559 4480 sive
1576 4423 1635 4479 in
1661 4432 1808 4482 terra
1826 4442 1948 4495 sua,

2072 3246 2197 3303 cula
2216 3244 2587 3312 considerant,
2605 3244 2700 3319 qui
2720 3243 2841 3318 ejus
2856 3242 3158 3318 potentiam
3177 3241 3404 3299 sciendo
3424 3248 3677 3315 pensant,

2069 3334 2165 3392 sed
2203 3334 2444 3392 vivendo
2476 3350 2589 3391 non
2619 3341 2825 3391 amant.
2870 3334 2973 3391 Per
3004 3331 3528 3406 contemplationem
3558 3328 3676 3404 qni-

2070 3425 2193 3484 dem
2224 3427 2282 3484 in
2328 3426 2769 3485 consideratione
2812 3425 3003 3484 oculos
3042 3423 3301 3494 tendunt,
3348 3423 3443 3481 sed
3490 3430 3676 3479 tamen

2070 3532 2166 3587 per
2192 3516 2559 3572 intentionem
2589 3533 2704 3573 sese
2733 3533 2764 3572 a
2796 3524 2941 3572 terra
2962 3531 3072 3571 non
3088 3513 3328 3586 erigunt.
3352 3511 3507 3569 Unde
3534 3510 3675 3567 bene

2070 3606 2127 3661 in
2142 3606 2361 3663 Balaam
2379 3605 2853 3678 exprobrationem
2871 3603 3077 3662 dicitur
3095 3622 3107 3661 :
3137 3603 3241 3673 Qui
3260 3602 3447 3659 cadens
3464 3607 3675 3674 apertos

2068 3695 2218 3751 habet
2246 3698 2423 3751 oculos
2449 3696 2642 3766 (Num.
2670 3709 2831 3761 XXIV,
2864 3692 2975 3764 16).
3021 3691 3194 3749 Multa
3222 3708 3459 3765 namque
3486 3689 3552 3747 de
3581 3688 3672 3746 ad-

2069 3792 2240 3841 ventu
2279 3784 2659 3856 Redemptoris
2687 3782 2943 3850 dixerat,
2989 3790 3043 3837 et
3091 3798 3211 3854 quae
3254 3782 3314 3836 in
3351 3779 3671 3836 novissimis

2068 3875 2408 3948 temporibus
2435 3881 2591 3929 erant
2627 3880 2861 3928 ventura
2892 3870 3249 3943 praevidebat,
3280 3869 3376 3925 sed
3410 3876 3590 3924 tamen
3618 3869 3669 3923 ei

2066 3965 2309 4022 vivendo
2337 3977 2617 4034 assurgere
2657 3960 2859 4029 noluit,
2893 3975 3054 4033 quem
3084 3956 3439 4032 praevidendo
3472 3957 3666 4029 prendi-

2064 4055 2230 4114 cavit.
2263 4055 2456 4111 Iacens
2489 4069 2617 4125 ergo
2653 4058 2868 4125 apertos
2914 4050 3104 4108 oculos
3149 4047 3362 4117 habuit,
3393 4063 3521 4105 cum
3549 4045 3669 4120 ejus

2065 4152 2305 4201 mentem
2325 4152 2379 4200 et
2402 4142 2693 4216 prophetia
2711 4141 2780 4199 ad
2800 4140 3043 4199 coelestia
3062 4136 3332 4207 tenderet,
3353 4144 3409 4195 et
3434 4136 3669 4194 avaritia

2063 4237 2121 4292 in
2150 4243 2297 4291 terra
2323 4233 2602 4291 retineret.
2634 4233 2827 4290 Iacens
2854 4238 3071 4304 apertos
3090 4228 3281 4287 oculos
3301 4226 3517 4297 habuit,
3533 4226 3667 4301 quia

2062 4341 2189 4383 eum
2218 4324 2407 4381 videre
2434 4323 2501 4381 de
2530 4321 2907 4395 superioribus
2933 4319 3134 4394 potuit,
3168 4334 3330 4392 quem
3361 4324 3665 4391 prostratus

2061 4416 2120 4472 in
2149 4414 2359 4473 inﬁmis
2382 4431 2495 4471 non
2524 4414 2751 4471 amavit.
2782 4412 2913 4469 Eliu
2942 4412 3148 4485 itaque,
3187 4410 3283 4484 qui
3312 4409 3531 4466 beatum
3561 4407 3663 4465 Job

336 4522 435 4563 seu
463 4506 522 4563 in
550 4486 883 4583 quocunque
924 4510 1046 4567 loco
1076 4486 1467 4568 misericordia
1505 4527 1616 4569 sum
1643 4528 1733 4569 eas
1754 4486 1947 4587 jusse;
1982 4513 2029 4571 D
2060 4521 2407 4579 nequaquam
2453 4503 2690 4561 credidit
2732 4501 2973 4559 vivendo
3012 4500 3254 4558 tenuisse
3309 4498 3459 4574 quod
3493 4486 3659 4564 dixit,

336 4595 417 4669 git
444 4595 711 4667 inveniri,
742 4599 870 4672 quia
898 4598 1281 4671 praedicatores
1309 4599 1524 4658 Veteris
1549 4600 1803 4675 Novique
1829 4602 1958 4660 Τρε-

334 4689 572 4747 tamenti
599 4690 897 4763 aliquando
926 4691 1031 4748 soli
1060 4689 1230 4747 tribui
1251 4690 1407 4747 Iudae
1428 4692 1685 4761 contulit,
1702 4700 1757 4749 et
1776 4693 1944 4750 Israel

336 4794 479 4852 pene
506 4787 687 4836 totum
714 4796 784 4836 ex
812 4797 982 4853 prava
1021 4796 1210 4852 regum
1246 4780 1643 4854 gubernatione
1679 4779 1948 4854 reproba-

337 4869 441 4928 vit.
475 4870 793 4944 Aliquando
820 4879 876 4927 et
908 4870 969 4928 in
1000 4879 1144 4928 terra
1161 4888 1257 4928 sua
1278 4872 1376 4928 has
1396 4872 1585 4945 pluere
1604 4870 1777 4929 nubes
1792 4871 1945 4938 facit,

336 4961 471 5034 quia
513 4961 768 5018 eumdem
816 4962 1179 5019 Israeliticum
1235 4963 1501 5036 populum
1543 4962 1613 5019 ad
1662 4961 1947 5037 antiquam

336 5051 572 5125 gratiam
602 5053 624 5087 ⁴
645 5059 769 5125 post
816 5053 1219 5125 correptionem
1262 5053 1746 5129 captivitatemque
1793 5069 1950 5110 revo-

334 5142 507 5199 cavit.
540 5144 562 5177 ⁵
598 5142 914 5217 Aliquando
969 5141 1035 5200 de
1087 5143 1208 5200 loco
1251 5161 1363 5200 suae
1421 5143 1811 5202 misericordias
1854 5158 1944 5199 eas

335 5230 639 5290 clarescere
652 5232 855 5301 voluit,
875 5231 1005 5307 quia
1023 5248 1121 5306 per
1138 5232 1524 5305 prasdicatores
1542 5239 1760 5290 sanctos
1774 5232 1943 5289 etiam

415 5407 428 5440 ¹
462 5405 554 5463 Sic
582 5405 813 5475 Turon.,
846 5406 1109 5476 Vindoc.,
1140 5407 1338 5464 Pratel.
1370 5413 1425 5463 et
1452 5405 1547 5464 alii
1575 5407 1704 5464 Mss.
1746 5408 1808 5463 In
1830 5408 1939 5462 Ex-

336 5476 490 5550 cusis
518 5477 719 5550 legitur
748 5480 914 5550 rigor.

409 5549 434 5587 ²
464 5549 666 5606 Pratel.
698 5557 753 5606 et
780 5549 949 5618 Utic.,
981 5555 1029 5604 et
1057 5565 1172 5620 qua:
1203 5565 1319 5605 cum
1355 5551 1529 5607 nulla.

412 5622 435 5656 ³
465 5620 639 5677 Iidem
683 5621 931 5691 Codices,
973 5626 1021 5676 et
1061 5636 1242 5692 ᾳιιω...
1292 5637 1397 5676 non
1449 5629 1715 5679 consecuta
1757 5622 1936 5690 miser,

338 5709 480 5748 nunc
536 5698 778 5749 autem...
826 5691 1117 5750 consecuta.
1168 5691 1532 5749 Consentium
1574 5703 1743 5749 veter.
1784 5693 1933 5751 Edit.

338 5764 539 5821 Nostra
587 5764 751 5821 lectio
807 5765 980 5838 magis
1031 5763 1292 5822 convenit
1342 5781 1467 5821 cum
1528 5772 1681 5821 textu
1747 5766 1936 5821 Grieco

2065 4595 2221 4668 quasi
2237 4594 2538 4651 admonens
2556 4591 2692 4650 dicit
2716 4610 2728 4648 :
2756 4592 2872 4659 Sta,
2896 4598 2944 4648 et
2960 4590 3236 4649 considera
3250 4587 3515 4646 miracula
3539 4587 3660 4645 Dei.

2059 4684 2233 4753 Quem
2271 4683 2453 4742 adhuc
2480 4683 2547 4742 de
2577 4682 2826 4741 venturis
2854 4680 3104 4752 discutit,
3141 4689 3197 4740 et
3227 4680 3385 4756 quasi
3413 4679 3482 4736 de
3508 4678 3660 4751 igno-

2056 4775 2235 4831 rantia
2264 4773 2567 4832 humilians
2591 4772 2841 4847 adjungit
2872 4790 2885 4829 :

2402 4864 2633 4923 CAPUT
2660 4862 2904 4922 xxxv1
2947 4861 3092 4937 [Rea
3124 4859 3301 4934 χχι]

2125 4957 2263 5013 Iern.
2296 4954 2383 5012 15.
2412 4985 2484 4996 —
2511 4954 2767 5025 Nunquid
2794 4953 2896 5008 scis
2935 4951 3147 5024 quando
3180 4944 3491 5022 prceceperit
3516 4945 3659 5002 Deus

2049 5045 2271 5119 pluviis,
2302 5050 2363 5099 ut
2385 5045 2712 5100 ostenderent
2743 5045 2908 5098 lucem
2925 5039 3145 5096 nubium
3175 5036 3289 5106 ejus
3308 5038 3336 5092 ?

2124 5135 2214 5193 60.
2245 5134 2356 5191 Deo
2389 5132 2567 5205 afflati
2589 5131 2963 5206 praedicatores
2977 5127 3215 5198 irrigant
3231 5131 3281 5181 et
3299 5125 3486 5181 lucent.
3507 5154 3580 5166 —
3597 5124 3656 5181 Si

2053 5225 2226 5283 nubes
2254 5224 2430 5282 sancti
2459 5223 2841 5296 praedicatores
2868 5225 3019 5288 sunt,
3050 5216 3253 5291 pluvias
3269 5214 3506 5272 nubium
3523 5222 3654 5271 sunt

2051 5413 2105 5462 et
2134 5404 2389 5477 Valeata-
2816 5467 2848 5477 _.

2124 5478 2145 5512 ‘
2173 5473 2436 5542 Vindoc.,
2462 5478 2581 5542 post
2607 5473 3018 5542 corruptionem.

2120 5549 2141 5583 ⁸
2170 5546 2398 5615 Pratel.,
2419 5535 2725 5616 aliquando
2769 5535 2899 5609 loco,
2928 5540 3079 5599 deest
3106 5539 3188 5609 de,
3225 5535 3371 5613 quod
3431 5552 3651 5594 sensum

2048 5626 2549 5756 lmgllllataalindocu
2578 5686 2800 5746 Ebroic.
2825 5692 2879 5744 et
2906 5684 3020 5743 alii.
3053 5683 3115 5741 In
3141 5681 3343 5752 Editis,
3392 5680 3557 5747 male,
3583 5679 3652 5737 ab

2046 5761 2364 5819 hominibus.
