4152 6182
1667 295 1914 352 SANL'TI
1951 298 2287 354 Gltlﬁtiollll
2325 299 2550 354 MAGNI

3663 296 3771 354 436

461 424 629 481 verba
683 421 1156 496 praedicationum.
1215 421 1320 478 Sed
1375 421 1548 478 nubes
1599 437 1724 478 cum
1783 435 1878 494 per
1929 436 2056 475 aera
2087 425 2129 482 Α
2165 424 2339 480 lantes
2375 423 2673 498 despicere,
2695 423 3058 496 despicientes
3075 423 3366 494 honorare,
3387 427 3531 482 mala
3559 442 3777 484 nocen-

462 513 824 581 transvolant,
853 513 867 546 ¹
892 511 999 567 nisi
1027 509 1232 584 pluvia;
1260 511 1518 568 deorsum
1539 511 1788 578 veniant,
1819 509 2064 566 nescitur

463 608 722 676 quantam
763 615 1027 674 aquarum
1070 600 1499 656 immensitatem
1534 606 1774 671 portant.
1826 598 1946 654 Nisi
1975 614 2063 654 co-

463 709 656 750 ruscus
684 692 764 748 sol
796 692 939 748 inter
963 691 1180 764 pluvias
1209 698 1485 764 erumpat,
1517 689 1754 761 intelligi
1783 704 1894 744 non
1917 689 2064 743 valet

462 781 596 856 quid
620 781 678 838 in
707 781 788 838 eis
814 781 980 838 etiam
1000 781 1266 838 claritatis
1283 781 1472 846 lateat,
1495 780 1624 854 quia
1643 779 1909 836 nimirum
1928 793 2064 849 prae-

461 870 732 930 dicatores
759 873 934 929 sancti
967 872 1014 928 si
1042 878 1281 940 taceant,
1313 880 1367 927 et
1405 884 1748 944 nequaquam
1783 867 2066 940 loquentes

461 962 772 1032 ostendant,
803 970 1010 1036 quanta
1036 963 1109 1020 sit
1135 960 1376 1020 cmlestis
1403 959 1518 1032 spei
1547 959 1786 1024 claritas,
1818 972 1980 1028 quam
2009 954 2066 1010 in

461 1051 721 1110 cordibus
750 1060 984 1125 gestant,
1007 1060 1102 1125 aut
1125 1051 1357 1125 reliquis
1383 1049 1708 1106 hominibus
1727 1043 1958 1112 similes,
1976 1049 2070 1100 aut

461 1141 622 1213 longe
650 1143 738 1199 his
766 1143 1135 1216 despectiores
1165 1141 1441 1198 videntur.
1483 1139 1624 1197 Cum
1643 1145 1827 1194 autem
1857 1135 2068 1208 aperire

460 1248 556 1302 per
576 1222 1026 1304 przedicatiOnem
1055 1231 1323 1304 coeperint
1351 1245 1471 1302 quas
1497 1228 1568 1284 sit
1597 1241 1846 1300 supernae
1879 1224 2068 1298 patris:

462 1321 838 1378 remuneratio
867 1337 1032 1394 quam
1061 1319 1394 1376 intrinsecus
1412 1325 1634 1383 tenent;
1670 1331 1797 1372 cum
1820 1330 2068 1388 persecu-

461 1407 613 1465 tione
648 1409 819 1480 pressi
851 1409 872 1444 ³
903 1409 962 1466 in
991 1423 1099 1482 qua
1131 1409 1356 1464 virtutis
1383 1422 1506 1463 arce
1551 1401 1886 1478 profecerint
1915 1403 2072 1458 inno-

459 1503 701 1565 tescunt,
745 1513 873 1554 cum
921 1497 1135 1553 visione
1178 1497 1420 1569 despecti
1470 1492 1744 1566 loquendo
1788 1489 2074 1548 insinuant

460 1585 609 1642 unde
628 1586 951 1656 timeantur,
966 1587 1098 1659 ipsae
1118 1603 1240 1660 quae
1265 1587 1330 1643 de
1353 1585 1598 1643 nubibus
1615 1583 2074 1655 inﬂuuntpluvia

461 1675 641 1732 lucem
669 1675 832 1731 nobis
855 1674 1174 1732 earumdem
1203 1675 1438 1762 nubium
1460 1673 1778 1730 ostendunt.
1809 1673 1912 1728 Per
1941 1687 2076 1727 ver-

2169 514 2309 570 tium
2338 530 2407 570 ex
2435 514 2598 571 corde
2627 515 2928 586 dimittere,
2952 522 3007 570 et
3033 530 3160 588 erga
3184 531 3278 572 eos
3306 513 3626 573 dilectionis
3645 533 3778 590 gra—

2172 601 2304 659 tiam
2335 603 2678 660 immobilem
2712 603 2771 660 in
2809 602 2970 661 corde
3016 603 3251 660 retinere
3270 603 3300 660 ἵ
3346 598 3497 672 Quaa‘
3513 603 3779 664 videlicet

2171 693 2357 750 omnia
2384 692 2594 752 semitae
2621 702 2770 762 sunt,
2801 693 2896 751 sed
2925 708 3156 766 magna,
3187 693 3318 766 quia
3338 701 3546 768 quanto
3562 694 3622 752 in
3643 713 3778 770 pra.

2173 782 2314 838 senti
2344 783 2460 839 vita
2503 799 2603 856 pro
2643 783 2761 856 ipsa
2787 780 3014 838 vivendi
3043 779 3296 839 custodia
3333 788 3578 855 angusta
3623 790 3776 852 sunt,

2169 878 2326 929 tanto
2371 872 2608 945 amplius
2639 874 2660 909 ³
2687 873 2744 928 ἱη
2788 880 2991 928 aeterna
3040 869 3407 928 retributione
3453 871 3777 930 dilatantur.

2176 961 2329 1019 Unde
2353 969 2408 1017 et
2435 962 2574 1018 bene
2601 961 2892 1029 subditur:
2926 962 3002 1016 Et
3019 959 3284 1032 perfectas
3311 961 3576 1018 scientias.

2245 1053 2335 1108 ϐξ.
2365 1052 2607 1122 Perfecta
2631 1051 2847 1107 scientia
2874 1057 2968 1117 est,
2999 1051 3132 1106 scire
3159 1067 3212 1106 se
3236 1051 3374 1108 nihil
3401 1068 3526 1108 esse.
3548 1081 3622 1094 —
3643 1051 3782 1108 Per-

2175 1141 2318 1197 fecta
2331 1141 2534 1214 quippe
2548 1140 2780 1197 scientia
2801 1147 2962 1209 est,et
2975 1147 3176 1198 cuncta
3200 1139 3319 1198 haec
3337 1139 3586 1198 sollicite
3603 1155 3780 1212 agere,

2177 1239 2231 1286 et
2258 1247 2314 1288 se
2342 1231 2410 1288 de
2439 1231 2556 1290 suis
2603 1231 2816 1288 meritis
2857 1231 2996 1288 scire
3047 1228 3193 1287 nihil
3222 1247 3357 1288 esse.
3389 1230 3546 1288 Unde
3571 1237 3626 1286 et
3653 1228 3784 1302 ipsa

2179 1327 2350 1384 nubes
2396 1326 2464 1384 de
2511 1327 2614 1385 hac
2657 1327 2902 1401 perfecta
2947 1326 3182 1384 scientia
3221 1327 3511 1396 docentur,
3550 1342 3678 1383 cum
3707 1324 3786 1381 eis

2181 1433 2314 1473 voce
2343 1415 2609 1474 Veritatis
2634 1417 2873 1474 dicitur:
2907 1417 3038 1474 Cum
3067 1415 3296 1487 feceritis
3322 1417 3502 1472 omnia
3519 1432 3638 1488 quae
3649 1431 3788 1488 prce-

2181 1513 2327 1578 cepta
2343 1513 2466 1563 sunt
2484 1507 2649 1574 vobis,
2669 1508 2824 1563 dicite
2846 1524 2866 1562 :—
2884 1507 3034 1563 Servi
3046 1507 3262 1563 inutiles
3281 1511 3498 1576 sumus(
3505 1507 3632 1562 Luc.
3645 1521 3784 1572 xvn,

2185 1596 2299 1668 10).
2331 1597 2581 1655 Perfecta
2600 1597 2834 1656 scientia
2861 1603 2944 1653 est
2965 1595 3108 1654 scire
3127 1597 3334 1666 omnia,
3355 1604 3410 1652 et
3427 1603 3608 1652 tamen
3623 1595 3786 1668 juxta

2182 1685 2478 1758 quemdam
2527 1687 2755 1744 modum
2801 1685 3066 1743 scientem
3123 1702 3181 1744 se
3225 1701 3342 1742 esse
3380 1683 3608 1752 nescire,
3656 1682 3790 1756 quia

460 1764 532 1820 ba
555 1765 704 1822 enim
732 1765 1158 1838 praedicatorum
1195 1759 1582 1838 cognoscimus
1610 1771 1672 1819 ut
1706 1764 1764 1818 in
1795 1763 1872 1818 eis
1909 1759 2067 1816 clari-
2101 1779 2150 1838 B
2179 1775 2280 1830 θιεί
2317 1773 2434 1846 jam
2465 1775 2563 1831 Dei
2593 1783 2863 1848 praecepta
2891 1776 3174 1845 novimus,
3211 1775 3318 1832 etsi
3357 1774 3469 1848 jam
3517 1775 3788 1831 γίηιηεηι

460 1863 630 1912 tatem
655 1857 786 1913 vitae
815 1872 979 1929 quam
997 1862 1262 1927 appetunt
1281 1871 1408 1910 cum
1431 1869 1626 1924 magna
1644 1849 1962 1922 humilitate
1979 1863 2066 1902 ve-

461 1961 736 2001 neremur.
769 1949 915 2008 882
943 1945 1098 2000 Hanc
1135 1943 1405 2000 nimirum
1452 1943 1631 1999 lucem
1673 1940 1878 1998 Paulus
1905 1935 2066 1995 disci-

461 2042 609 2114 pulis
635 2040 978 2110 ostendebat,
1008 2056 1135 2098 cum
1157 2039 1364 2096 diceret
1396 2057 1406 2094 :
1449 2041 1514 2096 Ut
1534 2038 1714 2094 sciatis
1733 2053 1850 2108 qua:
1867 2036 1934 2091 sit
1953 2052 2069 2108 spes

462 2133 748 2188 vocationis
776 2131 910 2201 ejus,
947 2147 1062 2200 qua:
1089 2129 1287 2185 divitia:
1309 2129 1497 2200 gloria
1525 2127 1845 2185 hereditatis
1873 2125 1984 2196 ejus
2012 2125 2070 2179 in

466 2221 686 2288 sanctis,
706 2225 756 2274 et
768 2236 884 2290 qua:
902 2219 973 2274 sit
993 2219 1381 2290 supereminens
1400 2217 1708 2288 magnitudo
1727 2216 1942 2270 uirtutis
1958 2212 2070 2282 ejus

468 2308 526 2363 in
551 2325 648 2364 nos
668 2308 763 2379 qui
781 2307 1044 2363 credimus
1061 2307 1290 2377 (Ephes.
1313 2323 1357 2374 ι,
1375 2305 1592 2378 18,19).
1612 2305 1764 2360 Hanc
1780 2304 1958 2360 lucem
1974 2301 2072 2358 Co-

468 2397 668 2456 rinthii
697 2414 794 2470 per
821 2398 1152 2469 scriptorum
1173 2395 1341 2452 verba
1369 2395 1525 2468 quasi
1545 2410 1640 2467 per
1660 2394 1864 2466 pluviae
1893 2398 2076 2464 guttas

469 2495 827 2560 agnoverant,
867 2503 996 2544 cum
1036 2485 1300 2542 dicebant
1329 2502 1341 2542 :
1373 2485 1631 2558 Epistolw
1659 2499 1845 2555 graves
1875 2487 1996 2536 sunt
2031 2487 2079 2537 et

466 2577 650 2646 fortes.
681 2575 967 2645 praesentia
1007 2581 1183 2628 autem
1223 2575 1463 2644 corporis
1503 2573 1759 2644 infirma,
1821 2577 1872 2626 et
1909 2587 2078 2626 sermo

468 2661 876 2732 contemptibilis
907 2661 1006 2732 (II
1033 2660 1160 2716 Cor.
1193 2666 1253 2730 Χ,
1290 2661 1406 2732 10.)
1445 2659 1549 2717 Sed
1579 2659 1902 2731 plerumque
1942 2675 2077 2730 prae-

467 2756 740 2813 dicatores
797 2754 976 2810 sancti
1037 2755 1326 2810 ostendere
1380 2753 1701 2826 semetipsos
1752 2759 1816 2809 ut
1863 2751 2078 2824 prosint

467 2846 722 2919 cupiunt,
767 2861 869 2902 nec
918 2853 1103 2902 tamen
1146 2851 1410 2918 possunt;
1464 2844 1790 2916 plerumque
1819 2843 1985 2898 latere
2014 2852 2078 2898 ut

469 2935 642 3012 quieti
672 2936 784 2992 sint
803 2941 1090 3008 appetunt,
1119 2951 1222 2994 nec
1249 2943 1434 2990 tamen
1459 2933 1876 3006 permittuntur.
1906 2933 2076 2988 Nemo

470 3029 640 3100 igitur
669 3026 774 3085 scit
801 3025 1023 3101 quando
1052 3025 1231 3083 lucem
1264 3023 1498 3082 nubium
1528 3023 1733 3098 pluvia:
1761 3021 2074 3091 ostendant,

2177 1862 2476 1918 verborum
2503 1860 2662 1919 illius
2693 1865 2716 1899 ‘
2745 1863 2981 1921 sollicita
3014 1865 3326 1922 intentione
3353 1880 3670 1938 pensamus,
3688 1863 3790 1920 etsi

2171 1951 2286 2024 jam
2315 1967 2438 2024 quae
2469 1951 2812 2008 intellexisse
2850 1968 2952 2008 nos
2995 1953 3280 2010 credimus
3323 1952 3558 2026 agimus,
3609 1950 3794 2008 adhuc

2176 2050 2362 2099 tamen
2405 2047 2527 2098 acta
2565 2041 2754 2099 eadem
2809 2057 2918 2114 qua
2966 2041 3318 2099 districtione
3362 2042 3640 2098 examinis
3681 2040 3795 2098 sint

2179 2129 2526 2186 discutienda
2553 2127 2850 2198 nescimus,
2882 2127 3120 2186 necdum
3147 2129 3250 2186 Dei
3265 2127 3466 2185 faciem
3479 2128 3788 2195 cernimus,

2181 2222 2202 2256 ⁵
2224 2219 2463 2276 necdum
2492 2219 2710 2276 occulta
2735 2217 2856 2290 ejus
2874 2218 3107 2276 consilia
3126 2218 3399 2275 videmus.
3418 2217 3643 2284 Quanta
3663 2231 3796 2287 ergo

2182 2317 2264 2365 est
2293 2315 2481 2364 nostra
2508 2305 2760 2376 scientia,
2793 2323 2915 2380 qua;
2945 2323 3228 2380 quousque
3256 2304 3614 2362 mortalitatis
3641 2319 3793 2376 pon-

2184 2397 2310 2452 dere
2339 2395 2627 2468 premitur,
2659 2397 2778 2468 ipso
2805 2412 2919 2453 sua:
2948 2393 3364 2453 incertitudinis
3395 2391 3592 2448 nubilo
3612 2407 3794 2450 caca-

2184 2486 2320 2543 tur?
2347 2487 2425 2542 De
2461 2501 2570 2558 qua
2594 2484 2734 2541 bene
2763 2501 2860 2557 per
2892 2483 3124 2541 Paulum
3152 2483 3361 2540 dicitur
3385 2500 3398 2538 :
3435 2481 3541 2551 Qui
3567 2498 3620 2538 se
3647 2481 3796 2538 emis-

2189 2576 2339 2632 timat
2379 2575 2511 2630 scire
2549 2573 2780 2645 aliquid,
2820 2574 3052 2630 nondum
3097 2573 3338 2646 cognouit
3361 2571 3794 2644 quemadmodum

2185 2669 2552 2737 oporteateum
2565 2663 2698 2718 scire
2719 2661 2778 2734 (Ι
2801 2661 2926 2720 Cor.
2945 2679 3070 2731 vni,
3093 2662 3172 2736 2).
3197 2662 3260 2718 In
3277 2660 3383 2719 hoc
3402 2661 3586 2735 itaque
3609 2676 3780 2717 mun—

2186 2752 2256 2810 do
2307 2752 2440 2809 dum
2487 2751 2751 2820 vivimus,
2795 2758 2916 2808 tum
2965 2750 3202 2824 perfecte
3237 2767 3357 2824 quae
3395 2747 3616 2808 scienda
3651 2755 3779 2805 sunt

2185 2843 2410 2910 scimus,
2433 2857 2556 2898 cum
2580 2839 2928 2914 proﬁcientes
2945 2839 3492 2914 perintelligentiam,
3515 2837 3658 2894 nihil
3677 2854 3778 2894 nos

2187 2936 2330 2995 883
2359 2930 2596 3004 perfecte
2619 2931 2760 2987 scire
2787 2931 3190 3004 cognoscimus.
3219 2928 3363 2986 Dicit
3389 2927 3592 3002 igitur:
3626 2927 3778 2984 Nun-

2189 3031 2319 3101 quid
2368 3030 2509 3086 nosti
2562 3029 2772 3085 semitas
2824 3030 3038 3086 nubium
3101 3045 3319 3102 magnas
3344 3071 3363 3095 ,
3425 3033 3473 3082 et
3516 3024 3780 3098 perfectas

470 3117 600 3190 quia
620 3133 784 3174 nemo
804 3113 1226 3188 comprehendit
1243 3113 1463 3186 quando
1481 3115 1628 3170 Deus
1657 3112 1919 3170 virtutem
1941 3129 2074 3184 prae-
2107 3135 2152 3196 ρ
2187 3119 2436 3176 scientias
2455 3120 2483 3176 ?
2511 3120 2594 3176 Ac
2621 3119 2668 3176 si
2699 3126 2883 3191 aperte
2911 3118 3059 3176 dicat
3083 3137 3096 3176 :
3135 3116 3398 3192 Nunquid
3423 3115 3538 3190 jam
3567 3130 3786 3172 summa

469 3204 768 3260 dicationis
791 3203 1050 3274 praebeat,
1072 3209 1133 3256 ut
1155 3202 1577 3271 praedicantium
1601 3203 1774 3273 gloria
1791 3203 2073 3257 clarescat.

465 3291 614 3348 Dicit
643 3307 770 3362 ergo
791 3309 802 3346 :
823 3289 1082 3360 Nunquid
1103 3289 1205 3344 scis
1233 3288 1446 3360 quando
1468 3289 1782 3360 pra-ceperit
1803 3289 1946 3344 Deus
1958 3290 2080 3359 plu-

466 3380 568 3437 uiis
611 3387 670 3436 ut
706 3379 1034 3436 ostenderent
1067 3379 1230 3433 lucem
1274 3375 1494 3431 nubium
1523 3376 1676 3446 ejus?
1704 3376 1786 3432 Ac
1817 3375 1865 3432 si
1894 3385 2076 3448 aperte

471 3469 620 3529 dicat
653 3488 664 3526 :
703 3467 969 3542 Nunquid
995 3467 1042 3524 si
1072 3474 1336 3523 venturos
1367 3465 1426 3521 in
1455 3465 1664 3523 mundo
1695 3465 2080 3538 praedicatores

459 3557 574 3632 jam
606 3557 902 3631 conspicis,
934 3554 1155 3630 quando
1178 3571 1272 3612 eos
1291 3553 1360 3612 ad
1379 3553 1792 3628 praedicandum
1808 3553 2080 3610 Dominus

465 3647 773 3722 repletione
802 3645 980 3704 sancti
1018 3644 1257 3718 Spiritus
1295 3643 1566 3718 impellat,
1598 3641 1869 3717 quibusve
1897 3641 2079 3699 modis

465 3753 658 3795 eorum
677 3737 806 3794 vitae
821 3735 1124 3794 claritatem
1139 3733 1348 3790 mundo
1363 3733 1671 3789 innotescat
1681 3730 2078 3804 apprehendis?

469 3829 626 3887 Unde
653 3827 837 3887 adhuc
867 3837 990 3902 apte
1015 3824 1372 3899 subjungitur
1401 3843 1414 3880 :

797 3936 1026 3995 CAPUT
1055 3934 1324 3993 XXXVII
1357 3933 1501 4008 [Rec.
1535 3931 1742 4008 XXII].
1780 3927 1789 3940 ’

536 4026 710 4082 Vsus.
761 4025 848 4080 16.
908 4054 978 4064 -
1027 4022 1286 4091 Nunquid
1362 4021 1504 4075 nosti
1575 4021 1786 4075 semitas
1857 4019 2078 4074 nubium

464 4129 706 4184 magnas,
745 4118 793 4167 et
830 4113 1094 4184 perfectas
1141 4110 1384 4165 scientias
1404 4112 1432 4166 ἵ

537 4203 626 4258 61.
659 4201 830 4258 Arcta
857 4202 980 4257 bene
1006 4200 1216 4257 vivendi
1242 4199 1506 4267 doctrina,
1536 4215 1642 4256 non
1661 4206 1736 4255 est
1755 4203 1939 4272 ampla
1963 4203 2076 4272 via,

465 4293 558 4348 sed
570 4289 854 4344 semita.—
871 4289 1087 4345 Habent
1102 4286 1221 4343 istae
1238 4286 1412 4343 nubes
1424 4287 1649 4344 semitas
1664 4287 2075 4359 subtilissimas,

464 4379 679 4438 scilicet
704 4385 906 4436 sanctae
937 4375 1346 4453 pradicationis
1376 4375 1534 4434 'vias.
1567 4377 1818 4450 Angusta
1871 4378 2076 4452 quippe

2194 3216 2281 3264 sta
2311 3208 2730 3287 praedicantium
2753 3209 3047 3282 conspicis,
3068 3209 3164 3282 qui
3181 3215 3470 3282 postquam
3491 3223 3586 3282 per
3611 3205 3782 3262 scien-

2191 3297 2325 3352 tiam
2355 3297 2423 3352 ad
2451 3297 2561 3353 alta
2586 3313 2643 3353 se
2673 3297 2912 3368 elevant,
2961 3297 3216 3355 deorsum
3259 3313 3318 3354 se
3359 3296 3648 3354 humiliter
3689 3312 3785 3369 per

2191 3384 2560 3458 cognitionem
2589 3403 2700 3442 suae
2738 3385 3063 3458 ignorantiae
3091 3385 3366 3444 inclinant
3387 3386 3416 3443 7
3460 3385 3618 3454 Quod
3657 3385 3786 3458 quia

2190 3474 2364 3531 solius
2393 3475 2568 3532 sancti
2594 3475 2837 3548 Spiritus
2862 3475 3008 3533 dono
3038 3475 3240 3548 agitur,
3273 3483 3334 3532 ut
3356 3473 3664 3532 humanum
3691 3489 3786 3530 cor

2190 3579 2301 3619 non
2330 3563 2510 3620 solum
2537 3563 2604 3620 de
2631 3565 2887 3634 scientia,
2929 3564 3024 3622 sed
3051 3565 3220 3622 etiam
3247 3563 3316 3621 de
3345 3564 3464 3637 ipsa
3491 3580 3590 3620 sua
3617 3561 3787 3636 igno-

2189 3650 2369 3708 rantia
2386 3652 2624 3726 perfecte
2653 3653 2934 3722 doceatur,
2965 3661 3019 3710 et
3037 3654 3218 3712 calore
3235 3653 3442 3711 amoris
3460 3652 3530 3710 ad
3553 3667 3786 3726 superna

2191 3741 2418 3811 ferveat,
2467 3742 2599 3800 dum
2632 3743 2848 3800 minora
2873 3759 2990 3800 esse
3043 3760 3162 3818 quae
3193 3745 3458 3818 cognovit
3485 3744 3544 3800 in
3573 3741 3786 3800 inﬁmis
3881 3791 3894 3801 .

2191 3839 2402 3905 pensat,
2442 3839 2588 3889 recte
2617 3831 2972 3906 subjungitur
3005 3851 3016 3890 :

2457 3937 2684 3996 CAPUT
2729 3939 3023 3998 XXXVIII
3075 3939 3220 4015 [Rec.
3262 3936 3496 4013 XXIII].

2261 4027 2431 4086 Vens.
2462 4028 2547 4084 17.
2577 4057 2648 4070 -
2674 4029 2858 4086 Nonne
2875 4029 3180 4087 uestimenta
3195 4037 3288 4088 tua
3306 4029 3482 4088 calida
3496 4033 3638 4094 sunt,
3659 4043 3785 4083 cum

2185 4119 2414 4190 per/lata
2438 4115 2608 4188 fuerit
2639 4123 2784 4174 terra
2809 4119 3012 4176 Austro
3033 4122 3060 4178 ?

2261 4205 2347 4262 63.
2399 4205 2503 4272 Qui
2533 4205 2782 4262 Ecclesia:
2809 4206 3088 4276 iuberent,
3125 4209 3322 4281 afﬂatu
3348 4208 3521 4266 sancti
3550 4207 3789 4282 Spiritus

2187 4293 2524 4349 incalescunt.
2545 4324 2612 4336 —
2629 4294 2782 4368 Saepe
2810 4295 3033 4354 beatum
3061 4297 3163 4355 Job
3177 4297 3411 4372 ﬁguram
3439 4304 3643 4355 sanctas
3670 4296 3789 4352 Ec-

2189 4381 2366 4439 clesia:
2394 4389 2579 4440 tenere
2600 4382 2718 4458 jam
2733 4384 3000 4444 diximus.
3021 4387 3365 4444 Vestimenta
3383 4403 3513 4444 vero
3525 4383 3791 4443 Ecclesiae

465 4474 625 4542 porta
651 4473 752 4536 est,
783 4482 906 4539 quae
936 4467 1090 4524 ducit
1118 4463 1189 4522 ad
1223 4463 1394 4522 vitam
1427 4466 1647 4538 (Matth.
1679 4484 1780 4536 vn,
1817 4467 1934 4541 14).
1966 4469 2078 4526 Eos
2118 4490 2166 4550 ι)
2193 4477 2322 4528 sunt
2351 4488 2543 4530 omnes
2587 4474 2684 4546 qui
2731 4475 2782 4530 ei
2819 4475 2952 4532 ﬁdei
2987 4475 3323 4534 adunatione
3345 4475 3680 4550 junguntur.
3711 4475 3790 4530 De

466 4575 594 4630 ergo
611 4572 705 4629 per
723 4556 948 4613 semitas
965 4555 1302 4628 astringunt,
1321 4554 1416 4628 qui
1445 4555 1513 4612 ab
1533 4555 1861 4614 intentionis
1885 4574 2076 4615 eorum

465 4646 686 4706 tramite
697 4662 794 4719 per
807 4646 919 4702 lata
935 4644 1128 4702 mundi
1139 4643 1414 4702 desideria
1425 4646 1708 4718 evagando
1721 4661 1834 4703 non
1847 4655 2075 4704 exeunt-

465 4741 634 4797 Arcta
643 4736 793 4794 enim
806 4735 944 4792 bene
958 4732 1184 4790 vivendi
1199 4749 1430 4790 censura
1445 4750 1559 4790 non
1574 4742 1660 4791 est
1669 4735 1854 4808 ampla
1867 4735 2078 4804 via,sed

465 4828 684 4898 semita,
709 4825 769 4883 in
798 4842 908 4900 qua
936 4821 1266 4898 prmdicator
1293 4823 1524 4896 quisque
1544 4823 1788 4880 studiose
1808 4824 2076 4881 constrin-

466 4921 634 4992 gitur,
667 4917 799 4993 quia
819 4916 924 4974 sub
954 4907 1352 4990 prseceptorum
1381 4911 1632 4970 custodia
1649 4912 1885 4970 sollicite
1901 4929 2078 4970 coan—

465 5015 730 5078 gustatur.
749 5008 951 5064 Annon
983 5003 1138 5080 quasi
1167 5001 1416 5077 quaedam
1441 5001 1694 5075 angustia
1717 5009 1800 5058 est
1825 5002 2069 5070 itineris,

467 5095 526 5152 in
541 5096 648 5154 hoc
667 5095 892 5169 quidem
917 5093 1124 5176 mundo
1140 5091 1451 5162 vivere,sed
1465 5091 1532 5149 de
1548 5091 1718 5166 hujus
1727 5093 1927 5152 mundi
1947 5111 2075 5151 con-

465 5185 804 5258 cupiscentia
828 5186 969 5243 nihil
987 5185 1206 5254 habere,
1223 5183 1404 5242 aliena
1425 5199 1537 5240 non
1555 5183 2076 5259 appetere,:propria

469 5286 577 5326 non
598 5280 804 5342 tenere,
820 5273 1008 5332 laudes
1027 5273 1221 5331 mundi
1234 5273 1534 5348 despicere,
1547 5281 1602 5331 et
1624 5289 1725 5347 pro
1740 5275 1854 5332 Deo
1873 5291 2069 5349 oppro-

468 5357 588 5412 bria
613 5375 816 5429 amare,
855 5362 1084 5434 gloriam
1114 5363 1323 5434 fugere,
1367 5363 1686 5436 despectum
1719 5363 1898 5437 sequi,
1931 5365 2068 5422 adu-

545 5579 556 5650 ξ
593 5576 816 5650 Pratel.,
845 5579 950 5650 nisi
964 5580 1220 5650 pluvia...
1247 5582 1436 5638 veniat.

539 5649 561 5722 3
591 5647 816 5722 Utic._et
840 5648 934 5722 alii
964 5647 1179 5718 Norm.,
1211 5653 1264 5706 in
1287 5669 1446 5722 quam
1477 5653 1690 5710 uirtutis
1710 5671 1905 5710 arcem.

538 5721 558 5756 ³
585 5720 809 5789 Pratel.,
841 5718 894 5773 in
923 5727 1172 5776 (cfs/vtam
1195 5718 1607 5780 retributionem.

2188 4559 2391 4633 quibus
2445 4560 2623 4619 eidem
2672 4562 2933 4620 Ecclesiae
2987 4579 3084 4636 per
3136 4565 3461 4638 prophetam
3515 4559 3791 4620 Dominus

2188 4647 2326 4706 dicit
2359 4667 2370 4705 :
2415 4651 2537 4709 Vivo
2583 4669 2694 4724 ego,
2729 4651 2857 4724 quia
2901 4653 3142 4709 omnibus
3181 4654 3263 4709 his
3309 4654 3450 4710 velut
3475 4657 3789 4708 ornamento

2187 4737 2421 4794 vestieris
2438 4739 2600 4809 (Isai.
2634 4757 2788 4810 nux,
2815 4741 2928 4813 18).
2959 4742 3061 4798 Per
3088 4743 3354 4800 Austrum
3380 4757 3532 4808 vero,
3563 4739 3662 4814 qui
3690 4740 3790 4796 ni-

2188 4826 2390 4884 mirum
2427 4827 2642 4885 calidus
2672 4819 2869 4886 ventus
2916 4837 3020 4899 est,
3073 4846 3185 4887 non
3229 4829 3510 4886 immerito
3547 4827 3790 4901 Spiritus

2185 4923 2406 4973 sanctus
2435 4915 2774 4989 designatur,
2819 4934 2928 4990 quo
2974 4919 3207 4993 quisque
3245 4919 3378 4976 dum
3421 4917 3687 4992 tangitur,
3719 4917 3791 4972 ab

2187 5005 2497 5080 iniquitatis
2519 5023 2630 5065 suae
2649 5015 2869 5082 torpore
2894 5008 3179 5068 liberatur.
3201 5009 3355 5067 Unde
3373 5009 3514 5065 bene
3543 5007 3603 5064 in
3634 5007 3790 5066 Can-

2185 5097 2316 5154 ticis
2360 5095 2704 5154 canticorum
2751 5097 3002 5156 dicitur:
3049 5101 3238 5172 Surge,
3286 5099 3509 5171 Aquilo,
3551 5103 3602 5153 et
3647 5095 3788 5164 aerii,

2183 5185 2402 5251 Auster,
2422 5187 2596 5258 perﬂa
2623 5187 2835 5243 hortum
2863 5203 3056 5255 meum,
3085 5195 3134 5245 et
3158 5191 3333 5261 ﬂuant
3357 5193 3606 5244 aromata
3635 5185 3790 5242 illius

2186 5275 2371 5346 (Cant.
2394 5293 2472 5344 ιν,
2499 5276 2612 5350 16.)
2642 5276 2844 5350 Aquilo
2871 5277 3018 5334 enim
3034 5277 3264 5352 jubetur
3291 5287 3356 5336 ut
3379 5285 3588 5352 surgat,
3617 5283 3680 5334 ut
3706 5276 3792 5333 ni-

2185 5365 2387 5421 mirum
2419 5365 2466 5422 is
2485 5365 2582 5439 qui
2604 5365 2918 5422 mortalium
2941 5367 3106 5424 corda
3127 5367 3412 5442 restringit
3433 5366 3786 5424 adversarius

2253 5585 2273 5618 ³*
2304 5583 2562 5656 Yindoc.,
2595 5585 2795 5642 Pratel.
2843 5592 2898 5640 et
2937 5585 3054 5656 alii,
3095 5587 3325 5646 sollicita
3369 5586 3792 5646 consideratione

2178 5655 2556 5729 ponderamus.

2253 5728 2274 5762 δ
2307 5727 2514 5796 Turon,
2551 5729 2765 5785 necdum
2787 5733 3033 5802 angusta.
