4152 6182
326 268 431 327 437

1021 268 1398 325 MORALIUM
1436 269 1568 325 LIB.
1611 269 1846 327 XXVII.
1902 301 1974 313 —
2029 272 2099 327 IN
2139 271 2365 329 CAPUT
2404 273 2669 330 XXXVII
2708 275 2770 330 Β.
2810 274 2952 331 JOB.

3551 276 3658 337 £38

324 398 563 470 spiritus
592 395 784 467 fugiat.
818 395 1017 449 Auster
1046 392 1193 449 enim
1225 395 1378 450 venit
1396 402 1450 450 et
1469 394 1692 452 hortum
1714 396 1933 468 perﬂat,
1970 399 2021 459 Α
2049 396 2165 469 jam
2188 396 2329 454 bene
2350 398 2667 454 viventibus
2687 398 3007 457 doctoribus
3026 400 3298 460 inbarent
3312 404 3547 463 calorem
3570 398 3657 464 su.

324 494 387 542 ut
414 483 537 556 ejus
563 490 807 538 aromata
843 481 1120 549 diﬂluant,
1151 483 1281 554 quia
1306 500 1400 555 per
1431 482 1731 540 adventum
1761 485 1936 542 sancti

323 574 590 649 Spiritus,
624 572 757 628 dum
799 586 954 629 mens
982 570 1275 628 hominum
1318 573 1578 645 repletur,
1613 590 1683 629 ex
1711 590 1775 629 ea
1804 592 1936 631 mox

323 666 517 740 opinio
546 664 827 720 virtutum
876 662 1203 735 aspergitur,
1238 670 1299 718 ut
1322 662 1447 735 jure
1472 662 1586 736 jam
1616 672 1934 721 sanctorum

324 755 519 828 lingua
546 753 703 826 quasi
738 750 934 807 hortus
964 752 1169 807 Austro
1203 751 1464 824 perﬂatus
1491 751 1637 809 dicat
1671 770 1682 809 :
1734 752 1935 809 Christi

326 845 492 901 bonus
520 843 655 898 odor
700 857 884 896 sumus
911 841 1019 896 Deo
1064 842 1160 910 (ΙΙ
1187 841 1312 897 Cor.
1348 858 1409 909 ιι,
1446 842 1557 912 15).
1590 842 1934 898 Vestimenta

325 951 456 1006 ergo
490 938 694 990 sancta
717 930 982 987 Ecclesia
1012 929 1190 986 calida
1217 938 1367 994 sunt,
1398 931 1529 987 dum
1562 939 1706 986 terra
1726 932 1932 986 Austro

326 1021 613 1096 perﬂatur,
644 1019 774 1092 quia
795 1017 854 1072 hi
875 1017 977 1090 qui
997 1019 1048 1074 ei
1078 1035 1175 1090 per
1202 1017 1366 1074 fidem
1391 1014 1689 1089 inharent,
1716 1020 1932 1076 ferven-

323 1111 479 1168 tibus
500 1109 568 1166 ch
578 1107 790 1164 aritatis
805 1107 1005 1163 studiis
1028 1107 1400 1177 inardescunt,
1420 1109 1551 1165 dum
1569 1126 1759 1166 eorum
1779 1125 1933 1165 mens

324 1200 504 1258 sancti
535 1198 780 1272 Spiritus
809 1196 996 1252 aﬂlatu
1025 1196 1393 1268 perfunditur.
1426 1198 1586 1266 Quod
1616 1198 1839 1272 quidem
1878 1206 1931 1253 et

324 1291 396 1347 de
422 1289 617 1346 eodem
654 1286 817 1343 beato
853 1286 956 1342 Job
988 1285 1131 1341 nihil
1170 1285 1350 1343 obstat
1392 1288 1651 1360 intelligi,
1685 1288 1815 1362 quia
1854 1288 1934 1344 sic

326 1382 446 1440 hac
469 1380 799 1455 generaliter
825 1378 883 1434 in
908 1385 1101 1435 sancta
1120 1378 1367 1435 Ecclesia
1385 1379 1643 1449 dicimus,
1666 1387 1729 1436 ut
1749 1388 1933 1436 tamen

326 1491 424 1547 per
454 1470 702 1528 membra
732 1467 851 1541 ejus
880 1467 1099 1541 singula
1123 1468 1435 1540 specialiter
1460 1476 1763 1526 teneamus.

399 1579 487 1636 64.
530 1580 622 1634 Ea;
646 1577 919 1632 doctorum
947 1581 995 1630 et
1018 1575 1333 1630 auditorum
1362 1576 1641 1632 concordia
1670 1583 1855 1632 mutua
1880 1576 1937 1632 in

326 1667 402 1723 eis
438 1667 609 1738 fervet
644 1664 899 1720 Charitas.
928 1693 999 1704 —-
1027 1663 1417 1736 Unusquisque
1459 1663 1609 1719 enim
1654 1664 1749 1736 qui
1793 1671 1937 1719 recte

2046 485 2201 557 perni
2231 487 2438 542 amoris
2472 486 2774 559 accipiunt,
2805 504 2929 544 cum
2960 506 3056 562 per
3075 491 3319 550 afflatum
3340 497 3515 552 sancti
3539 496 3655 569 Spi-

2045 574 2184 629 ritus
2212 576 2546 645 excitantur,
2576 592 2641 633 ac
2675 576 2723 631 si
2756 586 2944 649 aperte
2971 578 3131 635 beato
3159 580 3261 637 .lob
3290 581 3498 640 diceret
3524 603 3535 640 :
3570 586 3655 642 In-

2044 680 2259 720 cassum
2293 666 2395 721 tibi
2416 667 2618 723 tribuis
2642 667 2847 739 siquos
2878 684 2973 740 per
2999 677 3051 725 te
3080 670 3380 741 profecisse
3400 673 3458 728 in
3480 676 3659 731 virtu-

2041 753 2191 809 tibus
2239 756 2653 829 contemplaris,
2696 755 2825 829 quia
2868 755 2926 812 bi
2967 774 3105 831 quos
3135 775 3232 831 per
3269 767 3321 815 te
3362 762 3657 821 incaluisse

2041 841 2300 905 aestimas,
2352 842 2459 898 nisi
2505 860 2597 899 eos
2636 844 2879 916 Spiritus
2919 845 3096 904 sancti
3127 846 3313 904 fervor
3341 850 3654 922 attingeret.

2046 931 2242 1002 frigidi
2286 931 2345 1009 in
2375 949 2475 988 sua
2507 932 2931 991 insensibilitate
2960 945 3326 993 remanerent.
3359 938 3653 1013 Postquam

2041 1035 2175 1075 vero
2205 1019 2324 1077 hac
2355 1022 2573 1079 fortiter
2600 1022 2766 1093 dixit,
2800 1041 2895 1096 per
2921 1025 3292 1099 arrogantiam
3324 1028 3521 1084 leviter
3542 1045 3654 1085 mo-

2041 1118 2153 1178 tus,
2186 1111 2462 1169 irrisionis
2490 1114 2648 1171 illico
2679 1117 2849 1173 verba
2877 1118 3188 1192 subjungit,
3222 1119 3413 1177 dicens
3446 1138 3457 1176 :

2365 1220 2594 1278 CAPUT
2624 1222 2869 1281 XXXIX
2911 1223 3054 1299 [Rea
3087 1226 3319 1303 XXIV].

2112 1305 2282 1363 Vnns.
2312 1307 2559 1366 18.—Tu
2588 1310 2821 1379 forsitan
2850 1331 2966 1369 cum
2989 1332 3046 1370 eo
3066 1314 3364 1385 fabricatus
3403 1333 3453 1372 es
3480 1317 3652 1383 caios,

2042 1395 2135 1465 qui
2165 1396 2476 1453 solidissimi
2503 1400 2660 1469 quasi
2688 1418 2793 1456 cere
2818 1402 2937 1471 fusi
2965 1410 3107 1459 sunt.

2116 1485 2203 1541 65.
2246 1487 2352 1542 Per
2379 1490 2529 1544 calas
2557 1491 2713 1561 quasi
2741 1509 2843 1547 tere
2870 1491 3041 1562 fusos,
3074 1494 3243 1549 sancti
3273 1494 3467 1565 angeli,
3489 1501 3536 1548 et
3559 1497 3654 1549 ele-

2044 1580 2248 1630 ctorum
2274 1583 2466 1632 mentes
2495 1579 2874 1651 signantur.-—
2888 1582 3126 1638 Possunt
3149 1600 3246 1655 per
3272 1582 3438 1639 calos
3467 1582 3525 1638 hi
3558 1584 3655 1655 qui

2047 1664 2105 1719 in
2135 1665 2451 1724 calestibus
2471 1677 2601 1725 sunt
2621 1669 2832 1726 conditi
2853 1671 3087 1742 angelici
3109 1672 3338 1744 spiritus
3356 1671 3651 1745 designari.

328 1756 493 1824 vivit,
525 1763 690 1828 atque
719 1753 827 1810 hoc
856 1760 909 1808 et
937 1752 1076 1808 alios
1096 1752 1292 1809 docere
1318 1753 1633 1819 consuevit,
1668 1752 1822 1824 quasi
1848 1760 1931 1807 tot
1967 1754 2014 1813 B
2047 1751 2199 1808 Unde
2229 1763 2281 1809 et
2311 1754 2369 1809 in
2399 1759 2649 1813 oratione
2675 1767 2863 1815 nostra
2892 1759 3073 1817 dicere
3100 1777 3235 1818 voce
3264 1759 3529 1819 Veritatis
3559 1760 3655 1815 in-

328 1846 662 1902 vestimenta
690 1843 875 1911 habet,
919 1849 1053 1916 quot
1081 1842 1359 1898 auditores
1388 1842 1438 1898 ei
1476 1842 1825 1899 concorditer
1856 1842 1935 1897 in-

326 1935 565 1992 harent.
588 1935 613 2005 (
628 1934 733 1992 Vet.
756 1932 953 2004 XXV.)
984 1932 1189 1988 Natura
1215 1947 1451 2005 namque
1480 1932 1935 1987 vestimentorum

326 2032 417 2081 est
445 2033 507 2081 ut
534 2040 630 2097 per
656 2023 951 2094 semetipsa
970 2022 1147 2078 calere
1170 2038 1282 2078 non
1303 2022 1536 2095 possint,
1563 2020 1658 2078 sed
1677 2020 1940 2094 adjuncta

329 2115 546 2171 viventi
576 2114 819 2188 corpori,
851 2112 989 2169 dum
1019 2112 1342 2170 exhalantes
1370 2112 1744 2169 membrorum
1774 2127 1938 2184 poros

330 2210 650 2277 contegunt,
674 2208 1025 2259 emanantem
1052 2202 1120 2258 ab
1145 2202 1360 2259 intimis
1387 2203 1625 2259 calorem
1655 2208 1933 2275 premunt,

329 2311 438 2367 quo
458 2294 724 2349 nimirum
747 2294 926 2349 calore
947 2292 1066 2349 hac
1085 2291 1278 2349 eadem
1300 2292 1634 2348 vestimenta
1652 2290 1935 2356 calefiunt,

330 2382 425 2439 sed
466 2382 732 2439 calefacta
787 2381 1024 2437 calorem
1086 2397 1249 2454 quem
1304 2381 1612 2453 acceperint
1649 2378 1937 2436 retinendo

328 2471 396 2527 ad
427 2488 627 2545 corpus
656 2469 922 2527 reddunt.
945 2470 1094 2537 Quid
1114 2486 1240 2542 ergo
1264 2485 1357 2541 per
1376 2470 1705 2525 vestimenta
1724 2468 1938 2524 viventi

326 2561 552 2634 corpori
582 2556 928 2615 adharentia
957 2558 1067 2611 nisi
1095 2556 1496 2628 discipulorum
1525 2557 1641 2612 vita
1666 2556 1940 2627 magistris

323 2649 474 2704 bene
504 2645 831 2702 viventibus
859 2645 1155 2717 conjuncta
1182 2644 1474 2716 signatur?
1503 2646 1632 2714 Qua
1660 2647 1815 2719 quasi
1845 2661 1940 2717 per

325 2753 500 2811 poros
529 2737 769 2793 calorem
802 2734 1022 2807 accipit,
1047 2735 1177 2806 quia
1195 2734 1263 2790 ad
1287 2750 1529 2791 amorem
1560 2736 1656 2791 Dei
1682 2742 1737 2790 et
1754 2752 1935 2792 exem-

329 2826 425 2899 plo
453 2824 694 2881 actionis
729 2832 782 2879 et
812 2823 1056 2896 impulsu
1085 2822 1489 2879 exhortationis
1518 2824 1765 2895 ignescit.
1805 2824 1937 2893 Qua

331 2916 487 2972 velut
506 2914 684 2987 frigus
713 2914 996 2986 proprium
1021 2915 1035 2947 ¹
1065 2912 1317 2984 expellit,
1348 2911 1481 2967 dum
1515 2930 1546 2968 a
1567 2913 1801 2985 pristina
1830 2913 1935 2969 ini-

331 3004 539 3078 quitate
551 3001 821 3069 discedit;
845 3002 1082 3057 calorem
1100 3016 1263 3073 quem
1277 3001 1487 3073 accepit
1497 3001 1718 3068 retinet,
1733 3004 1863 3075 quia
1878 3002 1934 3058 in

2046 1841 2316 1897 struimur
2348 1861 2359 1897 :
2394 1844 2520 1900 Fiat
2547 1848 2793 1903 voluntas
2821 1855 2912 1903 tua
2940 1848 3076 1903 sicut
3114 1850 3171 1904 in
3197 1852 3321 1906 calo
3347 1857 3394 1905 et
3422 1852 3479 1905 in
3509 1856 3654 1905 terra

2046 1931 2475 2005 (Matth.vr,10).
2509 1935 2578 1990 Ut
2606 1936 2877 1992 nimirum
2908 1936 3168 1993 voluntas
3198 1938 3318 2005 Dei,
3350 1939 3494 1995 sicut
3515 1954 3547 1993 a
3566 1955 3653 1993 su-

2049 2020 2251 2093 periori
2270 2031 2517 2078 creatura
2528 2025 2729 2096 agitur,
2750 2027 2829 2083 ita
2844 2027 2902 2083 in
2919 2027 3180 2084 omnibus
3190 2028 3354 2085 etiam
3373 2028 3442 2084 ab
3462 2027 3653 2085 huma-

2047 2124 2117 2164 na
2157 2109 2479 2169 inﬁrmitate
2523 2123 2791 2172 servetur.
2850 2117 2928 2173 De
2967 2116 3169 2190 quibus
3217 2116 3358 2174 bene
3396 2116 3603 2174 dicitur
3635 2136 3647 2173 :

2051 2198 2154 2264 Qui
2183 2199 2491 2255 solidissimi
2513 2197 2673 2273 quasi
2701 2222 2804 2259 are
2823 2204 2936 2274 fusi
2963 2208 3147 2261 sunt“.
3178 2207 3399 2263 Natura
3414 2222 3651 2278 namque

2048 2288 2173 2343 aris
2202 2295 2304 2357 est,
2336 2289 2592 2364 rubigine
2619 2292 2845 2351 difﬁcile
2874 2294 3145 2351 consumi.
3177 2295 3249 2352 Et
3283 2294 3516 2351 virtutes
3553 2311 3650 2349 an-

2048 2375 2232 2446 gelica
2262 2393 2381 2450 qua
2410 2378 2469 2435 in
2499 2380 2693 2437 divino
2728 2398 2913 2438 amore
2942 2381 3067 2438 ﬁxa
3087 2383 3464 2454 perstiterunt,
3488 2382 3653 2454 lapsis

2046 2464 2498 2535 superbientibus
2527 2470 2758 2542 angelis,
2790 2469 2897 2527 hoc
2926 2471 2984 2526 in
3013 2486 3241 2527 munere
3269 2470 3653 2528 retributionis

2046 2565 2394 2627 acceperunt,
2415 2567 2477 2613 ut
2506 2559 2658 2615 nulla
2680 2559 2794 2632 jam
2825 2560 3079 2632 rubigine
3107 2560 3450 2633 subrepentis
3476 2561 3651 2633 culpa

2046 2642 2425 2714 mordeantur,
2468 2656 2531 2704 ut
2569 2647 2629 2703 in
2661 2649 3127 2722 contemplatione
3170 2648 3489 2707 Conditoris
3528 2649 3648 2706 sine

2048 2730 2332 2791 felicitatis
2364 2736 2473 2792 fine
2502 2748 2878 2810 permaneant,
2901 2747 2955 2794 et
2982 2739 3040 2793 in
3070 2738 3177 2795 hoc
3202 2739 3349 2812 quod
3369 2747 3500 2796 sunt
3518 2756 3645 2796 con-

2045 2820 2174 2878 dita
2216 2833 2420 2881 aterna
2457 2826 2754 2883 stabilitate
2797 2827 3115 2885 subsistant.
3148 2828 3307 2895 Quod
3335 2828 3474 2885 bene
3504 2827 3648 2900 apud

2044 2910 2273 2983 Moysen
2296 2912 2415 2983 ipsa
2435 2913 2502 2968 de
2525 2915 2719 2971 mundi
2750 2916 2963 2988 origine
2981 2914 3227 2972 historia
3247 2917 3415 2972 verba
3434 2924 3651 2973 testan-

2045 3012 2157 3071 tur,
2179 3019 2305 3058 cum
2327 3013 2381 3059 et
2407 3005 2563 3076 prius
2594 3006 2799 3062 factum
2830 3006 3031 3063 calum
3052 3006 3275 3073 dicitur,
3299 3015 3353 3062 et
3378 3005 3483 3060 hoc
3503 3005 3647 3061 idem

332 3112 396 3151 eo
417 3096 438 3129 ²
457 3110 623 3168 quem
647 3091 1002 3165 pradicando
1022 3091 1319 3164 sumpserit
1340 3091 1555 3148 fervore
1577 3092 1932 3149 convalescit.
1971 3111 2015 3171 ο
2048 3091 2398 3164 postmodum
2422 3091 2836 3149 ﬁrmamentum
2857 3102 3089 3149 vocatur
3113 3096 3138 3164 (
3149 3094 3328 3150 Genes.
3352 3109 3393 3161 ι,
3416 3093 3496 3164 6),
3520 3093 3650 3165 quia

331 3186 595 3240 Doctores
614 3188 799 3238 autem
819 3181 994 3237 sancti
1016 3180 1149 3237 dum
1169 3179 1449 3237 auditores
1468 3198 1595 3239 suos
1616 3182 1674 3238 in
1693 3199 1934 3241 amorem

330 3275 428 3331 Dei
444 3272 708 3346 proficere
724 3270 1106 3342 sentiunt,ipsi
1119 3270 1357 3343 amplius
1372 3270 1431 3327 in
1443 3270 1711 3329 doctrina
1729 3274 1939 3330 virtute

330 3363 682 3429 fervescunt;
732 3369 786 3417 et
825 3360 955 3434 quia
1002 3377 1098 3417 eos
1142 3359 1210 3416 ad
1252 3377 1467 3417 summa
1515 3361 1855 3420 inardescere
1884 3372 1939 3421 et

331 3452 635 3509 fervescere
661 3450 1034 3521 conspiciunt,
1058 3448 1130 3505 ad
1155 3448 1501 3521 pradicanda
1528 3449 1673 3507 bona
1700 3454 1936 3511 caelestis

329 3541 519 3613 patria
547 3539 794 3595 validius
823 3537 1259 3596 succenduntur.
1283 3538 1389 3605 Qui
1422 3545 1476 3593 et
1503 3537 1549 3593 si
1585 3541 1803 3611 quando
1838 3558 1937 3613 pro

328 3647 398 3686 eo
433 3629 583 3703 quod
612 3629 797 3686 adhuc
825 3629 999 3684 vitam
1038 3626 1455 3700 corruptibilem
1486 3626 1739 3685 humana
1771 3630 1939 3686 infir-

330 3718 547 3775 mitatis
565 3727 728 3789 agunt
747 3718 813 3774 de
830 3716 1077 3791 qualibet
1093 3716 1256 3787 culpa
1269 3717 1464 3770 saltem
1479 3718 1720 3773 tenuiter
1734 3721 1793 3775 in
1814 3736 1936 3793 ope-

327 3809 477 3877 re,in
495 3808 854 3875 locutione,in
871 3805 1209 3879 cogitatione
1229 3805 1936 3879 tentantur,discipulorum

328 3914 556 3954 suorum
604 3897 914 3971 profectum
972 3894 1346 3967 conspiciunt,
1404 3897 1550 3956 884
1604 3904 1657 3952 et
1696 3898 1801 3970 ipsi
1850 3905 1935 3960 vel

329 3995 389 4051 in
418 3994 671 4051 minimis
694 4010 809 4050 esse
838 3991 1305 4065 reprehensibiles
1336 3991 1687 4063 erubescunt,
1735 4010 1804 4050 ne
1832 4011 1938 4068 qua

330 4083 469 4140 forte
497 4084 754 4157 exempla
779 4081 1130 4139 tortitudinis
1158 4079 1433 4153 prabeant
1461 4082 1540 4139 eis
1564 4098 1701 4155 quos
1728 4084 1939 4156 pradi-

332 4174 570 4231 cationis
594 4190 730 4231 voce
748 4172 817 4229 ad
838 4171 1086 4244 regulam
1113 4170 1326 4226 intima
1346 4170 1694 4228 rectitudinis
1722 4181 1933 4231 vocant.

331 4265 473 4321 Dum
502 4280 633 4336 ergo
681 4262 851 4319 verbo
898 4261 1189 4327 doctorum
1232 4261 1610 4318 accenduntur
1637 4263 1935 4333 auditores,

330 4355 485 4427 quasi
516 4371 586 4411 ex
618 4354 833 4411 viventi
872 4368 1100 4427 corpore
1150 4353 1479 4409 vestimenta
1518 4355 1796 4412 caleﬁunt.
1830 4357 1934 4413 Sed

2048 3180 2309 3237 videlicet
2352 3189 2546 3237 natura
2574 3181 2822 3253 angelica
2849 3190 2904 3238 et
2931 3182 3089 3254 prius
3120 3183 3141 3217 ‘
3190 3181 3452 3238 subtilius
3480 3189 3561 3238 est
3590 3182 3648 3236 in

2048 3268 2428 3342 superioribus
2474 3262 2721 3339 condita,
2766 3280 2820 3327 et
2849 3280 2972 3343 post
3012 3287 3081 3328 ne
3113 3288 3351 3345 unquam
3384 3271 3650 3344 potuisset

2048 3359 2261 3428 cadere,
2315 3358 2628 3416 mirabilius
2673 3359 3019 3418 conﬁrmata.
3067 3361 3305 3418 Possunt
3350 3361 3515 3418 etiam
3555 3376 3650 3433 per

2046 3448 2235 3517 coelos,
2267 3456 2328 3505 ut
2348 3464 2488 3519 sape
2517 3448 2787 3518 diximus,
2820 3449 3119 3506 electorum
3150 3457 3360 3505 mentes
3385 3448 3647 3521 exprimi,

2048 3553 2079 3590 a
2106 3536 2322 3593 cunctis
2350 3538 2584 3593 terrenis
2610 3538 2881 3610 contagiis
2909 3539 3110 3595 intimo
3138 3554 3321 3595 amore
3351 3554 3645 3610 suspensa.

2047 3624 2153 3691 Qui
2184 3626 2438 3698 quamvis
2466 3642 2693 3698 corpore
2727 3626 2925 3697 degant
2959 3626 3015 3681 in
3048 3626 3277 3695 infimis,
3308 3626 3438 3699 quia
3463 3634 3647 3682 tamen

2046 3713 2212 3770 corde
2236 3713 2352 3785 jam
2383 3714 2659 3771 inharent
2687 3714 2943 3783 summis,
2976 3716 3245 3772 veraciter
3271 3714 3466 3771 dicunt
3496 3733 3507 3770 :
3542 3715 3646 3772 No-

2046 3807 2163 3857 stra
2183 3804 2508 3857 conversatio
2529 3804 2585 3856 in
2600 3803 2740 3858 caelis
2755 3809 2829 3856 est
2847 3804 3021 3872 (Phil.
3042 3819 3127 3871 ιιι,
3146 3802 3261 3874 20).
3307 3802 3414 3867 Qui
3433 3801 3647 3857 solidis-

2047 3890 2173 3945 simi
2205 3898 2266 3945 ut
2294 3905 2399 3944 are
2428 3889 2538 3945 fusi
2569 3896 2718 3956 sunt,
2743 3889 2871 3960 quia
2900 3889 2968 3943 ab
2990 3888 3303 3960 integritate
3322 3894 3512 3957 capta
3542 3888 3649 3942 for-

2046 3977 2305 4034 titudinis
2337 3978 2489 4033 nulla
2523 3977 2909 4034 mutabilitatis
2938 3976 3190 4048 rubigine
3222 3982 3645 4032 consumuntur.

2047 4067 2260 4137 Quibus
2275 4075 2328 4123 et
2344 4067 2562 4124 fortiter
2576 4075 2767 4124 contra
2782 4066 3011 4123 adversa
3030 4064 3381 4133 durantibus,
3406 4065 3649 4123 auctoris

2047 4174 2181 4214 voce
2212 4157 2419 4215 dicitur
2452 4177 2463 4214 :
2518 4159 2617 4217 Vos
2646 4157 2769 4212 estis
2810 4157 2969 4212 amici
2995 4156 3117 4223 mei,
3158 4156 3250 4227 qui
3281 4155 3651 4227 pennansistis

2043 4265 2244 4304 mecum
2286 4248 2343 4302 in
2391 4248 2761 4304 tentationibus
2808 4248 2935 4303 meis
2994 4246 3147 4319 (Luc.
3191 4261 3334 4313 χχιι,
3380 4245 3495 4318 28).
3545 4243 3649 4300 Sed

2045 4337 2299 4410 quamvis
2341 4336 2536 4395 doctus
2566 4347 2619 4394 et
2656 4352 2916 4409 arrogans
2956 4351 3085 4392 cum
3127 4334 3357 4391 irridere
3399 4342 3648 4391 sanctum

329 4423 462 4501 dum
493 4461 562 4501 ex
607 4444 859 4516 ρτοςθοιη
909 4423 1225 4499 δυ’ἀίιοηηη
1263 4443 1429 4498 etiam
1464 4444 1581 4499 vita
1616 4444 1931 4502 docentium
1963 4463 2012 4521 Β
2048 4426 2234 4481 virum
2265 4425 2488 4493 nititur,
2517 4425 2765 4481 irrisioni
2793 4442 2906 4481 sua
2936 4423 3103 4481 fortia
3129 4423 3277 4480 dicta
3304 4424 3647 4496 permisceat,

329 4533 574 4606 proﬁcit,
598 4532 756 4607 quasi
779 4550 850 4589 ex
871 4533 1150 4590 calefactis
1182 4531 1526 4590 vestimentis
1552 4533 1700 4589 calor
1726 4534 1796 4590 ad
1824 4554 1942 4593 cor-

330 4640 434 4696 pus
479 4621 647 4679 redit.
698 4622 803 4680 Sed
852 4637 1199 4694 nequaquam
1243 4618 1349 4675 sibi
1400 4620 1652 4677 doctores
1694 4623 1944 4682 tribuant

331 4709 485 4781 quod
519 4726 615 4782 per
643 4708 1089 4767 exhortationem
1135 4723 1291 4763 suam
1321 4707 1390 4763 ad
1429 4725 1647 4764 summa
1680 4712 1942 4782 proficere

329 4796 617 4856 auditores
646 4798 860 4866 vident,
893 4797 1023 4871 quia
1060 4796 1171 4852 nisi
1214 4796 1453 4868 Spiritus
1496 4805 1720 4854 sanctus
1750 4816 1941 4855 eorum

330 4886 501 4942 corda
530 4888 758 4960 repleat,
791 4887 859 4943 ad
890 4902 1047 4943 aures
1076 4902 1371 4959 corporum
1394 4902 1505 4942 vox
1524 4886 1839 4943 docentium
1863 4888 1943 4944 in-

332 4991 549 5032 cassum
570 4977 1014 5032 sonat.Formare
1035 4973 1183 5030 enim
1206 4990 1397 5030 vocem
1428 4974 1677 5045 magistri
1701 4976 1945 5031 exterius

335 5073 591 5137 possunt,
620 5066 715 5123 sed
746 5066 890 5124 hanc
918 5065 1234 5138 imprimere
1262 5064 1497 5121 interius
1524 5081 1636 5121 non
1667 5075 1895 5138 possunt
1926 5082 1937 5119 :

333 5156 513 5226 Neque
548 5157 687 5211 enim
714 5155 807 5228 qui
830 5156 1044 5226 plantat
1070 5159 1145 5209 est
1178 5153 1412 5225 aliquid,
1453 5169 1617 5225 neque
1648 5156 1742 5227 qui
1777 5155 1944 5227 rigat,

334 5245 425 5299 sed
450 5245 545 5316 qui
576 5245 947 5300 incrementum
972 5242 1069 5304 dat
1093 5242 1233 5298 Deus
1260 5243 1324 5309 (Ι
1345 5242 1470 5298 Cor.
1494 5259 1578 5311 ιιι,
1608 5244 1681 5315 7).
1714 5244 1942 5300 Dicatur

336 5351 468 5407 ergo
502 5353 513 5390 :
547 5338 732 5392 Nonne
758 5335 1064 5391 vestimenta
1093 5340 1184 5389 tua
1203 5333 1379 5390 calida
1401 5336 1545 5397 sunt,
1574 5348 1691 5385 cum
1714 5334 1943 5404 perﬂata

336 5427 507 5496 fuerat
529 5435 672 5482 terra
687 5428 889 5483 Austro
905 5428 932 5482 ?
952 5424 1094 5491 Quia
1112 5422 1375 5479 nimirum
1396 5429 1529 5479 tunc
1548 5420 1825 5478 auditores
1845 5421 1939 5495 qui

418 5658 431 5689 ¹
476 5652 713 5709 Vindoc.
746 5661 799 5723 et
817 5646 1289 5723 Pratel.,‘respuit.
1609 5718 1639 5723 Β

415 5727 436 5761 ³
476 5724 652 5781 lidem
672 5722 807 5783 Cod.
830 5732 884 5779 et
902 5718 1324 5812 Ebroic.,’quem
1346 5734 1445 5790 per
1465 5718 1907 5789 pradicamenta.

2051 4531 2084 4569 a
2109 4513 2274 4569 dictis
2302 4522 2486 4569 tamen
2512 4512 2751 4570 fortibus
2779 4528 2996 4585 semper
3023 4512 3091 4567 ad
3121 4528 3458 4585 supervacua
3486 4511 3650 4567 verba
3750 4552 3755 4561 .

2051 4602 2341 4658 relabitur.
2371 4603 2510 4659 Nam
2539 4602 2745 4659 iterum
2775 4601 3078 4659 deridendo
3106 4601 3390 4677 subjungit
3421 4618 3435 4658 :

2123 4691 2294 4747 Vens.
2332 4691 2416 4747 19.
2447 4721 2518 4734 —
2551 4692 2773 4749 Ostende
2800 4690 2951 4747 nobis
2991 4691 3122 4763 quid
3157 4691 3393 4747 dicamus
3424 4690 3528 4755 illi,
3559 4705 3653 4743 nos

2051 4780 2243 4852 quippe
2270 4779 2596 4835 involvimur
2629 4780 2869 4835 tenebris.

2131 4874 2276 4933 885
2317 4871 2406 4928 66.
2442 4871 2524 4927 Ac
2553 4870 2600 4927 si
2630 4869 2814 4928 dicat:
2849 4870 2950 4939 Tu,
2974 4870 3069 4943 qui
3087 4868 3202 4940 jam
3232 4881 3428 4938 magna
3449 4861 3652 4918 intelli-

2052 4972 2248 5042 gentia
2298 4971 2420 5027 luce
2463 4971 2784 5043 perfrueris,
2823 4969 3017 5027 docere
3060 4985 3159 5025 nos
3188 4966 3283 5041 qui
3332 4960 3652 5035 ignorantia

2052 5058 2294 5115 tenebris
2342 5058 2689 5114 involvimur
2735 5058 2918 5115 debes.
2964 5057 3071 5125 Qui
3119 5070 3251 5111 mox
3291 5052 3361 5108 ab
3398 5049 3654 5107 irrisione

2052 5148 2324 5216 resiliens,
2351 5146 2703 5219 despiciendo
2730 5143 3015 5217 subjungit
3042 5160 3056 5199 :

2114 5237 2287 5293 Vnus.
2319 5236 2407 5291 20.
2439 5265 2509 5275 —
2541 5235 2670 5301 Quis
2698 5234 2947 5287 narrabit
2971 5232 3020 5287 ei
3046 5246 3163 5302 qua
3192 5231 3424 5301 loquor?

2121 5328 2203 5382 Ac
2231 5326 2276 5382 si
2307 5332 2491 5397 aperte
2520 5323 2667 5379 dicat
2700 5342 2711 5378 :
2767 5323 2898 5390 Qua
2926 5339 3026 5396 ego
3055 5322 3105 5379 ei
3149 5321 3216 5379 de
3250 5321 3364 5379 suis
3399 5319 3655 5378 laudibus

2052 5422 2211 5472 acute
2241 5415 2484 5471 sentiens
2527 5427 2637 5467 non
2666 5410 2853 5467 audita
2889 5411 3104 5484 loquor,
3139 5411 3264 5486 quis
3291 5410 3410 5468 hac
3435 5426 3655 5467 narrare

2125 5645 2146 5680 ³
2190 5644 2331 5701 Utic.
2363 5652 2419 5700 et
2450 5642 2674 5711 Pratel.,
2696 5647 2896 5696 natura
2922 5658 3169 5713 namque.

2126 5717 2146 5752 δ
2186 5716 2408 5784 Pratel.,
2440 5714 2649 5771 subtilis
2679 5720 2819 5771 est...
2847 5713 3079 5770 condita.
