4152 6182
463 291 566 349 439

1669 290 1916 348 SANCTI
1953 291 2299 348 GREGOI‘iII
2339 291 2562 348 MAGNI

3673 291 3777 349 440

463 416 551 472 vel
569 421 691 488 post
710 431 872 488 quam
891 415 1128 472 audierit
1147 415 1372 489 potest?
1399 415 1504 472 Sed
1525 415 1656 491 quia
1670 431 1796 473 cum
1814 415 2067 472 doctrina
2098 424 2146 482 Α
2176 424 2410 486 soerent,
2433 432 2496 473 ac
2515 431 2667 473 more
2697 413 2932 471 nubium
2962 429 3131 488 aquas
3154 413 3397 472 scientiae
3425 422 3704 487 caperent,
3724 425 3781 474 et

464 511 520 560 et
536 505 848 577 arrogantia
872 505 930 561 in
952 505 1119 562 unius
1143 505 1346 562 mentis
1373 505 1713 564 habitatione
1740 507 2010 580 conﬂigit,
2035 524 2064 562 a

467 595 744 669 loquentis
771 612 864 652 ore
893 611 1006 652 non
1047 597 1225 653 solum
1257 606 1420 654 sonat
1454 599 1682 656 vivendi
1712 599 1928 666 levitas,
1971 599 2066 655 sed

467 683 633 740 etiam
656 685 897 756 gravitas
915 684 1211 755 sentiendi,
1233 694 1525 761 postquam
1547 688 1677 744 Elin
1698 705 1795 762 per
1813 705 2064 761 arrogan-

466 773 598 828 tiam
632 772 827 829 leviter
858 774 1146 843 intumuit,
1179 774 1366 832 dicens
1402 794 1414 832 :
1446 777 1575 846 Quis
1603 778 1850 835 narrabit
1876 779 1925 836 ei
1949 795 2066 850 qua:

461 863 697 935 loquor?
724 877 856 918 mox
886 878 982 935 per
1009 862 1322 921 doctrinam
1343 864 1594 922 subdidit
1619 883 1632 922 :

674 1001 903 1060 CAPUT
938 1003 1036 1061 XL
1064 1004 1211 1077 (νει.
1242 1005 1444 1073 XXVI,
1475 1007 1596 1064 Rec.
1629 1005 1826 1081 XXV].

532 1092 671 1148 lem.
693 1122 764 1134 —
782 1092 965 1150 Etiam
993 1093 1041 1149 si
1071 1095 1274 1150 locutus
1302 1094 1470 1166 fuerit
1495 1095 1670 1161 homo,
1701 1095 2064 1152 devorabitur.

533 1179 616 1235 67.
663 1181 942 1238 Hominem
985 1182 1048 1238 de
1077 1183 1184 1240 Deo
1223 1183 1390 1256 loqui,
1424 1190 1496 1240 est
1531 1201 1720 1240 caecum
1763 1184 1826 1240 de
1875 1185 2068 1240 lumine

461 1267 812 1326 disserere.——
832 1271 1008 1329 Omne
1037 1272 1188 1346 quod
1212 1272 1427 1347 aliquid
1454 1273 1704 1344 devorat,
1735 1272 1841 1330 hoc
1866 1273 2068 1330 intror-

460 1376 555 1416 sus
585 1359 828 1430 trahens,
857 1361 928 1418 ab
956 1361 1297 1419 intuentium
1342 1363 1520 1420 oculis
1559 1364 1822 1433 occultat,
1869 1371 1924 1420 et
1952 1379 2067 1420 rem

461 1463 582 1521 quae
612 1448 792 1506 videri
827 1450 886 1505 in
911 1450 1203 1522 superﬁcie
1234 1452 1417 1524 potuit
1447 1451 1506 1508 in
1535 1450 1874 1524 profundum
1901 1451 2065 1524 rapit.

460 1537 638 1594 Homo
670 1538 840 1611 igitur
869 1555 996 1596 cum
1027 1540 1095 1597 de
1123 1543 1237 1598 Deo
1264 1549 1430 1610 tacet,
1453 1559 1550 1615 per
1577 1541 1846 1599 rationem
1876 1541 1936 1597 in
1963 1557 2072 1615 qua

459 1635 541 1684 est
566 1627 828 1685 conditus
854 1644 971 1686 esse
1000 1629 1213 1702 aliquid
1234 1630 1478 1688 videtur.
1503 1632 1579 1688 At
1608 1631 1655 1688 si
1686 1631 1840 1705 loqui
1867 1631 1934 1688 de
1956 1631 2070 1688 Deo

459 1717 709 1790 coeperit,
738 1718 892 1776 illico
912 1734 1077 1791 quam
1097 1719 1170 1776 sit
1189 1718 1334 1776 nihil
1355 1720 1683 1790 ostenditur,
1713 1722 1842 1794 quia
1861 1721 2069 1794 magni-

459 1807 676 1865 tudinis
708 1807 864 1866 illius
883 1808 1254 1866 immensitate
1275 1810 1595 1876 devoratur,
1612 1817 1666 1866 et
1687 1809 1842 1882 quasi
1865 1809 1922 1865 in
1943 1825 2064 1882 pro,

458 1897 696 1954 fundum
721 1907 911 1972 raptus
935 1899 1314 1970 absconditur,
1339 1901 1470 1974 quia
1490 1901 1596 1957 fari
1615 1899 1951 1957 ineffabilem
1971 1916 2062 1956 cu-

459 1988 638 2063 piens,
678 1989 796 2063 ipsa
824 2006 936 2046 suae
965 1990 1295 2063 ignorantiae
1324 1991 1576 2063 angustia
1605 1990 1930 2064 deglutitur.
1961 1991 2062 2048 Lo-

458 2079 648 2152 quitur
675 2079 826 2135 enim
851 2097 980 2137 caro
1009 2080 1075 2138 de
1103 2081 1326 2155 spiritu,
1349 2080 1804 2154 circumscriptus
1833 2080 2062 2154 spiritus

459 2167 526 2225 de
557 2167 1060 2242 incircumscripto,
1083 2177 1332 2227 creatura
1360 2171 1427 2228 de
1455 2179 1720 2238 creatore,
1744 2169 2064 2243 temporalis

460 2258 527 2315 de
547 2266 774 2327 aeterno,
794 2259 1080 2316 mutabilis
1100 2258 1167 2317 de
1184 2261 1542 2330 immutabili,
1565 2260 1818 2318 mortalis
1837 2260 1904 2316 de
1923 2261 2007 2316 νὴ
2022 2260 2064 2315 i-

460 2349 690 2416 ﬁcante;
723 2355 779 2404 et
807 2365 938 2406 cum
966 2349 1025 2405 in
1055 2349 1301 2407 tenebris
1327 2351 1542 2426 positus
1566 2350 1849 2407 internum
1878 2350 2066 2406 lumen

461 2438 605 2496 sicut
631 2444 715 2495 est
743 2439 970 2508 nesciat,
1011 2437 1204 2510 homo,
1235 2439 1303 2497 de
1331 2441 1634 2497 aeternitate
1663 2439 1928 2496 disserere
1960 2455 2070 2496 cu—

460 2528 636 2600 piens,
674 2545 850 2586 caecus
877 2529 945 2585 de
973 2529 1096 2588 luce
1126 2531 1392 2604 loquitur,
1437 2531 1494 2588 Si
1521 2548 1642 2602 ergo
1671 2531 1872 2586 locutus
1904 2529 2072 2600 fuerit

460 2617 633 2684 homo,
675 2616 1038 2685 devorabitur,
1080 2618 1216 2690 quia
1241 2619 1290 2675 si
1320 2619 1475 2675 effari
1505 2619 1675 2675 homo
1705 2619 2068 2676 aeternitatem

461 2704 606 2761 sicut
643 2710 725 2759 est
753 2704 981 2777 appetit,
1029 2705 1197 2762 etiam
1237 2706 1344 2763 hoc
1372 2707 1478 2763 sibi
1507 2706 1787 2764 subtrahit
1826 2707 1973 2780 quod
2001 2707 2070 2762 de

462 2793 560 2850 illa
587 2793 676 2849 vel
705 2794 907 2850 tacitus
940 2795 1132 2853 sentit.
1183 2796 1289 2854 Sed
1317 2814 1441 2856 ecce
1481 2797 1758 2855 aeternitas
1786 2805 1920 2856 tunc
1955 2797 2072 2853 ho—

462 2882 710 2942 minibus
730 2900 859 2941 vere
879 2883 1145 2956 innotuit,
1187 2903 1314 2945 cum
1334 2903 1390 2944 se
1417 2887 1497 2944 eis
1526 2887 1870 2944 humanitate
1889 2904 2068 2945 susce-

461 2980 557 3046 pta
583 2973 934 3031 monstravit.
990 2972 1123 3042 Quae
1151 2976 1281 3050 quia
1308 2975 1544 3034 necdum
1587 2978 1828 3036 revelata
1865 2977 2066 3044 fuerat,

461 3063 528 3122 de
557 3064 765 3123 eisdem
794 3065 1120 3125 hominibus
1147 3074 1292 3127 recte
1315 3066 1672 3142 subjungitur
1699 3085 1712 3126 :

1066 3201 1296 3257 CAPUT
1323 3201 1468 3256 XLI.

531 3284 701 3342 Vnus.
735 3286 824 3342 21.
851 3315 922 3328 --
955 3286 1031 3342 At
1055 3304 1195 3342 nunc
1225 3304 1333 3342 non
1363 3286 1542 3342 vident
1569 3286 1752 3342 lucem.

531 3372 620 3430 68.
659 3373 768 3430 Per
799 3374 1070 3432 Christum
1100 3378 1197 3432 lue:
1229 3376 1524 3432 hominibus
1550 3376 1929 3447 affulsit—De
1957 3395 2064 3452 qua

461 3463 728 3520 nimirum
751 3464 872 3521 luce
897 3464 1066 3522 etiam
1086 3482 1184 3540 per
1202 3466 1533 3540 Prophetam
1559 3465 1798 3524 dicitur:
1823 3467 2062 3540 Populus

465 3554 478 3587 ’
504 3555 598 3625 qui
623 3557 828 3612 sedebat
854 3558 910 3613 in
939 3559 1182 3626 tenebris,
1211 3559 1348 3616 vidit
1376 3561 1539 3616 lucem
1566 3576 1812 3633 magnam
1838 3562 2058 3633 (Matth.

459 3659 537 3712 ιν,
578 3644 670 3713 16;
702 3647 838 3704 Isai.
867 3664 947 3718 rx,
973 3649 1055 3722 2).
1105 3649 1212 3707 Sed
1237 3649 1356 3708 haec
1383 3650 1573 3707 eadem
1604 3651 1702 3706 lux
1731 3651 1968 3724 qualiter
1995 3652 2062 3706 ab

460 3731 784 3793 hominibus
815 3737 1089 3810 videatur,
1112 3739 1378 3809 insinuat,
1401 3756 1527 3796 cum
1557 3739 1812 3813 protinus
1840 3739 2058 3797 subdit:

531 3824 668 3882 Iern.
699 3855 770 3868 —
797 3828 979 3886 Subito
1005 3847 1100 3886 aer
1126 3836 1336 3902 cogetur
1365 3830 1422 3886 in
1450 3829 1627 3886 nubes.

532 3915 643 3972 Aer
659 3917 862 3992 quippe
883 3919 960 3976 ita
980 3920 1097 3992 ipsa
1117 3937 1214 3977 sua
1233 3920 1500 3977 tenuitate
1521 3919 1814 3992 spargitur,
1833 3927 1895 3976 ut
1911 3922 2066 3976 nulla

460 4004 723 4060 firmitate
739 4008 1028 4066 solidetur.
1059 4011 1243 4066 Nubes
1263 4018 1447 4066 autem
1468 4017 1623 4064 tanto
1642 4009 1915 4064 ﬁrmiores
1933 4019 2062 4066 sunt

460 4097 668 4162 quanto
697 4091 997 4150 densiores.
1032 4096 1176 4162 Quid
1205 4112 1333 4167 ergo
1361 4112 1456 4169 per
1499 4110 1681 4150 aerem
1711 4095 1822 4152 nisi
1850 4105 2062 4155 mentes

461 4175 810 4233 saecularium
839 4181 1216 4254 designantur,
1233 4199 1376 4255 quae,
1408 4183 1714 4239 innumeris
1737 4185 1902 4258 hujus
1931 4187 2059 4244 vitae

459 4263 750 4321 desideriis
777 4268 998 4338 deditae,
1031 4269 1142 4325 huc
1171 4271 1412 4346 illucque
1434 4269 1586 4329 more
1605 4273 1746 4330 aeris
1776 4273 1959 4330 fluida:
1979 4275 2057 4330 di-

457 4356 831 4426 sperguntur?
879 4357 986 4416 Sed
1010 4375 1103 4416 aer
1130 4358 1188 4416 in
1233 4361 1406 4419 nubes
1443 4361 1676 4436 cogitur,
1728 4379 1856 4422 cum
1894 4363 2056 4421 ﬂuxa:

455 4448 668 4498 mentes
687 4458 785 4514 per
808 4449 1035 4521 superni
1065 4458 1344 4523 respectus
1362 4453 1592 4527 gratiam
1614 4453 1840 4511 virtutis
1869 4453 2056 4510 solidi-

2173 504 2363 560 subter
2388 504 2660 578 jacentem
2691 510 2893 559 terram
2922 503 3104 562 verbis
3133 502 3544 577 praedicationis
3572 502 3780 589 irriga-

2175 601 2316 662 rent,
2353 610 2464 668 quo
2492 599 2711 666 peracto
2745 592 3076 662 ministerio,
3105 593 3174 650 ad
3202 592 3328 650 coeli
3358 599 3568 649 secreta
3595 608 3781 652 recur-

2175 689 2378 752 rerent,
2401 691 2566 758 atque
2594 681 2661 739 ad
2690 689 2948 738 aeternam
2978 682 3224 756 requiem
3253 680 3415 738 ﬁnito
3445 681 3632 740 labore
3661 699 3780 758 per-

2175 773 2452 829 venirent.
2489 771 2646 829 Unde
2678 775 2822 836 886
2849 781 2904 827 et
2931 771 3068 828 bene
3097 787 3229 827 mox
3258 769 3518 827 subditur
3551 788 3562 828 :

2753 868 2982 927 CAPUT
3011 869 3181 926 XLII.

2246 961 2386 1018 IBID.
2415 990 2486 1002 —
2514 961 2590 1018 Et
2616 967 2799 1019 ventus
2824 959 3087 1016 transiens
3114 959 3325 1033 fugabit
3352 975 3463 1015 eas.

2247 1049 2333 1106 70.
2374 1051 2609 1124 Irrigato
2648 1050 3030 1126 praedicatione
3063 1049 3346 1122 Evangelii
3373 1051 3592 1118 mundo,
3620 1052 3783 1110 nubes

2174 1137 2285 1194 illa
2309 1157 2343 1195 a
2368 1142 2565 1197 nostris
2594 1142 2762 1198 oculis
2787 1141 3003 1214 fugatis.
3035 1170 3107 1182 —
3135 1140 3351 1196 Ventus
3377 1140 3578 1214 quippe
3607 1147 3778 1199 trans-

2177 1227 2294 1284 iens
2321 1236 2403 1285 est
2435 1229 2550 1286 vita
2579 1247 2837 1304 praesens.
2886 1229 3100 1287 Ventus
3137 1245 3264 1302 ergo
3306 1230 3578 1287 transiens
3608 1230 3781 1287 nubes

2176 1316 2346 1390 fugat,
2396 1321 2527 1393 quia
2573 1320 2824 1378 mortalis
2871 1320 2988 1376 vita
3034 1336 3356 1393 percurrens
3399 1319 3780 1394 praedicatores

2178 1416 2396 1465 sanctos
2424 1425 2455 1465 a
2484 1410 2693 1466 nostris
2719 1409 2896 1467 oculis
2923 1409 3282 1483 corporaliter
3305 1410 3782 1466 occultat.Ventus

2177 1498 2451 1556 transiens
2479 1499 2653 1556 nubes
2673 1499 2852 1571 fugat,
2882 1499 3013 1572 quia
3031 1499 3159 1555 vitae
3179 1499 3494 1571 temporalis
3517 1515 3782 1556 excursus

2178 1607 2210 1646 a
2238 1606 2403 1646 carne
2432 1591 2712 1664 apostolos
2741 1589 3034 1660 subtrahit,
3067 1597 3123 1646 et
3149 1605 3242 1646 eos
3260 1596 3464 1646 aterrze
3492 1587 3778 1660 superﬁcie

2180 1679 2238 1734 in
2270 1687 2480 1736 secreta
2509 1681 2698 1754 requie
2727 1680 2881 1753 quasi
2927 1679 2985 1736 in
3015 1680 3277 1738 caelorum
3309 1679 3527 1736 cardine
3550 1677 3778 1735 abscon-

2099 1795 2144 1854 B
2176 1767 2278 1824 dit.
2311 1768 2416 1825 Sed
2453 1771 2583 1842 quia
2612 1786 2786 1844 usque
2815 1769 2883 1826 ad
2913 1778 3150 1826 mortem
3180 1769 3472 1844 praedicare
3499 1784 3610 1824 non
3639 1766 3780 1824 desi-

2174 1865 2334 1923 nunt,
2368 1865 2421 1913 et
2449 1858 2740 1930 praesentis
2778 1859 2906 1915 vitae
2939 1861 3180 1932 spatium
3208 1875 3358 1916 more
3389 1857 3623 1915 nubium
3651 1872 3779 1912 cum

2171 1943 2464 2000 verborum
2485 1945 2675 2017 pluvia
2699 1957 3024 2016 excurrunt,
3049 1949 3183 2022 quid
3202 1965 3393 2006 eorum
3415 1945 3696 2004 laboribus
3723 1944 3796 2001 in.

2171 2039 2360 2089 sancta
2378 2033 2625 2091 Ecclesia
2640 2041 2834 2106 agatur
2853 2033 3130 2108 adjungit,
3152 2052 3276 2094 cum
3298 2037 3552 2108 protinus
3569 2031 3778 2091 subdit:

2534 2122 2763 2180 CAPUT
2786 2123 2960 2180 XLIII
2994 2121 3139 2196 [Rea
3179 2122 3406 2197 XXVI].

2242 2211 2414 2267 Vrsas.
2443 2210 2691 2268 22.—Ab
2719 2212 2984 2284 Aquilone
3010 2230 3208 2269 aurum
3235 2213 3420 2269 veniet.

2246 2300 2332 2356 71.
2373 2299 2419 2356 Α
2449 2301 2728 2373 gentilibus
2762 2301 3073 2360 Christiana
3101 2302 3286 2373 religio
3302 2301 3639 2373 potissimum
3655 2318 3780 2373 pro-

2171 2395 2386 2460 pagata.
2410 2421 2482 2432 —
2510 2389 2656 2458 Quid
2685 2407 2782 2463 per
2810 2390 3166 2463 Aquilonem,
3199 2390 3311 2446 nisi
3338 2389 3550 2463 peccati
3579 2389 3779 2464 frigore

2178 2479 2480 2535 constricta
2508 2479 2787 2552 gentilitas
2815 2479 3179 2553 designatur?
3211 2495 3378 2552 quam
3405 2479 3498 2535 ille
3526 2479 3629 2538 sub
3645 2479 3778 2554 jugo

2179 2582 2290 2623 suae
2318 2553 2844 2640 tyrannidistenuit
2872 2568 2969 2642 qui
2998 2567 3324 2640 superbiens
3352 2567 3498 2625 dixit
3523 2586 3536 2625 :
3591 2553 3777 2626 Sedebo

2179 2655 2236 2711 in
2267 2662 2440 2714 monte
2469 2657 2782 2724 testamenti,
2805 2657 2860 2712 in
2893 2657 3145 2714 lateribus
3171 2657 3476 2730 Aquilonis,
3503 2658 3776 2715 ascendam

2178 2761 2337 2816 super
2355 2745 2694 2802 altitudinem
2720 2746 2964 2812 nubium,
2993 2745 3185 2802 similis
3212 2763 3300 2802 ero
3324 2747 3598 2804 Altissimo
3620 2747 3772 2820 (Isa-i.

2178 2851 2298 2904 xrv,
2326 2834 2410 2904 13,
2435 2834 2548 2906 ib).
2571 2835 2720 2904 Quid
2737 2853 2869 2893 vero
2885 2835 3008 2892 auri
3028 2837 3268 2905 nomine,
3287 2836 3394 2892 nisi
3417 2837 3615 2894 animae
3643 2836 3776 2894 ﬁde-

2180 2925 2257 2980 les
2290 2925 2720 2998 exprimuntur?
2743 2927 2823 2983 De
2853 2926 3057 3000 quibus
3083 2943 3180 3000 per
3205 2925 3487 2984 Ieremiam
3517 2925 3728 2983 dicitur
3758 2945 3772 2984 :

2182 3015 2450 3083 Quomodo
2480 3015 2816 3072 obscuratum
2843 3023 2919 3072 est
2935 3033 3154 3086 aurum,
3179 3021 3408 3072 mutatus
3425 3021 3498 3071 est
3513 3017 3658 3072 color
3681 3033 3776 3089 op-

2181 3104 2338 3161 timus
2369 3106 2594 3177 (Thren.
2618 3121 2696 3174 1v,
2720 3105 2773 3179 1)
2791 3107 2822 3164 τ
2850 3107 3064 3162 Aurum
3085 3105 3287 3180 quippe
3313 3105 3663 3164 obscuratum
3681 3104 3778 3162 do-

2176 3196 2302 3264 luit,
2321 3196 2452 3268 quia
2472 3196 2530 3252 in
2547 3194 2879 3269 quibusdam
2897 3195 3202 3253 claritatem
3218 3194 3548 3254 innocentiae
3563 3210 3775 3252 versam

2174 3284 2232 3340 in
2255 3285 2432 3356 culpae
2453 3284 2798 3357 nigredinem
2826 3285 2990 3343 vidit.
3015 3285 3102 3343 Ah
3130 3286 3407 3359 Aquilone
3424 3301 3553 3360 ergo
3581 3301 3776 3343 aurum

2173 3373 2363 3429 venire
2391 3373 2622 3442 dicitur,
2644 3373 2776 3447 quia
2799 3389 2898 3446 per
2914 3383 3220 3448 respectum
3243 3375 3430 3448 gratiae
3454 3373 3774 3448 Redempto-

2174 3463 2250 3519 ris
2269 3479 2301 3518 a
2321 3463 2627 3535 gentilitate
2647 3461 2858 3520 dudum
2889 3463 3134 3537 perﬁdiae
3161 3473 3381 3539 torpore
3412 3464 3613 3538 frigida
3632 3465 3776 3521 intra

2172 3559 2418 3609 sanctam
2438 3553 2746 3610 Ecclesiam
2775 3553 3016 3625 pretiosa
3044 3555 3158 3612 Deo
3179 3555 3296 3610 vita
3317 3554 3568 3611 ﬁdelium
3593 3553 3778 3611 multi-

2171 3643 2430 3716 plicatur.
2471 3642 2559 3700 Ab
2587 3643 2868 3716 Aquilone
2904 3643 3109 3699 etenim
3139 3659 3338 3700 aurum
3369 3643 3525 3701 venit
3555 3659 3679 3701 cum
3706 3641 3774 3699 ab

2174 3731 2308 3805 ipsis
2335 3732 2616 3790 idolorum
2646 3730 2956 3790 cultoribus
2980 3748 3110 3788 vera
3133 3733 3194 3790 in
3221 3733 3462 3790 Domino
3498 3732 3634 3790 ﬁdes
3655 3733 3738 3789 cla
3753 3764 3772 3775 -

2173 3822 2356 3880 rescit.
2387 3822 2494 3880 Sed
2527 3821 2809 3880 conversis
2835 3821 2906 3878 ad
2932 3820 3096 3878 ﬁdem
3125 3821 3400 3896 gentibus,
3429 3821 3614 3879 Iudaea
3643 3839 3770 3878 con-

2175 3911 2417 3980 tradicit,
2443 3913 2464 3947 ³
2485 3921 2538 3968 et
2552 3911 2621 3968 ad
2652 3911 3008 3984 prmmiorum
3027 3911 3443 3970 retributionem
3463 3911 3771 3968 ccelestium

2171 3997 2500 4071 dedignatur
2521 3999 2802 4072 suscipere
2826 4016 2920 4056 eos
2943 4001 3039 4075 qui
3059 4000 3270 4058 dudum
3292 4001 3513 4058 fuerant
3530 3998 3771 4057 cultores

2170 4086 2466 4144 idolorum.
2511 4088 2664 4146 Unde
2705 4094 2827 4161 post
2864 4089 3282 4146 conversionem
3331 4089 3575 4164 gentium
3607 4088 3771 4146 Petro

2168 4179 2410 4238 dicitur:
2446 4181 2626 4248 Quare
2650 4181 2890 4238 introisti
2907 4183 2980 4238 ad
3005 4183 3150 4240 viros
3163 4185 3490 4258 prceputium
3507 4185 3772 4251 habentes,

2168 4276 2217 4325 et
2242 4269 2509 4324 comedisti
2539 4287 2657 4326 cum
2685 4271 2760 4328 eis
2801 4271 2944 4344 (Act.
2975 4289 3055 4342 x1,
3087 4273 3189 4347 3)?
3238 4275 3360 4343 Quo
3395 4282 3591 4332 contra
3625 4281 3774 4331 recte

2168 4375 2264 4432 per
2291 4358 2489 4416 Isaiam
2515 4362 2787 4419 Dominus
2827 4361 2998 4422 dicit:
3034 4364 3225 4420 Dicam
3250 4366 3552 4438 Aquiloni:
3577 4366 3703 4432 Da;
3729 4371 3781 4421 et

2165 4450 2367 4507 Austro
2395 4468 2413 4507 :
2457 4451 2586 4508 Noli
2607 4453 2891 4524 prohibere
2930 4453 3096 4524 (Isai.
3123 4471 3282 4524 nm,
3316 4455 3396 4529 6).
3440 4455 3598 4514 Sicut
3625 4455 3776 4513 enim

459 4538 566 4588 tate
582 4532 932 4609 roborantur,
953 4548 1015 4597 ut
1039 4521 1184 4598 intra
1199 4521 1388 4600 sinum
1403 4543 1584 4602 cordis
1602 4553 1750 4603 recta
1769 4543 2056 4602 sentiendo
2085 4521 2134 4580 Ῑ)
2163 4556 2259 4612 per
2286 4521 2626 4615 Aquilonem
2653 4521 2951 4614 gentilitas,
2979 4542 3060 4602 sic
3084 4561 3184 4618 per
3210 4521 3478 4604 Austrum
3499 4545 3688 4604 Iudaea
3705 4544 3776 4602 si-

453 4638 510 4680 se
529 4622 811 4696 colligant,
835 4637 888 4686 et
904 4629 962 4686 in
984 4631 1140 4687 vanis
1153 4632 1582 4704 cogitationibus
1597 4650 1708 4692 non
1725 4636 2050 4710 liquescant.

429 4725 439 4730 ‘
523 4713 612 4770 69.
654 4715 848 4773 Petrus
876 4725 924 4774 et
949 4717 1122 4774 ceteri
1155 4721 1384 4791 apostoli
1419 4739 1520 4795 per
1548 4723 1784 4795 gratiam
1811 4723 1868 4779 in
1895 4725 2052 4782 nubes

450 4803 688 4862 solidati.
709 4806 906 4864 —Aer
933 4808 1128 4864 Petrus
1154 4807 1352 4879 fuerat,
1384 4827 1511 4868 cum
1539 4828 1638 4886 per
1670 4821 1885 4870 terrena
1912 4812 2048 4870 desi-

451 4894 604 4952 deria
622 4909 864 4968 sparsus,
895 4913 1021 4955 eum
1043 4897 1200 4972 quasi
1221 4914 1357 4954 aura
1385 4901 1656 4958 transiens
1673 4918 1772 4975 pro
1793 4903 1908 4961 vita
1935 4921 2049 4963 car-

450 4985 539 5040 nis
575 5001 708 5044 cura
752 4987 1075 5062 piscationis
1115 4988 1354 5062 agitabat
1403 4991 1616 5062 (Matth.
1649 5009 1724 5062 iv,
1775 4994 1888 5065 l8).
1939 4995 2050 5052 Aer

451 5073 618 5131 etiam
649 5079 883 5150 apostoli
904 5093 1096 5135 omnes
1125 5079 1470 5149 exstiterant,
1495 5081 1590 5155 qui
1603 5080 1719 5154 jam
1749 5099 1845 5156 per
1872 5085 2044 5158 legem

450 5163 563 5220 alta
586 5163 915 5237 didicerant,
964 5166 1060 5224 sed
1086 5168 1324 5226 necdum
1353 5185 1451 5244 per
1479 5169 1644 5228 ﬁdem
1675 5171 1835 5230 ﬁrma
1859 5175 2046 5248 sapie-

450 5250 584 5308 bant
617 5254 830 5326 (Ibid).
859 5255 1055 5314 Subito
1083 5268 1265 5318 autem
1295 5276 1387 5318 aer
1415 5260 1474 5317 in
1502 5260 1675 5318 nubes
1699 5271 1922 5322 coactus
1941 5272 2042 5334 est,

453 5339 583 5412 quia
612 5360 708 5416 per
738 5356 1046 5418 respectum
1071 5367 1318 5424 supernae
1367 5352 1554 5425 gratiae
1581 5351 1732 5411 ﬂuxa
1759 5355 1924 5414 corda
1951 5355 2048 5430 pi-
2075 5361 2092 5372 '

452 5430 722 5488 scantium
754 5433 813 5489 in
843 5437 1179 5496 soliditatem
1200 5457 1356 5499 versa
1377 5451 1505 5500 sunt
1519 5443 1961 5516 praedicatorum,
1985 5451 2045 5501 ut

453 5535 643 5576 eorum
682 5521 914 5582 inﬁrmae
943 5529 1302 5599 cogitationes
1339 5532 1502 5591 fortia
1531 5535 1817 5592 sentiendo
1843 5537 2046 5594 dense-

528 5688 546 5767 ξ
729 5685 906 5767 _Basi_l:
918 5687 1169 5767 l_iilli,qui
1183 5693 1505 5767 ambulabat.
1516 5696 1772 5767 Aliae,qui
1785 5697 2040 5753 ambulat.

524 5757 546 5793 ³
566 5758 764 5817 I’ratel.
789 5765 842 5814 et
865 5759 1030 5825 Utic.,
1063 5757 1133 5814 ad
1146 5764 1369 5832 prwmia
1400 5757 1826 5824 retributionum.

2165 4638 2382 4702 gnatur,
2413 4647 2534 4704 quae
2559 4630 2716 4704 quasi
2738 4631 3046 4690 meridiano
3075 4633 3190 4690 sole
3219 4634 3474 4705 incaluit,
3499 4635 3650 4710 quia,
3674 4636 3774 4693 Re-

2163 4719 2448 4794 demptore
2487 4721 2546 4778 in
2575 4736 2739 4779 carne
2770 4733 3085 4796 apparente,
3128 4723 3402 4782 fervorem
3434 4725 3566 4783 ﬁdei
3595 4725 3778 4799 prima

2160 4811 2447 4884 suscepit.-
2469 4811 2735 4884 Aquiloni
2765 4828 2893 4885 ergo
2921 4813 2993 4869 da
3021 4812 3229 4870 dicitur
3257 4830 3386 4873 cum
3429 4815 3625 4873 offerre
3659 4817 3776 4874 Deo

2158 4918 2270 4960 suae
2291 4901 2422 4958 ﬁdei
2444 4917 2676 4958 munera
2695 4903 2976 4976 gentilitas
3005 4904 3327 4978 imperatur.
3356 4907 3561 4964 Austro
3587 4913 3773 4963 autem

2151 4991 2381 5065 jubetur
2407 5007 2477 5048 ne
2503 4991 2816 5064 prohibeat,
2835 4993 2967 5067 quia
2982 4993 3228 5052 Hebraeis
3243 4995 3303 5052 in
3320 4995 3429 5054 ﬁde
3456 4996 3776 5055 consisten-

2154 5085 2306 5142 tibus
2336 5083 2692 5158 praecipitur3
2723 5101 2794 5142 ne
2819 5086 2992 5144 vitam
3022 5089 3270 5163 gentium
3300 5089 3616 5165 repellenda
3641 5105 3773 5147 con-

2153 5172 2438 5230 demnent.
2495 5172 2650 5230 Unde
2693 5173 2787 5230 hic
2825 5191 3044 5250 quoque
3093 5179 3222 5252 quia
3266 5177 3480 5236 dictum
3523 5185 3642 5234 est:
3689 5175 3773 5233 Ab

2155 5260 2419 5334 Aquilone
2445 5279 2643 5318 aurum
2672 5263 2862 5330 veniet,
2891 5275 3014 5337 apte
3043 5265 3398 5342 subjungitur
3430 5286 3442 5324 :

2724 5351 2953 5410 CAPUT
2990 5351 3188 5414 XLIV.

2225 5448 2360 5504 Iern.
2393 5480 2462 5490 —
2491 5450 2564 5504 Et
2591 5469 2625 5505 a
2654 5451 2762 5506 Deo
2790 5451 3143 5522 formidolosa
3178 5452 3438 5511 laudatio.

2226 5537 2313 5593 72.
2353 5539 2430 5595 De
2455 5539 2686 5610 gentium
2719 5541 3056 5598 conversione
3088 5543 3318 5615 apostoli
3355 5548 3406 5598 et
3439 5541 3542 5599 alii
3569 5557 3636 5596 ea:
3663 5541 3767 5596 cir-

2225 5701 2246 5734 ³
2265 5698 2539 5826 tVindoc.,
2590 5718 2653 5756 ne
2685 5701 2850 5758 vitam
2875 5703 3151 5775 gentilium
3192 5705 3492 5778 repellenda
3523 5707 3770 5758 contem-

2228 5789 2259 5825 n
2289 5815 2301 5826 .

2151 5788 2301 5828 nant.
