4152 6182
322 310 423 370 ibi

1023 306 1395 367 MORALIUM
1432 306 1566 366 LIB.
1603 305 1834 366 XXVII.
1874 335 1945 350 —
1982 306 2053 365 IN
2091 305 2318 365 CAPUT
2356 308 2622 367 XXXVII
2660 310 2724 365 B.
2764 309 2905 367 JOB.

3530 314 3634 375 442

317 434 634 495 eumcisione
655 434 833 508 ﬁdeles
860 434 1027 491 Deum
1051 435 1593 494 nudaverant—Sic
1619 435 1769 493 enim
1803 435 1930 493 for—
1957 436 2095 497 Ain
2130 437 2226 494 illo
2253 437 2522 495 sentimus
2550 452 2619 493 ex
2644 435 2751 513 ﬁde
2781 444 2884 506 est,
2909 438 2931 474 ⁶
2954 445 3008 495 et
3036 454 3148 497 non
3178 457 3248 500 ex
3276 444 3480 518 specie.
3515 444 3634 505 Hoc

322 526 596 585 midolosa
622 524 866 582 laudatio
887 542 918 582 a
945 525 1059 582 Deo
1084 526 1101 561 ί
1131 525 1320 583 venire
1345 525 1570 595 dicitur,
1595 542 1657 583 ac
1678 527 1724 581 si
1743 526 1811 582 ab
1833 526 1921 584 his
2026 535 2209 585 tamen
2244 527 2391 602 quod
2430 527 2545 601 jam
2577 543 2633 583 se
2679 526 2956 584 invenisse
2998 528 3311 590 considerat
3355 532 3631 609 adjnngit,

322 619 419 692 qui
440 617 499 673 in
520 623 673 689 parte
691 615 792 672 Dei
809 623 958 684 sunt,
982 615 1039 673 id
1060 622 1142 672 est
1160 634 1192 673 a
1214 615 1494 685 ﬁdelibus,
1519 616 1542 651 ²
1563 616 1755 673 venire
1776 615 1918 674 dice-

320 719 493 771 retur.
516 712 669 768 Auro
700 710 871 782 igtiur
888 709 956 767 ab
973 711 1248 784 Aquilone
1278 710 1557 780 veniente,
1590 726 1621 766 a
1652 712 1765 768 Deo
1797 711 1920 768 for-
1945 758 1971 779 ,

324 803 595 863 midolosa
621 800 868 858 laudatio
896 800 1123 874 prodiit,
1157 800 1290 875 quia
1309 800 1441 857 dum
1471 801 1778 859 claritatem
1805 819 1921 859 suae

324 894 452 952 ﬁdei
484 891 761 966 gentilitas
788 890 1010 958 obtulit,
1042 890 1341 947 multitudo
1383 890 1735 947 Hebraeorum
1791 890 1920 947 ﬁde-

324 986 463 1042 lium
494 982 686 1040 divina
695 981 909 1054 judicia
930 981 1367 1054 pertimescendo
1388 983 1769 1041 laudavit.Sed
1791 999 1921 1057 quo-

322 1073 491 1132 modo
518 1071 588 1130 ab
617 1071 893 1145 Aquilone
934 1072 1121 1129 veniat
1168 1089 1387 1142 aurum,
1428 1073 1704 1147 quomodo
1738 1074 1805 1130 ab
1835 1073 1923 1129 his

323 1163 419 1238 qui
448 1161 554 1221 sub
577 1163 690 1219 Deo
719 1168 850 1217 sunt
869 1160 1230 1218 formidolosa
1250 1160 1494 1218 laudatio
1515 1170 1787 1236 erumpat,
1808 1164 1923 1236 ipsa

324 1252 489 1311 nobis
516 1250 899 1308 historiasacri
920 1250 1125 1325 eloquii
1148 1250 1405 1308 ostendit.
1434 1251 1709 1325 Scriptum
1723 1253 1923 1327 quippe

324 1352 405 1402 est
439 1361 450 1400 :
487 1342 767 1400 Cornelius
812 1341 1050 1396 centurio
1086 1341 1313 1397 cohortis
1332 1358 1450 1413 qua:
1484 1342 1682 1397 dicitur
1709 1342 1921 1411 Italica,

324 1434 609 1507 retigiosns
628 1439 678 1489 et
706 1433 890 1487 timens
915 1431 1104 1498 Deum,
1125 1448 1241 1487 cum
1260 1432 1404 1487 omni
1417 1432 1569 1487 domo
1589 1450 1709 1499 sua,
1726 1432 1925 1505 faciens

325 1525 674 1596 elemosynas
702 1523 899 1578 multas
919 1521 1084 1593 plebi,
1110 1528 1159 1577 et
1181 1521 1464 1595 deprecans
1491 1523 1661 1578 Deum
1703 1540 1923 1595 semper,

324 1614 460 1671 cidit
480 1614 537 1670 in
557 1612 677 1670 visu
698 1610 992 1682 manifeste,
1023 1611 1179 1682 quasi
1207 1612 1341 1668 hora
1369 1613 1473 1668 diei
1502 1630 1664 1680 nona,
1685 1613 1928 1685 angelum

322 1704 427 1763 Dei
444 1705 793 1759 introeuntem
827 1701 899 1757 ad
925 1717 998 1767 se,
1027 1705 1077 1755 et
1104 1699 1357 1757 dicentem
1396 1702 1498 1757 sibi
1525 1721 1542 1758 :
1578 1702 1810 1759 Corneli.
1854 1702 1928 1758 At

2028 619 2218 676 dicens
2250 635 2262 674 :

2096 709 2234 765 Iam.
2260 739 2332 751 —
2358 709 2582 780 Magnus
2609 706 2920 779 fortitudine
2948 715 2997 766 et
3013 708 3221 781 judicio
3248 716 3297 766 et
3314 708 3552 781 justitia,
3586 719 3636 772 et

2029 799 2284 857 enarrari
2311 817 2416 855 non
2439 806 2627 872 potest.

2100 891 2328 964 Magnus
2358 888 2559 963 quippe
2581 897 2662 946 est
2690 890 3047 958 fortitudine,
3067 892 3199 966 quia
3217 892 3417 949 fortem
3438 893 3634 951 adver-

2030 979 2235 1036 sarium
2266 990 2503 1053 superat,
2534 988 2587 1037 et
2627 980 2693 1037 de
2723 979 2888 1037 domo
2914 981 3065 1037 illius
3094 998 3224 1039 vasa
3276 982 3629 1040 contumelias

2030 1070 2283 1133 auferens
2310 1072 2367 1127 in
2400 1071 2788 1129 misericordias
2821 1090 2949 1130 vasa
2978 1081 3271 1147 permutat.
3290 1075 3523 1146 Magnus
3534 1073 3625 1146 ju-

2030 1160 2199 1229 dicio,
2228 1160 2357 1234 quia
2376 1160 2477 1217 etsi
2494 1161 2585 1219 hic
2604 1164 2806 1220 electos
2831 1180 2959 1221 suos
2974 1180 3069 1238 per
3082 1164 3309 1222 adversa
3329 1165 3624 1238 deprimit,

2032 1267 2123 1307 eos
2143 1249 2471 1323 quandoque
2506 1250 2561 1305 in
2582 1252 2755 1323 gloria
2784 1263 3001 1310 aeternae
3033 1257 3413 1330 prosperitatis
3442 1258 3635 1314 extol—

2031 1340 2117 1398 lit.
2138 1341 2366 1413 Magnus
2388 1339 2631 1412 justitia,
2663 1341 2793 1414 quia
2813 1342 2914 1397 etsi
2945 1342 3037 1398 hic
3068 1343 3166 1401 diu
3197 1346 3417 1415 tolerat,
3443 1361 3630 1420 quan-

2033 1431 2211 1503 doque
2239 1437 2423 1487 tamen
2471 1428 2732 1502 reprobos
2761 1430 2880 1487 sine
2929 1432 3168 1488 termino
3213 1434 3457 1492 damnat.
3490 1435 3635 1492 Bene

2034 1529 2217 1578 autem
2246 1518 2503 1577 subditur
2535 1537 2546 1577 :
2582 1521 2656 1575 Et
2680 1520 2933 1576 enarrari
2968 1536 3075 1575 non
3099 1527 3285 1593 potest.
3307 1523 3328 1557 ⁷
3356 1522 3461 1590 Qui
3487 1523 3634 1581 enim

2035 1611 2230 1670 sentiri
2260 1611 2423 1684 digne
2443 1626 2555 1666 non
2585 1610 2755 1680 valet,
2786 1618 2997 1685 quanto
3016 1610 3202 1668 minus
3216 1611 3327 1670 dici
3349 1614 3376 1670 ‘l
3404 1612 3509 1670 Sed
3526 1628 3634 1671 me-

2036 1704 2145 1760 lius
2170 1703 2320 1760 hunc
2348 1709 2628 1775 utcunque
2656 1700 2920 1770 dicimus,
2951 1701 2994 1759 si
3027 1701 3128 1759 sub
3176 1702 3635 1763 considerationis

323 1793 418 1850 ille
446 1796 467 1831 ³
496 1795 704 1850 intuens
732 1811 869 1862 eum,
893 1793 1079 1850 timore
1119 1798 1393 1865 correptus
1430 1793 1575 1848 dixit
1594 1809 1611 1847 :
1638 1793 1768 1860 Quis
1782 1796 1926 1855 887
1954 1804 2002 1865 B
2033 1798 2151 1871 ejus
2181 1792 2478 1851 formidine
2507 1791 2831 1847 admirando
2861 1798 3156 1848 taceamus.
3192 1793 3453 1867 Sequitur
3487 1809 3499 1850 :

323 1909 403 1963 es,
424 1892 676 1950 Domine?
698 1892 853 1950 Dixit
878 1898 1050 1948 autem
1075 1892 1157 1949 illi
1186 1909 1202 1947 :
1228 1891 1504 1949 Orationes
1532 1897 1633 1947 tua:
1651 1897 1699 1947 et
1717 1893 1927 1949 eleemo-

324 1999 477 2054 synee
505 1988 604 2037 tute
630 1982 971 2038 ascenderunt
994 1982 1052 2037 in
1090 1981 1398 2037 memoriam
1428 1980 1483 2035 in
1531 1990 1804 2054 conspectu
1828 1983 1929 2039 Dei

329 2071 478 2141 (Act.
502 2072 605 2140 x,l
636 2072 789 2144 seq.).
810 2075 1022 2128 Aurum
1050 2088 1177 2145 ergo
1216 2072 1283 2128 ab
1304 2072 1580 2145 Aquilone
1596 2071 1771 2140 venit,
1794 2071 1927 2128 dum

328 2163 388 2220 in
409 2171 705 2237 conspectu
725 2164 826 2220 Dei
843 2180 912 2221 ex
945 2163 1200 2236 gentibus
1220 2179 1345 2219 cum
1368 2162 1677 2235 eleemosyn
1687 2162 1731 2219 is
1752 2163 1930 2219 oratio

329 2254 589 2311 ascendit.
609 2252 770 2322 Quod
793 2270 919 2309 cum
942 2253 1135 2309 Petrus
1156 2252 1422 2309 fratribus
1440 2252 1717 2309 retulisset
1741 2252 1928 2326 (Ibid.,

332 2342 441 2415 I2),
466 2342 744 2416 quomodo
759 2342 848 2397 vel
869 2341 1158 2399 Cornelius
1171 2343 1449 2415 angelum,
1472 2343 1562 2399 vel
1582 2343 1697 2415 ipse
1711 2341 1778 2398 de
1791 2341 1930 2398 coelo

327 2431 579 2488 submitti
608 2431 678 2488 ad
708 2447 765 2488 se
794 2430 1026 2487 linteum
1053 2448 1179 2489 cum
1205 2430 1397 2488 bestiis
1427 2430 1717 2503 reptilihus
1730 2448 1792 2488 ac
1821 2447 1932 2486 vo—

328 2521 577 2579 latilibus
593 2520 941 2584 vidisset,vel
963 2519 1243 2593 quomodo
1257 2520 1501 2592 Spiritus
1522 2526 1746 2575 sanctus
1767 2520 1933 2574 etiam

322 2617 456 2666 ante
472 2609 747 2682 baptisma
768 2607 1058 2679 gentilium
1088 2606 1253 2663 corda
1294 2607 1620 2680 perfuderit,
1652 2608 1745 2681 qui
1789 2624 1934 2664 nun-

322 2713 502 2771 quam
535 2697 594 2752 in
623 2695 936 2752 Iudaeorum
963 2695 1242 2753 mentibus
1263 2696 1374 2752 nisi
1397 2704 1521 2768 post
1539 2712 1736 2768 aquam
1759 2696 1930 2769 bapti-

322 2784 522 2843 smatis
552 2784 724 2852 venit,
752 2784 1003 2857 protinus
1032 2785 1295 2857 scriptum
1342 2792 1426 2841 est
1458 2801 1470 2839 :
1503 2785 1603 2841 His
1630 2785 1828 2842 auditis
1859 2794 1932 2844 ta-

324 2882 569 2942 cuerunt,
599 2882 647 2931 et
668 2874 1105 2947 gloriﬁcaverunt
1145 2876 1336 2945 Deum,
1389 2877 1614 2932 dicentes
1649 2894 1660 2933 :
1694 2880 1842 2951 Ergo
1886 2885 1935 2934 et

325 2966 559 3039 gentibus
570 2966 710 3021 Deus
718 2963 1081 3036 paenitentiam
1104 2965 1175 3020 ad
1191 2966 1353 3021 vitam
1370 2965 1512 3022 dedit
1534 2966 1677 3039 (Act.
1708 2985 1788 3037 χι,
1817 2969 1929 3041 18).

325 3054 622 3113 Multitudo
654 3071 782 3127 ergo
812 3054 1067 3111 ﬁdelium
1089 3056 1108 3089 ⁵
1140 3055 1563 3112 formidolosam
1580 3059 1694 3113 Deo
1712 3057 1932 3114 laudem

2384 1880 2612 1938 CAPUT
2639 1880 2815 1936 XLVI
2844 1879 2987 1954 [Rec.
3022 1881 3279 1956 XXVII].

2107 1973 2280 2031 Vens.
2310 1969 2397 2028 24.
2428 2001 2499 2012 -
2533 1970 2655 2025 Ideo
2687 1968 2934 2024 timebunt
2957 1985 3073 2023 eum
3110 1968 3234 2037 viri,
3272 1973 3321 2024 et
3346 1984 3452 2025 non
3480 1969 3637 2025 aude-

2038 2067 2165 2123 bunt
2182 2062 2526 2135 contemplari
2545 2078 2717 2117 omnes
2732 2061 2824 2133 qui
2843 2059 2943 2116 sibi
2964 2059 3209 2116 videntur
3224 2077 3328 2117 esse
3358 2062 3635 2135 sapientes.

2111 2156 2199 2213 75.
2231 2155 2336 2223 Qui
2358 2160 2490 2209 recte
2508 2152 2912 2224 pradicant,sed
2930 2168 3037 2206 non
3056 2151 3259 2220 vivunt,
3281 2152 3639 2210 damnationis

2039 2261 2148 2301 suae
2161 2258 2426 2315 pracones
2454 2241 2606 2312 ﬁunt.
2637 2268 2708 2279 —
2727 2238 2842 2295 Hoc
2860 2237 2983 2295 loco
3003 2236 3135 2293 Elin
3171 2236 3323 2293 viros
3342 2253 3434 2294 eos
3453 2238 3548 2313 qui
3564 2238 3639 2296 ad

2040 2330 2464 2405 intelligentiam
2481 2335 2614 2386 sunt
2631 2328 2800 2385 fortes
2814 2327 3150 2401 appellat.Et
3167 2326 3474 2383 notandum
3490 2326 3637 2401 quod

2041 2439 2154 2481 non
2188 2423 2266 2480 ait
2314 2439 2325 2477 :
2368 2423 2440 2477 Et
2475 2435 2585 2477 non
2618 2417 2901 2476 audebunt
2933 2416 3297 2490 contemplari
3324 2417 3636 2490 sapientes;

2042 2513 2158 2582 sed,
2184 2512 2287 2581 Qui
2315 2511 2414 2567 sibi
2440 2510 2686 2565 videntur
2712 2524 2818 2564 esse
2845 2507 3121 2579 sapientes.
3146 2505 3360 2575 Quibus
3380 2506 3643 2564 videlicet

2044 2608 2228 2666 verbis
2256 2608 2461 2681 peritos
2491 2605 2736 2679 quidem,
2758 2604 2854 2661 sed
2883 2613 3197 2677 arrogantes
3218 2604 3482 2661 insinuat.
3507 2604 3639 2661 Elin

2043 2716 2171 2773 ergo
2192 2699 2324 2756 dum
2348 2698 2521 2754 multa
2540 2694 2758 2752 fortiter
2782 2696 2973 2762 sentit,
3003 2694 3061 2751 in
3084 2694 3381 2751 locutionis
3399 2710 3510 2751 suae
3531 2694 3641 2751 ﬁne

2044 2804 2101 2844 se
2124 2788 2327 2861 tetigit.
2354 2787 2475 2844 Viri
2496 2801 2733 2859 namque
2753 2792 3075 2858 arrogantes
3094 2792 3148 2840 et
3177 2783 3325 2841 docti
3354 2800 3480 2841 cum
3498 2783 3643 2841 recte

2043 2897 2154 2937 non
2175 2881 2395 2950 vivunt,
2416 2880 2512 2937 sed
2538 2887 2723 2937 tamen
2748 2887 2897 2936 recta
2918 2878 3098 2935 dicere
3128 2876 3393 2933 doctrinm
3429 2877 3644 2949 impul-

2044 2972 2295 3028 sionibns
2326 2971 2756 3043 compelluntur,
2787 2969 2892 3042 ipsi
2914 2966 3288 3024 damnationis
3303 2983 3415 3023 suae
3430 2966 3641 3041 aliquo-

2043 3060 2208 3117 modo
2238 3074 2514 3133 praecones
2564 3057 2728 3126 ﬁunt,
2759 3057 2890 3130 quia
2933 3055 3067 3112 dum
3096 3071 3159 3111 ea
3206 3070 3327 3128 quae
3361 3069 3519 3127 agere
3548 3070 3644 3111 re-

328 3146 550 3215 obtulit,
581 3163 723 3219 quin,
762 3145 989 3202 salvatis
1024 3145 1302 3218 gentibus,
1329 3164 1362 3201 a
1408 3162 1509 3203 suo
1538 3163 1595 3203 se
1624 3164 1926 3219 murmure,
1965 3164 2009 3225 ί]
2038 3159 2244 3225 spuunt
2288 3150 2647 3224 praedicantes
2667 3147 2975 3216 insinuant,
3000 3146 3137 3204 “suis
3167 3150 3311 3210 888
3332 3162 3389 3203 se
3408 3145 3641 3204 vocibus

328 3236 472 3292 dona
505 3235 742 3292 ccelestis
771 3236 959 3308 gratiae
1001 3233 1350 3304 admirando,
1381 3238 1727 3308 compressit.
1776 3238 1927 3295 Unde

329 3324 444 3398 ipse
474 3340 691 3398 quoque
705 3325 904 3380 Petrus
931 3323 1185 3392 miratur,
1210 3322 1401 3381 dicens
1434 3343 1445 3382 :
1477 3326 1542 3382 In
1564 3327 1781 3383 verifate
1796 3345 1927 3383 com-

323 3416 445 3488 peri
486 3415 627 3486 quod
668 3431 775 3470 non
820 3420 897 3470 est
932 3431 1291 3486 personarum
1337 3423 1578 3488 acceptor
1608 3418 1750 3473 Deus
1783 3417 1925 3490 (Act.

327 3521 387 3573 x,
401 3502 583 3632 7?.)Et
605 3575 667 3630 de
682 3575 992 3631 Iudaeorum
1010 3574 1383 3647 reprobatione
1404 3575 1710 3633 timuerunt.
1734 3607 1805 3619 —
1824 3576 1930 3633 Sed

325 3681 459 3723 cum
491 3672 674 3737 gentes
700 3663 866 3722 ﬁdem
886 3664 1331 3736 suscipiunt,cnr
1350 3664 1417 3721 ab
1437 3666 1515 3722 eis
1541 3667 1637 3739 qui
1663 3666 1777 3738 jam
1800 3666 1928 3722 ﬁde-

328 3756 414 3811 les
429 3760 559 3810 sunt
578 3752 933 3812 formidolosa
953 3754 1145 3810 venire
1166 3753 1410 3810 laudatio
1431 3754 1787 3823 dicitur,cum
1812 3756 1933 3812 lata

324 3843 522 3902 venire
550 3843 732 3917 potius
760 3861 926 3919 quam
957 3842 1317 3901 formidolosa
1346 3842 1673 3902 debuisset?
1702 3845 1807 3902 Sed
1837 3845 1933 3902 id-

324 3935 476 3994 circo
503 3935 787 3993 conversis
832 3934 1109 4008 gentibus,
1140 3934 1207 3990 ab
1238 3933 1485 3990 Hebraeis
1518 3933 1634 4007 jam
1673 3934 1932 3992 ﬁdelibus

214 4034 223 4041 ’
327 4026 688 4083 formidolosa
715 4024 959 4082 laudatio
986 4024 1216 4098 prodiit,
1247 4025 1377 4098 quia
1406 4025 1669 4083 nimirum
1682 4025 1931 4098 jnstelu-

328 4116 445 4174 dzea
471 4118 693 4191 repulsa
718 4123 821 4184 est,
879 4116 1012 4173 dum
1060 4116 1148 4189 pie
1186 4124 1271 4173 est
1299 4117 1575 4189 gentilitas
1616 4126 1843 4187 vocata;
1878 4127 1932 4176 et

329 4206 528 4263 damna
555 4223 669 4263 suae
695 4205 1028 4278 repulsionis
1056 4204 1266 4274 timuit,
1298 4205 1431 4263 dum
1453 4208 1605 4266 lucra
1621 4209 1815 4266 alienas
1836 4226 1930 4265 vo-

330 4296 562 4355 cationis
590 4295 755 4352 vidit.
788 4294 944 4353 Unde
971 4311 1071 4351 nos
1102 4309 1321 4368 quoque
1361 4297 1633 4369 quotidie,
1663 4298 1795 4356 dum
1826 4299 1930 4355 ini-

330 4402 467 4459 quos
492 4402 739 4461 quosque
766 4384 837 4442 ad
866 4385 1207 4459 inopinatam
1229 4385 1358 4442 vitae
1376 4386 1763 4445 celsitudinem
1790 4407 1931 4463 pro-

329 4476 460 4534 vehi
488 4483 713 4551 repente
738 4474 1132 4549 conspicimus,
1178 4473 1281 4531 sub
1311 4475 1546 4531 occultis
1568 4477 1665 4533 Dei
1697 4477 1931 4550 judiciis

330 4565 580 4624 timendo
607 4565 925 4639 gaudemus,
958 4580 1026 4620 ne
1051 4579 1147 4637 per
1192 4563 1407 4621 occulta
1429 4562 1641 4636 judicia
1668 4567 1932 4639 quosdam

330 4656 478 4713 Deus
505 4656 602 4730 qui
630 4654 785 4729 digni
814 4659 1080 4729 putantur
1106 4651 1341 4721 deserat,
1390 4652 1486 4725 qui
1514 4669 1609 4725 per
1638 4652 1755 4711 hac
1783 4656 1850 4712 ad
1880 4672 1936 4713 se

331 4761 425 4802 eos
453 4746 550 4819 qui
579 4743 796 4818 indigni
825 4743 1170 4801 aestimantur
1198 4749 1382 4800 vocat.
1416 4741 1683 4816 Sequitur
1716 4760 1728 4800 :

931 4859 1158 4917 CAPUT
1188 4859 1356 4917 XLV.

406 4985 579 5040 Vnus.
612 4983 703 5041 23.
741 5011 813 5023 —
840 4980 1009 5052 Digne
1035 4996 1152 5036 eum
1178 4978 1413 5035 invenire
1440 4994 1545 5034 non
1564 4996 1865 5052 possumus.

2039 3251 2327 3309 damnatos
2348 3252 2607 3309 clamant.
2631 3248 2833 3308 Contra
2854 3263 2992 3322 quos
3017 3246 3155 3303 bene
3176 3261 3273 3318 per
3292 3243 3637 3301 Psalmistam

2037 3342 2245 3399 dicitur
2278 3358 2290 3397 :
2328 3340 2581 3399 Conversi
2625 3346 2747 3395 sunt
2792 3338 2849 3395 in
2894 3354 3081 3393 arcum
3103 3350 3415 3409 perversum
3463 3332 3638 3407 (Psal.

2038 3449 2257 3501 Lxxvn,
2276 3433 2394 3505 57).
2425 3433 2602 3488 Arcus
2616 3430 2818 3504 quippe
2846 3444 3138 3503 perversus
3165 3427 3344 3500 ipsum
3374 3441 3406 3481 a
3430 3440 3539 3499 quo
3560 3424 3640 3480 in-

2038 3520 2288 3577 tenditur
2315 3521 2573 3593 percutit.
2614 3521 2676 3576 In
2708 3517 2873 3576 dictis
2889 3524 3083 3585 autem
3110 3517 3225 3573 suis
3253 3512 3637 3587 arrogantium

2041 3610 2245 3683 linguae
2275 3610 2429 3667 arcni
2462 3625 2720 3683 perverso
2745 3614 2874 3663 sunt
2888 3607 3118 3676 similes,
3139 3605 3271 3681 quia
3287 3604 3422 3661 dum
3450 3608 3641 3661 contra

2040 3702 2335 3759 elationem
2366 3701 2535 3757 verba
2563 3699 2776 3757 faciunt
2820 3699 2879 3754 in
2908 3697 3023 3754 suis
3065 3695 3383 3755 auctoribus
3415 3692 3641 3766 sagittas

2040 3790 2236 3862 ﬁgunt.
2256 3790 2410 3846 Unde
2426 3805 2643 3846 summa
2657 3803 2789 3844 cura
2809 3785 3214 3858 providendum
3236 3790 3317 3838 est
3337 3799 3405 3838 ne
3420 3789 3640 3851 accepta

2041 3877 2330 3951 sapientia,
2349 3893 2475 3933 cum
2496 3875 2821 3948 ignorantiae
2840 3872 3094 3930 tenebras
3123 3868 3429 3937 illuminat,
3451 3870 3640 3924 lumen

2040 3969 2373 4029 humilitatis
2428 3968 2609 4037 tollat,
2640 3973 2694 4022 et
2738 3966 2853 4038 jam
2900 3963 3169 4036 sapientia
3215 3977 3331 4018 esse
3383 3967 3637 4034 nequeat.

2040 4059 2171 4129 Qua:
2202 4059 2303 4115 etsi
2324 4058 2529 4114 virtute
2558 4055 2856 4114 locutionis
2885 4053 3110 4127 fulgeat,
3155 4050 3417 4108 elationis
3453 4057 3637 4108 tamen

2040 4149 2314 4207 velamine
2343 4165 2438 4207 cor
2464 4147 2742 4222 loquentis
2770 4145 3049 4202 obscurat.

2112 4239 2199 4297 76.
2224 4238 2353 4295 Alia
2374 4238 2508 4294 bona
2540 4253 2766 4306 summa,
2804 4234 2919 4291 alia
2947 4231 3138 4289 media.
3160 4259 3231 4272 —
3249 4228 3376 4287 Alia
3404 4244 3639 4303 namque

2039 4337 2170 4387 sunt
2189 4329 2334 4388 bona
2362 4346 2598 4398 summa,
2621 4327 2729 4384 alia
2743 4327 2889 4384 bona
2910 4324 3110 4383 media.
3129 4323 3282 4379 Bona
3308 4321 3454 4378 enim
3478 4337 3639 4377 sum-
3720 4334 3723 4335 '

2041 4436 2129 4476 ma
2155 4427 2305 4488 sunt,
2338 4418 2495 4487 ﬁdes,
2541 4434 2682 4489 spes,
2715 4416 2976 4474 charitas.
3011 4414 3143 4483 Quae
3187 4429 3315 4470 cum
3371 4410 3640 4467 veraciter

1960 4532 2010 4592 Ι)
2039 4508 2403 4576 babentur,in
2423 4508 2631 4563 malum
2668 4504 2877 4563 inﬂecti
2897 4521 3008 4561 non
3027 4501 3435 4592 possunt.Bona
3454 4507 3636 4592 autem

2042 4606 2173 4655 sunt
2200 4597 2402 4666 media,
2432 4595 2742 4669 prophetia,
2772 4593 3045 4663 doctrina,
3068 4591 3419 4651 curationum
3435 4587 3637 4656 virtus,

2044 4696 2099 4745 et
2126 4695 2321 4746 caetera
2346 4686 2405 4759 (Ι
2432 4685 2557 4744 Cor.
2589 4702 2691 4755 χιι,
2727 4685 2842 4759 10),
2884 4701 3005 4761 quae
3046 4683 3122 4741 ita
3168 4683 3312 4740 inter
3340 4688 3638 4752 utrumque

2045 4788 2174 4837 sunt
2194 4779 2389 4853 posita,
2410 4788 2473 4836 ut
2486 4777 2784 4853 aliquando
2803 4794 2899 4851 per
2922 4777 3040 4835 haec
3074 4777 3189 4834 sola
3215 4782 3418 4832 aeterna
3438 4769 3633 4840 patria,

2046 4869 2341 4943 aliquando
2357 4886 2487 4927 vero
2516 4868 2688 4943 gloria
2707 4875 2921 4924 terrena
2941 4867 3269 4941 requiratur.
3293 4858 3499 4918 Medias
3509 4872 3636 4929 ergo

2045 4960 2146 5015 has
2166 4960 2398 5015 virtutes
2431 4958 2689 5028 dicimus,
2708 4974 2842 5031 quas
2867 4956 2935 5012 ad
2956 4954 3321 5029 quodcunque
3354 4950 3511 5003 mens
3544 4961 3637 5018 ap-

408 5037 740 5131 7ﬁ—.“DeﬁDeo
785 5072 879 5144 qui
905 5037 1125 5142 magnus
1172 5076 1249 5126 est
1287 5037 1622 5141 fortitudine,
1655 5070 1867 5139 judicio
1896 5078 1945 5128 et
2048 5045 3142 5144 Petiti901iilaﬂtlsﬂuibus‘perceptisita
3160 5038 3476 5144 utianimus

324 5164 565 5233 justitia,
596 5163 747 5234 digne
773 5161 965 5234 sentire
990 5176 1094 5215 non
1109 5176 1407 5234 possumus.
1425 5160 1645 5234 —Et‘si
1678 5160 1928 5234 invenire

335 5230 358 5272 ³
375 5235 492 5309 jam
509 5230 633 5291 eum
653 5230 947 5307 possimus,
971 5247 1083 5287 non
1098 5230 1280 5287 tamen
1302 5231 1485 5304 digne,
1509 5230 1637 5303 quia
1659 5231 1929 5305 quidquid

414 5432 428 5464 ¹
457 5430 621 5486 Deest
646 5428 821 5484 venire
850 5425 910 5482 in
939 5422 1175 5480 Vindoc.

409 5502 431 5536 ²
460 5500 751 5558 Omittitur
777 5499 953 5555 venire
980 5494 1038 5551 in
1065 5495 1288 5563 Pratel.,
1318 5493 1460 5552 Utic.
1501 5502 1556 5552 et
1587 5494 1821 5553 Vindoc.

410 5574 430 5607 ³
462 5570 727 5639 Vindoc.,
758 5570 965 5625 intuens
992 5567 1051 5639 in
1077 5582 1213 5622 eum.

412 5646 432 5680 ⁸
461 5638 803 5708 Gussanvil.,
831 5638 1180 5710 formidolosa
1204 5638 1304 5694 Dei
1332 5638 1555 5695 laudem.
1599 5640 1798 5696 Errore
1817 5656 1930 5697 non

336 5716 516 5772 solum
545 5731 616 5791 ex
654 5708 983 5791 Mss.,'etc.,
1017 5708 1149 5791 aliis
1196 5711 1455 5779 exaratis,
1504 5710 1600 5767 sed
1652 5711 1816 5768 etiam
1861 5726 1929 5767 ex

338 5786 608 5845 sermonis
635 5784 772 5842 serie
795 5781 1268 5839 'xnanifestissimo.

2049 5137 2278 5194 terrenis
2298 5136 2513 5193 divitiis
2531 5145 2727 5210 potest.
2750 5136 2854 5192 Per
2874 5141 3115 5191 terrenas
3142 5141 3377 5200 namque
3409 5124 3635 5181 divitias

2036 5227 2132 5283 alii
2154 5226 2211 5282 in
2231 5227 2417 5299 glorias
2437 5226 2802 5283 ostentatione
2818 5220 3164 5294 superbiunt,
3186 5218 3281 5277 alii
3302 5232 3429 5291 erga
3446 5215 3630 5291 proxi-

2110 5424 2400 5493 5Vindoc.,
2422 5423 2543 5493 jam
2570 5423 2758 5479 Deum.

2112 5499 2133 5574 ξ
2161 5496 2358 5574 I_’ratel.
2386 5490 2441 5552 et
2468 5494 2728 5574 Vindoc.,
2758 5493 3085 5574 nondumez
3113 5490 3295 5574 specie.

2110 5570 2130 5604 ⁷
2166 5567 2364 5624 Pratel.
2414 5574 2469 5623 et
2519 5565 2684 5635 Utic.,
2714 5565 2900 5622 sentiri
2927 5564 3063 5620 enim
3102 5564 3256 5636 digne
3298 5578 3404 5618 non
3450 5564 3632 5625 valet;

2039 5645 2236 5711 quanto
2263 5639 2437 5695 minus
2466 5638 2571 5695 dici
2591 5639 2618 5694 ἵ

2113 5712 2134 5747 ⁸
2165 5711 2396 5780 Turon.,
2427 5710 2537 5766 suis
2564 5726 2616 5765 se
2644 5709 2851 5766 vocibus
2876 5708 3103 5767 damnari
3114 5716 3201 5769 tes.
