4152 6182
500 276 605 335 443

1724 273 1972 329 SANCTI
2009 271 2347 329 GREGORII
2402 271 2628 327 MAGNI

3723 273 3829 332 tu

499 417 716 459 morum
757 397 1121 470 indigentiam
1169 396 1478 454 ministeria
1521 396 1743 470 pietatis
1771 405 2091 469 operantur.
2127 397 2177 456 A
2206 395 2283 449 ris
2335 393 2523 466 (Ibid.,
2555 395 2673 470 20),
2721 397 2974 469 protinus
3027 395 3248 454 audivit
3280 413 3292 451 :
3335 397 3481 455 Vivit
3537 399 3824 472 Dominus,

503 492 642 549 Cum
664 505 758 562 per
773 486 1078 546 doctrinam
1097 484 1267 560 igitur
1300 481 1464 561 atque
1485 487 1833 559 prophetiam
1855 487 1975 543 laus
1993 503 2101 543 ex-

2209 483 2338 555 quia
2370 484 2550 540 ludam
2577 491 2699 542 ante
2726 487 3030 556 Dominum,
3065 487 3160 559 qui
3185 485 3341 558 elegit
3367 504 3446 542 me
3465 489 3646 559 potius
3664 507 3827 562 quam

503 579 672 635 terior
685 577 972 653 quaeritur,
995 577 1150 650 quasi
1181 593 1277 649 per
1295 577 1604 649 corporales
1623 575 1851 632 divitias
1870 583 2100 633 terrena
2205 579 2414 646 patrem
2444 581 2608 634 tuum.
2644 577 2724 634 Ac
2751 578 2914 650 paulo
2944 584 3064 650 post
3091 577 3170 632 ait
3203 593 3214 631 :
3239 577 3313 632 Et
3335 577 3540 644 ludam,
3572 585 3623 634 et
3661 581 3827 638 vilior

503 667 692 740 glorias
733 668 955 726 culmen
1007 665 1267 724 ambitur.
1306 665 1446 724 Cum
1481 681 1612 722 vero
1657 665 1908 722 doctrina
1936 673 2099 740 atque

503 756 787 830 prophetia
814 754 1096 813 lucrandis
1123 754 1413 811 animabus
1441 754 1805 828 impenditur,
1836 756 1990 830 quasi
2019 773 2083 813 ac

498 853 667 920 cepta
695 845 908 902 divitiae
935 843 1121 918 egenis
1147 843 1414 901 fratribus
1434 843 1770 916 largiuntur.
1803 845 1943 913 Quia
1970 862 2098 919 ergo

500 952 639 1010 saepe
674 937 689 972 ¹
719 953 816 1010 per
861 935 980 1008 ipsa
1008 933 1175 1003 dona,
1206 951 1326 1008 quae
1369 951 1426 990 se
1455 934 1734 1008 percipere
1781 936 2040 1004 exsultat,
2071 953 2101 991 a

501 1044 667 1084 manu
695 1027 878 1084 dantis
905 1027 1159 1083 incautus
1187 1025 1406 1082 animus
1435 1025 1674 1099 elongat,
1705 1027 1958 1100 vigilanti
2003 1045 2101 1100 pro

500 1116 713 1174 visione
743 1116 1048 1174 curandum
1078 1123 1160 1183 est
1187 1123 1250 1171 ut
1281 1123 1336 1172 et
1363 1115 1517 1188 prius
1545 1116 1874 1189 subigantur
1895 1117 2030 1173 vitia
2047 1125 2102 1173 et

500 1215 620 1280 post
647 1207 751 1264 sub
779 1205 1274 1279 circumspectione
1293 1205 1436 1263 dona
1461 1215 1770 1264 teneantur.
1801 1209 1936 1264 Nam
1965 1207 2011 1263 si
2042 1206 2098 1262 in

498 1300 578 1356 eis
601 1315 756 1356 mens
784 1300 1006 1358 incaute
1035 1315 1092 1356 se
1121 1297 1345 1367 de'serit,
1365 1315 1479 1356 non
1509 1315 1605 1372 per
1633 1298 1750 1356 haec
1771 1297 1961 1371 adjuta
1973 1299 2097 1354 sub-

498 1386 744 1457 vehitur,
773 1388 869 1445 sed
901 1389 1054 1462 quasi
1087 1405 1186 1461 pro
1213 1389 1478 1446 anteactis
1507 1388 1790 1446 laboribus
1834 1404 2101 1445 remune-

498 1485 616 1534 rata
660 1477 1004 1549 reprobatur.
1055 1477 1210 1533 Unde
1249 1477 1312 1532 tit
1353 1479 1520 1534 etiam
1561 1486 1624 1534 ut
1670 1485 1891 1550 accepta
1922 1479 2100 1534 virtus

497 1567 630 1626 dum
659 1567 718 1623 in
741 1584 848 1623 usu
872 1567 1204 1623 transitorios
1234 1567 1414 1622 laudis
1443 1567 1768 1635 assumitur,
1799 1567 1928 1639 quia
1958 1569 2098 1623 vitio

497 1655 722 1724 militat,
739 1655 918 1711 virtus
937 1671 1047 1711 non
1064 1655 1304 1722 sit.Quia
1323 1655 1472 1710 enim
1489 1657 1643 1728 origo
1675 1657 1900 1712 virtutis
1919 1655 2099 1714 humi-

2209 665 2337 736 ﬁam
2363 667 2490 738 plus
2520 683 2683 737 quam
2708 665 2885 737 factus
2912 683 3048 733 sum,
3098 682 3289 736 eroque
3325 666 3544 724 humilis
3573 667 3631 723 in
3657 672 3826 727 oculis

2210 756 2336 812 meis
2360 755 2551 829 (Ibid.,
2584 757 2702 830 22).
2739 759 2818 814 Ac
2843 757 2891 815 si
2920 765 3106 830 aperte
3125 756 3273 814 dicat
3302 775 3314 812 :
3338 757 3621 816 Vilescere
3640 777 3824 819 coram

2211 845 2532 905 hominibus
2560 854 2778 920 appeto,
2809 847 2938 920 quia
2967 862 3186 904 servare
3216 862 3304 903 me
3328 848 3348 884 ³
3366 863 3552 905 coram
3581 851 3827 909 Domino

2211 934 2513 1006 ingenuum
2544 952 2640 1008 per
2672 935 3051 992 humilitatem
3073 943 3290 1009 quaero.

2283 1025 2369 1080 78.
2393 1025 2509 1081 Alii
2529 1026 2800 1080 humiliter
2819 1026 2881 1080 de
2910 1042 2962 1081 se
2988 1025 3280 1094 sentiendo,
3322 1027 3521 1099 despici
3551 1036 3826 1096 metuunt;

2207 1114 2306 1168 alii
2333 1115 2527 1187 despici
2552 1115 2807 1186 cupiendo
2837 1115 2899 1171 de
2925 1133 3025 1172 sua
3053 1116 3352 1172 humilitate
3383 1119 3719 1190 superbiant.
3753 1151 3824 1165 --

2209 1201 2349 1258 Sunt
2379 1219 2510 1260 vero
2540 1207 2801 1263 nonnulli
2831 1206 2927 1280 qui
2951 1205 3019 1262 de
3047 1205 3364 1278 semetipsis
3413 1205 3654 1267 humilia
3696 1227 3824 1269 sen-

2209 1291 2381 1362 tiunt,
2413 1293 2544 1366 quia
2575 1294 2634 1351 in
2663 1295 2971 1352 honoribus
2990 1295 3157 1368 positi
3186 1295 3268 1352 nil
3286 1311 3343 1352 se
3363 1311 3480 1354 esse
3508 1299 3618 1354 nisi
3638 1302 3822 1372 pulve-

2209 1395 2324 1434 rem
2355 1380 2718 1454 favillamque
2747 1384 3118 1457 perpendunt,
3153 1384 3249 1441 sed
3283 1393 3468 1442 tamen
3501 1401 3686 1446 coram
3723 1389 3819 1445 ho-

2209 1470 2456 1528 minibus
2477 1473 2499 1506 ‘
2529 1471 2772 1544 despecti
2802 1490 3061 1547 apparere
3085 1474 3388 1548 refugiunt,
3417 1485 3471 1534 et
3499 1486 3691 1535 contra
3717 1479 3825 1538 hoc

2209 1559 2359 1631 quod
2389 1558 2457 1616 de
2486 1576 2543 1616 se
2590 1561 2826 1620 interius
2870 1564 3136 1635 cogitant,
3167 1565 3322 1637 quasi
3369 1565 3544 1638 rigida
3579 1568 3822 1626 exterius

2209 1656 2498 1706 venustate
2529 1651 2849 1724 palliantur.
2889 1653 2962 1708 Et
2988 1660 3120 1708 sunt
3147 1653 3408 1710 nonnulli
3445 1655 3539 1728 qui
3572 1655 3710 1712 viles
3736 1656 3819 1712 vi-

497 1744 624 1801 litas
651 1752 752 1814 est,
784 1743 881 1800 illa
909 1744 968 1800 in
1006 1744 1170 1801 nobis
1195 1744 1376 1800 virtus
1403 1744 1676 1802 veraciter
1702 1745 1956 1818 pullulat,
1975 1763 2096 1820 quae
2125 1758 2170 1818 Β
2209 1735 2327 1792 deri
2355 1737 2423 1793 ab
2453 1737 2776 1796 hominibus
2804 1748 3091 1814 appetunt,
3118 1751 3282 1816 atque
3324 1759 3486 1800 omne
3511 1743 3660 1816 quod
3686 1753 3824 1801 sunt

497 1834 556 1891 in
583 1832 764 1890 radice
787 1833 1030 1907 propria,
1062 1833 1120 1890 id
1147 1841 1228 1889 est
1275 1833 1334 1888 in
1383 1833 1700 1890 humilitate
1745 1834 2023 1908 perdurat.
2057 1838 2105 1892 A

498 1941 606 1999 qua
632 1923 900 1982 nimirum
929 1924 977 1981 si
1005 1924 1350 1982 abscinditur
1397 1924 1613 1994 arescit,
1647 1925 1775 1999 quia
1805 1925 2104 1983 viviﬁcan-

497 2024 610 2073 tem
639 2032 696 2072 se
723 2016 782 2072 in
809 2015 1026 2072 intimis
1055 2014 1347 2072 humorem
1375 2013 1663 2072 charitatis
1695 2015 1894 2088 perdit.

569 2136 658 2193 77.
686 2135 833 2197 Mira
859 2135 1086 2193 Davidis
1131 2136 1188 2190 in
1215 2134 1436 2190 summis
1480 2133 1774 2190 humilitas.
1807 2135 2103 2206 Pugnando

497 2227 708 2292 hostes;
752 2225 1104 2282 humilitatem
1157 2225 1398 2281 sectanda
1454 2223 1782 2296 semetipsum
1835 2224 1978 2281 vicit.
2031 2255 2104 2266 —

497 2317 605 2375 Sed
631 2317 763 2390 quia
807 2335 904 2391 per
949 2317 1056 2375 hoc
1103 2316 1251 2390 quod
1278 2315 1346 2372 ab
1391 2315 1524 2372 Elin
1570 2315 1800 2384 dicitur,
1829 2316 1951 2374 Non
1995 2332 2101 2372 au-

497 2405 690 2462 debunt
737 2407 1082 2480 contemplari
1110 2422 1284 2462 omnes
1329 2405 1423 2476 qui
1467 2403 1569 2460 sibi
1612 2404 1862 2460 videntur
1889 2421 1993 2460 esse
2022 2421 2104 2461 sa-

491 2495 713 2567 pientes,
757 2497 972 2554 occulta
1050 2495 1233 2552 cordis
1281 2493 1445 2552 elatio
1501 2495 1843 2567 reprobatur,
1899 2494 2101 2552 intueri

499 2583 634 2640 libet
687 2592 891 2659 quanta
935 2585 1206 2640 virtutum
1255 2599 1485 2639 munera
1532 2583 1712 2640 David
1747 2593 2097 2656 perceperat,

497 2680 660 2745 atque
715 2674 775 2729 in
828 2673 918 2730 his
967 2671 1227 2729 omnibus
1271 2689 1434 2746 quam
1489 2672 1622 2729 forti
1667 2689 1723 2728 se
1782 2671 2102 2728 humilitate

499 2759 750 2820 servabat
780 2761 839 2832 (Ι
861 2763 987 2834 Reg.
1029 2777 1171 2829 xvn,
1201 2760 1298 2828 36;
1353 2777 1519 2830 xvm,
1563 2761 1681 2834 25).
1739 2760 1915 2828 Quem
1949 2761 2100 2820 enim

498 2867 610 2910 non
630 2851 920 2909 extolleret
937 2868 1033 2908 ora
1062 2850 1286 2907 leonum
1301 2851 1570 2924 frangere,
1596 2867 1852 2908 ursorum
1870 2849 2101 2908 brachia

497 2939 782 3014 dissipare,
813 2940 1084 3015 despectis
1115 2940 1393 3014 prioribus
1420 2939 1684 2997 fratribus
1712 2939 1864 3014 eligi,
1904 2955 2100 3013 repro-

496 3029 624 3088 bato
643 3047 764 3106 rege
783 3032 854 3090 ad
877 3032 1030 3106 regni
1051 3031 1420 3105 gubernacula
1438 3029 1594 3104 ungi,
1615 3029 1923 3088 timendum
1953 3047 2101 3088 cun-

497 3122 602 3178 ctis
653 3139 766 3179 uno
821 3123 1000 3196 lapide
1045 3123 1260 3180 Goliam
1289 3131 1550 3192 sternere,
1582 3139 1614 3177 a
1642 3138 1766 3194 rege
1796 3123 2095 3194 proposita,
2129 3115 2172 3174 Ο

494 3211 758 3268 extinctis
787 3213 1126 3284 Allophylis,
1161 3228 1454 3269 numerosa
1497 3213 1767 3283 prmputia
1797 3219 2096 3282 reportare,

493 3303 825 3376 promissum
868 3305 1088 3362 tandem
1119 3321 1346 3378 regnum
1385 3304 1681 3376 percipere,
1728 3313 2098 3382 cunctumque

493 3392 859 3450 Israeliticum
887 3393 1152 3466 populum
1181 3395 1300 3450 sine
1326 3394 1440 3449 ulla
1463 3393 1896 3452 contradictione
1928 3399 2096 3468 possi.

493 3483 622 3539 dere
644 3485 733 3556 (II
757 3485 884 3556 Reg.
918 3500 1004 3550 tu,
1055 3483 1144 3553 18)
1168 3483 1196 3540 ?
1223 3485 1295 3542 Et
1327 3491 1512 3540 tamen
1541 3499 1668 3539 cum
1697 3499 1879 3540 arcam
1908 3485 2008 3542 Dei
2037 3487 2096 3544 in

491 3573 791 3630 Jerusalem
819 3578 1042 3629 revocat
1073 3571 1262 3643 (Ibid.,
1292 3589 1373 3640 v1,
1399 3572 1514 3646 14),
1545 3575 1698 3646 quasi
1721 3574 1930 3631 oblitus
1951 3591 2101 3648 prae-

493 3661 662 3718 latum
695 3677 752 3719 se
785 3661 1063 3730 omnibus,
1094 3660 1364 3718 admistus
1393 3662 1612 3734 populis
1627 3670 1753 3720 ante
1783 3680 1964 3720 arcam
1993 3665 2098 3721 sal-

491 3755 590 3806 tat.
625 3751 697 3806 Et
741 3749 873 3823 quia
918 3765 1103 3806 coram
1149 3765 1277 3808 arca
1305 3750 1523 3820 saltare,
1557 3759 1618 3808 ut
1646 3751 1912 3822 creditur,
1945 3754 2100 3827 vulgi

493 3857 612 3898 mos
638 3841 836 3911 fuerat,
869 3857 968 3898 rex
989 3857 1046 3898 se
1076 3841 1134 3898 in
1155 3840 1351 3898 divino
1368 3841 1632 3916 obsequio
1663 3860 1757 3916 per
1785 3844 1987 3900 saltum
2016 3861 2099 3901 ro-

491 3939 591 3988 tat.
623 3932 765 3990 Ecce
795 3947 958 4005 quem
987 3931 1260 3988 Dominus
1277 3932 1496 3990 cunctis
1527 3933 1882 4006 singulariter
1898 3943 2112 4007 praatuz

492 4019 578 4087 lit,
610 4036 725 4076 sese
750 4021 852 4076 sub
883 4021 1122 4078 Domino
1151 4028 1205 4076 et
1233 4019 1572 4093 exequando
1618 4021 1888 4090 minimis,
1921 4029 1976 4078 et
2003 4021 2099 4079 ab-

487 4107 635 4180 jecta
663 4107 977 4164 exhibendo
1010 4109 1340 4166 contemnit.
1389 4109 1510 4164 Non
1557 4116 1797 4182 potestas
1841 4111 1996 4184 regni
2031 4111 2100 4167 ad

495 4191 822 4250 memoriam
851 4193 1157 4265 reducitur,
1188 4210 1301 4251 non
1331 4194 1709 4268 subjectorum
1738 4201 1884 4260 889
1921 4196 2100 4254 oculis

494 4289 748 4346 saltando
780 4290 1044 4352 vilescere
1083 4293 1300 4362 metuit,
1331 4309 1443 4351 non
1471 4309 1528 4348 se
1555 4293 1766 4350 honore
1813 4293 2096 4366 praelatum

493 4379 704 4437 caeteris
732 4389 864 4438 ante
885 4381 1004 4454 ejus
1033 4400 1216 4440 arcam
1247 4383 1343 4458 qui
1372 4382 1644 4440 honorem
1675 4382 1904 4440 dederat
1935 4398 2103 4440 reco-

2211 1825 2449 1899 dejectos
2479 1843 2534 1884 se
2563 1829 2880 1887 exhibendo
2903 1839 3270 1890 contemnunt
3297 1851 3308 1888 :
3337 1834 3432 1890 sed
3460 1842 3644 1890 tamen
3669 1835 3821 1907 apud

2212 1929 2268 1972 se
2297 1915 2568 1972 introrsus
2589 1919 2744 1988 quasi
2764 1935 2834 1974 ex
2852 1919 2968 1991 ipso
2999 1917 3199 1976 merito
3220 1929 3452 1979 ostensa
3468 1923 3704 1979 vilitatis
3733 1923 3821 1979 in-

2211 2011 2546 2074 tumescunt,
2567 2013 2620 2060 et
2638 2013 2792 2062 tanto
2821 2008 2994 2080 magis
3009 2007 3069 2064 in
3089 2009 3254 2066 corde
3289 2011 3418 2066 elati
3453 2019 3585 2068 sunt
3615 2019 3822 2084 quanto

2211 2093 2447 2164 amplius
2485 2094 2542 2149 in
2584 2095 2764 2167 specie
2793 2095 3088 2152 elationem
3119 2105 3395 2169 premunt.
3429 2099 3560 2166 Quae
3588 2110 3824 2173 utraque

2211 2180 2378 2237 unius
2405 2182 2661 2239 elationis
2689 2183 2833 2240 bella
2862 2201 3056 2257 magna
3090 2185 3268 2242 David
3311 2186 3824 2259 circumspectione

2211 2267 2596 2342 deprehendit,
2628 2273 2769 2329 mira
2797 2273 3006 2330 virtute
3033 2275 3331 2346 superavit.
3365 2274 3507 2342 Quia
3550 2276 3724 2346 enim,
3754 2276 3822 2334 de

2211 2359 2505 2432 semetipso
2536 2361 2688 2418 intus
2713 2361 2954 2418 humilia
2981 2363 3246 2432 sentiens,
3278 2363 3549 2420 honorem
3576 2366 3820 2422 exterius

2211 2464 2323 2505 non
2351 2450 2550 2522 quierit
2589 2450 2858 2519 insinuat,
2905 2451 3098 2510 dicens
3131 2469 3142 2507 :
3177 2453 3386 2508 Ludam
3413 2459 3462 2507 et
3490 2452 3650 2509 vilior
3693 2457 3819 2526 ﬁam

2215 2537 2377 2610 (Ibid.
2428 2537 2470 2608 ).
2582 2538 2653 2592 Et
2681 2539 2811 2610 quia
2840 2555 2935 2610 per
2965 2539 3081 2596 hoc
3110 2540 3258 2612 quod
3287 2540 3458 2596 vilem
3488 2558 3544 2598 se
3580 2543 3820 2604 exterius

2211 2625 2468 2700 praebuit,
2499 2641 2849 2700 nequaquam
2872 2628 3112 2685 interius
3154 2629 3493 2700 intumescit,
3527 2631 3774 2704 adjungit
3802 2657 3813 2694 :

2210 2721 2427 2790 Eroque
2455 2719 2672 2774 humilis
2703 2720 2758 2774 in
2787 2721 2954 2776 oculis
2989 2721 3118 2776 meis
3149 2721 3312 2795 (Ibid.
3345 2723 3394 2793 ).
3442 2726 3524 2778 Ac
3550 2723 3596 2778 si
3624 2723 3770 2780 dicat
3801 2742 3813 2778 :

2210 2808 2437 2876 Qualem
2471 2823 2556 2862 me
2603 2807 2848 2865 exterius
2889 2809 3212 2882 despiciens
3260 2809 3513 2878 exhibeo,
3541 2811 3704 2866 talem
3731 2827 3818 2868 me

2209 2903 2264 2952 et
2317 2896 2552 2952 interius
2606 2897 2851 2954 attendo.
2892 2898 3040 2966 Quid
3087 2915 3222 2972 ergo
3275 2899 3446 2956 acturi
3491 2907 3620 2955 sunt
3679 2916 3818 2972 quos

2207 2985 2459 3043 doctrina
2506 2989 2702 3058 elevat,
2735 2990 2781 3046 si
2831 2991 3011 3047 David
3048 3008 3118 3048 ex
3155 3009 3317 3049 carne
3370 3009 3468 3048 sua
3516 3000 3812 3050 venturum

2207 3073 2628 3148 Redemptorem
2670 3086 2920 3148 noverat,
2952 3078 3182 3152 ejusque
3217 3080 3415 3153 gaudia
3441 3079 3820 3152 prophetando

2208 3167 2524 3236 nuntiabat,
2556 3175 2610 3224 et
2655 3175 2837 3224 tamen
2881 3170 2938 3225 in
2978 3171 3278 3243 semetipso
3324 3172 3597 3228 cervicem
3638 3171 3822 3228 cordis

2209 3255 2392 3312 valida
2421 3255 2769 3314 discretionis
2798 3259 2946 3315 calce
2976 3259 3338 3332 deprimebat,
3385 3259 3575 3316 dicens
3608 3279 3619 3316 :
3660 3263 3818 3318 Ero-

2205 3361 2305 3416 que
2332 3345 2546 3401 humilis
2573 3346 2630 3401 in
2655 3346 2822 3403 oculis
2848 3349 3018 3404 meis?

2291 3467 2434 3526 890
2466 3464 2552 3520 79.
2582 3464 2682 3520 Dei
2710 3465 3027 3537 sapientiam
3061 3467 3411 3540 contemplari
3437 3473 3697 3538 nequeunt
3721 3467 3814 3540 qui

2207 3559 2308 3615 sibi
2325 3561 2582 3632 sapientes
2595 3560 2862 3618 videntur.
2888 3563 3153 3619 Sectanda
3183 3563 3471 3620 laudabilis
3485 3563 3728 3634 fatuitas.
3747 3594 3815 3604 ~—

2211 3649 2357 3704 Bene
2393 3664 2522 3721 ergo
2551 3665 2646 3721 per
2669 3649 2801 3706 Eliu
2830 3650 3046 3708 dicitur
3082 3668 3093 3706 :
3126 3651 3252 3708 Ideo
3273 3653 3524 3709 timebunt
3545 3669 3662 3708 eum
3689 3653 3812 3720 viri,

2209 3744 2258 3793 et
2284 3755 2390 3794 non
2413 3739 2682 3795 audebunt
2709 3741 3057 3813 contemplari
3097 3758 3274 3797 omnes
3301 3742 3396 3812 qui
3427 3743 3528 3798 sibi
3570 3743 3816 3798 videntur

2210 3845 2316 3884 esse
2334 3829 2611 3901 sapientes.
2647 3829 3024 3902 Contemplari
3047 3831 3196 3886 enim
3220 3831 3323 3887 Dei
3350 3832 3669 3904 sapientiam
3699 3848 3814 3888 non

2211 3927 2439 3991 possunt
2466 3919 2562 3992 qui
2611 3919 2719 3974 sibi
2756 3919 3029 3990 sapientes
3077 3919 3360 3990 videntur,
3397 3921 3521 3994 quia
3559 3927 3713 3975 tanto
3741 3921 3813 3977 ab

2209 4005 2328 4078 ejus
2349 4007 2471 4064 luce
2493 4007 2652 4078 longe
2681 4013 2832 4075 sunt,
2863 4014 3071 4080 quanto
3099 4009 3246 4080 apud
3265 4010 3584 4082 semetipsos
3612 4007 3814 4064 humi-

2211 4094 2290 4152 les
2318 4111 2430 4152 non
2459 4102 2609 4163 sunt,
2641 4095 2772 4168 quia
2817 4096 2877 4151 in
2917 4113 3110 4153 eorum
3140 4099 3422 4155 mentibus
3466 4098 3597 4155 dum
3627 4104 3816 4153 tumor

2210 4185 2466 4241 elationis
2497 4184 2716 4252 crescit,
2745 4185 2919 4242 aciem
2951 4187 3457 4260 contemplationis
3485 4185 3726 4253 claudit;
3760 4193 3818 4242 et

2209 4273 2355 4331 unde
2381 4289 2439 4330 se
2467 4273 2651 4330 lucere
2681 4289 2791 4346 prae
2807 4272 3020 4330 caeteris
3047 4275 3344 4344 aestimant,
3369 4275 3571 4333 indese
3601 4275 3810 4331 lumine

2209 4363 2458 4421 veritatis
2486 4363 2726 4436 privant.
2760 4365 2819 4422 Si
2875 4365 3046 4438 igitur
3077 4367 3346 4425 veraciter
3385 4368 3656 4440 sapientes
3695 4382 3812 4422 esse

494 4466 725 4537 gnoscit.
760 4467 957 4524 Coram
987 4470 1101 4525 Deo
1131 4470 1153 4504 ³
1182 4454 1293 4543 egit
1322 4470 1459 4526 vilia
1480 4471 1570 4527 vel
1601 4478 1874 4539 extrema,
1905 4477 1968 4526 ut
2000 4470 2100 4528 illa

2209 4461 2369 4529 atque
2389 4454 2562 4528 ipsam
2584 4455 2912 4528 sapientiam
2931 4457 3297 4530 contemplari
3325 4457 3654 4531 appetimus,
3675 4457 3817 4514 stul-

493 4565 564 4605 ex
593 4550 910 4608 humilitate
931 4553 1192 4611 solidaret
1212 4571 1332 4628 quae
1371 4573 1556 4614 coram
1588 4557 1910 4614 hominibus
1924 4573 2096 4630 gesse-

495 4645 579 4695 rat
593 4638 932 4707 fortia.Quid
955 4641 1022 4698 de
1042 4640 1161 4712 ejus
1177 4643 1337 4700 factis
1351 4645 1421 4702 ab
1441 4645 1566 4702 aliis
1586 4647 1860 4702 sentiatur
1878 4647 2092 4719 ignoro;

495 4743 624 4799 ergo
650 4727 829 4783 David
859 4727 983 4801 plus
1007 4729 1296 4786 saltantem
1327 4740 1520 4807 stupeo
1540 4751 1704 4808 quam
1737 4743 2092 4808 pugnantem.

495 4814 795 4888 Pugnando
837 4815 1038 4889 quippe
1078 4814 1262 4873 hostes
1301 4819 1570 4888 subdidit,
1617 4819 1866 4876 saltando
1912 4829 2093 4876 autem

495 4920 679 4961 coram
707 4904 942 4961 Domino
963 4903 1317 4978 semetipsum
1349 4907 1508 4964 vicit.
1544 4908 1719 4975 Quem
1747 4906 1952 4964 Michol
1981 4907 2096 4963 filia

495 4994 625 5049 Saul
654 4994 838 5051 adhuc
865 5011 936 5052 ex
955 5003 1174 5052 tumore
1203 4995 1338 5069 regii
1367 4997 1582 5070 generis
1615 4998 1830 5067 insana,
1847 5014 1972 5054 cum
1995 4997 2096 5053 hu-

496 5082 771 5138 miliatum
789 5084 1108 5158 despiceret,
1139 5084 1330 5142 dicens
1353 5102 1366 5140 :
1388 5088 1556 5153 Quam
1576 5087 1845 5157 gloriosus
1863 5086 1973 5156 fuit
1989 5086 2095 5142 ho-

495 5169 579 5224 die
605 5187 702 5225 rea:
727 5171 899 5227 Israel
927 5173 1319 5246 discooperiens
1348 5190 1400 5228 se
1427 5179 1549 5228 ante
1575 5174 1805 5229 ancillas
1825 5191 2101 5230 servorum

497 5272 737 5326 suorum,
757 5266 805 5315 et
823 5262 1053 5318 nudatus
1079 5269 1178 5328 est,
1205 5264 1362 5333 quasi
1388 5263 1435 5318 si
1457 5263 1690 5320 nudetur
1709 5280 1847 5320 unus
1867 5264 1929 5319 de
1955 5281 2099 5320 scur-

575 5482 593 5560 ξ
623 5480 855 5560 '_l‘_uron.,
883 5485 1181 5560 per_ipsam
1210 5487 1517 5560 doctrinam
1533 5504 1723 5560 quam.

499 5551 594 5680 Ed’
883 5551 952 5610 ‘et
981 5551 1208 5623 l’i'atel.,
1240 5559 1342 5629 egit
1381 5551 1598 5616 debilia.
1631 5559 1712 5616 Ita
1741 5574 1960 5634 quoque
1987 5566 2098 5616 vet.

573 5697 593 5732 ³
621 5693 882 5763 Vindoc.,
911 5695 1132 5763 Pratel.,
1168 5698 1334 5768 Utic.,
1364 5717 1546 5756 coram
1587 5703 1695 5758 Deo
1722 5701 1950 5775 genium.
1991 5703 2098 5760 νει.

2205 4551 2292 4600 tos
2306 4561 2408 4601 nos
2428 4544 2718 4602 humiliter
2733 4561 3146 4618 cognoscamus.
3173 4547 3567 4621 Relinquamus
3587 4549 3812 4606 noxiam

2204 4636 2554 4709 sapientiam,
2599 4635 2888 4694 discamus
2938 4635 3270 4693 laudabilem
3311 4637 3639 4695 fatuitatem.
3672 4639 3818 4696 Hinc

2204 4727 2406 4799 quippe
2435 4727 2703 4798 scriptum
2743 4733 2830 4782 est
2876 4743 2887 4780 :
2936 4727 3113 4784 Stulta
3148 4728 3334 4782 mundi
3361 4729 3514 4800 elegit
3558 4730 3721 4794 Deus,
3758 4736 3818 4783 ut

2205 4815 2767 4888 confundatsapientes
2803 4815 2861 4886 (Ι
2886 4814 3010 4870 Cor.
3043 4830 3084 4881 ι,
3106 4815 3222 4887 27).
3257 4815 3399 4873 Hinc
3425 4833 3645 4872 rursum
3677 4816 3815 4873 dici-

2203 4915 2294 4962 tur
2325 4921 2336 4958 :
2373 4903 2432 4960 Si
2457 4903 2576 4974 quis
2603 4901 2811 4957 videtur
2834 4903 2976 4960 inter
3008 4921 3098 4958 vos
3134 4903 3346 4976 sapiens
3374 4922 3482 4962 esse
3505 4905 3563 4961 in
3599 4906 3694 4962 hoc
3720 4922 3816 4960 sae.

2205 4996 2344 5058 culo,
2375 4995 2568 5048 stultus
2601 4993 2717 5064 ﬁat,
2749 4999 2806 5046 ut
2834 4994 2904 5048 sit
2929 4995 3144 5067 sapiens
3185 4993 3374 5065 (Ibid.,
3405 5012 3489 5064 ιιι,
3525 4995 3635 5064 18).
3672 4994 3818 5050 Hinc

2209 5083 2538 5157 evangelicae
2566 5081 2815 5139 historiae
2864 5085 3031 5141 verba
3082 5093 3356 5143 testantur
3397 5085 3527 5160 quia
3553 5083 3818 5141 Zachzeus

2209 5190 2334 5230 cum
2363 5172 2551 5231 videre
2578 5189 2689 5246 prae
2714 5173 2876 5230 turba
2900 5174 3042 5230 nihil
3075 5183 3278 5246 posset,
3309 5176 3330 5209 ⁵
3358 5173 3636 5248 sycomori
3656 5173 3816 5230 arbo-

2209 5281 2323 5320 rem
2368 5263 2634 5332 ascendit,
2694 5271 2752 5319 ut
2786 5272 3165 5322 transeuntem
3195 5266 3495 5324 Dominum
3541 5273 3811 5322 cerneret.

2210 5488 2560 5561 Ed.Paris.et
2579 5487 2768 5561 Basil.,
2801 5506 2981 5561 coram
2999 5490 3108 5545 Deo
3142 5489 3426 5561 ingenium.
3471 5487 3810 5561 Longipont.

2211 5559 2529 5632 Coduﬂquia-
2556 5560 2763 5632 servari
2790 5560 2920 5632 mihi
2947 5577 3124 5616 coram
3156 5559 3384 5617 Domino
3413 5559 3654 5632 regnum.

2283 5633 2304 5666 ‘
2335 5629 2598 5703 Vindoc.,
2629 5631 2825 5703 Pratel.
2859 5639 2911 5687 et
2940 5632 3037 5699 al.,
3068 5632 3194 5687 viles
3218 5629 3503 5703 apparere.

2281 5704 2302 5738 ⁸
2333 5702 2554 5770 Pratel.,
2589 5702 2752 5772 Utic.,
2787 5703 3043 5772 Vindoc.,
3071 5702 3401 5774 sycomorum
3431 5703 3698 5760 arborem.
