  <div class='ocr_page' id='page_1' title='image "/cluster/home/n/w/nwhite01/storage/ocr_20150623/76/hvd.32044052772456/230.png"; bbox 0 0 4152 6182; ppageno 0'>
   <div class='ocr_carea' id='block_1_1' title="bbox 296 264 398 322">
    <p class='ocr_par' dir='ltr' id='par_1_1' title="bbox 296 264 398 322">
     <span class='ocr_line' id='line_1_1' title="bbox 296 264 398 322; baseline 0 0"><span class='ocrx_word' id='word_1_1' title='bbox 296 264 398 322; x_wconf 68' lang='grc'><strong>445</strong></span> 
     </span>
    </p>
   </div>
   <div class='ocr_carea' id='block_1_2' title="bbox 921 266 2877 343">
    <p class='ocr_par' dir='ltr' id='par_1_2' title="bbox 921 266 2877 343">
     <span class='ocr_line' id='line_1_2' title="bbox 921 266 2877 343; baseline 0.011 -21"><span class='ocrx_word' id='word_1_2' title='bbox 921 266 1291 326; x_wconf 81' lang='lat' dir='ltr'><strong>MURALIUM</strong></span> <span class='ocrx_word' id='word_1_3' title='bbox 1333 272 1467 329; x_wconf 90' lang='lat' dir='ltr'><strong>LIB.</strong></span> <span class='ocrx_word' id='word_1_4' title='bbox 1510 273 1769 332; x_wconf 80' lang='lat' dir='ltr'><strong>XXVIII.</strong></span> <span class='ocrx_word' id='word_1_5' title='bbox 1809 306 1880 319; x_wconf 89' lang='lat'>—</span> <span class='ocrx_word' id='word_1_6' title='bbox 1918 280 1991 336; x_wconf 86' lang='lat' dir='ltr'><strong>IN</strong></span> <span class='ocrx_word' id='word_1_7' title='bbox 2025 280 2257 339; x_wconf 83' lang='lat' dir='ltr'><strong>CAPUT</strong></span> <span class='ocrx_word' id='word_1_8' title='bbox 2296 284 2590 342; x_wconf 83' lang='lat' dir='ltr'>XXXVIII</span> <span class='ocrx_word' id='word_1_9' title='bbox 2629 287 2692 341; x_wconf 92' lang='lat' dir='ltr'><strong>B.</strong></span> <span class='ocrx_word' id='word_1_10' title='bbox 2733 287 2877 343; x_wconf 84' lang='lat' dir='ltr'><strong>JOB.</strong></span> 
     </span>
    </p>
   </div>
   <div class='ocr_carea' id='block_1_3' title="bbox 3502 295 3607 352">
    <p class='ocr_par' dir='ltr' id='par_1_3' title="bbox 3502 295 3607 352">
     <span class='ocr_line' id='line_1_3' title="bbox 3502 295 3607 352; baseline 0 0"><span class='ocrx_word' id='word_1_11' title='bbox 3502 295 3607 352; x_wconf 69' lang='grc'>446</span> 
     </span>
    </p>
   </div>
   <div class='ocr_carea' id='block_1_4' title="bbox 289 392 3606 485">
    <p class='ocr_par' dir='ltr' id='par_1_4' title="bbox 289 392 3606 485">
     <span class='ocr_line' id='line_1_4' title="bbox 289 392 3606 485; baseline 0.009 -37"><span class='ocrx_word' id='word_1_12' title='bbox 289 397 631 485; x_wconf 87' lang='lat' dir='ltr'><strong>Sycomorus</strong></span> <span class='ocrx_word' id='word_1_13' title='bbox 653 392 855 467; x_wconf 82' lang='lat' dir='ltr'><strong>quippe</strong></span> <span class='ocrx_word' id='word_1_14' title='bbox 872 393 1010 452; x_wconf 83' lang='lat' dir='ltr'><strong>ﬁcus</strong></span> <span class='ocrx_word' id='word_1_15' title='bbox 1028 394 1179 453; x_wconf 89' lang='lat' dir='ltr'><strong>fatua</strong></span> <span class='ocrx_word' id='word_1_16' title='bbox 1195 396 1420 455; x_wconf 90' lang='lat' dir='ltr'><strong>dicitur.</strong></span> <span class='ocrx_word' id='word_1_17' title='bbox 1443 399 1685 459; x_wconf 90' lang='lat' dir='ltr'><strong>Pusillus</strong></span> <span class='ocrx_word' id='word_1_18' title='bbox 1704 403 1889 477; x_wconf 86' lang='lat' dir='ltr'><strong>itaque</strong></span> <span class='ocrx_word' id='word_1_19' title='bbox 1917 409 1969 469; x_wconf 83' lang='grc' dir='ltr'>Α</span> <span class='ocrx_word' id='word_1_20' title='bbox 1994 408 2159 476; x_wconf 82' lang='lat' dir='ltr'><strong>Quasi</strong></span> <span class='ocrx_word' id='word_1_21' title='bbox 2205 410 2352 467; x_wconf 91' lang='lat' dir='ltr'><strong>enim</strong></span> <span class='ocrx_word' id='word_1_22' title='bbox 2409 428 2759 485; x_wconf 82' lang='lat' dir='ltr'><strong>sycomorum</strong></span> <span class='ocrx_word' id='word_1_23' title='bbox 2822 430 2923 470; x_wconf 89' lang='lat' dir='ltr'><strong>nos</strong></span> <span class='ocrx_word' id='word_1_24' title='bbox 2965 417 3257 476; x_wconf 86' lang='lat' dir='ltr'><strong>ascendere</strong></span> <span class='ocrx_word' id='word_1_25' title='bbox 3334 420 3606 479; x_wconf 86' lang='lat' dir='ltr'><strong>Dominus</strong></span> 
     </span>
    </p>
   </div>
   <div class='ocr_carea' id='block_1_5' title="bbox 287 484 1892 565">
    <p class='ocr_par' dir='ltr' id='par_1_5' title="bbox 287 484 1892 565">
     <span class='ocr_line' id='line_1_5' title="bbox 287 484 1892 565; baseline 0.005 -21"><span class='ocrx_word' id='word_1_26' title='bbox 287 484 551 544; x_wconf 68' lang='lat' dir='ltr'><strong>Zachaus</strong></span> <span class='ocrx_word' id='word_1_27' title='bbox 578 499 933 557; x_wconf 83' lang='lat' dir='ltr'><strong>sycomorum</strong></span> <span class='ocrx_word' id='word_1_28' title='bbox 956 486 1151 555; x_wconf 92' lang='lat' dir='ltr'><strong>subiit,</strong></span> <span class='ocrx_word' id='word_1_29' title='bbox 1179 496 1235 545; x_wconf 92' lang='lat' dir='ltr'><strong>et</strong></span> <span class='ocrx_word' id='word_1_30' title='bbox 1253 489 1556 546; x_wconf 87' lang='lat' dir='ltr'><strong>Dominum</strong></span> <span class='ocrx_word' id='word_1_31' title='bbox 1573 491 1717 550; x_wconf 80' lang='lat' dir='ltr'><strong>vidit</strong></span> <span class='ocrx_word' id='word_1_32' title='bbox 1741 494 1892 565; x_wconf 89' lang='lat' dir='ltr'><strong>(Luc.</strong></span> 
     </span>
    </p>
   </div>
   <div class='ocr_carea' id='block_1_6' title="bbox 287 573 1897 648">
    <p class='ocr_par' dir='ltr' id='par_1_6' title="bbox 287 573 1897 648">
     <span class='ocr_line' id='line_1_6' title="bbox 287 573 1897 648; baseline 0.005 -16"><span class='ocrx_word' id='word_1_33' title='bbox 287 593 411 643; x_wconf 76' lang='lat' dir='ltr'><strong>xxx,</strong></span> <span class='ocrx_word' id='word_1_34' title='bbox 441 574 477 631; x_wconf 74' lang='grc'>4</span> <span class='ocrx_word' id='word_1_35' title='bbox 503 574 664 646; x_wconf 82' lang='lat' dir='ltr'><strong>seq.),</strong></span> <span class='ocrx_word' id='word_1_36' title='bbox 708 573 840 647; x_wconf 84' lang='lat' dir='ltr'><strong>quia</strong></span> <span class='ocrx_word' id='word_1_37' title='bbox 883 575 982 648; x_wconf 90' lang='lat' dir='ltr'><strong>qui</strong></span> <span class='ocrx_word' id='word_1_38' title='bbox 1025 577 1219 634; x_wconf 90' lang='lat' dir='ltr'><strong>mundi</strong></span> <span class='ocrx_word' id='word_1_39' title='bbox 1263 579 1558 636; x_wconf 76' lang='lat' dir='ltr'><strong>stultitiam</strong></span> <span class='ocrx_word' id='word_1_40' title='bbox 1608 582 1897 641; x_wconf 84' lang='lat' dir='ltr'><strong>humiliter</strong></span> 
     </span>
    </p>
   </div>
   <div class='ocr_carea' id='block_1_7' title="bbox 285 663 1890 745">
    <p class='ocr_par' dir='ltr' id='par_1_7' title="bbox 285 663 1890 745">
     <span class='ocr_line' id='line_1_7' title="bbox 285 663 1890 745; baseline 0.005 -22"><span class='ocrx_word' id='word_1_41' title='bbox 285 667 524 738; x_wconf 88' lang='lat' dir='ltr'><strong>eligunt,</strong></span> <span class='ocrx_word' id='word_1_42' title='bbox 538 663 646 737; x_wconf 86' lang='lat' dir='ltr'><strong>ipsi</strong></span> <span class='ocrx_word' id='word_1_43' title='bbox 660 663 762 721; x_wconf 89' lang='lat' dir='ltr'><strong>Dei</strong></span> <span class='ocrx_word' id='word_1_44' title='bbox 781 664 1109 737; x_wconf 82' lang='lat' dir='ltr'><strong>sapientiam</strong></span> <span class='ocrx_word' id='word_1_45' title='bbox 1126 667 1413 725; x_wconf 85' lang='lat' dir='ltr'><strong>subtiliter</strong></span> <span class='ocrx_word' id='word_1_46' title='bbox 1429 671 1890 745; x_wconf 89' lang='lat' dir='ltr'><strong>contemplantnr.</strong></span> 
     </span>
    </p>
   </div>
   <div class='ocr_carea' id='block_1_8' title="bbox 291 754 1893 829">
    <p class='ocr_par' dir='ltr' id='par_1_8' title="bbox 291 754 1893 829">
     <span class='ocr_line' id='line_1_8' title="bbox 291 754 1893 829; baseline 0.006 -18"><span class='ocrx_word' id='word_1_47' title='bbox 291 758 309 792; x_wconf 75' lang='grc' dir='ltr'><strong>ι</strong></span> <span class='ocrx_word' id='word_1_48' title='bbox 341 754 711 811; x_wconf 88' lang='lat' dir='ltr'><strong>Pusillitatem</strong></span> <span class='ocrx_word' id='word_1_49' title='bbox 732 769 974 829; x_wconf 84' lang='lat' dir='ltr'><strong>namque</strong></span> <span class='ocrx_word' id='word_1_50' title='bbox 1001 762 1243 813; x_wconf 90' lang='lat' dir='ltr'><strong>nostram</strong></span> <span class='ocrx_word' id='word_1_51' title='bbox 1274 757 1343 814; x_wconf 91' lang='lat' dir='ltr'><strong>ad</strong></span> <span class='ocrx_word' id='word_1_52' title='bbox 1374 759 1679 818; x_wconf 85' lang='lat' dir='ltr'><strong>videndum</strong></span> <span class='ocrx_word' id='word_1_53' title='bbox 1710 764 1893 821; x_wconf 87' lang='lat' dir='ltr'><strong>Domi-</strong></span> 
     </span>
    </p>
   </div>
   <div class='ocr_carea' id='block_1_9' title="bbox 291 843 1894 917">
    <p class='ocr_par' dir='ltr' id='par_1_9' title="bbox 291 843 1894 917">
     <span class='ocr_line' id='line_1_9' title="bbox 291 843 1894 917; baseline 0.005 -15"><span class='ocrx_word' id='word_1_54' title='bbox 291 863 423 902; x_wconf 91' lang='lat' dir='ltr'><strong>num</strong></span> <span class='ocrx_word' id='word_1_55' title='bbox 441 844 605 901; x_wconf 88' lang='lat' dir='ltr'><strong>turba</strong></span> <span class='ocrx_word' id='word_1_56' title='bbox 620 843 906 917; x_wconf 72' lang='lat' dir='ltr'><strong>prmpedit,</strong></span> <span class='ocrx_word' id='word_1_57' title='bbox 921 846 1446 917; x_wconf 85' lang='lat' dir='ltr'><strong>quiainﬁrmitatem</strong></span> <span class='ocrx_word' id='word_1_58' title='bbox 1467 848 1725 908; x_wconf 65' lang='lat' dir='ltr'><strong>humana:</strong></span> <span class='ocrx_word' id='word_1_59' title='bbox 1745 870 1894 910; x_wconf 87' lang='lat' dir='ltr'><strong>men-</strong></span> 
     </span>
    </p>
   </div>
   <div class='ocr_carea' id='block_1_10' title="bbox 288 933 1892 1007">
    <p class='ocr_par' dir='ltr' id='par_1_10' title="bbox 288 933 1892 1007">
     <span class='ocr_line' id='line_1_10' title="bbox 288 933 1892 1007; baseline 0.005 -16"><span class='ocrx_word' id='word_1_60' title='bbox 288 936 383 1001; x_wconf 88' lang='lat' dir='ltr'><strong>tis,</strong></span> <span class='ocrx_word' id='word_1_61' title='bbox 403 935 425 970; x_wconf 82' lang='grc'>³</span> <span class='ocrx_word' id='word_1_62' title='bbox 443 951 514 991; x_wconf 91' lang='lat' dir='ltr'><strong>ne</strong></span> <span class='ocrx_word' id='word_1_63' title='bbox 538 934 716 991; x_wconf 90' lang='lat' dir='ltr'><strong>lucem</strong></span> <span class='ocrx_word' id='word_1_64' title='bbox 733 933 987 991; x_wconf 83' lang='lat' dir='ltr'><strong>veritatis</strong></span> <span class='ocrx_word' id='word_1_65' title='bbox 1002 935 1535 1007; x_wconf 85' lang='lat' dir='ltr'><strong>intendat,curarum</strong></span> <span class='ocrx_word' id='word_1_66' title='bbox 1549 942 1892 1000; x_wconf 68' lang='lat' dir='ltr'><strong>saecularium</strong></span> 
     </span>
    </p>
   </div>
   <div class='ocr_carea' id='block_1_11' title="bbox 289 1022 1895 1101">
    <p class='ocr_par' dir='ltr' id='par_1_11' title="bbox 289 1022 1895 1101">
     <span class='ocr_line' id='line_1_11' title="bbox 289 1022 1895 1101; baseline 0.002 -19"><span class='ocrx_word' id='word_1_67' title='bbox 289 1026 565 1082; x_wconf 88' lang='lat' dir='ltr'><strong>tumultus</strong></span> <span class='ocrx_word' id='word_1_68' title='bbox 582 1022 802 1096; x_wconf 83' lang='lat' dir='ltr'><strong>premit.</strong></span> <span class='ocrx_word' id='word_1_69' title='bbox 825 1023 930 1080; x_wconf 91' lang='lat' dir='ltr'><strong>Sed</strong></span> <span class='ocrx_word' id='word_1_70' title='bbox 948 1025 1246 1096; x_wconf 86' lang='lat' dir='ltr'><strong>prudenter</strong></span> <span class='ocrx_word' id='word_1_71' title='bbox 1263 1045 1614 1101; x_wconf 85' lang='lat' dir='ltr'><strong>sycomorum</strong></span> <span class='ocrx_word' id='word_1_72' title='bbox 1635 1030 1895 1088; x_wconf 85' lang='lat' dir='ltr'><strong>ascendi-</strong></span> 
     </span>
    </p>
   </div>
   <div class='ocr_carea' id='block_1_12' title="bbox 288 1111 1891 1191">
    <p class='ocr_par' dir='ltr' id='par_1_12' title="bbox 288 1111 1891 1191">
     <span class='ocr_line' id='line_1_12' title="bbox 288 1111 1891 1191; baseline 0.004 -22"><span class='ocrx_word' id='word_1_73' title='bbox 288 1131 435 1183; x_wconf 88' lang='lat' dir='ltr'><strong>mus,</strong></span> <span class='ocrx_word' id='word_1_74' title='bbox 465 1114 514 1170; x_wconf 93' lang='lat' dir='ltr'><strong>si</strong></span> <span class='ocrx_word' id='word_1_75' title='bbox 543 1111 775 1185; x_wconf 87' lang='lat' dir='ltr'><strong>provide</strong></span> <span class='ocrx_word' id='word_1_76' title='bbox 791 1128 911 1168; x_wconf 89' lang='lat' dir='ltr'><strong>eam</strong></span> <span class='ocrx_word' id='word_1_77' title='bbox 933 1129 1054 1186; x_wconf 77' lang='lat' dir='ltr'><strong>quae</strong></span> <span class='ocrx_word' id='word_1_78' title='bbox 1069 1114 1341 1174; x_wconf 89' lang='lat' dir='ltr'><strong>divinitus</strong></span> <span class='ocrx_word' id='word_1_79' title='bbox 1361 1118 1684 1191; x_wconf 65' lang='lat' dir='ltr'><strong>praecipitur</strong></span> <span class='ocrx_word' id='word_1_80' title='bbox 1705 1121 1726 1155; x_wconf 88' lang='grc'>³</span> <span class='ocrx_word' id='word_1_81' title='bbox 1749 1120 1891 1176; x_wconf 85' lang='lat' dir='ltr'><strong>stul-</strong></span> 
     </span>
    </p>
   </div>
   <div class='ocr_carea' id='block_1_13' title="bbox 286 1202 1894 1271">
    <p class='ocr_par' dir='ltr' id='par_1_13' title="bbox 286 1202 1894 1271">
     <span class='ocr_line' id='line_1_13' title="bbox 286 1202 1894 1271; baseline 0.004 -12"><span class='ocrx_word' id='word_1_82' title='bbox 286 1203 471 1259; x_wconf 86' lang='lat' dir='ltr'><strong>titiam</strong></span> <span class='ocrx_word' id='word_1_83' title='bbox 518 1208 702 1259; x_wconf 89' lang='lat' dir='ltr'><strong>mente</strong></span> <span class='ocrx_word' id='word_1_84' title='bbox 750 1208 1027 1259; x_wconf 90' lang='lat' dir='ltr'><strong>tenemus.</strong></span> <span class='ocrx_word' id='word_1_85' title='bbox 1067 1202 1211 1271; x_wconf 89' lang='lat' dir='ltr'><strong>Quid</strong></span> <span class='ocrx_word' id='word_1_86' title='bbox 1240 1205 1388 1262; x_wconf 91' lang='lat' dir='ltr'><strong>enim</strong></span> <span class='ocrx_word' id='word_1_87' title='bbox 1438 1206 1496 1262; x_wconf 92' lang='lat' dir='ltr'><strong>in</strong></span> <span class='ocrx_word' id='word_1_88' title='bbox 1539 1206 1644 1264; x_wconf 91' lang='lat' dir='ltr'><strong>hoc</strong></span> <span class='ocrx_word' id='word_1_89' title='bbox 1683 1208 1894 1265; x_wconf 92' lang='lat' dir='ltr'><strong>mundo</strong></span> 
     </span>
    </p>
   </div>
   <div class='ocr_carea' id='block_1_14' title="bbox 289 1290 1893 1371">
    <p class='ocr_par' dir='ltr' id='par_1_14' title="bbox 289 1290 1893 1371">
     <span class='ocr_line' id='line_1_14' title="bbox 289 1290 1893 1371; baseline 0.005 -24"><span class='ocrx_word' id='word_1_90' title='bbox 289 1292 515 1348; x_wconf 82' lang='lat' dir='ltr'><strong>stultius</strong></span> <span class='ocrx_word' id='word_1_91' title='bbox 543 1306 707 1365; x_wconf 90' lang='lat' dir='ltr'><strong>quam</strong></span> <span class='ocrx_word' id='word_1_92' title='bbox 737 1290 941 1347; x_wconf 86' lang='lat' dir='ltr'><strong>amissa</strong></span> <span class='ocrx_word' id='word_1_93' title='bbox 967 1308 1080 1348; x_wconf 92' lang='lat' dir='ltr'><strong>non</strong></span> <span class='ocrx_word' id='word_1_94' title='bbox 1111 1309 1377 1366; x_wconf 60' lang='lat' dir='ltr'><strong>quaerere,</strong></span> <span class='ocrx_word' id='word_1_95' title='bbox 1408 1312 1653 1368; x_wconf 86' lang='lat' dir='ltr'><strong>possessa</strong></span> <span class='ocrx_word' id='word_1_96' title='bbox 1678 1298 1893 1371; x_wconf 89' lang='lat' dir='ltr'><strong>rapien-</strong></span> 
     </span>
    </p>
   </div>
   <div class='ocr_carea' id='block_1_15' title="bbox 289 1380 1892 1459">
    <p class='ocr_par' dir='ltr' id='par_1_15' title="bbox 289 1380 1892 1459">
     <span class='ocr_line' id='line_1_15' title="bbox 289 1380 1892 1459; baseline 0.004 -22"><span class='ocrx_word' id='word_1_97' title='bbox 289 1381 440 1437; x_wconf 85' lang='lat' dir='ltr'><strong>tibus</strong></span> <span class='ocrx_word' id='word_1_98' title='bbox 458 1381 728 1449; x_wconf 82' lang='lat' dir='ltr'><strong>relaxare,</strong></span> <span class='ocrx_word' id='word_1_99' title='bbox 750 1380 964 1437; x_wconf 89' lang='lat' dir='ltr'><strong>nullam</strong></span> <span class='ocrx_word' id='word_1_100' title='bbox 993 1398 1093 1454; x_wconf 91' lang='lat' dir='ltr'><strong>pro</strong></span> <span class='ocrx_word' id='word_1_101' title='bbox 1121 1384 1359 1456; x_wconf 87' lang='lat' dir='ltr'><strong>acceptis</strong></span> <span class='ocrx_word' id='word_1_102' title='bbox 1388 1384 1610 1457; x_wconf 87' lang='lat' dir='ltr'><strong>injuriis</strong></span> <span class='ocrx_word' id='word_1_103' title='bbox 1631 1385 1892 1459; x_wconf 90' lang='lat' dir='ltr'><strong>injuriam</strong></span> 
     </span>
    </p>
   </div>
   <div class='ocr_carea' id='block_1_16' title="bbox 289 1470 1895 1550">
    <p class='ocr_par' dir='ltr' id='par_1_16' title="bbox 289 1470 1895 1550">
     <span class='ocr_line' id='line_1_16' title="bbox 289 1470 1895 1550; baseline 0.004 -21"><span class='ocrx_word' id='word_1_104' title='bbox 289 1471 540 1539; x_wconf 88' lang='lat' dir='ltr'><strong>reddere,</strong></span> <span class='ocrx_word' id='word_1_105' title='bbox 575 1471 687 1527; x_wconf 90' lang='lat' dir='ltr'><strong>imo</strong></span> <span class='ocrx_word' id='word_1_106' title='bbox 715 1478 770 1527; x_wconf 88' lang='lat' dir='ltr'><strong>et</strong></span> <span class='ocrx_word' id='word_1_107' title='bbox 788 1470 1069 1542; x_wconf 88' lang='lat' dir='ltr'><strong>adjunctis</strong></span> <span class='ocrx_word' id='word_1_108' title='bbox 1084 1474 1211 1530; x_wconf 90' lang='lat' dir='ltr'><strong>aliis</strong></span> <span class='ocrx_word' id='word_1_109' title='bbox 1243 1476 1570 1548; x_wconf 88' lang='lat' dir='ltr'><strong>patientiam</strong></span> <span class='ocrx_word' id='word_1_110' title='bbox 1600 1478 1844 1550; x_wconf 82' lang='lat' dir='ltr'><strong>praebere</strong></span> <span class='ocrx_word' id='word_1_111' title='bbox 1866 1478 1895 1535; x_wconf 89' lang='lat'><strong>?</strong></span> 
     </span>
    </p>
   </div>
   <div class='ocr_carea' id='block_1_17' title="bbox 368 1632 1223 1701">
    <p class='ocr_par' dir='ltr' id='par_1_17' title="bbox 368 1632 1223 1701">
     <span class='ocr_line' id='line_1_17' title="bbox 368 1632 1223 1701; baseline 0.004 -12"><span class='ocrx_word' id='word_1_112' title='bbox 368 1635 383 1668; x_wconf 82' lang='grc'>¹</span> <span class='ocrx_word' id='word_1_113' title='bbox 416 1632 680 1701; x_wconf 86' lang='lat' dir='ltr'><strong>Vindoc.,</strong></span> <span class='ocrx_word' id='word_1_114' title='bbox 703 1632 1223 1701; x_wconf 83' lang='lat' dir='ltr'><strong>pusillanimitatem.</strong></span> 
     </span>
    </p>
   </div>
   <div class='ocr_carea' id='block_1_18' title="bbox 363 1704 1889 1775">
    <p class='ocr_par' dir='ltr' id='par_1_18' title="bbox 363 1704 1889 1775">
     <span class='ocr_line' id='line_1_18' title="bbox 363 1704 1889 1775; baseline 0.003 -14"><span class='ocrx_word' id='word_1_115' title='bbox 363 1704 386 1739; x_wconf 81' lang='lat'><strong>3</strong></span> <span class='ocrx_word' id='word_1_116' title='bbox 416 1704 681 1774; x_wconf 85' lang='lat' dir='ltr'><strong>Vindoc.,</strong></span> <span class='ocrx_word' id='word_1_117' title='bbox 714 1704 911 1761; x_wconf 85' lang='lat' dir='ltr'><strong>Pratel.</strong></span> <span class='ocrx_word' id='word_1_118' title='bbox 934 1714 988 1762; x_wconf 85' lang='lat' dir='ltr'><strong>et</strong></span> <span class='ocrx_word' id='word_1_119' title='bbox 1016 1707 1114 1775; x_wconf 91' lang='lat' dir='ltr'><strong>al.,</strong></span> <span class='ocrx_word' id='word_1_120' title='bbox 1136 1724 1200 1762; x_wconf 90' lang='lat' dir='ltr'><strong>ne</strong></span> <span class='ocrx_word' id='word_1_121' title='bbox 1232 1708 1337 1765; x_wconf 88' lang='lat' dir='ltr'><strong>luci</strong></span> <span class='ocrx_word' id='word_1_122' title='bbox 1364 1710 1605 1767; x_wconf 73' lang='lat' dir='ltr'><strong>veritatis</strong></span> <span class='ocrx_word' id='word_1_123' title='bbox 1633 1711 1889 1767; x_wconf 74' lang='lat' dir='ltr'><strong>intendat.</strong></span> 
     </span>
    </p>
   </div>
   <div class='ocr_carea' id='block_1_19' title="bbox 362 1779 1975 1858">
    <p class='ocr_par' dir='ltr' id='par_1_19' title="bbox 362 1779 1975 1858">
     <span class='ocr_line' id='line_1_19' title="bbox 362 1779 1975 1858; baseline 0.001 -17"><span class='ocrx_word' id='word_1_124' title='bbox 362 1787 384 1821; x_wconf 87' lang='lat'><strong>3</strong></span> <span class='ocrx_word' id='word_1_125' title='bbox 415 1786 481 1841; x_wconf 90' lang='lat' dir='ltr'><strong>In</strong></span> <span class='ocrx_word' id='word_1_126' title='bbox 527 1785 724 1843; x_wconf 89' lang='lat' dir='ltr'><strong>iisdem</strong></span> <span class='ocrx_word' id='word_1_127' title='bbox 769 1784 930 1854; x_wconf 90' lang='lat' dir='ltr'><strong>Cod.,</strong></span> <span class='ocrx_word' id='word_1_128' title='bbox 979 1787 1265 1843; x_wconf 79' lang='lat' dir='ltr'><strong>stultitiam</strong></span> <span class='ocrx_word' id='word_1_129' title='bbox 1311 1793 1558 1858; x_wconf 85' lang='lat' dir='ltr'><strong>tenemus,</strong></span> <span class='ocrx_word' id='word_1_130' title='bbox 1605 1790 1811 1847; x_wconf 89' lang='lat' dir='ltr'><strong>omisso</strong></span> <span class='ocrx_word' id='word_1_131' title='bbox 1841 1788 1900 1843; x_wconf 84' lang='grc' dir='ltr'>τὸ</span> <span class='ocrx_word' id='word_1_132' title='bbox 1928 1779 1975 1839; x_wconf 90' lang='grc' dir='ltr'>Β</span> 
     </span>
    </p>
   </div>
   <div class='ocr_carea' id='block_1_20' title="bbox 2005 500 3604 584">
    <p class='ocr_par' dir='ltr' id='par_1_20' title="bbox 2005 500 3604 584">
     <span class='ocr_line' id='line_1_20' title="bbox 2005 500 3604 584; baseline 0.009 -30"><span class='ocrx_word' id='word_1_133' title='bbox 2005 500 2274 572; x_wconf 65' lang='grc' dir='ltr'><strong>Ρηθθὶρίῐ,</strong></span> <span class='ocrx_word' id='word_1_134' title='bbox 2292 518 2418 558; x_wconf 91' lang='lat' dir='ltr'><strong>cum</strong></span> <span class='ocrx_word' id='word_1_135' title='bbox 2439 501 2577 559; x_wconf 90' lang='lat' dir='ltr'><strong>dicit</strong></span> <span class='ocrx_word' id='word_1_136' title='bbox 2600 520 2611 557; x_wconf 92' lang='lat'><strong>:</strong></span> <span class='ocrx_word' id='word_1_137' title='bbox 2638 502 2741 570; x_wconf 85' lang='lat' dir='ltr'><strong>Qui</strong></span> <span class='ocrx_word' id='word_1_138' title='bbox 2759 502 2941 573; x_wconf 77' lang='lat' dir='ltr'><strong>aufert</strong></span> <span class='ocrx_word' id='word_1_139' title='bbox 2958 522 3077 576; x_wconf 67' lang='lat' dir='ltr'><strong>quas</strong></span> <span class='ocrx_word' id='word_1_140' title='bbox 3096 512 3189 564; x_wconf 88' lang='lat' dir='ltr'><strong>tua</strong></span> <span class='ocrx_word' id='word_1_141' title='bbox 3209 516 3333 565; x_wconf 83' lang='lat' dir='ltr'><strong>sunt</strong></span> <span class='ocrx_word' id='word_1_142' title='bbox 3357 529 3422 567; x_wconf 87' lang='lat' dir='ltr'><strong>ne</strong></span> <span class='ocrx_word' id='word_1_143' title='bbox 3443 529 3604 584; x_wconf 81' lang='lat' dir='ltr'><strong>repe-</strong></span> 
     </span>
    </p>
   </div>
   <div class='ocr_carea' id='block_1_21' title="bbox 2008 589 3607 669">
    <p class='ocr_par' dir='ltr' id='par_1_21' title="bbox 2008 589 3607 669">
     <span class='ocr_line' id='line_1_21' title="bbox 2008 589 3607 669; baseline 0.009 -26"><span class='ocrx_word' id='word_1_144' title='bbox 2008 593 2086 644; x_wconf 86' lang='lat' dir='ltr'><strong>tas</strong></span> <span class='ocrx_word' id='word_1_145' title='bbox 2118 589 2269 661; x_wconf 87' lang='lat' dir='ltr'><strong>(Luc.</strong></span> <span class='ocrx_word' id='word_1_146' title='bbox 2298 608 2375 658; x_wconf 81' lang='grc' dir='ltr'><strong>νι,</strong></span> <span class='ocrx_word' id='word_1_147' title='bbox 2397 590 2510 664; x_wconf 87' lang='grc'><strong>30).</strong></span> <span class='ocrx_word' id='word_1_148' title='bbox 2534 592 2606 647; x_wconf 83' lang='grc' dir='ltr'><strong>Ει</strong></span> <span class='ocrx_word' id='word_1_149' title='bbox 2634 607 2885 649; x_wconf 87' lang='lat' dir='ltr'><strong>rursum:</strong></span> <span class='ocrx_word' id='word_1_150' title='bbox 2907 594 2965 650; x_wconf 89' lang='lat' dir='ltr'><strong>Si</strong></span> <span class='ocrx_word' id='word_1_151' title='bbox 2992 595 3111 666; x_wconf 85' lang='lat' dir='ltr'><strong>quis</strong></span> <span class='ocrx_word' id='word_1_152' title='bbox 3141 602 3186 652; x_wconf 87' lang='lat' dir='ltr'><strong>te</strong></span> <span class='ocrx_word' id='word_1_153' title='bbox 3212 602 3532 669; x_wconf 85' lang='lat' dir='ltr'><strong>percusserit</strong></span> <span class='ocrx_word' id='word_1_154' title='bbox 3549 601 3607 656; x_wconf 90' lang='lat' dir='ltr'><strong>in</strong></span> 
     </span>
    </p>
   </div>
   <div class='ocr_carea' id='block_1_22' title="bbox 2002 677 3602 756">
    <p class='ocr_par' dir='ltr' id='par_1_22' title="bbox 2002 677 3602 756">
     <span class='ocr_line' id='line_1_22' title="bbox 2002 677 3602 756; baseline 0.01 -25"><span class='ocrx_word' id='word_1_155' title='bbox 2002 677 2247 733; x_wconf 67' lang='lat' dir='ltr'><strong>dextram</strong></span> <span class='ocrx_word' id='word_1_156' title='bbox 2263 679 2740 753; x_wconf 68' lang='lat' dir='ltr'><strong>maxillam,prasbe</strong></span> <span class='ocrx_word' id='word_1_157' title='bbox 2754 681 2839 738; x_wconf 89' lang='lat' dir='ltr'><strong>illi</strong></span> <span class='ocrx_word' id='word_1_158' title='bbox 2856 689 2905 738; x_wconf 87' lang='lat' dir='ltr'><strong>et</strong></span> <span class='ocrx_word' id='word_1_159' title='bbox 2919 685 3147 739; x_wconf 88' lang='lat' dir='ltr'><strong>alteram</strong></span> <span class='ocrx_word' id='word_1_160' title='bbox 3166 684 3381 756; x_wconf 73' lang='lat' dir='ltr'><strong>(Matth.</strong></span> <span class='ocrx_word' id='word_1_161' title='bbox 3400 704 3457 755; x_wconf 88' lang='lat' dir='ltr'><strong>v,</strong></span> <span class='ocrx_word' id='word_1_162' title='bbox 3479 689 3573 756; x_wconf 87' lang='lat'><strong>39)</strong></span> <span class='ocrx_word' id='word_1_163' title='bbox 3590 734 3602 746; x_wconf 98' lang='lat'><strong>.</strong></span> 
     </span>
    </p>
   </div>
   <div class='ocr_carea' id='block_1_23' title="bbox 2003 766 3608 849">
    <p class='ocr_par' dir='ltr' id='par_1_23' title="bbox 2003 766 3608 849">
     <span class='ocr_line' id='line_1_23' title="bbox 2003 766 3608 849; baseline 0.008 -27"><span class='ocrx_word' id='word_1_164' title='bbox 2003 766 2106 823; x_wconf 89' lang='lat' dir='ltr'><strong>Per</strong></span> <span class='ocrx_word' id='word_1_165' title='bbox 2151 785 2503 841; x_wconf 83' lang='lat' dir='ltr'><strong>sycomorum</strong></span> <span class='ocrx_word' id='word_1_166' title='bbox 2545 770 2816 828; x_wconf 90' lang='lat' dir='ltr'><strong>Dominus</strong></span> <span class='ocrx_word' id='word_1_167' title='bbox 2859 772 3131 829; x_wconf 90' lang='lat' dir='ltr'><strong>transiens</strong></span> <span class='ocrx_word' id='word_1_168' title='bbox 3172 775 3440 844; x_wconf 90' lang='lat' dir='ltr'><strong>cernitur,</strong></span> <span class='ocrx_word' id='word_1_169' title='bbox 3477 778 3608 849; x_wconf 88' lang='lat' dir='ltr'><strong>quia</strong></span> 
     </span>
    </p>
   </div>
   <div class='ocr_carea' id='block_1_24' title="bbox 2003 857 3608 930">
    <p class='ocr_par' dir='ltr' id='par_1_24' title="bbox 2003 857 3608 930">
     <span class='ocr_line' id='line_1_24' title="bbox 2003 857 3608 930; baseline 0.007 -19"><span class='ocrx_word' id='word_1_170' title='bbox 2003 873 2100 929; x_wconf 90' lang='lat' dir='ltr'><strong>per</strong></span> <span class='ocrx_word' id='word_1_171' title='bbox 2141 857 2285 915; x_wconf 89' lang='lat' dir='ltr'><strong>hanc</strong></span> <span class='ocrx_word' id='word_1_172' title='bbox 2328 858 2631 930; x_wconf 89' lang='lat' dir='ltr'><strong>sapientem</strong></span> <span class='ocrx_word' id='word_1_173' title='bbox 2682 861 2976 918; x_wconf 89' lang='lat' dir='ltr'><strong>stultitiam</strong></span> <span class='ocrx_word' id='word_1_174' title='bbox 3017 861 3120 918; x_wconf 88' lang='lat' dir='ltr'><strong>etsi</strong></span> <span class='ocrx_word' id='word_1_175' title='bbox 3168 864 3404 920; x_wconf 90' lang='lat' dir='ltr'><strong>necdum</strong></span> <span class='ocrx_word' id='word_1_176' title='bbox 3435 874 3496 921; x_wconf 90' lang='lat' dir='ltr'><strong>ut</strong></span> <span class='ocrx_word' id='word_1_177' title='bbox 3524 875 3608 924; x_wconf 89' lang='lat' dir='ltr'><strong>est</strong></span> 
     </span>
    </p>
   </div>
   <div class='ocr_carea' id='block_1_25' title="bbox 2003 944 3604 1023">
    <p class='ocr_par' dir='ltr' id='par_1_25' title="bbox 2003 944 3604 1023">
     <span class='ocr_line' id='line_1_25' title="bbox 2003 944 3604 1023; baseline 0.007 -23"><span class='ocrx_word' id='word_1_178' title='bbox 2003 944 2199 1014; x_wconf 88' lang='lat' dir='ltr'><strong>solide,</strong></span> <span class='ocrx_word' id='word_1_179' title='bbox 2239 945 2354 1018; x_wconf 91' lang='lat' dir='ltr'><strong>jam</strong></span> <span class='ocrx_word' id='word_1_180' title='bbox 2397 956 2585 1004; x_wconf 90' lang='lat' dir='ltr'><strong>tamen</strong></span> <span class='ocrx_word' id='word_1_181' title='bbox 2627 965 2727 1022; x_wconf 89' lang='lat' dir='ltr'><strong>per</strong></span> <span class='ocrx_word' id='word_1_182' title='bbox 2767 951 3250 1023; x_wconf 89' lang='lat' dir='ltr'><strong>contemplationis</strong></span> <span class='ocrx_word' id='word_1_183' title='bbox 3288 954 3476 1009; x_wconf 92' lang='lat' dir='ltr'><strong>lumen</strong></span> <span class='ocrx_word' id='word_1_184' title='bbox 3505 956 3604 1011; x_wconf 91' lang='lat' dir='ltr'><strong>Dei</strong></span> 
     </span>
    </p>
   </div>
   <div class='ocr_carea' id='block_1_26' title="bbox 2002 1035 3606 1113">
    <p class='ocr_par' dir='ltr' id='par_1_26' title="bbox 2002 1035 3606 1113">
     <span class='ocr_line' id='line_1_26' title="bbox 2002 1035 3606 1113; baseline 0.006 -23"><span class='ocrx_word' id='word_1_185' title='bbox 2002 1035 2272 1108; x_wconf 88' lang='lat' dir='ltr'><strong>sapientia</strong></span> <span class='ocrx_word' id='word_1_186' title='bbox 2299 1036 2456 1109; x_wconf 91' lang='lat' dir='ltr'><strong>quasi</strong></span> <span class='ocrx_word' id='word_1_187' title='bbox 2486 1038 2543 1093; x_wconf 90' lang='lat' dir='ltr'><strong>in</strong></span> <span class='ocrx_word' id='word_1_188' title='bbox 2574 1039 2812 1096; x_wconf 89' lang='lat' dir='ltr'><strong>transitu</strong></span> <span class='ocrx_word' id='word_1_189' title='bbox 2839 1040 3082 1097; x_wconf 89' lang='lat' dir='ltr'><strong>videtur.</strong></span> <span class='ocrx_word' id='word_1_190' title='bbox 3108 1042 3282 1109; x_wconf 91' lang='lat' dir='ltr'><strong>Quam</strong></span> <span class='ocrx_word' id='word_1_191' title='bbox 3298 1040 3462 1113; x_wconf 84' lang='lat' dir='ltr'><strong>juxta</strong></span> <span class='ocrx_word' id='word_1_192' title='bbox 3476 1042 3606 1099; x_wconf 89' lang='lat' dir='ltr'><strong>Elin</strong></span> 
     </span>
    </p>
   </div>
   <div class='ocr_carea' id='block_1_27' title="bbox 2003 1124 3607 1203">
    <p class='ocr_par' dir='ltr' id='par_1_27' title="bbox 2003 1124 3607 1203">
     <span class='ocr_line' id='line_1_27' title="bbox 2003 1124 3607 1203; baseline 0.006 -25"><span class='ocrx_word' id='word_1_193' title='bbox 2003 1124 2169 1179; x_wconf 87' lang='lat' dir='ltr'><strong>verba</strong></span> <span class='ocrx_word' id='word_1_194' title='bbox 2212 1124 2400 1180; x_wconf 90' lang='lat' dir='ltr'><strong>videre</strong></span> <span class='ocrx_word' id='word_1_195' title='bbox 2437 1136 2742 1200; x_wconf 91' lang='lat' dir='ltr'><strong>nequeunt,</strong></span> <span class='ocrx_word' id='word_1_196' title='bbox 2788 1128 2883 1201; x_wconf 89' lang='lat' dir='ltr'><strong>qui</strong></span> <span class='ocrx_word' id='word_1_197' title='bbox 2913 1130 3018 1186; x_wconf 90' lang='lat' dir='ltr'><strong>sibi</strong></span> <span class='ocrx_word' id='word_1_198' title='bbox 3052 1131 3328 1203; x_wconf 88' lang='lat' dir='ltr'><strong>sapientes</strong></span> <span class='ocrx_word' id='word_1_199' title='bbox 3365 1147 3483 1189; x_wconf 89' lang='lat' dir='ltr'><strong>esse</strong></span> <span class='ocrx_word' id='word_1_200' title='bbox 3511 1131 3607 1187; x_wconf 88' lang='lat' dir='ltr'><strong>vi-</strong></span> 
     </span>
    </p>
   </div>
   <div class='ocr_carea' id='block_1_28' title="bbox 2003 1212 3605 1288">
    <p class='ocr_par' dir='ltr' id='par_1_28' title="bbox 2003 1212 3605 1288">
     <span class='ocr_line' id='line_1_28' title="bbox 2003 1212 3605 1288; baseline 0.006 -20"><span class='ocrx_word' id='word_1_201' title='bbox 2003 1212 2225 1277; x_wconf 87' lang='lat' dir='ltr'><strong>dentur,</strong></span> <span class='ocrx_word' id='word_1_202' title='bbox 2257 1213 2387 1285; x_wconf 90' lang='lat' dir='ltr'><strong>quia</strong></span> <span class='ocrx_word' id='word_1_203' title='bbox 2415 1216 2437 1249; x_wconf 73' lang='grc'><strong>⁸</strong></span> <span class='ocrx_word' id='word_1_204' title='bbox 2464 1214 2534 1271; x_wconf 91' lang='lat' dir='ltr'><strong>ad</strong></span> <span class='ocrx_word' id='word_1_205' title='bbox 2562 1216 3018 1288; x_wconf 88' lang='lat' dir='ltr'><strong>conspiciendum</strong></span> <span class='ocrx_word' id='word_1_206' title='bbox 3048 1218 3348 1277; x_wconf 91' lang='lat' dir='ltr'><strong>Dominum</strong></span> <span class='ocrx_word' id='word_1_207' title='bbox 3376 1220 3434 1276; x_wconf 90' lang='lat' dir='ltr'><strong>in</strong></span> <span class='ocrx_word' id='word_1_208' title='bbox 3462 1221 3605 1277; x_wconf 88' lang='lat' dir='ltr'><strong>elata</strong></span> 
     </span>
    </p>
   </div>
   <div class='ocr_carea' id='block_1_29' title="bbox 2002 1300 3603 1382">
    <p class='ocr_par' dir='ltr' id='par_1_29' title="bbox 2002 1300 3603 1382">
     <span class='ocr_line' id='line_1_29' title="bbox 2002 1300 3603 1382; baseline 0.007 -27"><span class='ocrx_word' id='word_1_209' title='bbox 2002 1300 2395 1373; x_wconf 78' lang='lat' dir='ltr'><strong>cogitationum</strong></span> <span class='ocrx_word' id='word_1_210' title='bbox 2417 1318 2641 1359; x_wconf 89' lang='lat' dir='ltr'><strong>suarum</strong></span> <span class='ocrx_word' id='word_1_211' title='bbox 2666 1304 2829 1360; x_wconf 88' lang='lat' dir='ltr'><strong>turba</strong></span> <span class='ocrx_word' id='word_1_212' title='bbox 2866 1305 3221 1378; x_wconf 87' lang='lat' dir='ltr'><strong>deprehensi,</strong></span> <span class='ocrx_word' id='word_1_213' title='bbox 3241 1308 3426 1367; x_wconf 84' lang='lat' dir='ltr'><strong>adhuc</strong></span> <span class='ocrx_word' id='word_1_214' title='bbox 3446 1326 3603 1382; x_wconf 86' lang='lat' dir='ltr'><strong>syco-</strong></span> 
     </span>
    </p>
   </div>
   <div class='ocr_carea' id='block_1_30' title="bbox 2004 1390 2951 1450">
    <p class='ocr_par' dir='ltr' id='par_1_30' title="bbox 2004 1390 2951 1450">
     <span class='ocr_line' id='line_1_30' title="bbox 2004 1390 2951 1450; baseline 0.005 -5"><span class='ocrx_word' id='word_1_215' title='bbox 2004 1390 2144 1446; x_wconf 90' lang='lat' dir='ltr'><strong>mori</strong></span> <span class='ocrx_word' id='word_1_216' title='bbox 2172 1390 2423 1447; x_wconf 86' lang='lat' dir='ltr'><strong>arborem</strong></span> <span class='ocrx_word' id='word_1_217' title='bbox 2452 1406 2565 1448; x_wconf 90' lang='lat' dir='ltr'><strong>non</strong></span> <span class='ocrx_word' id='word_1_218' title='bbox 2594 1393 2951 1450; x_wconf 89' lang='lat' dir='ltr'><strong>invenerunt.</strong></span> 
     </span>
    </p>
   </div>
   <div class='ocr_carea' id='block_1_31' title="bbox 2002 1652 3338 1795">
    <p class='ocr_par' dir='ltr' id='par_1_31' title="bbox 2002 1652 3338 1795">
     <span class='ocr_line' id='line_1_31' title="bbox 2002 1652 3338 1795; baseline 0.008 -23"><span class='ocrx_word' id='word_1_219' title='bbox 2002 1652 2393 1788; x_wconf 40' lang='lat' dir='ltr'><strong>mertéindoc,</strong></span> <span class='ocrx_word' id='word_1_220' title='bbox 2424 1721 2496 1776; x_wconf 89' lang='lat' dir='ltr'><strong>ad</strong></span> <span class='ocrx_word' id='word_1_221' title='bbox 2531 1722 2999 1795; x_wconf 87' lang='lat' dir='ltr'><strong>concupiscendum</strong></span> <span class='ocrx_word' id='word_1_222' title='bbox 3027 1724 3338 1783; x_wconf 88' lang='lat' dir='ltr'><strong>Dominum.</strong></span> 
     </span>
    </p>
   </div>
   <div class='ocr_carea' id='block_1_32' title="bbox 1140 2082 2736 2200">
    <p class='ocr_par' dir='ltr' id='par_1_32' title="bbox 1140 2082 2736 2200">
     <span class='ocr_line' id='line_1_32' title="bbox 1140 2082 2736 2200; baseline 0.004 -28"><span class='ocrx_word' id='word_1_223' title='bbox 1140 2082 1427 2173; x_wconf 84' lang='lat' dir='ltr'><strong>PARS</strong></span> <span class='ocrx_word' id='word_1_224' title='bbox 1509 2083 1945 2195; x_wconf 85' lang='lat' dir='ltr'><strong>SEXTA,</strong></span> <span class='ocrx_word' id='word_1_225' title='bbox 2038 2083 2184 2173; x_wconf 89' lang='lat' dir='ltr'><strong>ET</strong></span> <span class='ocrx_word' id='word_1_226' title='bbox 2248 2084 2736 2200; x_wconf 86' lang='lat' dir='ltr'><strong>ULTIMA,</strong></span> 
     </span>
    </p>
   </div>
   <div class='ocr_carea' id='block_1_33' title="bbox 1348 2238 2535 2309">
    <p class='ocr_par' dir='ltr' id='par_1_33' title="bbox 1348 2238 2535 2309">
     <span class='ocr_line' id='line_1_33' title="bbox 1348 2238 2535 2309; baseline 0.004 -7"><span class='ocrx_word' id='word_1_227' title='bbox 1348 2238 1567 2303; x_wconf 71' lang='grc' dir='ltr'><strong>ΟΕ.Το</strong></span> <span class='ocrx_word' id='word_1_228' title='bbox 1615 2238 1860 2303; x_wconf 89' lang='lat' dir='ltr'><strong>LIBOS</strong></span> <span class='ocrx_word' id='word_1_229' title='bbox 1903 2238 2535 2309; x_wconf 87' lang='lat' dir='ltr'><strong>COMPLECTENS.</strong></span> 
     </span>
    </p>
   </div>
   <div class='ocr_carea' id='block_1_34' title="bbox 1486 2407 2413 2448">
    <p class='ocr_par' dir='ltr' id='par_1_34' title="bbox 1486 2407 2413 2448">
     <span class='ocr_line' id='line_1_34' title="bbox 1486 2407 2413 2448; baseline 0.003 -10"><span class='ocrx_word' id='word_1_230' title='bbox 1486 2407 2413 2448; x_wconf 49' lang='lat' dir='ltr'><strong>MV</strong></span> 
     </span>
    </p>
   </div>
   <div class='ocr_carea' id='block_1_35' title="bbox 799 2574 3088 2703">
    <p class='ocr_par' dir='ltr' id='par_1_35' title="bbox 799 2574 3088 2703">
     <span class='ocr_line' id='line_1_35' title="bbox 799 2574 3088 2703; baseline 0.007 -15"><span class='ocrx_word' id='word_1_231' title='bbox 799 2604 1239 2689; x_wconf 85' lang='lat' dir='ltr'><strong>LIBER</strong></span> <span class='ocrx_word' id='word_1_232' title='bbox 1345 2606 2166 2698; x_wconf 89' lang='lat' dir='ltr'><strong>VIGESIMUS</strong></span> <span class='ocrx_word' id='word_1_233' title='bbox 2283 2574 2959 2703; x_wconf 41' lang='lat' dir='ltr'><strong>OCTAVIUS</strong></span> <span class='ocrx_word' id='word_1_234' title='bbox 3033 2603 3088 2703; x_wconf 76' lang='grc' dir='ltr'><strong>ί.</strong></span> 
     </span>
    </p>
   </div>
   <div class='ocr_carea' id='block_1_36' title="bbox 356 2761 3519 2856">
    <p class='ocr_par' dir='ltr' id='par_1_36' title="bbox 356 2761 3519 2856">
     <span class='ocr_line' id='line_1_36' title="bbox 356 2761 3519 2856; baseline 0.004 -32"><span class='ocrx_word' id='word_1_235' title='bbox 356 2761 814 2843; x_wconf 69' lang='lat' dir='ltr'><strong>EJ&#39;p/icantur</strong></span> <span class='ocrx_word' id='word_1_236' title='bbox 834 2762 1142 2825; x_wconf 80' lang='lat' dir='ltr'><strong>undecim</strong></span> <span class='ocrx_word' id='word_1_237' title='bbox 1166 2764 1420 2843; x_wconf 78' lang='lat' dir='ltr'><strong>priores</strong></span> <span class='ocrx_word' id='word_1_238' title='bbox 1443 2781 1663 2827; x_wconf 80' lang='lat' dir='ltr'><strong>versus</strong></span> <span class='ocrx_word' id='word_1_239' title='bbox 1681 2767 1914 2847; x_wconf 82' lang='lat' dir='ltr'><strong>capitis</strong></span> <span class='ocrx_word' id='word_1_240' title='bbox 1934 2786 2193 2848; x_wconf 81' lang='lat' dir='ltr'><strong>xxxvin,</strong></span> <span class='ocrx_word' id='word_1_241' title='bbox 2228 2772 2597 2855; x_wconf 83' lang='lat' dir='ltr'><strong>multiplici</strong></span> <span class='ocrx_word' id='word_1_242' title='bbox 2618 2792 2838 2853; x_wconf 86' lang='lat' dir='ltr'><strong>sensu,</strong></span> <span class='ocrx_word' id='word_1_243' title='bbox 2861 2775 3229 2856; x_wconf 63' lang='lat' dir='ltr'><strong>praesertim</strong></span> <span class='ocrx_word' id='word_1_244' title='bbox 3254 2775 3519 2841; x_wconf 84' lang='lat' dir='ltr'><strong>morali.</strong></span> 
     </span>
    </p>
   </div>
   <div class='ocr_carea' id='block_1_37' title="bbox 802 2899 1369 2962">
    <p class='ocr_par' dir='ltr' id='par_1_37' title="bbox 802 2899 1369 2962">
     <span class='ocr_line' id='line_1_37' title="bbox 802 2899 1369 2962; baseline 0.007 -4"><span class='ocrx_word' id='word_1_245' title='bbox 802 2899 940 2958; x_wconf 86' lang='lat'><strong>891</strong></span> <span class='ocrx_word' id='word_1_246' title='bbox 976 2904 1369 2962; x_wconf 65' lang='lat' dir='ltr'><strong>PRIEFATIO.</strong></span> 
     </span>
    </p>
   </div>
   <div class='ocr_carea' id='block_1_38' title="bbox 347 2993 1883 3067">
    <p class='ocr_par' dir='ltr' id='par_1_38' title="bbox 347 2993 1883 3067">
     <span class='ocr_line' id='line_1_38' title="bbox 347 2993 1883 3067; baseline 0.003 -17"><span class='ocrx_word' id='word_1_247' title='bbox 347 2994 501 3051; x_wconf 85' lang='lat' dir='ltr'><strong>Nihil</strong></span> <span class='ocrx_word' id='word_1_248' title='bbox 520 2993 740 3067; x_wconf 77' lang='lat' dir='ltr'><strong>gravius</strong></span> <span class='ocrx_word' id='word_1_249' title='bbox 766 3000 912 3049; x_wconf 87' lang='lat' dir='ltr'><strong>nocet</strong></span> <span class='ocrx_word' id='word_1_250' title='bbox 937 2995 1130 3049; x_wconf 72' lang='lat' dir='ltr'><strong>animm</strong></span> <span class='ocrx_word' id='word_1_251' title='bbox 1147 3011 1304 3065; x_wconf 86' lang='lat' dir='ltr'><strong>quam</strong></span> <span class='ocrx_word' id='word_1_252' title='bbox 1326 2997 1536 3053; x_wconf 87' lang='lat' dir='ltr'><strong>conscia</strong></span> <span class='ocrx_word' id='word_1_253' title='bbox 1563 2999 1756 3064; x_wconf 83' lang='lat' dir='ltr'><strong>virtus,</strong></span> <span class='ocrx_word' id='word_1_254' title='bbox 1776 3000 1883 3055; x_wconf 87' lang='lat' dir='ltr'><strong>nisi</strong></span> 
     </span>
    </p>
   </div>
   <div class='ocr_carea' id='block_1_39' title="bbox 279 3085 1882 3157">
    <p class='ocr_par' dir='ltr' id='par_1_39' title="bbox 279 3085 1882 3157">
     <span class='ocr_line' id='line_1_39' title="bbox 279 3085 1882 3157; baseline 0.002 -15"><span class='ocrx_word' id='word_1_255' title='bbox 279 3085 696 3157; x_wconf 80' lang='lat' dir='ltr'><strong>correptionibus</strong></span> <span class='ocrx_word' id='word_1_256' title='bbox 712 3091 1037 3141; x_wconf 69' lang='lat' dir='ltr'><strong>exerceatur.</strong></span> <span class='ocrx_word' id='word_1_257' title='bbox 1060 3086 1157 3141; x_wconf 85' lang='lat' dir='ltr'><strong>Job</strong></span> <span class='ocrx_word' id='word_1_258' title='bbox 1177 3086 1466 3155; x_wconf 68' lang='lat' dir='ltr'><strong>maximus,</strong></span> <span class='ocrx_word' id='word_1_259' title='bbox 1487 3088 1615 3157; x_wconf 87' lang='lat' dir='ltr'><strong>quia</strong></span> <span class='ocrx_word' id='word_1_260' title='bbox 1642 3091 1755 3144; x_wconf 91' lang='lat' dir='ltr'><strong>solo</strong></span> <span class='ocrx_word' id='word_1_261' title='bbox 1776 3090 1882 3145; x_wconf 88' lang='lat' dir='ltr'><strong>Deo</strong></span> 
     </span>
    </p>
   </div>
   <div class='ocr_carea' id='block_1_40' title="bbox 280 3175 1877 3251">
    <p class='ocr_par' dir='ltr' id='par_1_40' title="bbox 280 3175 1877 3251">
     <span class='ocr_line' id='line_1_40' title="bbox 280 3175 1877 3251; baseline 0.003 -22"><span class='ocrx_word' id='word_1_262' title='bbox 280 3176 474 3232; x_wconf 84' lang='lat' dir='ltr'><strong>minor.</strong></span> <span class='ocrx_word' id='word_1_263' title='bbox 496 3207 567 3218; x_wconf 94' lang='lat'><strong>—</strong></span> <span class='ocrx_word' id='word_1_264' title='bbox 593 3177 725 3232; x_wconf 91' lang='lat' dir='ltr'><strong>Post</strong></span> <span class='ocrx_word' id='word_1_265' title='bbox 752 3175 952 3232; x_wconf 89' lang='lat' dir='ltr'><strong>damna</strong></span> <span class='ocrx_word' id='word_1_266' title='bbox 970 3193 1175 3244; x_wconf 91' lang='lat' dir='ltr'><strong>rerum,</strong></span> <span class='ocrx_word' id='word_1_267' title='bbox 1202 3184 1324 3248; x_wconf 90' lang='lat' dir='ltr'><strong>post</strong></span> <span class='ocrx_word' id='word_1_268' title='bbox 1350 3177 1544 3233; x_wconf 91' lang='lat' dir='ltr'><strong>funera</strong></span> <span class='ocrx_word' id='word_1_269' title='bbox 1562 3179 1877 3251; x_wconf 79' lang='lat' dir='ltr'><strong>pignorum,</strong></span> 
     </span>
    </p>
   </div>
   <div class='ocr_carea' id='block_1_41' title="bbox 282 3265 1882 3338">
    <p class='ocr_par' dir='ltr' id='par_1_41' title="bbox 282 3265 1882 3338">
     <span class='ocr_line' id='line_1_41' title="bbox 282 3265 1882 3338; baseline 0.001 -18"><span class='ocrx_word' id='word_1_270' title='bbox 282 3274 403 3338; x_wconf 87' lang='lat' dir='ltr'><strong>post</strong></span> <span class='ocrx_word' id='word_1_271' title='bbox 433 3265 667 3321; x_wconf 88' lang='lat' dir='ltr'><strong>vulnera</strong></span> <span class='ocrx_word' id='word_1_272' title='bbox 712 3265 978 3338; x_wconf 90' lang='lat' dir='ltr'><strong>corporis,</strong></span> <span class='ocrx_word' id='word_1_273' title='bbox 1030 3273 1153 3337; x_wconf 90' lang='lat' dir='ltr'><strong>post</strong></span> <span class='ocrx_word' id='word_1_274' title='bbox 1195 3265 1363 3321; x_wconf 87' lang='lat' dir='ltr'><strong>verba</strong></span> <span class='ocrx_word' id='word_1_275' title='bbox 1410 3267 1552 3322; x_wconf 90' lang='lat' dir='ltr'><strong>male</strong></span> <span class='ocrx_word' id='word_1_276' title='bbox 1596 3267 1882 3324; x_wconf 89' lang='lat' dir='ltr'><strong>suadentis</strong></span> 
     </span>
    </p>
   </div>
   <div class='ocr_carea' id='block_1_42' title="bbox 281 3356 1883 3430">
    <p class='ocr_par' dir='ltr' id='par_1_42' title="bbox 281 3356 1883 3430">
     <span class='ocr_line' id='line_1_42' title="bbox 281 3356 1883 3430; baseline 0.002 -18"><span class='ocrx_word' id='word_1_277' title='bbox 281 3357 493 3424; x_wconf 81' lang='lat' dir='ltr'><strong>uxoris,</strong></span> <span class='ocrx_word' id='word_1_278' title='bbox 520 3364 643 3429; x_wconf 89' lang='lat' dir='ltr'><strong>post</strong></span> <span class='ocrx_word' id='word_1_279' title='bbox 668 3357 1070 3414; x_wconf 88' lang='lat' dir='ltr'><strong>contumeliosa</strong></span> <span class='ocrx_word' id='word_1_280' title='bbox 1114 3356 1264 3414; x_wconf 90' lang='lat' dir='ltr'><strong>dicta</strong></span> <span class='ocrx_word' id='word_1_281' title='bbox 1298 3358 1730 3427; x_wconf 88' lang='lat' dir='ltr'><strong>consolantium,</strong></span> <span class='ocrx_word' id='word_1_282' title='bbox 1760 3367 1883 3430; x_wconf 91' lang='lat' dir='ltr'><strong>post</strong></span> 
     </span>
    </p>
   </div>
   <div class='ocr_carea' id='block_1_43' title="bbox 280 3444 1882 3519">
    <p class='ocr_par' dir='ltr' id='par_1_43' title="bbox 280 3444 1882 3519">
     <span class='ocr_line' id='line_1_43' title="bbox 280 3444 1882 3519; baseline 0.001 -17"><span class='ocrx_word' id='word_1_283' title='bbox 280 3454 531 3519; x_wconf 87' lang='lat' dir='ltr'><strong>suscepta</strong></span> <span class='ocrx_word' id='word_1_284' title='bbox 566 3446 782 3503; x_wconf 85' lang='lat' dir='ltr'><strong>fortiter</strong></span> <span class='ocrx_word' id='word_1_285' title='bbox 804 3444 989 3518; x_wconf 88' lang='lat' dir='ltr'><strong>jacula</strong></span> <span class='ocrx_word' id='word_1_286' title='bbox 1015 3452 1099 3501; x_wconf 90' lang='lat' dir='ltr'><strong>tot</strong></span> <span class='ocrx_word' id='word_1_287' title='bbox 1121 3445 1397 3514; x_wconf 90' lang='lat' dir='ltr'><strong>dolorum,</strong></span> <span class='ocrx_word' id='word_1_288' title='bbox 1431 3446 1452 3480; x_wconf 87' lang='grc'><strong><em>²</em></strong></span> <span class='ocrx_word' id='word_1_289' title='bbox 1481 3445 1548 3503; x_wconf 88' lang='lat' dir='ltr'><strong>de</strong></span> <span class='ocrx_word' id='word_1_290' title='bbox 1578 3454 1731 3503; x_wconf 84' lang='lat' dir='ltr'><strong>tanta</strong></span> <span class='ocrx_word' id='word_1_291' title='bbox 1759 3449 1882 3505; x_wconf 89' lang='lat' dir='ltr'><strong>vir-</strong></span> 
     </span>
    </p>
   </div>
   <div class='ocr_carea' id='block_1_44' title="bbox 280 3532 1880 3605">
    <p class='ocr_par' dir='ltr' id='par_1_44' title="bbox 280 3532 1880 3605">
     <span class='ocr_line' id='line_1_44' title="bbox 280 3532 1880 3605; baseline 0.001 -16"><span class='ocrx_word' id='word_1_292' title='bbox 280 3541 396 3590; x_wconf 88' lang='lat' dir='ltr'><strong>tute</strong></span> <span class='ocrx_word' id='word_1_293' title='bbox 419 3534 744 3591; x_wconf 79' lang='lat' dir='ltr'><strong>constantiae</strong></span> <span class='ocrx_word' id='word_1_294' title='bbox 764 3533 1073 3590; x_wconf 89' lang='lat' dir='ltr'><strong>laudandus</strong></span> <span class='ocrx_word' id='word_1_295' title='bbox 1092 3551 1124 3590; x_wconf 92' lang='lat' dir='ltr'><strong>a</strong></span> <span class='ocrx_word' id='word_1_296' title='bbox 1138 3532 1326 3605; x_wconf 85' lang='lat' dir='ltr'><strong>judice</strong></span> <span class='ocrx_word' id='word_1_297' title='bbox 1345 3532 1539 3589; x_wconf 89' lang='lat' dir='ltr'><strong>beatus</strong></span> <span class='ocrx_word' id='word_1_298' title='bbox 1558 3534 1661 3591; x_wconf 82' lang='lat' dir='ltr'><strong>Job</strong></span> <span class='ocrx_word' id='word_1_299' title='bbox 1676 3535 1880 3605; x_wconf 89' lang='lat' dir='ltr'><strong>fuerat,</strong></span> 
     </span>
    </p>
   </div>
   <div class='ocr_carea' id='block_1_45' title="bbox 280 3622 1886 3695">
    <p class='ocr_par' dir='ltr' id='par_1_45' title="bbox 280 3622 1886 3695">
     <span class='ocr_line' id='line_1_45' title="bbox 280 3622 1886 3695; baseline 0.001 -17"><span class='ocrx_word' id='word_1_300' title='bbox 280 3625 301 3658; x_wconf 88' lang='lat'><strong>3</strong></span> <span class='ocrx_word' id='word_1_301' title='bbox 331 3624 380 3678; x_wconf 91' lang='lat' dir='ltr'><strong>si</strong></span> <span class='ocrx_word' id='word_1_302' title='bbox 427 3622 543 3695; x_wconf 89' lang='lat' dir='ltr'><strong>jam</strong></span> <span class='ocrx_word' id='word_1_303' title='bbox 584 3622 649 3679; x_wconf 89' lang='lat' dir='ltr'><strong>de</strong></span> <span class='ocrx_word' id='word_1_304' title='bbox 694 3622 947 3695; x_wconf 66' lang='lat' dir='ltr'><strong>praesenti</strong></span> <span class='ocrx_word' id='word_1_305' title='bbox 992 3622 1196 3679; x_wconf 63' lang='lat' dir='ltr'><strong>saeculo</strong></span> <span class='ocrx_word' id='word_1_306' title='bbox 1241 3628 1383 3677; x_wconf 86' lang='lat' dir='ltr'><strong>esset</strong></span> <span class='ocrx_word' id='word_1_307' title='bbox 1425 3622 1761 3679; x_wconf 84' lang='lat' dir='ltr'><strong>evocandus.</strong></span> <span class='ocrx_word' id='word_1_308' title='bbox 1812 3624 1886 3679; x_wconf 85' lang='lat' dir='ltr'><strong>At</strong></span> 
     </span>
    </p>
   </div>
   <div class='ocr_carea' id='block_1_46' title="bbox 278 3712 1884 3786">
    <p class='ocr_par' dir='ltr' id='par_1_46' title="bbox 278 3712 1884 3786">
     <span class='ocr_line' id='line_1_46' title="bbox 278 3712 1884 3786; baseline 0.001 -18"><span class='ocrx_word' id='word_1_309' title='bbox 278 3721 576 3786; x_wconf 86' lang='lat' dir='ltr'><strong>postquam</strong></span> <span class='ocrx_word' id='word_1_310' title='bbox 605 3712 695 3770; x_wconf 90' lang='lat' dir='ltr'><strong>hic</strong></span> <span class='ocrx_word' id='word_1_311' title='bbox 722 3712 906 3770; x_wconf 85' lang='lat' dir='ltr'><strong>adhuc</strong></span> <span class='ocrx_word' id='word_1_312' title='bbox 951 3712 1197 3784; x_wconf 90' lang='lat' dir='ltr'><strong>duplicia</strong></span> <span class='ocrx_word' id='word_1_313' title='bbox 1236 3720 1559 3783; x_wconf 89' lang='lat' dir='ltr'><strong>recepturus</strong></span> <span class='ocrx_word' id='word_1_314' title='bbox 1586 3721 1687 3782; x_wconf 91' lang='lat' dir='ltr'><strong>est,</strong></span> <span class='ocrx_word' id='word_1_315' title='bbox 1720 3721 1884 3786; x_wconf 90' lang='lat' dir='ltr'><strong>post-</strong></span> 
     </span>
    </p>
   </div>
   <div class='ocr_carea' id='block_1_47' title="bbox 276 3800 1884 3876">
    <p class='ocr_par' dir='ltr' id='par_1_47' title="bbox 276 3800 1884 3876">
     <span class='ocr_line' id='line_1_47' title="bbox 276 3800 1884 3876; baseline 0 -19"><span class='ocrx_word' id='word_1_316' title='bbox 276 3818 443 3876; x_wconf 89' lang='lat' dir='ltr'><strong>quam</strong></span> <span class='ocrx_word' id='word_1_317' title='bbox 476 3801 640 3858; x_wconf 88' lang='lat' dir='ltr'><strong>saluti</strong></span> <span class='ocrx_word' id='word_1_318' title='bbox 685 3802 934 3875; x_wconf 72' lang='lat' dir='ltr'><strong>pristina:</strong></span> <span class='ocrx_word' id='word_1_319' title='bbox 980 3800 1314 3869; x_wconf 88' lang='lat' dir='ltr'><strong>restituitur,</strong></span> <span class='ocrx_word' id='word_1_320' title='bbox 1351 3807 1413 3855; x_wconf 90' lang='lat' dir='ltr'><strong>ut</strong></span> <span class='ocrx_word' id='word_1_321' title='bbox 1459 3800 1622 3857; x_wconf 89' lang='lat' dir='ltr'><strong>rebus</strong></span> <span class='ocrx_word' id='word_1_322' title='bbox 1653 3800 1884 3857; x_wconf 89' lang='lat' dir='ltr'><strong>redditis</strong></span> 
     </span>
    </p>
   </div>
   <div class='ocr_carea' id='block_1_48' title="bbox 277 3888 1884 3963">
    <p class='ocr_par' dir='ltr' id='par_1_48' title="bbox 277 3888 1884 3963">
     <span class='ocr_line' id='line_1_48' title="bbox 277 3888 1884 3963; baseline -0.001 -14"><span class='ocrx_word' id='word_1_323' title='bbox 277 3891 493 3949; x_wconf 89' lang='lat' dir='ltr'><strong>diutius</strong></span> <span class='ocrx_word' id='word_1_324' title='bbox 522 3898 730 3960; x_wconf 88' lang='lat' dir='ltr'><strong>utatur,</strong></span> <span class='ocrx_word' id='word_1_325' title='bbox 760 3906 829 3946; x_wconf 91' lang='lat' dir='ltr'><strong>ne</strong></span> <span class='ocrx_word' id='word_1_326' title='bbox 857 3906 955 3963; x_wconf 90' lang='lat' dir='ltr'><strong>per</strong></span> <span class='ocrx_word' id='word_1_327' title='bbox 999 3889 1257 3947; x_wconf 88' lang='lat' dir='ltr'><strong>elationis</strong></span> <span class='ocrx_word' id='word_1_328' title='bbox 1288 3888 1533 3961; x_wconf 83' lang='lat' dir='ltr'><strong>gladium</strong></span> <span class='ocrx_word' id='word_1_329' title='bbox 1563 3891 1681 3963; x_wconf 87' lang='lat' dir='ltr'><strong>ipsa</strong></span> <span class='ocrx_word' id='word_1_330' title='bbox 1721 3890 1884 3948; x_wconf 90' lang='lat' dir='ltr'><strong>illum</strong></span> 
     </span>
    </p>
   </div>
   <div class='ocr_carea' id='block_1_49' title="bbox 277 3977 1883 4051">
    <p class='ocr_par' dir='ltr' id='par_1_49' title="bbox 277 3977 1883 4051">
     <span class='ocr_line' id='line_1_49' title="bbox 277 3977 1883 4051; baseline 0 -15"><span class='ocrx_word' id='word_1_331' title='bbox 277 3996 377 4036; x_wconf 89' lang='lat' dir='ltr'><strong>sua</strong></span> <span class='ocrx_word' id='word_1_332' title='bbox 405 3980 641 4036; x_wconf 87' lang='lat' dir='ltr'><strong>victoria</strong></span> <span class='ocrx_word' id='word_1_333' title='bbox 680 3987 909 4047; x_wconf 88' lang='lat' dir='ltr'><strong>sternat,</strong></span> <span class='ocrx_word' id='word_1_334' title='bbox 940 3977 1102 4036; x_wconf 89' lang='lat' dir='ltr'><strong>debet</strong></span> <span class='ocrx_word' id='word_1_335' title='bbox 1145 3978 1495 4051; x_wconf 89' lang='lat' dir='ltr'><strong>omnipotens</strong></span> <span class='ocrx_word' id='word_1_336' title='bbox 1524 3981 1670 4036; x_wconf 87' lang='lat' dir='ltr'><strong>Deus</strong></span> <span class='ocrx_word' id='word_1_337' title='bbox 1699 3980 1883 4038; x_wconf 68' lang='lat' dir='ltr'><strong>incre~</strong></span> 
     </span>
    </p>
   </div>
   <div class='ocr_carea' id='block_1_50' title="bbox 277 4067 1881 4143">
    <p class='ocr_par' dir='ltr' id='par_1_50' title="bbox 277 4067 1881 4143">
     <span class='ocr_line' id='line_1_50' title="bbox 277 4067 1881 4143; baseline 0.001 -18"><span class='ocrx_word' id='word_1_338' title='bbox 277 4086 405 4143; x_wconf 89' lang='lat' dir='ltr'><strong>pare</strong></span> <span class='ocrx_word' id='word_1_339' title='bbox 430 4085 528 4143; x_wconf 88' lang='lat' dir='ltr'><strong>per</strong></span> <span class='ocrx_word' id='word_1_340' title='bbox 555 4069 866 4127; x_wconf 88' lang='lat' dir='ltr'><strong>districtam</strong></span> <span class='ocrx_word' id='word_1_341' title='bbox 890 4067 1168 4140; x_wconf 90' lang='lat' dir='ltr'><strong>justitiam</strong></span> <span class='ocrx_word' id='word_1_342' title='bbox 1191 4084 1354 4143; x_wconf 89' lang='lat' dir='ltr'><strong>quem</strong></span> <span class='ocrx_word' id='word_1_343' title='bbox 1382 4077 1567 4126; x_wconf 88' lang='lat' dir='ltr'><strong>servat</strong></span> <span class='ocrx_word' id='word_1_344' title='bbox 1586 4070 1656 4125; x_wconf 91' lang='lat' dir='ltr'><strong>ad</strong></span> <span class='ocrx_word' id='word_1_345' title='bbox 1685 4071 1881 4127; x_wconf 88' lang='lat' dir='ltr'><strong>vitam.</strong></span> 
     </span>
    </p>
   </div>
   <div class='ocr_carea' id='block_1_51' title="bbox 279 4157 1884 4232">
    <p class='ocr_par' dir='ltr' id='par_1_51' title="bbox 279 4157 1884 4232">
     <span class='ocr_line' id='line_1_51' title="bbox 279 4157 1884 4232; baseline 0.001 -18"><span class='ocrx_word' id='word_1_346' title='bbox 279 4157 426 4225; x_wconf 89' lang='lat' dir='ltr'><strong>Quid</strong></span> <span class='ocrx_word' id='word_1_347' title='bbox 454 4158 606 4215; x_wconf 90' lang='lat' dir='ltr'><strong>enim</strong></span> <span class='ocrx_word' id='word_1_348' title='bbox 634 4158 791 4232; x_wconf 89' lang='lat' dir='ltr'><strong>pejus</strong></span> <span class='ocrx_word' id='word_1_349' title='bbox 822 4158 1147 4232; x_wconf 88' lang='lat' dir='ltr'><strong>plerumque</strong></span> <span class='ocrx_word' id='word_1_350' title='bbox 1189 4158 1430 4215; x_wconf 88' lang='lat' dir='ltr'><strong>animam</strong></span> <span class='ocrx_word' id='word_1_351' title='bbox 1466 4174 1632 4232; x_wconf 90' lang='lat' dir='ltr'><strong>quam</strong></span> <span class='ocrx_word' id='word_1_352' title='bbox 1663 4160 1884 4217; x_wconf 88' lang='lat' dir='ltr'><strong>conscia</strong></span> 
     </span>
    </p>
   </div>
   <div class='ocr_carea' id='block_1_52' title="bbox 279 4246 1885 4315">
    <p class='ocr_par' dir='ltr' id='par_1_52' title="bbox 279 4246 1885 4315">
     <span class='ocr_line' id='line_1_52' title="bbox 279 4246 1885 4315; baseline 0.002 -14"><span class='ocrx_word' id='word_1_353' title='bbox 279 4247 456 4304; x_wconf 84' lang='lat' dir='ltr'><strong>virtus</strong></span> <span class='ocrx_word' id='word_1_354' title='bbox 486 4247 796 4305; x_wconf 85' lang='lat' dir='ltr'><strong>interﬁcit?</strong></span> <span class='ocrx_word' id='word_1_355' title='bbox 817 4246 949 4315; x_wconf 71' lang='lat' dir='ltr'><strong>Quae</strong></span> <span class='ocrx_word' id='word_1_356' title='bbox 978 4247 1129 4303; x_wconf 89' lang='lat' dir='ltr'><strong>illam</strong></span> <span class='ocrx_word' id='word_1_357' title='bbox 1156 4247 1289 4304; x_wconf 89' lang='lat' dir='ltr'><strong>dum</strong></span> <span class='ocrx_word' id='word_1_358' title='bbox 1318 4248 1756 4305; x_wconf 86' lang='lat' dir='ltr'><strong>consideratione</strong></span> <span class='ocrx_word' id='word_1_359' title='bbox 1786 4266 1885 4305; x_wconf 88' lang='lat' dir='ltr'><strong>sua</strong></span> 
     </span>
    </p>
   </div>
   <div class='ocr_carea' id='block_1_53' title="bbox 1991 2888 3600 2984">
    <p class='ocr_par' dir='ltr' id='par_1_53' title="bbox 1991 2888 3600 2984">
     <span class='ocr_line' id='line_1_53' title="bbox 1991 2888 3600 2984; baseline 0.005 -25"><span class='ocrx_word' id='word_1_360' title='bbox 1991 2912 2111 2961; x_wconf 90' lang='lat' dir='ltr'><strong>ctus</strong></span> <span class='ocrx_word' id='word_1_361' title='bbox 2140 2907 2393 2964; x_wconf 89' lang='lat' dir='ltr'><strong>elationis</strong></span> <span class='ocrx_word' id='word_1_362' title='bbox 2422 2909 2530 2965; x_wconf 90' lang='lat' dir='ltr'><strong>tela</strong></span> <span class='ocrx_word' id='word_1_363' title='bbox 2557 2910 2935 2978; x_wconf 88' lang='lat' dir='ltr'><strong>confoderent,</strong></span> <span class='ocrx_word' id='word_1_364' title='bbox 2968 2911 3116 2984; x_wconf 90' lang='lat' dir='ltr'><strong>quod</strong></span> <span class='ocrx_word' id='word_1_365' title='bbox 3160 2888 3600 2967; x_wconf 76' lang='lat' dir='ltr'><strong>constabatcerte</strong></span> 
     </span>
    </p>
   </div>
   <div class='ocr_carea' id='block_1_54' title="bbox 1992 2994 3601 3069">
    <p class='ocr_par' dir='ltr' id='par_1_54' title="bbox 1992 2994 3601 3069">
     <span class='ocr_line' id='line_1_54' title="bbox 1992 2994 3601 3069; baseline 0.002 -21"><span class='ocrx_word' id='word_1_366' title='bbox 1992 2994 2121 3065; x_wconf 89' lang='lat' dir='ltr'><strong>quia</strong></span> <span class='ocrx_word' id='word_1_367' title='bbox 2148 3002 2201 3050; x_wconf 90' lang='lat' dir='ltr'><strong>et</strong></span> <span class='ocrx_word' id='word_1_368' title='bbox 2232 2995 2385 3051; x_wconf 87' lang='lat' dir='ltr'><strong>illata</strong></span> <span class='ocrx_word' id='word_1_369' title='bbox 2406 2997 2636 3053; x_wconf 86' lang='lat' dir='ltr'><strong>vulnera</strong></span> <span class='ocrx_word' id='word_1_370' title='bbox 2660 3014 2772 3054; x_wconf 91' lang='lat' dir='ltr'><strong>non</strong></span> <span class='ocrx_word' id='word_1_371' title='bbox 2799 2998 3079 3055; x_wconf 87' lang='lat' dir='ltr'><strong>vicissent.</strong></span> <span class='ocrx_word' id='word_1_372' title='bbox 3104 2998 3488 3069; x_wconf 78' lang='lat' dir='ltr'><strong>Requirendus</strong></span> <span class='ocrx_word' id='word_1_373' title='bbox 3502 2998 3601 3054; x_wconf 87' lang='lat' dir='ltr'><strong>ni-</strong></span> 
     </span>
    </p>
   </div>
   <div class='ocr_carea' id='block_1_55' title="bbox 1994 3083 3603 3157">
    <p class='ocr_par' dir='ltr' id='par_1_55' title="bbox 1994 3083 3603 3157">
     <span class='ocr_line' id='line_1_55' title="bbox 1994 3083 3603 3157; baseline 0.003 -20"><span class='ocrx_word' id='word_1_374' title='bbox 1994 3083 2197 3139; x_wconf 87' lang='lat' dir='ltr'><strong>mirum</strong></span> <span class='ocrx_word' id='word_1_375' title='bbox 2224 3084 2334 3139; x_wconf 87' lang='lat' dir='ltr'><strong>fuit</strong></span> <span class='ocrx_word' id='word_1_376' title='bbox 2362 3084 2530 3140; x_wconf 90' lang='lat' dir='ltr'><strong>homo</strong></span> <span class='ocrx_word' id='word_1_377' title='bbox 2558 3085 2717 3157; x_wconf 86' lang='lat' dir='ltr'><strong>cujus</strong></span> <span class='ocrx_word' id='word_1_378' title='bbox 2749 3086 3031 3143; x_wconf 89' lang='lat' dir='ltr'><strong>debuisset</strong></span> <span class='ocrx_word' id='word_1_379' title='bbox 3060 3084 3470 3157; x_wconf 87' lang='lat' dir='ltr'><strong>comparatione</strong></span> <span class='ocrx_word' id='word_1_380' title='bbox 3498 3102 3603 3142; x_wconf 85' lang='lat' dir='ltr'><strong>su—</strong></span> 
     </span>
    </p>
   </div>
   <div class='ocr_carea' id='block_1_56' title="bbox 1993 3171 3595 3248">
    <p class='ocr_par' dir='ltr' id='par_1_56' title="bbox 1993 3171 3595 3248">
     <span class='ocr_line' id='line_1_56' title="bbox 1993 3171 3595 3248; baseline 0.004 -22"><span class='ocrx_word' id='word_1_381' title='bbox 1993 3171 2192 3242; x_wconf 89' lang='lat' dir='ltr'><strong>perari.</strong></span> <span class='ocrx_word' id='word_1_382' title='bbox 2225 3173 2332 3230; x_wconf 92' lang='lat' dir='ltr'><strong>Sed</strong></span> <span class='ocrx_word' id='word_1_383' title='bbox 2359 3174 2494 3248; x_wconf 85' lang='lat' dir='ltr'><strong>quid</strong></span> <span class='ocrx_word' id='word_1_384' title='bbox 2522 3181 2603 3231; x_wconf 88' lang='lat' dir='ltr'><strong>est</strong></span> <span class='ocrx_word' id='word_1_385' title='bbox 2624 3174 2771 3247; x_wconf 92' lang='lat' dir='ltr'><strong>quod</strong></span> <span class='ocrx_word' id='word_1_386' title='bbox 2790 3174 2857 3231; x_wconf 89' lang='lat' dir='ltr'><strong>de</strong></span> <span class='ocrx_word' id='word_1_387' title='bbox 2871 3192 2937 3231; x_wconf 89' lang='lat' dir='ltr'><strong>eo</strong></span> <span class='ocrx_word' id='word_1_388' title='bbox 2957 3191 3093 3232; x_wconf 90' lang='lat' dir='ltr'><strong>voce</strong></span> <span class='ocrx_word' id='word_1_389' title='bbox 3108 3175 3336 3231; x_wconf 90' lang='lat' dir='ltr'><strong>Domini</strong></span> <span class='ocrx_word' id='word_1_390' title='bbox 3354 3175 3560 3233; x_wconf 88' lang='lat' dir='ltr'><strong>dicitur</strong></span> <span class='ocrx_word' id='word_1_391' title='bbox 3583 3195 3595 3233; x_wconf 87' lang='lat'>:</span> 
     </span>
    </p>
   </div>
   <div class='ocr_carea' id='block_1_57' title="bbox 1994 3261 3603 3336">
    <p class='ocr_par' dir='ltr' id='par_1_57' title="bbox 1994 3261 3603 3336">
     <span class='ocr_line' id='line_1_57' title="bbox 1994 3261 3603 3336; baseline 0.001 -17"><span class='ocrx_word' id='word_1_392' title='bbox 1994 3261 2016 3295; x_wconf 80' lang='grc'><strong>⁶</strong></span> <span class='ocrx_word' id='word_1_393' title='bbox 2055 3261 2241 3319; x_wconf 83' lang='lat' dir='ltr'><strong>Vidisti</strong></span> <span class='ocrx_word' id='word_1_394' title='bbox 2266 3280 2476 3319; x_wconf 86' lang='lat' dir='ltr'><strong>servum</strong></span> <span class='ocrx_word' id='word_1_395' title='bbox 2493 3281 2663 3320; x_wconf 87' lang='lat' dir='ltr'><strong>meum</strong></span> <span class='ocrx_word' id='word_1_396' title='bbox 2680 3264 2799 3330; x_wconf 79' lang='lat' dir='ltr'><strong>Iob,</strong></span> <span class='ocrx_word' id='word_1_397' title='bbox 2817 3264 2959 3336; x_wconf 88' lang='lat' dir='ltr'><strong>quod</strong></span> <span class='ocrx_word' id='word_1_398' title='bbox 2988 3281 3097 3319; x_wconf 89' lang='lat' dir='ltr'><strong>non</strong></span> <span class='ocrx_word' id='word_1_399' title='bbox 3126 3265 3197 3319; x_wconf 87' lang='lat' dir='ltr'><strong>sit</strong></span> <span class='ocrx_word' id='word_1_400' title='bbox 3223 3263 3271 3319; x_wconf 86' lang='lat' dir='ltr'><strong>ei</strong></span> <span class='ocrx_word' id='word_1_401' title='bbox 3295 3264 3489 3321; x_wconf 77' lang='lat' dir='ltr'><strong>similis</strong></span> <span class='ocrx_word' id='word_1_402' title='bbox 3516 3266 3603 3320; x_wconf 85' lang='lat' dir='ltr'><strong>vir</strong></span> 
     </span>
    </p>
   </div>
   <div class='ocr_carea' id='block_1_58' title="bbox 1991 3352 3600 3433">
    <p class='ocr_par' dir='ltr' id='par_1_58' title="bbox 1991 3352 3600 3433">
     <span class='ocr_line' id='line_1_58' title="bbox 1991 3352 3600 3433; baseline 0.004 -29"><span class='ocrx_word' id='word_1_403' title='bbox 1991 3366 2150 3422; x_wconf 81' lang='lat' dir='ltr'><strong>super</strong></span> <span class='ocrx_word' id='word_1_404' title='bbox 2178 3358 2377 3409; x_wconf 85' lang='lat' dir='ltr'><strong>terram</strong></span> <span class='ocrx_word' id='word_1_405' title='bbox 2404 3353 2533 3425; x_wconf 81' lang='lat' dir='ltr'><strong>(Job</strong></span> <span class='ocrx_word' id='word_1_406' title='bbox 2580 3371 2622 3423; x_wconf 86' lang='grc' dir='ltr'><strong>ι,</strong></span> <span class='ocrx_word' id='word_1_407' title='bbox 2650 3353 2721 3423; x_wconf 92' lang='grc'><strong>8;</strong></span> <span class='ocrx_word' id='word_1_408' title='bbox 2754 3372 2818 3425; x_wconf 88' lang='grc' dir='ltr'><strong>ιι,</strong></span> <span class='ocrx_word' id='word_1_409' title='bbox 2850 3354 2939 3427; x_wconf 88' lang='lat'><strong>3)?</strong></span> <span class='ocrx_word' id='word_1_410' title='bbox 2960 3352 3133 3427; x_wconf 87' lang='lat' dir='ltr'><strong>Cujus</strong></span> <span class='ocrx_word' id='word_1_411' title='bbox 3161 3368 3290 3426; x_wconf 89' lang='lat' dir='ltr'><strong>ergo</strong></span> <span class='ocrx_word' id='word_1_412' title='bbox 3318 3370 3600 3433; x_wconf 86' lang='lat' dir='ltr'><strong>compara-</strong></span> 
     </span>
    </p>
   </div>
   <div class='ocr_carea' id='block_1_59' title="bbox 1990 3438 3598 3516">
    <p class='ocr_par' dir='ltr' id='par_1_59' title="bbox 1990 3438 3598 3516">
     <span class='ocr_line' id='line_1_59' title="bbox 1990 3438 3598 3516; baseline 0.003 -22"><span class='ocrx_word' id='word_1_413' title='bbox 1990 3438 2142 3496; x_wconf 89' lang='lat' dir='ltr'><strong>tione</strong></span> <span class='ocrx_word' id='word_1_414' title='bbox 2189 3448 2405 3513; x_wconf 90' lang='lat' dir='ltr'><strong>poterat</strong></span> <span class='ocrx_word' id='word_1_415' title='bbox 2449 3442 2626 3509; x_wconf 90' lang='lat' dir='ltr'><strong>vinci,</strong></span> <span class='ocrx_word' id='word_1_416' title='bbox 2669 3442 2736 3499; x_wconf 91' lang='lat' dir='ltr'><strong>de</strong></span> <span class='ocrx_word' id='word_1_417' title='bbox 2774 3459 2884 3516; x_wconf 89' lang='lat' dir='ltr'><strong>quo</strong></span> <span class='ocrx_word' id='word_1_418' title='bbox 2926 3444 3038 3499; x_wconf 92' lang='lat' dir='ltr'><strong>Deo</strong></span> <span class='ocrx_word' id='word_1_419' title='bbox 3069 3450 3364 3499; x_wconf 89' lang='lat' dir='ltr'><strong>attestante</strong></span> <span class='ocrx_word' id='word_1_420' title='bbox 3391 3443 3598 3499; x_wconf 85' lang='lat' dir='ltr'><strong>dicitur</strong></span> 
     </span>
    </p>
   </div>
   <div class='ocr_carea' id='block_1_60' title="bbox 1993 3528 3601 3605">
    <p class='ocr_par' dir='ltr' id='par_1_60' title="bbox 1993 3528 3601 3605">
     <span class='ocr_line' id='line_1_60' title="bbox 1993 3528 3601 3605; baseline 0.002 -22"><span class='ocrx_word' id='word_1_421' title='bbox 1993 3528 2122 3600; x_wconf 89' lang='lat' dir='ltr'><strong>quia</strong></span> <span class='ocrx_word' id='word_1_422' title='bbox 2163 3530 2374 3586; x_wconf 89' lang='lat' dir='ltr'><strong>nullius</strong></span> <span class='ocrx_word' id='word_1_423' title='bbox 2417 3529 2664 3587; x_wconf 89' lang='lat' dir='ltr'><strong>hominis</strong></span> <span class='ocrx_word' id='word_1_424' title='bbox 2704 3531 3115 3603; x_wconf 87' lang='lat' dir='ltr'><strong>comparatione</strong></span> <span class='ocrx_word' id='word_1_425' title='bbox 3144 3531 3317 3604; x_wconf 89' lang='lat' dir='ltr'><strong>possit</strong></span> <span class='ocrx_word' id='word_1_426' title='bbox 3341 3530 3547 3605; x_wconf 83' lang='lat' dir='ltr'><strong>aequari</strong></span> <span class='ocrx_word' id='word_1_427' title='bbox 3573 3532 3601 3587; x_wconf 91' lang='lat'><strong>?</strong></span> 
     </span>
    </p>
   </div>
   <div class='ocr_carea' id='block_1_61' title="bbox 1993 3615 3597 3692">
    <p class='ocr_par' dir='ltr' id='par_1_61' title="bbox 1993 3615 3597 3692">
     <span class='ocr_line' id='line_1_61' title="bbox 1993 3615 3597 3692; baseline 0.004 -22"><span class='ocrx_word' id='word_1_428' title='bbox 1993 3615 2139 3682; x_wconf 93' lang='lat' dir='ltr'><strong>Quid</strong></span> <span class='ocrx_word' id='word_1_429' title='bbox 2180 3616 2365 3691; x_wconf 87' lang='lat' dir='ltr'><strong>itaque</strong></span> <span class='ocrx_word' id='word_1_430' title='bbox 2395 3619 2669 3691; x_wconf 87' lang='lat' dir='ltr'><strong>agendum</strong></span> <span class='ocrx_word' id='word_1_431' title='bbox 2711 3627 2814 3685; x_wconf 91' lang='lat' dir='ltr'><strong>est,</strong></span> <span class='ocrx_word' id='word_1_432' title='bbox 2857 3619 2964 3675; x_wconf 90' lang='lat' dir='ltr'><strong>nisi</strong></span> <span class='ocrx_word' id='word_1_433' title='bbox 3009 3628 3069 3675; x_wconf 91' lang='lat' dir='ltr'><strong>ut</strong></span> <span class='ocrx_word' id='word_1_434' title='bbox 3104 3635 3176 3675; x_wconf 86' lang='lat' dir='ltr'><strong>ex</strong></span> <span class='ocrx_word' id='word_1_435' title='bbox 3216 3635 3450 3692; x_wconf 89' lang='lat' dir='ltr'><strong>persona</strong></span> <span class='ocrx_word' id='word_1_436' title='bbox 3504 3638 3597 3677; x_wconf 85' lang='lat' dir='ltr'><strong>sua</strong></span> 
     </span>
    </p>
   </div>
   <div class='ocr_carea' id='block_1_62' title="bbox 1995 3706 3601 3777">
    <p class='ocr_par' dir='ltr' id='par_1_62' title="bbox 1995 3706 3601 3777">
     <span class='ocr_line' id='line_1_62' title="bbox 1995 3706 3601 3777; baseline -0.003 -10"><span class='ocrx_word' id='word_1_437' title='bbox 1995 3709 2138 3767; x_wconf 86' lang='lat'><strong>892</strong></span> <span class='ocrx_word' id='word_1_438' title='bbox 2178 3706 2293 3777; x_wconf 88' lang='lat' dir='ltr'><strong>ipse</strong></span> <span class='ocrx_word' id='word_1_439' title='bbox 2322 3708 2596 3764; x_wconf 89' lang='lat' dir='ltr'><strong>Dominus</strong></span> <span class='ocrx_word' id='word_1_440' title='bbox 2623 3723 2750 3764; x_wconf 89' lang='lat' dir='ltr'><strong>suas</strong></span> <span class='ocrx_word' id='word_1_441' title='bbox 2771 3706 2856 3762; x_wconf 90' lang='lat' dir='ltr'><strong>illi</strong></span> <span class='ocrx_word' id='word_1_442' title='bbox 2888 3708 3123 3763; x_wconf 89' lang='lat' dir='ltr'><strong>virtutes</strong></span> <span class='ocrx_word' id='word_1_443' title='bbox 3144 3714 3349 3776; x_wconf 89' lang='lat' dir='ltr'><strong>narret,</strong></span> <span class='ocrx_word' id='word_1_444' title='bbox 3373 3716 3427 3763; x_wconf 91' lang='lat' dir='ltr'><strong>et</strong></span> <span class='ocrx_word' id='word_1_445' title='bbox 3453 3709 3601 3765; x_wconf 83' lang='lat' dir='ltr'><strong>dicat</strong></span> 
     </span>
    </p>
   </div>
   <div class='ocr_carea' id='block_1_63' title="bbox 1995 3802 3600 3876">
    <p class='ocr_par' dir='ltr' id='par_1_63' title="bbox 1995 3802 3600 3876">
     <span class='ocr_line' id='line_1_63' title="bbox 1995 3802 3600 3876; baseline 0.001 -20"><span class='ocrx_word' id='word_1_446' title='bbox 1995 3802 2080 3856; x_wconf 90' lang='lat' dir='ltr'><strong>ei:</strong></span> <span class='ocrx_word' id='word_1_447' title='bbox 2104 3803 2360 3873; x_wconf 83' lang='lat' dir='ltr'><strong>Nunquid</strong></span> <span class='ocrx_word' id='word_1_448' title='bbox 2373 3806 2629 3876; x_wconf 83' lang='lat' dir='ltr'><strong>producis</strong></span> <span class='ocrx_word' id='word_1_449' title='bbox 2653 3804 2936 3873; x_wconf 78' lang='lat' dir='ltr'><strong>luciferum</strong></span> <span class='ocrx_word' id='word_1_450' title='bbox 2963 3805 3019 3859; x_wconf 89' lang='lat' dir='ltr'><strong>in</strong></span> <span class='ocrx_word' id='word_1_451' title='bbox 3051 3811 3278 3873; x_wconf 84' lang='lat' dir='ltr'><strong>tempore</strong></span> <span class='ocrx_word' id='word_1_452' title='bbox 3296 3820 3413 3871; x_wconf 88' lang='lat' dir='ltr'><strong>suo,</strong></span> <span class='ocrx_word' id='word_1_453' title='bbox 3442 3811 3490 3858; x_wconf 91' lang='lat' dir='ltr'><strong>et</strong></span> <span class='ocrx_word' id='word_1_454' title='bbox 3502 3820 3600 3857; x_wconf 89' lang='lat' dir='ltr'><strong>ve-</strong></span> 
     </span>
    </p>
   </div>
   <div class='ocr_carea' id='block_1_64' title="bbox 1993 3891 3595 3965">
    <p class='ocr_par' dir='ltr' id='par_1_64' title="bbox 1993 3891 3595 3965">
     <span class='ocr_line' id='line_1_64' title="bbox 1993 3891 3595 3965; baseline -0.001 -18"><span class='ocrx_word' id='word_1_455' title='bbox 1993 3907 2208 3963; x_wconf 86' lang='lat' dir='ltr'><strong>sperum</strong></span> <span class='ocrx_word' id='word_1_456' title='bbox 2234 3909 2394 3964; x_wconf 84' lang='lat' dir='ltr'><strong>super</strong></span> <span class='ocrx_word' id='word_1_457' title='bbox 2411 3893 2551 3965; x_wconf 80' lang='lat' dir='ltr'><strong>ﬁlios</strong></span> <span class='ocrx_word' id='word_1_458' title='bbox 2570 3899 2724 3947; x_wconf 75' lang='lat' dir='ltr'><strong>terra:</strong></span> <span class='ocrx_word' id='word_1_459' title='bbox 2741 3908 3052 3963; x_wconf 83' lang='lat' dir='ltr'><strong>consurgere</strong></span> <span class='ocrx_word' id='word_1_460' title='bbox 3070 3891 3206 3960; x_wconf 76' lang='lat' dir='ltr'><strong>facis</strong></span> <span class='ocrx_word' id='word_1_461' title='bbox 3232 3896 3259 3947; x_wconf 82' lang='lat'><strong>?</strong></span> <span class='ocrx_word' id='word_1_462' title='bbox 3279 3893 3351 3947; x_wconf 92' lang='lat' dir='ltr'><strong>Et</strong></span> <span class='ocrx_word' id='word_1_463' title='bbox 3372 3891 3595 3947; x_wconf 88' lang='lat' dir='ltr'><strong>iterum:</strong></span> 
     </span>
    </p>
   </div>
   <div class='ocr_carea' id='block_1_65' title="bbox 1993 3981 3597 4054">
    <p class='ocr_par' dir='ltr' id='par_1_65' title="bbox 1993 3981 3597 4054">
     <span class='ocr_line' id='line_1_65' title="bbox 1993 3981 3597 4054; baseline -0.001 -15"><span class='ocrx_word' id='word_1_464' title='bbox 1993 3981 2249 4053; x_wconf 85' lang='lat' dir='ltr'><strong>Nunquid</strong></span> <span class='ocrx_word' id='word_1_465' title='bbox 2278 3988 2476 4054; x_wconf 72' lang='lat' dir='ltr'><strong>apertae</strong></span> <span class='ocrx_word' id='word_1_466' title='bbox 2503 3989 2626 4038; x_wconf 88' lang='lat' dir='ltr'><strong>sunt</strong></span> <span class='ocrx_word' id='word_1_467' title='bbox 2658 3982 2942 4054; x_wconf 72' lang='lat' dir='ltr'><strong>tibi.portw</strong></span> <span class='ocrx_word' id='word_1_468' title='bbox 2967 3983 3177 4048; x_wconf 87' lang='lat' dir='ltr'><strong>mortis,</strong></span> <span class='ocrx_word' id='word_1_469' title='bbox 3217 3988 3265 4037; x_wconf 88' lang='lat' dir='ltr'><strong>et</strong></span> <span class='ocrx_word' id='word_1_470' title='bbox 3298 3981 3437 4037; x_wconf 87' lang='lat' dir='ltr'><strong>ostia</strong></span> <span class='ocrx_word' id='word_1_471' title='bbox 3465 3988 3597 4038; x_wconf 87' lang='lat' dir='ltr'><strong>tene-</strong></span> 
     </span>
    </p>
   </div>
   <div class='ocr_carea' id='block_1_66' title="bbox 1994 4070 3601 4142">
    <p class='ocr_par' dir='ltr' id='par_1_66' title="bbox 1994 4070 3601 4142">
     <span class='ocr_line' id='line_1_66' title="bbox 1994 4070 3601 4142; baseline 0 -16"><span class='ocrx_word' id='word_1_472' title='bbox 1994 4071 2150 4127; x_wconf 85' lang='lat' dir='ltr'><strong>brosa</strong></span> <span class='ocrx_word' id='word_1_473' title='bbox 2176 4072 2406 4128; x_wconf 80' lang='lat' dir='ltr'><strong>vidisti?</strong></span> <span class='ocrx_word' id='word_1_474' title='bbox 2442 4072 2541 4130; x_wconf 87' lang='lat' dir='ltr'><strong>Vel</strong></span> <span class='ocrx_word' id='word_1_475' title='bbox 2570 4078 2715 4129; x_wconf 86' lang='lat' dir='ltr'><strong>certe</strong></span> <span class='ocrx_word' id='word_1_476' title='bbox 2749 4088 2761 4127; x_wconf 89' lang='lat'><strong>:</strong></span> <span class='ocrx_word' id='word_1_477' title='bbox 2802 4070 3064 4142; x_wconf 83' lang='lat' dir='ltr'><strong>Nunquid</strong></span> <span class='ocrx_word' id='word_1_478' title='bbox 3085 4076 3206 4142; x_wconf 87' lang='lat' dir='ltr'><strong>post</strong></span> <span class='ocrx_word' id='word_1_479' title='bbox 3242 4076 3422 4126; x_wconf 85' lang='lat' dir='ltr'><strong>ortum</strong></span> <span class='ocrx_word' id='word_1_480' title='bbox 3455 4077 3601 4126; x_wconf 90' lang='lat' dir='ltr'><strong>tuum</strong></span> 
     </span>
    </p>
   </div>
   <div class='ocr_carea' id='block_1_67' title="bbox 1986 4159 3602 4233">
    <p class='ocr_par' dir='ltr' id='par_1_67' title="bbox 1986 4159 3602 4233">
     <span class='ocr_line' id='line_1_67' title="bbox 1986 4159 3602 4233; baseline 0.001 -18"><span class='ocrx_word' id='word_1_481' title='bbox 1986 4160 2284 4233; x_wconf 65' lang='lat' dir='ltr'><strong>praecepisti</strong></span> <span class='ocrx_word' id='word_1_482' title='bbox 2318 4161 2576 4225; x_wconf 87' lang='lat' dir='ltr'><strong>diluculo,</strong></span> <span class='ocrx_word' id='word_1_483' title='bbox 2611 4166 2659 4215; x_wconf 86' lang='lat' dir='ltr'><strong>et</strong></span> <span class='ocrx_word' id='word_1_484' title='bbox 2695 4159 2966 4215; x_wconf 83' lang='lat' dir='ltr'><strong>ostendisti</strong></span> <span class='ocrx_word' id='word_1_485' title='bbox 3001 4177 3218 4215; x_wconf 74' lang='lat' dir='ltr'><strong>aurora:</strong></span> <span class='ocrx_word' id='word_1_486' title='bbox 3247 4161 3417 4215; x_wconf 90' lang='lat' dir='ltr'><strong>locum</strong></span> <span class='ocrx_word' id='word_1_487' title='bbox 3447 4177 3602 4216; x_wconf 88' lang='lat' dir='ltr'><strong>suum</strong></span> 
     </span>
    </p>
   </div>
   <div class='ocr_carea' id='block_1_68' title="bbox 1996 4247 3605 4321">
    <p class='ocr_par' dir='ltr' id='par_1_68' title="bbox 1996 4247 3605 4321">
     <span class='ocr_line' id='line_1_68' title="bbox 1996 4247 3605 4321; baseline 0.001 -16"><span class='ocrx_word' id='word_1_488' title='bbox 1996 4249 2118 4321; x_wconf 83' lang='lat' dir='ltr'><strong>(Job</strong></span> <span class='ocrx_word' id='word_1_489' title='bbox 2170 4265 2418 4318; x_wconf 83' lang='lat' dir='ltr'><strong>xxxvm,</strong></span> <span class='ocrx_word' id='word_1_490' title='bbox 2455 4249 2544 4318; x_wconf 81' lang='lat'><strong>32,</strong></span> <span class='ocrx_word' id='word_1_491' title='bbox 2580 4248 2668 4317; x_wconf 82' lang='grc'>17,</span> <span class='ocrx_word' id='word_1_492' title='bbox 2702 4248 2828 4321; x_wconf 78' lang='lat' dir='ltr'><strong>i2)?</strong></span> <span class='ocrx_word' id='word_1_493' title='bbox 2859 4248 2993 4317; x_wconf 90' lang='lat' dir='ltr'><strong>Quis</strong></span> <span class='ocrx_word' id='word_1_494' title='bbox 3022 4264 3156 4306; x_wconf 90' lang='lat' dir='ltr'><strong>vero</strong></span> <span class='ocrx_word' id='word_1_495' title='bbox 3187 4247 3313 4318; x_wconf 88' lang='lat' dir='ltr'><strong>ista,</strong></span> <span class='ocrx_word' id='word_1_496' title='bbox 3344 4248 3453 4304; x_wconf 90' lang='lat' dir='ltr'><strong>nisi</strong></span> <span class='ocrx_word' id='word_1_497' title='bbox 3482 4250 3605 4306; x_wconf 85' lang='lat' dir='ltr'><strong>Do-</strong></span> 
     </span>
    </p>
   </div>
   <div class='ocr_carea' id='block_1_69' title="bbox 279 4319 3599 4412">
    <p class='ocr_par' dir='ltr' id='par_1_69' title="bbox 279 4319 3599 4412">
     <span class='ocr_line' id='line_1_69' title="bbox 279 4319 3599 4412; baseline 0.001 -19"><span class='ocrx_word' id='word_1_498' title='bbox 279 4337 456 4407; x_wconf 84' lang='lat' dir='ltr'><strong>inﬂat,</strong></span> <span class='ocrx_word' id='word_1_499' title='bbox 488 4355 521 4394; x_wconf 92' lang='lat' dir='ltr'><strong>a</strong></span> <span class='ocrx_word' id='word_1_500' title='bbox 549 4337 893 4412; x_wconf 91' lang='lat' dir='ltr'><strong>plenitudine</strong></span> <span class='ocrx_word' id='word_1_501' title='bbox 922 4338 1174 4394; x_wconf 84' lang='lat' dir='ltr'><strong>veritatis</strong></span> <span class='ocrx_word' id='word_1_502' title='bbox 1202 4344 1467 4405; x_wconf 85' lang='lat' dir='ltr'><strong>evacuat;</strong></span> <span class='ocrx_word' id='word_1_503' title='bbox 1502 4346 1555 4393; x_wconf 90' lang='lat' dir='ltr'><strong>et</strong></span> <span class='ocrx_word' id='word_1_504' title='bbox 1574 4337 1707 4393; x_wconf 90' lang='lat' dir='ltr'><strong>dum</strong></span> <span class='ocrx_word' id='word_1_505' title='bbox 1732 4355 1789 4395; x_wconf 91' lang='lat' dir='ltr'><strong>se</strong></span> <span class='ocrx_word' id='word_1_506' title='bbox 1816 4340 1885 4395; x_wconf 91' lang='lat' dir='ltr'><strong>ad</strong></span> <span class='ocrx_word' id='word_1_507' title='bbox 1917 4319 1966 4379; x_wconf 84' lang='lat' dir='ltr'><strong>D</strong></span> <span class='ocrx_word' id='word_1_508' title='bbox 1996 4319 2180 4394; x_wconf 83' lang='lat' dir='ltr'><strong>minus</strong></span> <span class='ocrx_word' id='word_1_509' title='bbox 2220 4339 2441 4410; x_wconf 90' lang='lat' dir='ltr'><strong>potest?</strong></span> <span class='ocrx_word' id='word_1_510' title='bbox 2465 4339 2535 4394; x_wconf 89' lang='lat' dir='ltr'><strong>Et</strong></span> <span class='ocrx_word' id='word_1_511' title='bbox 2566 4345 2748 4393; x_wconf 89' lang='lat' dir='ltr'><strong>tamen</strong></span> <span class='ocrx_word' id='word_1_512' title='bbox 2773 4319 3149 4410; x_wconf 80' lang='lat' dir='ltr'><strong>interrogatur</strong></span> <span class='ocrx_word' id='word_1_513' title='bbox 3179 4336 3368 4405; x_wconf 91' lang='lat' dir='ltr'><strong>homo,</strong></span> <span class='ocrx_word' id='word_1_514' title='bbox 3401 4346 3464 4394; x_wconf 89' lang='lat' dir='ltr'><strong>ut</strong></span> <span class='ocrx_word' id='word_1_515' title='bbox 3495 4356 3599 4395; x_wconf 90' lang='lat' dir='ltr'><strong>co-</strong></span> 
     </span>
    </p>
   </div>
   <div class='ocr_carea' id='block_1_70' title="bbox 277 4426 1879 4500">
    <p class='ocr_par' dir='ltr' id='par_1_70' title="bbox 277 4426 1879 4500">
     <span class='ocr_line' id='line_1_70' title="bbox 277 4426 1879 4500; baseline 0 -19"><span class='ocrx_word' id='word_1_516' title='bbox 277 4426 635 4500; x_wconf 87' lang='lat' dir='ltr'><strong>percipienda</strong></span> <span class='ocrx_word' id='word_1_517' title='bbox 662 4427 887 4500; x_wconf 69' lang='lat' dir='ltr'><strong>praemia</strong></span> <span class='ocrx_word' id='word_1_518' title='bbox 915 4426 1164 4483; x_wconf 75' lang='lat' dir='ltr'><strong>sufﬁcere</strong></span> <span class='ocrx_word' id='word_1_519' title='bbox 1196 4426 1462 4498; x_wconf 90' lang='lat' dir='ltr'><strong>suggerit,</strong></span> <span class='ocrx_word' id='word_1_520' title='bbox 1493 4428 1513 4461; x_wconf 75' lang='grc'><strong>⁴</strong></span> <span class='ocrx_word' id='word_1_521' title='bbox 1545 4442 1665 4482; x_wconf 88' lang='lat' dir='ltr'><strong>eam</strong></span> <span class='ocrx_word' id='word_1_522' title='bbox 1705 4444 1736 4482; x_wconf 91' lang='lat' dir='ltr'><strong>a</strong></span> <span class='ocrx_word' id='word_1_523' title='bbox 1770 4443 1879 4482; x_wconf 86' lang='lat' dir='ltr'><strong>me-</strong></span> 
     </span>
    </p>
   </div>
   <div class='ocr_carea' id='block_1_71' title="bbox 276 4513 1886 4586">
    <p class='ocr_par' dir='ltr' id='par_1_71' title="bbox 276 4513 1886 4586">
     <span class='ocr_line' id='line_1_71' title="bbox 276 4513 1886 4586; baseline -0.001 -15"><span class='ocrx_word' id='word_1_524' title='bbox 276 4515 590 4572; x_wconf 88' lang='lat' dir='ltr'><strong>liorationis</strong></span> <span class='ocrx_word' id='word_1_525' title='bbox 610 4516 919 4573; x_wconf 87' lang='lat' dir='ltr'><strong>intentione</strong></span> <span class='ocrx_word' id='word_1_526' title='bbox 939 4514 1223 4571; x_wconf 90' lang='lat' dir='ltr'><strong>distendit.</strong></span> <span class='ocrx_word' id='word_1_527' title='bbox 1248 4515 1437 4571; x_wconf 85' lang='lat' dir='ltr'><strong>Justus</strong></span> <span class='ocrx_word' id='word_1_528' title='bbox 1453 4513 1737 4586; x_wconf 84' lang='lat' dir='ltr'><strong>igiturJob</strong></span> <span class='ocrx_word' id='word_1_529' title='bbox 1756 4521 1886 4571; x_wconf 89' lang='lat' dir='ltr'><strong>ante</strong></span> 
     </span>
    </p>
   </div>
   <div class='ocr_carea' id='block_1_72' title="bbox 276 4603 1880 4677">
    <p class='ocr_par' dir='ltr' id='par_1_72' title="bbox 276 4603 1880 4677">
     <span class='ocr_line' id='line_1_72' title="bbox 276 4603 1880 4677; baseline 0 -18"><span class='ocrx_word' id='word_1_530' title='bbox 276 4604 497 4677; x_wconf 83' lang='lat' dir='ltr'><strong>flagella</strong></span> <span class='ocrx_word' id='word_1_531' title='bbox 525 4605 763 4674; x_wconf 85' lang='lat' dir='ltr'><strong>exstitit,</strong></span> <span class='ocrx_word' id='word_1_532' title='bbox 793 4605 888 4662; x_wconf 87' lang='lat' dir='ltr'><strong>sed</strong></span> <span class='ocrx_word' id='word_1_533' title='bbox 921 4603 1129 4677; x_wconf 89' lang='lat' dir='ltr'><strong>justior</strong></span> <span class='ocrx_word' id='word_1_534' title='bbox 1155 4610 1279 4675; x_wconf 88' lang='lat' dir='ltr'><strong>post</strong></span> <span class='ocrx_word' id='word_1_535' title='bbox 1305 4603 1519 4675; x_wconf 87' lang='lat' dir='ltr'><strong>ﬂagella</strong></span> <span class='ocrx_word' id='word_1_536' title='bbox 1548 4603 1880 4675; x_wconf 87' lang='lat' dir='ltr'><strong>permansit;</strong></span> 
     </span>
    </p>
   </div>
   <div class='ocr_carea' id='block_1_73' title="bbox 274 4690 1883 4764">
    <p class='ocr_par' dir='ltr' id='par_1_73' title="bbox 274 4690 1883 4764">
     <span class='ocr_line' id='line_1_73' title="bbox 274 4690 1883 4764; baseline -0.002 -15"><span class='ocrx_word' id='word_1_537' title='bbox 274 4700 331 4749; x_wconf 91' lang='lat' dir='ltr'><strong>et</strong></span> <span class='ocrx_word' id='word_1_538' title='bbox 379 4693 634 4750; x_wconf 83' lang='lat' dir='ltr'><strong>laudatus</strong></span> <span class='ocrx_word' id='word_1_539' title='bbox 677 4702 839 4750; x_wconf 89' lang='lat' dir='ltr'><strong>antea</strong></span> <span class='ocrx_word' id='word_1_540' title='bbox 870 4693 972 4749; x_wconf 93' lang='lat' dir='ltr'><strong>Dei</strong></span> <span class='ocrx_word' id='word_1_541' title='bbox 1014 4708 1168 4761; x_wconf 92' lang='lat' dir='ltr'><strong>voce,</strong></span> <span class='ocrx_word' id='word_1_542' title='bbox 1203 4690 1553 4764; x_wconf 88' lang='lat' dir='ltr'><strong>postmodum</strong></span> <span class='ocrx_word' id='word_1_543' title='bbox 1598 4692 1773 4747; x_wconf 90' lang='lat' dir='ltr'><strong>crevit</strong></span> <span class='ocrx_word' id='word_1_544' title='bbox 1815 4707 1883 4747; x_wconf 86' lang='lat' dir='ltr'><strong>ex</strong></span> 
     </span>
    </p>
   </div>
   <div class='ocr_carea' id='block_1_74' title="bbox 274 4779 1885 4853">
    <p class='ocr_par' dir='ltr' id='par_1_74' title="bbox 274 4779 1885 4853">
     <span class='ocr_line' id='line_1_74' title="bbox 274 4779 1885 4853; baseline -0.001 -16"><span class='ocrx_word' id='word_1_545' title='bbox 274 4782 523 4839; x_wconf 88' lang='lat' dir='ltr'><strong>verbere.</strong></span> <span class='ocrx_word' id='word_1_546' title='bbox 555 4784 807 4840; x_wconf 87' lang='lat' dir='ltr'><strong>Profecto</strong></span> <span class='ocrx_word' id='word_1_547' title='bbox 838 4782 991 4838; x_wconf 87' lang='lat' dir='ltr'><strong>velut</strong></span> <span class='ocrx_word' id='word_1_548' title='bbox 1019 4781 1151 4838; x_wconf 90' lang='lat' dir='ltr'><strong>tuba</strong></span> <span class='ocrx_word' id='word_1_549' title='bbox 1179 4779 1407 4837; x_wconf 89' lang='lat' dir='ltr'><strong>ductilis</strong></span> <span class='ocrx_word' id='word_1_550' title='bbox 1438 4796 1507 4837; x_wconf 81' lang='lat' dir='ltr'><strong>ex</strong></span> <span class='ocrx_word' id='word_1_551' title='bbox 1536 4781 1885 4853; x_wconf 88' lang='lat' dir='ltr'><strong>percussione</strong></span> 
     </span>
    </p>
   </div>
   <div class='ocr_carea' id='block_1_75' title="bbox 274 4870 1880 4946">
    <p class='ocr_par' dir='ltr' id='par_1_75' title="bbox 274 4870 1880 4946">
     <span class='ocr_line' id='line_1_75' title="bbox 274 4870 1880 4946; baseline -0.001 -17"><span class='ocrx_word' id='word_1_552' title='bbox 274 4872 550 4946; x_wconf 86' lang='lat' dir='ltr'><strong>producta</strong></span> <span class='ocrx_word' id='word_1_553' title='bbox 589 4874 650 4930; x_wconf 90' lang='lat' dir='ltr'><strong>in</strong></span> <span class='ocrx_word' id='word_1_554' title='bbox 680 4873 899 4930; x_wconf 89' lang='lat' dir='ltr'><strong>laudem</strong></span> <span class='ocrx_word' id='word_1_555' title='bbox 928 4873 1027 4930; x_wconf 93' lang='lat' dir='ltr'><strong>Dei</strong></span> <span class='ocrx_word' id='word_1_556' title='bbox 1073 4879 1229 4929; x_wconf 89' lang='lat' dir='ltr'><strong>tanto</strong></span> <span class='ocrx_word' id='word_1_557' title='bbox 1259 4873 1279 4906; x_wconf 77' lang='grc' dir='ltr'><strong>δ</strong></span> <span class='ocrx_word' id='word_1_558' title='bbox 1310 4871 1478 4927; x_wconf 88' lang='lat' dir='ltr'><strong>altius</strong></span> <span class='ocrx_word' id='word_1_559' title='bbox 1506 4870 1751 4927; x_wconf 88' lang='lat' dir='ltr'><strong>elevatus</strong></span> <span class='ocrx_word' id='word_1_560' title='bbox 1780 4878 1880 4940; x_wconf 90' lang='lat' dir='ltr'><strong>est,</strong></span> 
     </span>
    </p>
   </div>
   <div class='ocr_carea' id='block_1_76' title="bbox 274 4958 1881 5034">
    <p class='ocr_par' dir='ltr' id='par_1_76' title="bbox 274 4958 1881 5034">
     <span class='ocr_line' id='line_1_76' title="bbox 274 4958 1881 5034; baseline -0.001 -18"><span class='ocrx_word' id='word_1_561' title='bbox 274 4969 488 5033; x_wconf 91' lang='lat' dir='ltr'><strong>quanto</strong></span> <span class='ocrx_word' id='word_1_562' title='bbox 516 4961 715 5034; x_wconf 89' lang='lat' dir='ltr'><strong>majori</strong></span> <span class='ocrx_word' id='word_1_563' title='bbox 744 4961 1098 5034; x_wconf 89' lang='lat' dir='ltr'><strong>castigatione</strong></span> <span class='ocrx_word' id='word_1_564' title='bbox 1128 4977 1436 5032; x_wconf 89' lang='lat' dir='ltr'><strong>percussus.</strong></span> <span class='ocrx_word' id='word_1_565' title='bbox 1456 4958 1562 5015; x_wconf 90' lang='lat' dir='ltr'><strong>Sed</strong></span> <span class='ocrx_word' id='word_1_566' title='bbox 1583 4958 1881 5016; x_wconf 88' lang='lat' dir='ltr'><strong>humilian-</strong></span> 
     </span>
    </p>
   </div>
   <div class='ocr_carea' id='block_1_77' title="bbox 276 5048 1884 5124">
    <p class='ocr_par' dir='ltr' id='par_1_77' title="bbox 276 5048 1884 5124">
     <span class='ocr_line' id='line_1_77' title="bbox 276 5048 1884 5124; baseline -0.001 -19"><span class='ocrx_word' id='word_1_567' title='bbox 276 5050 383 5105; x_wconf 85' lang='lat' dir='ltr'><strong>dns</strong></span> <span class='ocrx_word' id='word_1_568' title='bbox 410 5058 529 5105; x_wconf 88' lang='lat' dir='ltr'><strong>erat</strong></span> <span class='ocrx_word' id='word_1_569' title='bbox 558 5051 660 5107; x_wconf 88' lang='lat' dir='ltr'><strong>iste</strong></span> <span class='ocrx_word' id='word_1_570' title='bbox 693 5050 810 5124; x_wconf 86' lang='lat' dir='ltr'><strong>qui,</strong></span> <span class='ocrx_word' id='word_1_571' title='bbox 838 5057 1140 5122; x_wconf 87' lang='lat' dir='ltr'><strong>prostratus</strong></span> <span class='ocrx_word' id='word_1_572' title='bbox 1160 5049 1456 5116; x_wconf 87' lang='lat' dir='ltr'><strong>ulceribus,</strong></span> <span class='ocrx_word' id='word_1_573' title='bbox 1480 5048 1559 5104; x_wconf 90' lang='lat' dir='ltr'><strong>sic</strong></span> <span class='ocrx_word' id='word_1_574' title='bbox 1582 5048 1884 5104; x_wconf 88' lang='lat' dir='ltr'><strong>virtutibus</strong></span> 
     </span>
    </p>
   </div>
   <div class='ocr_carea' id='block_1_78' title="bbox 274 5138 1883 5211">
    <p class='ocr_par' dir='ltr' id='par_1_78' title="bbox 274 5138 1883 5211">
     <span class='ocr_line' id='line_1_78' title="bbox 274 5138 1883 5211; baseline -0.002 -13"><span class='ocrx_word' id='word_1_575' title='bbox 274 5140 476 5198; x_wconf 87' lang='lat' dir='ltr'><strong>stabat.</strong></span> <span class='ocrx_word' id='word_1_576' title='bbox 511 5140 903 5197; x_wconf 81' lang='lat' dir='ltr'><strong>llumiliandus</strong></span> <span class='ocrx_word' id='word_1_577' title='bbox 928 5148 1063 5208; x_wconf 88' lang='lat' dir='ltr'><strong>erat,</strong></span> <span class='ocrx_word' id='word_1_578' title='bbox 1096 5156 1162 5196; x_wconf 91' lang='lat' dir='ltr'><strong>ne</strong></span> <span class='ocrx_word' id='word_1_579' title='bbox 1185 5146 1294 5195; x_wconf 88' lang='lat' dir='ltr'><strong>tam</strong></span> <span class='ocrx_word' id='word_1_580' title='bbox 1322 5138 1771 5195; x_wconf 88' lang='lat' dir='ltr'><strong>robustissimum</strong></span> <span class='ocrx_word' id='word_1_581' title='bbox 1796 5155 1883 5211; x_wconf 86' lang='lat' dir='ltr'><strong>pe-</strong></span> 
     </span>
    </p>
   </div>
   <div class='ocr_carea' id='block_1_79' title="bbox 356 5352 1805 5429">
    <p class='ocr_par' dir='ltr' id='par_1_79' title="bbox 356 5352 1805 5429">
     <span class='ocr_line' id='line_1_79' title="bbox 356 5352 1805 5429; baseline -0.004 -15"><span class='ocrx_word' id='word_1_582' title='bbox 356 5359 369 5429; x_wconf 58' lang='lat'><strong><em>?</em></strong></span> <span class='ocrx_word' id='word_1_583' title='bbox 405 5355 570 5429; x_wconf 73' lang='lat' dir='ltr'><strong>Liber</strong></span> <span class='ocrx_word' id='word_1_584' title='bbox 598 5356 693 5413; x_wconf 81' lang='lat' dir='ltr'><strong>hic</strong></span> <span class='ocrx_word' id='word_1_585' title='bbox 720 5357 777 5412; x_wconf 91' lang='lat' dir='ltr'><strong>in</strong></span> <span class='ocrx_word' id='word_1_586' title='bbox 799 5356 977 5429; x_wconf 89' lang='lat' dir='ltr'><strong>primo</strong></span> <span class='ocrx_word' id='word_1_587' title='bbox 1005 5354 1255 5429; x_wconf 81' lang='lat' dir='ltr'><strong>Laudun.</strong></span> <span class='ocrx_word' id='word_1_588' title='bbox 1285 5352 1614 5429; x_wconf 78' lang='lat' dir='ltr'><strong>inscribitur</strong></span> <span class='ocrx_word' id='word_1_589' title='bbox 1644 5367 1805 5408; x_wconf 84' lang='lat' dir='ltr'><strong>xxm.</strong></span> 
     </span>
    </p>
   </div>
   <div class='ocr_carea' id='block_1_80' title="bbox 352 5424 1626 5500">
    <p class='ocr_par' dir='ltr' id='par_1_80' title="bbox 352 5424 1626 5500">
     <span class='ocr_line' id='line_1_80' title="bbox 352 5424 1626 5500; baseline -0.014 -13"><span class='ocrx_word' id='word_1_590' title='bbox 352 5428 375 5462; x_wconf 81' lang='grc'>²</span> <span class='ocrx_word' id='word_1_591' title='bbox 407 5426 670 5500; x_wconf 75' lang='lat' dir='ltr'><strong>Yindoc.,</strong></span> <span class='ocrx_word' id='word_1_592' title='bbox 696 5424 976 5500; x_wconf 47' lang='lat' dir='ltr'><strong>pro—tanta</strong></span> <span class='ocrx_word' id='word_1_593' title='bbox 1004 5427 1266 5500; x_wconf 64' lang='lat' dir='ltr'><strong>virtutum</strong></span> <span class='ocrx_word' id='word_1_594' title='bbox 1285 5424 1626 5500; x_wconf 55' lang='lat' dir='ltr'><strong>constantia”</strong></span> 
     </span>
    </p>
   </div>
   <div class='ocr_carea' id='block_1_81' title="bbox 356 5495 1582 5576">
    <p class='ocr_par' dir='ltr' id='par_1_81' title="bbox 356 5495 1582 5576">
     <span class='ocr_line' id='line_1_81' title="bbox 356 5495 1582 5576; baseline -0.003 -21"><span class='ocrx_word' id='word_1_595' title='bbox 356 5500 377 5576; x_wconf 70' lang='lat'><strong>3</strong></span> <span class='ocrx_word' id='word_1_596' title='bbox 409 5498 599 5576; x_wconf 67' lang='lat' dir='ltr'><strong>garb,</strong></span> <span class='ocrx_word' id='word_1_597' title='bbox 628 5495 898 5576; x_wconf 76' lang='lat' dir='ltr'><strong>Germ._et</strong></span> <span class='ocrx_word' id='word_1_598' title='bbox 925 5497 1150 5576; x_wconf 71' lang='lat' dir='ltr'><strong>Pratel.,_</strong></span> <span class='ocrx_word' id='word_1_599' title='bbox 1181 5496 1269 5551; x_wconf 87' lang='lat' dir='ltr'><strong>sed</strong></span> <span class='ocrx_word' id='word_1_600' title='bbox 1296 5496 1345 5551; x_wconf 84' lang='lat' dir='ltr'><strong>si</strong></span> <span class='ocrx_word' id='word_1_601' title='bbox 1363 5496 1483 5567; x_wconf 87' lang='lat' dir='ltr'><strong>jam</strong></span> <span class='ocrx_word' id='word_1_602' title='bbox 1501 5495 1582 5551; x_wconf 85' lang='lat' dir='ltr'><strong>de.</strong></span> 
     </span>
    </p>
   </div>
   <div class='ocr_carea' id='block_1_82' title="bbox 358 5568 1265 5638">
    <p class='ocr_par' dir='ltr' id='par_1_82' title="bbox 358 5568 1265 5638">
     <span class='ocr_line' id='line_1_82' title="bbox 358 5568 1265 5638; baseline -0.006 -12"><span class='ocrx_word' id='word_1_603' title='bbox 358 5573 378 5603; x_wconf 63' lang='grc'><strong>³</strong></span> <span class='ocrx_word' id='word_1_604' title='bbox 409 5570 642 5638; x_wconf 89' lang='lat' dir='ltr'><strong>Turon.,</strong></span> <span class='ocrx_word' id='word_1_605' title='bbox 674 5588 709 5626; x_wconf 87' lang='lat' dir='ltr'><strong>a</strong></span> <span class='ocrx_word' id='word_1_606' title='bbox 736 5569 948 5626; x_wconf 87' lang='lat' dir='ltr'><strong>meliori</strong></span> <span class='ocrx_word' id='word_1_607' title='bbox 966 5568 1265 5624; x_wconf 85' lang='lat' dir='ltr'><strong>intentione.</strong></span> 
     </span>
    </p>
   </div>
   <div class='ocr_carea' id='block_1_83' title="bbox 353 5637 1338 5698">
    <p class='ocr_par' dir='ltr' id='par_1_83' title="bbox 353 5637 1338 5698">
     <span class='ocr_line' id='line_1_83' title="bbox 353 5637 1338 5698; baseline -0.006 1"><span class='ocrx_word' id='word_1_608' title='bbox 353 5642 375 5676; x_wconf 77' lang='grc'><strong>³</strong></span> <span class='ocrx_word' id='word_1_609' title='bbox 406 5643 573 5698; x_wconf 88' lang='lat' dir='ltr'><strong>Deest</strong></span> <span class='ocrx_word' id='word_1_610' title='bbox 598 5637 764 5697; x_wconf 83' lang='lat' dir='ltr'><strong>altius</strong></span> <span class='ocrx_word' id='word_1_611' title='bbox 792 5641 850 5698; x_wconf 90' lang='lat' dir='ltr'><strong>in</strong></span> <span class='ocrx_word' id='word_1_612' title='bbox 882 5640 1025 5698; x_wconf 90' lang='lat' dir='ltr'><strong>Utic.</strong></span> <span class='ocrx_word' id='word_1_613' title='bbox 1058 5646 1111 5694; x_wconf 90' lang='lat' dir='ltr'><strong>et</strong></span> <span class='ocrx_word' id='word_1_614' title='bbox 1139 5637 1338 5694; x_wconf 88' lang='lat' dir='ltr'><strong>Pratel.</strong></span> 
     </span>
    </p>
   </div>
   <div class='ocr_carea' id='block_1_84' title="bbox 356 5709 1882 5783">
    <p class='ocr_par' dir='ltr' id='par_1_84' title="bbox 356 5709 1882 5783">
     <span class='ocr_line' id='line_1_84' title="bbox 356 5709 1882 5783; baseline -0.003 -14"><span class='ocrx_word' id='word_1_615' title='bbox 356 5714 379 5749; x_wconf 79' lang='grc'><strong>⁸</strong></span> <span class='ocrx_word' id='word_1_616' title='bbox 408 5714 469 5769; x_wconf 91' lang='lat' dir='ltr'><strong>In</strong></span> <span class='ocrx_word' id='word_1_617' title='bbox 499 5712 696 5781; x_wconf 90' lang='lat' dir='ltr'><strong>Gilot.,</strong></span> <span class='ocrx_word' id='word_1_618' title='bbox 736 5712 912 5769; x_wconf 88' lang='lat' dir='ltr'><strong>Vatic.</strong></span> <span class='ocrx_word' id='word_1_619' title='bbox 969 5719 1024 5768; x_wconf 88' lang='lat' dir='ltr'><strong>et</strong></span> <span class='ocrx_word' id='word_1_620' title='bbox 1060 5709 1313 5783; x_wconf 87' lang='lat' dir='ltr'><strong>plurimis</strong></span> <span class='ocrx_word' id='word_1_621' title='bbox 1341 5709 1486 5778; x_wconf 90' lang='lat' dir='ltr'><strong>aliis,</strong></span> <span class='ocrx_word' id='word_1_622' title='bbox 1532 5709 1643 5765; x_wconf 87' lang='lat' dir='ltr'><strong>vidi</strong></span> <span class='ocrx_word' id='word_1_623' title='bbox 1672 5724 1882 5765; x_wconf 78' lang='lat' dir='ltr'><strong>servum</strong></span> 
     </span>
    </p>
   </div>
   <div class='ocr_carea' id='block_1_85' title="bbox 1995 4426 3598 4500">
    <p class='ocr_par' dir='ltr' id='par_1_85' title="bbox 1995 4426 3598 4500">
     <span class='ocr_line' id='line_1_85' title="bbox 1995 4426 3598 4500; baseline 0.001 -18"><span class='ocrx_word' id='word_1_624' title='bbox 1995 4434 2219 4497; x_wconf 85' lang='lat' dir='ltr'><strong>gnoscat</strong></span> <span class='ocrx_word' id='word_1_625' title='bbox 2245 4427 2375 4499; x_wconf 91' lang='lat' dir='ltr'><strong>quia</strong></span> <span class='ocrx_word' id='word_1_626' title='bbox 2403 4427 2507 4482; x_wconf 89' lang='lat' dir='ltr'><strong>ista</strong></span> <span class='ocrx_word' id='word_1_627' title='bbox 2534 4441 2644 4482; x_wconf 94' lang='lat' dir='ltr'><strong>non</strong></span> <span class='ocrx_word' id='word_1_628' title='bbox 2674 4432 2875 4497; x_wconf 89' lang='lat' dir='ltr'><strong>potest,</strong></span> <span class='ocrx_word' id='word_1_629' title='bbox 2909 4434 3179 4499; x_wconf 87' lang='lat' dir='ltr'><strong>quatenus</strong></span> <span class='ocrx_word' id='word_1_630' title='bbox 3209 4426 3297 4482; x_wconf 90' lang='lat' dir='ltr'><strong>vir</strong></span> <span class='ocrx_word' id='word_1_631' title='bbox 3348 4426 3442 4500; x_wconf 89' lang='lat' dir='ltr'><strong>qui</strong></span> <span class='ocrx_word' id='word_1_632' title='bbox 3487 4434 3598 4484; x_wconf 86' lang='lat' dir='ltr'><strong>tam</strong></span> 
     </span>
    </p>
   </div>
   <div class='ocr_carea' id='block_1_86' title="bbox 1994 4513 3599 4581">
    <p class='ocr_par' dir='ltr' id='par_1_86' title="bbox 1994 4513 3599 4581">
     <span class='ocr_line' id='line_1_86' title="bbox 1994 4513 3599 4581; baseline 0.001 -10"><span class='ocrx_word' id='word_1_633' title='bbox 1994 4516 2283 4571; x_wconf 87' lang='lat' dir='ltr'><strong>immensis</strong></span> <span class='ocrx_word' id='word_1_634' title='bbox 2301 4513 2603 4570; x_wconf 89' lang='lat' dir='ltr'><strong>virtutibus</strong></span> <span class='ocrx_word' id='word_1_635' title='bbox 2624 4513 2818 4581; x_wconf 87' lang='lat' dir='ltr'><strong>crevit,</strong></span> <span class='ocrx_word' id='word_1_636' title='bbox 2841 4521 2895 4569; x_wconf 89' lang='lat' dir='ltr'><strong>et</strong></span> <span class='ocrx_word' id='word_1_637' title='bbox 2916 4515 3125 4570; x_wconf 88' lang='lat' dir='ltr'><strong>nullius</strong></span> <span class='ocrx_word' id='word_1_638' title='bbox 3147 4514 3391 4572; x_wconf 88' lang='lat' dir='ltr'><strong>hominis</strong></span> <span class='ocrx_word' id='word_1_639' title='bbox 3417 4532 3599 4572; x_wconf 86' lang='lat' dir='ltr'><strong>exem-</strong></span> 
     </span>
    </p>
   </div>
   <div class='ocr_carea' id='block_1_87' title="bbox 1994 4600 3599 4677">
    <p class='ocr_par' dir='ltr' id='par_1_87' title="bbox 1994 4600 3599 4677">
     <span class='ocr_line' id='line_1_87' title="bbox 1994 4600 3599 4677; baseline 0.001 -19"><span class='ocrx_word' id='word_1_640' title='bbox 1994 4604 2087 4675; x_wconf 88' lang='lat' dir='ltr'><strong>plo</strong></span> <span class='ocrx_word' id='word_1_641' title='bbox 2116 4603 2383 4670; x_wconf 85' lang='lat' dir='ltr'><strong>vincitur,</strong></span> <span class='ocrx_word' id='word_1_642' title='bbox 2432 4617 2502 4658; x_wconf 89' lang='lat' dir='ltr'><strong>ne</strong></span> <span class='ocrx_word' id='word_1_643' title='bbox 2543 4600 2738 4658; x_wconf 78' lang='lat' dir='ltr'><strong>extolli</strong></span> <span class='ocrx_word' id='word_1_644' title='bbox 2790 4600 3003 4671; x_wconf 89' lang='lat' dir='ltr'><strong>debeat,</strong></span> <span class='ocrx_word' id='word_1_645' title='bbox 3052 4602 3153 4659; x_wconf 90' lang='lat' dir='ltr'><strong>Dei</strong></span> <span class='ocrx_word' id='word_1_646' title='bbox 3191 4603 3599 4677; x_wconf 87' lang='lat' dir='ltr'><strong>comparatione</strong></span> 
     </span>
    </p>
   </div>
   <div class='ocr_carea' id='block_1_88' title="bbox 1994 4690 3597 4765">
    <p class='ocr_par' dir='ltr' id='par_1_88' title="bbox 1994 4690 3597 4765">
     <span class='ocr_line' id='line_1_88' title="bbox 1994 4690 3597 4765; baseline -0.001 -19"><span class='ocrx_word' id='word_1_647' title='bbox 1994 4699 2300 4764; x_wconf 87' lang='lat' dir='ltr'><strong>superetur.</strong></span> <span class='ocrx_word' id='word_1_648' title='bbox 2351 4690 2461 4748; x_wconf 90' lang='lat' dir='ltr'><strong>Sed</strong></span> <span class='ocrx_word' id='word_1_649' title='bbox 2508 4708 2541 4747; x_wconf 93' lang='grc' dir='ltr'>ο</span> <span class='ocrx_word' id='word_1_650' title='bbox 2589 4706 2755 4764; x_wconf 88' lang='lat' dir='ltr'><strong>quam</strong></span> <span class='ocrx_word' id='word_1_651' title='bbox 2805 4698 3061 4763; x_wconf 88' lang='lat' dir='ltr'><strong>potenter</strong></span> <span class='ocrx_word' id='word_1_652' title='bbox 3101 4692 3333 4765; x_wconf 81' lang='lat' dir='ltr'><strong>erigitur</strong></span> <span class='ocrx_word' id='word_1_653' title='bbox 3362 4692 3456 4765; x_wconf 91' lang='lat' dir='ltr'><strong>qui</strong></span> <span class='ocrx_word' id='word_1_654' title='bbox 3486 4699 3597 4748; x_wconf 83' lang='lat' dir='ltr'><strong>tam</strong></span> 
     </span>
    </p>
   </div>
   <div class='ocr_carea' id='block_1_89' title="bbox 1994 4779 3600 4854">
    <p class='ocr_par' dir='ltr' id='par_1_89' title="bbox 1994 4779 3600 4854">
     <span class='ocr_line' id='line_1_89' title="bbox 1994 4779 3600 4854; baseline -0.002 -18"><span class='ocrx_word' id='word_1_655' title='bbox 1994 4780 2308 4837; x_wconf 90' lang='lat' dir='ltr'><strong>sublimiter</strong></span> <span class='ocrx_word' id='word_1_656' title='bbox 2335 4780 2665 4838; x_wconf 89' lang='lat' dir='ltr'><strong>humiliatur</strong></span> <span class='ocrx_word' id='word_1_657' title='bbox 2690 4782 2701 4835; x_wconf 85' lang='lat' dir='ltr'><strong>l</strong></span> <span class='ocrx_word' id='word_1_658' title='bbox 2739 4780 2783 4837; x_wconf 94' lang='grc' dir='ltr'>Ο</span> <span class='ocrx_word' id='word_1_659' title='bbox 2812 4788 3022 4854; x_wconf 87' lang='lat' dir='ltr'><strong>quanta</strong></span> <span class='ocrx_word' id='word_1_660' title='bbox 3046 4789 3131 4836; x_wconf 88' lang='lat' dir='ltr'><strong>est</strong></span> <span class='ocrx_word' id='word_1_661' title='bbox 3151 4780 3395 4837; x_wconf 89' lang='lat' dir='ltr'><strong>hominis</strong></span> <span class='ocrx_word' id='word_1_662' title='bbox 3414 4779 3600 4834; x_wconf 85' lang='lat' dir='ltr'><strong>victo-</strong></span> 
     </span>
    </p>
   </div>
   <div class='ocr_carea' id='block_1_90' title="bbox 1994 4865 3595 4943">
    <p class='ocr_par' dir='ltr' id='par_1_90' title="bbox 1994 4865 3595 4943">
     <span class='ocr_line' id='line_1_90' title="bbox 1994 4865 3595 4943; baseline -0.003 -18"><span class='ocrx_word' id='word_1_663' title='bbox 1994 4870 2096 4939; x_wconf 85' lang='lat' dir='ltr'><strong>ria,</strong></span> <span class='ocrx_word' id='word_1_664' title='bbox 2137 4886 2207 4926; x_wconf 86' lang='lat' dir='ltr'><strong>ex</strong></span> <span class='ocrx_word' id='word_1_665' title='bbox 2232 4871 2333 4927; x_wconf 92' lang='lat' dir='ltr'><strong>Dei</strong></span> <span class='ocrx_word' id='word_1_666' title='bbox 2364 4870 2774 4943; x_wconf 88' lang='lat' dir='ltr'><strong>comparatione</strong></span> <span class='ocrx_word' id='word_1_667' title='bbox 2805 4869 3145 4941; x_wconf 85' lang='lat' dir='ltr'><strong>perdidisse!</strong></span> <span class='ocrx_word' id='word_1_668' title='bbox 3189 4868 3233 4924; x_wconf 94' lang='grc' dir='ltr'>Ο</span> <span class='ocrx_word' id='word_1_669' title='bbox 3264 4873 3471 4940; x_wconf 87' lang='lat' dir='ltr'><strong>quanto</strong></span> <span class='ocrx_word' id='word_1_670' title='bbox 3500 4865 3595 4921; x_wconf 90' lang='lat' dir='ltr'><strong>ho-</strong></span> 
     </span>
    </p>
   </div>
   <div class='ocr_carea' id='block_1_91' title="bbox 1994 4954 3597 5033">
    <p class='ocr_par' dir='ltr' id='par_1_91' title="bbox 1994 4954 3597 5033">
     <span class='ocr_line' id='line_1_91' title="bbox 1994 4954 3597 5033; baseline -0.002 -20"><span class='ocrx_word' id='word_1_671' title='bbox 1994 4959 2238 5015; x_wconf 88' lang='lat' dir='ltr'><strong>minibus</strong></span> <span class='ocrx_word' id='word_1_672' title='bbox 2273 4957 2449 5030; x_wconf 90' lang='lat' dir='ltr'><strong>major</strong></span> <span class='ocrx_word' id='word_1_673' title='bbox 2487 4967 2569 5016; x_wconf 88' lang='lat' dir='ltr'><strong>est</strong></span> <span class='ocrx_word' id='word_1_674' title='bbox 2598 4959 2694 5033; x_wconf 91' lang='lat' dir='ltr'><strong>qui</strong></span> <span class='ocrx_word' id='word_1_675' title='bbox 2737 4956 3076 5014; x_wconf 88' lang='lat' dir='ltr'><strong>testimoniis</strong></span> <span class='ocrx_word' id='word_1_676' title='bbox 3104 4954 3458 5012; x_wconf 87' lang='lat' dir='ltr'><strong>convincitur</strong></span> <span class='ocrx_word' id='word_1_677' title='bbox 3483 4954 3597 5009; x_wconf 89' lang='lat' dir='ltr'><strong>Deo</strong></span> 
     </span>
    </p>
   </div>
   <div class='ocr_carea' id='block_1_92' title="bbox 1993 5040 3596 5121">
    <p class='ocr_par' dir='ltr' id='par_1_92' title="bbox 1993 5040 3596 5121">
     <span class='ocr_line' id='line_1_92' title="bbox 1993 5040 3596 5121; baseline -0.004 -20"><span class='ocrx_word' id='word_1_678' title='bbox 1993 5046 2204 5103; x_wconf 88' lang='lat' dir='ltr'><strong>minor!</strong></span> <span class='ocrx_word' id='word_1_679' title='bbox 2248 5047 2484 5102; x_wconf 86' lang='lat' dir='ltr'><strong>Multum</strong></span> <span class='ocrx_word' id='word_1_680' title='bbox 2525 5048 2728 5121; x_wconf 85' lang='lat' dir='ltr'><strong>quippe</strong></span> <span class='ocrx_word' id='word_1_681' title='bbox 2771 5052 2967 5117; x_wconf 89' lang='lat' dir='ltr'><strong>potens</strong></span> <span class='ocrx_word' id='word_1_682' title='bbox 2996 5052 3079 5099; x_wconf 91' lang='lat' dir='ltr'><strong>est</strong></span> <span class='ocrx_word' id='word_1_683' title='bbox 3107 5042 3204 5114; x_wconf 89' lang='lat' dir='ltr'><strong>qui</strong></span> <span class='ocrx_word' id='word_1_684' title='bbox 3233 5041 3332 5097; x_wconf 89' lang='lat' dir='ltr'><strong>tali</strong></span> <span class='ocrx_word' id='word_1_685' title='bbox 3359 5040 3596 5096; x_wconf 85' lang='lat' dir='ltr'><strong>interro-</strong></span> 
     </span>
    </p>
   </div>
   <div class='ocr_carea' id='block_1_93' title="bbox 1992 5130 3595 5209">
    <p class='ocr_par' dir='ltr' id='par_1_93' title="bbox 1992 5130 3595 5209">
     <span class='ocr_line' id='line_1_93' title="bbox 1992 5130 3595 5209; baseline -0.002 -19"><span class='ocrx_word' id='word_1_686' title='bbox 1992 5135 2208 5209; x_wconf 89' lang='lat' dir='ltr'><strong>gatione</strong></span> <span class='ocrx_word' id='word_1_687' title='bbox 2237 5134 2546 5191; x_wconf 83' lang='lat' dir='ltr'><strong>ostenditur</strong></span> <span class='ocrx_word' id='word_1_688' title='bbox 2572 5136 2704 5208; x_wconf 89' lang='lat' dir='ltr'><strong>quia</strong></span> <span class='ocrx_word' id='word_1_689' title='bbox 2732 5141 2926 5206; x_wconf 90' lang='lat' dir='ltr'><strong>potens</strong></span> <span class='ocrx_word' id='word_1_690' title='bbox 2955 5146 3067 5187; x_wconf 92' lang='lat' dir='ltr'><strong>non</strong></span> <span class='ocrx_word' id='word_1_691' title='bbox 3095 5137 3196 5186; x_wconf 88' lang='lat' dir='ltr'><strong>est.</strong></span> <span class='ocrx_word' id='word_1_692' title='bbox 3233 5130 3340 5187; x_wconf 91' lang='lat' dir='ltr'><strong>Sed</strong></span> <span class='ocrx_word' id='word_1_693' title='bbox 3370 5130 3501 5204; x_wconf 89' lang='lat' dir='ltr'><strong>quia</strong></span> <span class='ocrx_word' id='word_1_694' title='bbox 3526 5131 3595 5187; x_wconf 91' lang='lat' dir='ltr'><strong>ad</strong></span> 
     </span>
    </p>
   </div>
   <div class='ocr_carea' id='block_1_94' title="bbox 1990 5346 3594 5423">
    <p class='ocr_par' dir='ltr' id='par_1_94' title="bbox 1990 5346 3594 5423">
     <span class='ocr_line' id='line_1_94' title="bbox 1990 5346 3594 5423; baseline -0.002 -15"><span class='ocrx_word' id='word_1_695' title='bbox 1990 5368 2159 5408; x_wconf 82' lang='lat' dir='ltr'><strong>meum</strong></span> <span class='ocrx_word' id='word_1_696' title='bbox 2196 5351 2313 5419; x_wconf 82' lang='lat' dir='ltr'><strong>Job,</strong></span> <span class='ocrx_word' id='word_1_697' title='bbox 2359 5350 2558 5423; x_wconf 85' lang='lat' dir='ltr'><strong>mendo</strong></span> <span class='ocrx_word' id='word_1_698' title='bbox 2604 5348 2844 5423; x_wconf 78' lang='lat' dir='ltr'><strong>forsitan</strong></span> <span class='ocrx_word' id='word_1_699' title='bbox 2883 5346 3306 5423; x_wconf 53' lang='lat' dir='ltr'><strong>tmographico,</strong></span> <span class='ocrx_word' id='word_1_700' title='bbox 3352 5363 3455 5423; x_wconf 82' lang='lat' dir='ltr'><strong>pro</strong></span> <span class='ocrx_word' id='word_1_701' title='bbox 3483 5364 3594 5423; x_wconf 83' lang='lat' dir='ltr'><strong>quo</strong></span> 
     </span>
    </p>
   </div>
   <div class='ocr_carea' id='block_1_95' title="bbox 1991 5419 3592 5494">
    <p class='ocr_par' dir='ltr' id='par_1_95' title="bbox 1991 5419 3592 5494">
     <span class='ocr_line' id='line_1_95' title="bbox 1991 5419 3592 5494; baseline -0.002 -15"><span class='ocrx_word' id='word_1_702' title='bbox 1991 5432 2174 5479; x_wconf 90' lang='lat' dir='ltr'><strong>tamen</strong></span> <span class='ocrx_word' id='word_1_703' title='bbox 2231 5421 2468 5494; x_wconf 83' lang='lat' dir='ltr'><strong>graviter</strong></span> <span class='ocrx_word' id='word_1_704' title='bbox 2525 5419 2873 5494; x_wconf 77' lang='lat' dir='ltr'><strong>excandescit</strong></span> <span class='ocrx_word' id='word_1_705' title='bbox 2915 5419 3180 5494; x_wconf 71' lang='lat' dir='ltr'><strong>Thomas</strong></span> <span class='ocrx_word' id='word_1_706' title='bbox 3206 5419 3592 5475; x_wconf 42' lang='lat' dir='ltr'><strong>Jame’zius‘in</strong></span> 
     </span>
    </p>
   </div>
   <div class='ocr_carea' id='block_1_96' title="bbox 1992 5489 3595 5563">
    <p class='ocr_par' dir='ltr' id='par_1_96' title="bbox 1992 5489 3595 5563">
     <span class='ocr_line' id='line_1_96' title="bbox 1992 5489 3595 5563; baseline -0.003 -12"><span class='ocrx_word' id='word_1_707' title='bbox 1992 5489 2264 5552; x_wconf 77' lang='lat' dir='ltr'><strong>Romanos</strong></span> <span class='ocrx_word' id='word_1_708' title='bbox 2289 5492 2561 5549; x_wconf 89' lang='lat' dir='ltr'><strong>Editores.</strong></span> <span class='ocrx_word' id='word_1_709' title='bbox 2594 5491 2680 5548; x_wconf 85' lang='lat' dir='ltr'><strong>Ad</strong></span> <span class='ocrx_word' id='word_1_710' title='bbox 2710 5491 2817 5563; x_wconf 89' lang='lat' dir='ltr'><strong>hoc</strong></span> <span class='ocrx_word' id='word_1_711' title='bbox 2852 5491 3001 5546; x_wconf 91' lang='lat' dir='ltr'><strong>enim</strong></span> <span class='ocrx_word' id='word_1_712' title='bbox 3032 5489 3297 5563; x_wconf 86' lang='lat' dir='ltr'><strong>gravitate</strong></span> <span class='ocrx_word' id='word_1_713' title='bbox 3333 5507 3398 5547; x_wconf 88' lang='lat' dir='ltr'><strong>ac</strong></span> <span class='ocrx_word' id='word_1_714' title='bbox 3443 5506 3595 5563; x_wconf 56' lang='lat' dir='ltr'><strong>seves</strong></span> 
     </span>
    </p>
   </div>
   <div class='ocr_carea' id='block_1_97' title="bbox 1990 5561 3600 5635">
    <p class='ocr_par' dir='ltr' id='par_1_97' title="bbox 1990 5561 3600 5635">
     <span class='ocr_line' id='line_1_97' title="bbox 1990 5561 3600 5635; baseline -0.002 -15"><span class='ocrx_word' id='word_1_715' title='bbox 1990 5566 2150 5622; x_wconf 87' lang='lat' dir='ltr'><strong>ritate</strong></span> <span class='ocrx_word' id='word_1_716' title='bbox 2178 5564 2427 5622; x_wconf 87' lang='lat' dir='ltr'><strong>censoria</strong></span> <span class='ocrx_word' id='word_1_717' title='bbox 2458 5582 2469 5621; x_wconf 94' lang='lat'>:</span> <span class='ocrx_word' id='word_1_718' title='bbox 2500 5570 2594 5632; x_wconf 84' lang='lat' dir='ltr'><strong>est,</strong></span> <span class='ocrx_word' id='word_1_719' title='bbox 2625 5561 2825 5635; x_wconf 89' lang='lat' dir='ltr'><strong>inquit,</strong></span> <span class='ocrx_word' id='word_1_720' title='bbox 2856 5561 3139 5635; x_wconf 74' lang='lat' dir='ltr'><strong>corruptus</strong></span> <span class='ocrx_word' id='word_1_721' title='bbox 3164 5568 3355 5635; x_wconf 71' lang='lat' dir='ltr'><strong>textus,</strong></span> <span class='ocrx_word' id='word_1_722' title='bbox 3389 5567 3448 5617; x_wconf 91' lang='lat' dir='ltr'><strong>ut</strong></span> <span class='ocrx_word' id='word_1_723' title='bbox 3474 5562 3600 5633; x_wconf 78' lang='lat' dir='ltr'><strong>fieri</strong></span> 
     </span>
    </p>
   </div>
   <div class='ocr_carea' id='block_1_98' title="bbox 1988 5633 3598 5707">
    <p class='ocr_par' dir='ltr' id='par_1_98' title="bbox 1988 5633 3598 5707">
     <span class='ocr_line' id='line_1_98' title="bbox 1988 5633 3598 5707; baseline -0.003 -14"><span class='ocrx_word' id='word_1_724' title='bbox 1988 5643 2190 5693; x_wconf 88' lang='lat' dir='ltr'><strong>amata</strong></span> <span class='ocrx_word' id='word_1_725' title='bbox 2218 5636 2490 5693; x_wconf 85' lang='lat' dir='ltr'><strong>Romanis.</strong></span> <span class='ocrx_word' id='word_1_726' title='bbox 2523 5633 2740 5707; x_wconf 74' lang='lat' dir='ltr'><strong>Optime</strong></span> <span class='ocrx_word' id='word_1_727' title='bbox 2769 5649 2918 5703; x_wconf 88' lang='lat' dir='ltr'><strong>sane,</strong></span> <span class='ocrx_word' id='word_1_728' title='bbox 2949 5633 3056 5690; x_wconf 89' lang='lat' dir='ltr'><strong>nisi</strong></span> <span class='ocrx_word' id='word_1_729' title='bbox 3093 5633 3161 5689; x_wconf 89' lang='lat' dir='ltr'><strong>ab</strong></span> <span class='ocrx_word' id='word_1_730' title='bbox 3190 5633 3314 5691; x_wconf 89' lang='lat' dir='ltr'><strong>aliis</strong></span> <span class='ocrx_word' id='word_1_731' title='bbox 3338 5648 3504 5707; x_wconf 84' lang='lat' dir='ltr'><strong>quam</strong></span> <span class='ocrx_word' id='word_1_732' title='bbox 3566 5649 3598 5689; x_wconf 84' lang='lat' dir='ltr'><strong>a</strong></span> 
     </span>
    </p>
   </div>
   <div class='ocr_carea' id='block_1_99' title="bbox 1990 5709 2754 5767">
    <p class='ocr_par' dir='ltr' id='par_1_99' title="bbox 1990 5709 2754 5767">
     <span class='ocr_line' id='line_1_99' title="bbox 1990 5709 2754 5767; baseline -0.004 -1"><span class='ocrx_word' id='word_1_733' title='bbox 1990 5709 2251 5767; x_wconf 83' lang='lat' dir='ltr'><strong>Romanis</strong></span> <span class='ocrx_word' id='word_1_734' title='bbox 2280 5723 2433 5766; x_wconf 88' lang='lat' dir='ltr'><strong>error</strong></span> <span class='ocrx_word' id='word_1_735' title='bbox 2464 5713 2754 5765; x_wconf 88' lang='lat' dir='ltr'><strong>manasset.</strong></span> 
     </span>
    </p>
   </div>
  </div>
