4152 6182
542 279 646 336 447

1735 271 1982 328 SANCTI
2034 269 2373 329 GBEGORII
2410 269 2637 329 MAGNI

3758 267 3869 328 448

541 402 773 459 obseura
798 396 968 456 nimis
992 395 1310 455 disserenda
1340 380 1621 465 ducimur,
1643 394 1714 453 ad
1735 395 1982 467 ejusdem
2011 403 2131 453 tex-
2166 400 2218 460 Α
2247 396 2381 465 ruit,
2411 396 2507 453 sed
2529 411 2626 469 per
2654 395 3010 469 semetipsum
3040 393 3377 453 locutionem
3420 393 3658 451 interius
3701 395 3864 455 fecit.

542 498 632 547 tus
651 489 767 566 jam
796 489 963 547 verba
992 488 1285 545 veniamus
1319 506 1331 545 :

801 578 1027 636 CAPUT
1056 580 1327 637 PRIMUM
1367 577 1509 653 [Vet.
1540 584 1588 632 et
1620 579 1742 635 Rec.
1776 576 1882 652 II].

612 670 742 730 CAP.
764 668 1182 736 xxxvur,Vsns.
1203 665 1668 740 L—Respondens
1689 672 1865 723 autem
1882 666 2143 725 Dominus

541 761 641 818 Job
668 761 729 817 de
758 759 965 816 turbine
989 758 1151 814 dixit.

615 852 667 909 1.
708 851 862 919 Quod
887 848 1136 921 quibusve
1164 846 1334 904 modis
1353 847 1425 904 ad
1441 846 1673 905 homines
1693 848 1951 920 loquatur
1974 849 2138 905 Deus.

541 971 612 984 —
637 940 950 999 Notandum
998 938 1161 995 video
1193 940 1210 974 ¹
1241 939 1373 1013 quia
1409 939 1457 993 si
1501 954 1634 995 sano
1662 947 1826 1013 atque
1875 938 2145 996 incolumi

543 1031 751 1089 locutio
787 1030 930 1087 facta
974 1027 1268 1095 diceretur,
1307 1042 1657 1101 nequaquam
1685 1027 1753 1085 de
1784 1027 2009 1085 turbine
2038 1029 2143 1084 Do-

543 1123 731 1181 minus
759 1124 978 1181 locutus
1006 1121 1176 1178 fuisse
1202 1120 1556 1179 scriberetur.
1584 1119 1691 1177 Sed
1716 1120 1846 1193 quia
1873 1118 2144 1191 ﬂagellato

542 1211 812 1285 loquitur,
868 1213 937 1269 de
998 1211 1222 1269 turbine
1296 1212 1512 1269 locutus
1568 1210 1738 1267 fuisse
1791 1208 2141 1266 describitur.

542 1302 721 1359 Aliter
744 1302 893 1359 enim
928 1302 1198 1360 Dominus
1229 1301 1406 1358 servis
1435 1300 1550 1357 suis
1578 1298 1847 1373 loquitur,
1893 1314 2020 1354 cum
2051 1313 2146 1354 eos

541 1390 872 1450 intrinsecus
901 1407 996 1466 per
1016 1392 1501 1465 compunctionem
1528 1390 1808 1464 provehit,
1840 1389 1998 1445 aliter
2017 1405 2144 1445 cum

543 1481 1079 1554 per’distrietionem
1120 1498 1189 1539 ne
1232 1482 1572 1538 extollantur
1601 1479 1821 1553 premit.
1861 1480 1964 1534 Per
1991 1478 2144 1535 blan-

541 1571 668 1630 dam
697 1572 847 1629 enim
874 1572 1217 1630 locutionem
1247 1569 1477 1628 Domini
1505 1568 1741 1625 amanda
1766 1568 2000 1625 dulcedo
2025 1565 2144 1637 ejus

540 1662 563 1700 ³
583 1660 922 1728 ostenditur;
964 1677 1060 1734 per
1086 1659 1393 1717 terribilem
1432 1674 1564 1714 vero
1593 1664 1831 1731 potestas
1859 1656 1979 1729 ejus
2025 1672 2143 1712 me-

2249 486 2323 543 Et
2349 499 2523 558 neque
2553 483 2697 557 ignis
2715 485 2882 554 Deus,
2912 501 3089 558 neque
3127 484 3222 541 ille
3242 483 3461 541 sonitus
3485 483 3618 552 fuit,
3640 483 3738 541 sed
3766 501 3868 559 per

2251 576 2357 635 hoc
2386 575 2534 651 quod
2560 577 2808 635 exterius
2827 576 3113 646 exhibuit,
3134 576 3410 649 expressit
3438 575 3547 635 hoc
3561 577 3714 651 quod
3730 578 3866 636 inte-

2249 666 2365 723 rius
2399 667 2586 739 gessit.
2626 666 2769 735 Quia
2801 666 2952 723 enim
2984 665 3292 739 discipulos
3319 674 3377 722 et
3403 667 3523 722 zelo
3552 683 3865 737 succenses,

2248 764 2301 814 et
2331 757 2501 815 verbo
2529 757 2780 814 eruditos
2809 757 2967 813 intus
2987 756 3252 826 reddidit,
3278 758 3416 815 foris
3443 758 3664 830 linguas
3683 760 3869 832 igneas

2250 848 2507 905 ostendit.
2539 849 2602 905 In
2651 846 3059 921 signiﬁcatione
3102 847 3277 919 igitur
3323 847 3545 904 admota
3586 857 3719 906 sunt
3761 850 3867 906 ele-

2250 945 2452 1008 menta,
2484 946 2547 994 ut
2567 938 2750 1011 ignem
2780 944 2835 995 et
2864 937 3113 995 sonitum
3155 936 3428 994 sentirent
3454 954 3709 1012 corpora,
3741 939 3867 1011 igne

2251 1046 2381 1085 vero
2411 1030 2685 1086 invisibili
2713 1038 2768 1087 et
2788 1046 2929 1087 voce
2959 1029 3078 1085 sine
3105 1028 3297 1085 sonitu
3317 1028 3652 1087 docerentur
3677 1029 3863 1088 corda.

2253 1120 2409 1176 Foris
2454 1137 2581 1193 ergo
2629 1120 2737 1177 fuit
2788 1119 2936 1193 ignis
2991 1118 3087 1191 qui
3132 1119 3407 1190 apparuit,
3458 1118 3553 1175 sed
3590 1117 3865 1193 intusqui

2252 1208 2537 1266 scientiam
2567 1211 2741 1267 dedit.
2775 1211 2848 1267 Et
2876 1225 3003 1267 cum
3038 1208 3245 1281 reginae
3276 1206 3550 1266 Candacis
3578 1207 3866 1283 eunuchus

2252 1300 2440 1355 currui
2459 1298 2757 1372 praesidens
2776 1299 2883 1355 iter
2918 1307 3159 1371 caperet,
3182 1305 3347 1372 atque
3372 1299 3418 1334 ¹⁰
3438 1298 3635 1355 Isaiam
3656 1313 3767 1355 non
3783 1298 3863 1354 in-

2251 1389 2506 1461 telligens
2534 1390 2593 1444 in
2623 1388 2885 1445 manibus
2916 1387 3165 1456 haberet,
3192 1388 3249 1442 in
3268 1387 3433 1445 corde
3461 1388 3728 1445 nimirum
3758 1388 3865 1462 spi-

2254 1477 2394 1533 ritus
2431 1478 2689 1550 Philippo
2718 1478 2948 1534 dixerat
2973 1494 2985 1533 :
3021 1478 3270 1549 Adjunge
3300 1484 3345 1533 te
3372 1479 3445 1534 ad
3468 1495 3687 1535 currum
3718 1479 3862 1551 (Act.

2252 1584 2377 1636 vru,
2411 1567 2528 1640 29).
2561 1568 2632 1624 Et
2672 1584 2800 1625 cum
2849 1567 2919 1624 ad
2963 1567 3309 1624 evocandum
3356 1569 3574 1625 Petrum
3604 1567 3863 1625 timentes

2252 1657 2426 1712 Deum
2459 1656 2665 1713 milites
2695 1656 2985 1715 Cornelius
3013 1656 3331 1726 direxisset,
3367 1658 3424 1714 in
3454 1664 3635 1714 mente
3664 1657 3861 1731 procul

539 1750 748 1806 tuenda
790 1756 1148 1807 monstratur.
1188 1750 1249 1805 In
1279 1748 1376 1804 illa
1415 1746 1772 1821 persuadetur
1802 1748 1823 1782 ³
1853 1746 2051 1803 animae
2081 1753 2143 1802 ut
2173 1767 2220 1828 Β
2254 1745 2423 1802 dubio
2452 1764 2484 1803 a
2511 1746 2709 1820 spiritu
2739 1747 2931 1804 Petrus
2955 1747 3214 1806 audivit:
3258 1749 3390 1806 Ecce
3432 1754 3535 1804 tres
3580 1747 3690 1804 viri
3722 1763 3860 1819 qua:-

542 1838 814 1912 proﬁciat,
859 1840 918 1896 in
962 1840 1066 1896 ista
1107 1838 1431 1911 reprimitur
1479 1853 1600 1910 quae
1643 1835 1884 1909 prolicit.
1937 1837 1998 1892 In
2045 1835 2144 1893 illa

541 1930 706 1988 discit
734 1929 880 2003 quod
916 1936 1156 2002 appetat,
1186 1928 1244 1983 in
1274 1927 1377 1983 ista
1406 1925 1554 2000 quod
1583 1933 1814 1983 metuat.
1864 1926 1966 1982 Per
1988 1926 2142 1982 illam

542 2020 680 2079 dicit
711 2038 723 2075 :
757 2021 779 2055 ⁴
813 2021 994 2077 Gaude
1021 2026 1069 2076 et
1098 2021 1301 2089 lentare,
1335 2020 1453 2093 ﬁlia
1485 2020 1635 2085 Sion,
1676 2018 1806 2090 quia
1834 2034 1939 2074 ecce
1969 2019 2139 2087 venio,

540 2118 590 2171 et
637 2111 879 2169 habitabo
903 2111 961 2166 in
1017 2112 1188 2167 medio
1248 2110 1326 2166 tui
1378 2110 1584 2183 (Zach.
1646 2125 1725 2177 II,
1790 2109 1935 2182 10);
1997 2113 2142 2174 893

542 2228 637 2286 per
655 2211 816 2269 istam
829 2211 1035 2269 dicitur
1059 2228 1071 2267 :
1098 2211 1357 2267 Dominus
1376 2210 1433 2266 in
1449 2215 1745 2283 tempestate
1763 2211 1783 2245 ⁵
1806 2209 1995 2279 veniet,
2018 2216 2066 2265 et
2085 2210 2143 2265 in

544 2301 749 2359 turbine
774 2301 871 2357 via:
894 2302 1011 2373 ejus
1043 2300 1201 2373 (Isai.
1234 2317 1387 2370 var,
1417 2302 1529 2374 15).
1563 2300 1808 2357 Blandus
1827 2300 2029 2374 quippe
2060 2309 2143 2356 est

541 2396 637 2469 qui
674 2404 737 2453 ut
772 2396 833 2452 in
880 2394 1063 2453 medio
1097 2394 1371 2451 inhabitet
1401 2395 1573 2451 venit.
1631 2392 1771 2452 Cum
1800 2410 1934 2450 vero
1961 2410 2018 2451 se
2047 2409 2144 2467 per

540 2492 920 2559 tempestatem
965 2492 1020 2542 et
1071 2484 1350 2542 turbinem
1386 2484 1657 2553 insinuat,
1704 2484 1973 2540 nimirum
2022 2500 2141 2557 quae

539 2574 716 2646 tangit
748 2574 914 2631 corda
954 2573 1273 2646 perturbat;
1322 2581 1487 2646 atque
1527 2573 1597 2628 ad
1640 2572 2003 2631 edomandam
2034 2573 2141 2629 ela-

538 2662 749 2720 tionem
795 2680 851 2720 se
893 2663 1089 2728 exerit,
1128 2662 1352 2735 quando
1380 2668 1573 2734 potens
1609 2669 1663 2717 et
1693 2662 1956 2719 terribilis
1985 2663 2142 2720 inno-

539 2750 720 2808 tescit.

611 2838 665 2897 2.
716 2838 830 2896 Aut
867 2856 966 2913 per
997 2838 1208 2909 angelos
1241 2837 1480 2909 loquitur
1507 2838 1670 2904 Deus,
1707 2845 1806 2894 aut
1834 2855 1933 2911 per
1965 2846 2141 2895 semet-

539 2927 1104 3005 ipsum—Sciendum
1136 2935 1397 3001 praeterea
1412 2936 1494 2986 est
1516 2930 1537 2965 ⁶
1559 2928 1689 3003 quia
1718 2927 1934 2985 duobus
1964 2929 2143 2986 modis

537 3021 745 3079 locutio
765 3020 956 3078 divina
970 3019 1352 3093 distinguitur.
1376 3020 1490 3077 Aut
1506 3037 1601 3094 per
1615 3021 1968 3095 semetipsum
1989 3037 2140 3077 nam-

538 3127 644 3185 que
671 3110 940 3168 Dominus
961 3109 1228 3183 loquitur,
1248 3117 1345 3168 aut
1374 3127 1469 3184 per
1498 3118 1806 3170 creaturam
1835 3111 2135 3187 angelicam
2173 3126 2217 3187 ο

538 3201 656 3275 ejus
700 3199 766 3256 ad
814 3215 915 3255 nos
958 3199 1124 3255 verba
1171 3200 1459 3257 formatur.
1511 3200 1616 3258 Sed
1656 3218 1781 3257 cum
1812 3217 1909 3273 per
1945 3207 2137 3257 semet-

536 3290 718 3364 ipsum
748 3288 1014 3363 loquitur,
1034 3290 1053 3324 τ
1071 3289 1188 3345 sola
1217 3289 1376 3346 nobis
1412 3289 1470 3345 vi
1498 3289 1729 3346 internae
1759 3288 2140 3361 inspirationis

536 3379 796 3456 aperitur.
838 3378 977 3438 Cum
1025 3396 1120 3453 per
1167 3380 1523 3451 semetipsum
1575 3379 1843 3453 loquitur,
1875 3378 1942 3434 de
1970 3379 2139 3435 verbo

536 3472 654 3546 ejus
686 3472 803 3529 sine
832 3469 1015 3528 verbis
1039 3486 1102 3527 ac
1129 3468 1359 3543 syllabis
1388 3485 1484 3527 cor
1512 3467 1762 3539 docetur,
1804 3468 1935 3541 quia
1960 3468 2139 3525 virtus

535 3562 653 3635 ejus
685 3563 705 3596 ⁸
734 3562 932 3617 intima
959 3560 1195 3635 quadam
1224 3559 1603 3617 sublevatione
1634 3559 2011 3633 cognoscitur.
2051 3559 2138 3614 Ad

535 3667 698 3728 quam
725 3665 880 3707 mens
909 3650 1069 3722 plena
1095 3649 1470 3723 suspenditur,
1489 3664 1662 3706 vacua
1688 3655 1965 3720 gravatur.
1997 3647 2135 3703 Pon-

533 3742 639 3801 dus
665 3739 814 3798 enim
844 3739 1119 3815 quoddam
1148 3748 1229 3797 est
1257 3739 1403 3814 quod
1430 3754 1650 3795 omnem
1690 3738 1933 3796 animam
1971 3755 2133 3813 quam

533 3837 707 3911 replet
732 3837 753 3872 ⁹
785 3835 949 3893 levet.
981 3835 1372 3908 Incorporeum
1404 3835 1591 3892 lumen
1621 3840 1703 3892 est
1731 3833 1885 3908 quod
1915 3840 1970 3892 et
1997 3832 2135 3889 inte-

533 3930 680 3993 riora
707 3929 933 4003 repleat,
950 3936 1003 3986 et
1031 3928 1240 4000 repleta
1267 3930 1513 3986 exterius
1540 3927 1981 3986 circumscribat.
2005 3927 2135 3985 Sine

531 4018 765 4089 strepitu
801 4036 981 4075 sermo
1008 4027 1111 4088 est,
1139 4018 1235 4091 qui
1264 4026 1319 4074 et
1345 4018 1597 4073 auditum
1625 4017 1824 4086 aperit,
1851 4024 1906 4071 et
1935 4015 2134 4070 habere

531 4105 775 4161 sonitum
804 4106 999 4161 nescit.
1021 4104 1180 4173 Quod
1210 4104 1358 4159 enim
1387 4102 1454 4158 de
1483 4101 1725 4157 adventu
1754 4102 1931 4159 sancti
1947 4099 2136 4175 Spiri-

531 4201 621 4250 tus
658 4192 925 4266 scriptum
958 4204 1074 4251 est:
1110 4194 1304 4250 Factus
1344 4198 1420 4246 est
1455 4196 1662 4262 repente
1690 4190 1752 4245 de
1789 4193 1912 4247 caelo
1951 4209 2131 4260 sonus,

533 4290 785 4354 tanquam
819 4283 1143 4341 advenientis
1191 4280 1414 4353 spiritus
1453 4279 1793 4347 vehementis,
1839 4287 1888 4337 et
1916 4282 2135 4354 replevit

532 4377 692 4430 totam
719 4371 931 4428 domum
960 4372 1051 4430 ubi
1076 4376 1231 4429 erant
1257 4370 1527 4438 sedentes;
1552 4376 1602 4427 et
1625 4377 1994 4444 apparuerunt
2022 4372 2134 4428 illis

2250 1844 2379 1891 runt
2400 1844 2464 1906 te,
2495 1853 2649 1909 surge
2678 1838 2871 1909 itaque,
2894 1839 3137 1894 descende
3154 1846 3202 1896 et
3237 1840 3366 1895 vade
3382 1856 3500 1895 cum
3525 1839 3596 1894 eis
3631 1838 3776 1910 (Act.
3799 1855 3856 1907 x,

2256 1926 2340 1994 19,
2366 1926 2480 1999 20).
2513 1929 2554 1961 “
2588 1927 2855 1999 Spiritum
2886 1927 3034 1983 enim
3084 1929 3184 1985 Dei
3224 1929 3379 2002 quasi
3410 1928 3662 2003 quasdam
3695 1926 3856 1984 nobis

2252 2016 2416 2073 verba
2445 2015 2646 2085 dicere,
2676 2026 2757 2073 est
2785 2017 3002 2074 occulta
3031 2018 3088 2073 vi
3117 2034 3181 2075 ea
3209 2035 3331 2092 quas
3364 2018 3577 2090 agenda
3604 2026 3736 2075 sunt
3765 2017 3860 2074 in-

2249 2107 2467 2176 timare,
2498 2115 2552 2164 et
2579 2124 2673 2165 cor
2701 2105 2956 2164 hominis
2983 2107 3259 2181 ignarum,
3300 2124 3413 2164 non
3442 2106 3697 2165 adhibito
3724 2116 3862 2164 stre-

2251 2196 2371 2269 pitu
2398 2205 2453 2253 et
2478 2196 2738 2254 tarditate
2771 2198 3063 2265 sermonis,
3094 2197 3334 2269 peritum
3364 2204 3589 2269 repente
3635 2197 3706 2253 de
3741 2196 3860 2253 abs-

2252 2285 2489 2343 conditis
2513 2285 2757 2343 reddere.
2782 2287 2920 2343 Nam
2943 2287 3072 2360 quia
3092 2285 3314 2342 auditus
3334 2303 3398 2342 ea
3418 2302 3540 2359 qua:
3562 2285 3632 2342 ad
3646 2302 3703 2342 se
3719 2286 3861 2344 ﬁunt

2250 2392 2361 2432 non
2391 2375 2556 2433 simul
2589 2375 2779 2433 omnia
2807 2376 2959 2434 dicta
2991 2375 3441 2449 comprehendit,
3464 2377 3667 2449 quippe
3695 2376 3857 2449 quiet

2251 2481 2441 2523 causas
2469 2482 2565 2537 per
2586 2466 2773 2535 verba,
2806 2474 2861 2521 et
2890 2464 3272 2538 particulatim
3302 2466 3476 2523 verba
3503 2482 3599 2538 per
3621 2464 3858 2539 syllabas

2252 2556 2515 2629 percipit;
2548 2555 2701 2612 visus
2731 2563 2916 2612 autem
2945 2563 3133 2613 noster
3163 2556 3222 2611 in
3269 2571 3334 2611 eo
3380 2554 3533 2629 quod
3562 2572 3617 2612 se
3644 2555 3851 2628 dirigit,

2252 2654 2430 2703 totum
2461 2644 2647 2701 subito
2689 2651 2742 2701 et
2772 2644 2941 2700 simul
2985 2642 3381 2717 apprehendit;
3414 2646 3516 2701 Dei
3556 2644 3758 2702 locutio
3784 2643 3854 2701 ad

2253 2749 2353 2792 nos
2380 2734 2717 2791 intrinsecus
2734 2733 2882 2790 facta
2910 2734 3153 2803 videtur,
3173 2733 3354 2807 potius
3383 2751 3546 2808 quam
3575 2733 3851 2802 audiatur,

2251 2824 2378 2899 quia
2399 2824 2531 2881 dum
2557 2826 2603 2859 ¹²
2615 2825 2969 2897 semetipsum
2986 2825 3109 2882 sine
3123 2842 3272 2881 mora
3291 2825 3558 2881 sermonis
3578 2825 3849 2893 insinuat,

2250 2913 2535 2987 repentina
2562 2914 2683 2971 luce
2713 2922 2916 2971 nostra:
2946 2915 3272 2987 ignorantia
3308 2913 3557 2971 tenebras
3586 2913 3854 2972 illustrat.

2251 3005 2404 3061 Unde
2431 3012 2484 3061 et
2513 3004 2752 3072 Baruch,
2782 3005 2958 3062 Neria:
2986 3005 3156 3074 ﬁlius,
3190 3020 3313 3061 cum
3342 3004 3637 3078 requisitus
3663 3021 3853 3077 expc-

2250 3104 2403 3153 neret
2423 3094 2889 3170 quemadmodum
2912 3095 3082 3153 verba
3099 3097 3347 3153 Ieremia
3365 3094 3746 3168 prophetantis
3761 3111 3863 3150 au-

2248 3186 2437 3254 disset,
2471 3185 2581 3241 ait:
2614 3188 2706 3242 Ea:
2736 3202 2829 3241 ore
2855 3202 2951 3241 suo
2985 3187 3297 3259 loquebatur
3314 3186 3469 3257 quasi
3500 3187 3688 3259 legens,
3704 3192 3755 3241 et
3768 3202 3861 3257 ego

2248 3275 2544 3330 scribebam
2576 3273 2793 3346 (Jerem.
2826 3290 3029 3342 xxxvr,
3074 3276 3190 3348 18).
3224 3275 3329 3344 Qui
3357 3275 3506 3331 enim
3555 3275 3736 3347 legens
3763 3275 3861 3331 lo-

2248 3366 2458 3440 quitur,
2489 3364 2602 3421 alio
2649 3363 2916 3433 intendit,
2955 3364 3050 3421 sed
3097 3366 3209 3422 alio
3264 3364 3495 3421 verbum
3543 3365 3696 3435 facit,
3728 3366 3859 3439 quia

2247 3460 2396 3520 894
2421 3462 2569 3538 quod
2598 3461 2753 3519 videt
2782 3461 2941 3520 dicit.
2975 3463 3264 3538 Propheta:
3294 3481 3423 3539 ergo
3437 3464 3561 3534 Dei,
3592 3465 3718 3539 quia
3738 3463 3858 3536 ejus

2247 3556 2413 3611 verba
2441 3552 2633 3610 vident
2681 3553 2868 3625 potius
2913 3553 2971 3610 in
3017 3554 3183 3612 corde
3212 3571 3376 3629 quam
3410 3554 3666 3621 audiunt,
3699 3554 3853 3628 quasi

2246 3645 2483 3717 legentes
2513 3644 2838 3717 loquuntur.

2317 3734 2368 3790 3.
2417 3733 2683 3803 Quomodo
2725 3748 2827 3804 per
2865 3730 3078 3803 angelos
3123 3729 3268 3801 loqui
3311 3731 3497 3786 soleat.
3545 3731 3854 3802 Aliquando

2243 3824 2413 3881 verbis
2434 3824 2656 3888 utendo;
2675 3821 2965 3894 aliquando
2984 3819 3137 3874 rebus
3156 3836 3175 3884 ;
3192 3819 3488 3890 aliquando
3503 3818 3664 3875 simul
3682 3820 3855 3876 verbis

2243 3921 2292 3970 et
2305 3915 2482 3979 rebus;
2498 3912 2791 3983 aliquando
2820 3909 3138 3981 imaginibus
3166 3909 3346 3964 cordis
3363 3914 3458 3965 aut
3475 3909 3713 3981 corporis
3731 3926 3856 3965 ocu-

2245 4003 2311 4059 lis
2338 4001 2572 4057 ostensis.
2616 4029 2687 4040 —
2733 3998 2871 4056 Cum
2920 4014 3050 4055 vero
3082 4013 3178 4070 per
3222 3998 3480 4070 angelum
3511 3999 3852 4056 voluntatem

2242 4107 2396 4148 suam
2425 4088 2697 4145 Dominus
2741 4087 2970 4156 indicat,
3022 4088 3320 4162 aliquando
3348 4103 3469 4145 eam
3502 4088 3708 4158 verbis,
3738 4089 3854 4145 ali-

2242 4181 2462 4257 quando
2496 4179 2660 4235 rebus
2680 4179 3043 4250 demonstrat,
3071 4180 3370 4255 aliquando
3400 4182 3568 4239 simul
3589 4181 3773 4239 verbis
3797 4192 3853 4240 et

2241 4272 2424 4341 rebus,
2457 4270 2755 4345 aliquando
2795 4269 3138 4343 imaginibus
3168 4270 3349 4329 cordis
3378 4273 3555 4329 oculis
3594 4273 3849 4342 ostensis,

2240 4362 2539 4437 aliquando
2583 4361 2926 4434 imaginibus
2975 4370 3030 4419 et
3057 4369 3184 4419 ante
3227 4379 3516 4436 corporeos
3561 4363 3754 4421 oculos
3780 4364 3849 4421 ad

530 4462 818 4537 dispertita
865 4464 1057 4538 linguae
1095 4463 1250 4538 quasi
1272 4463 1431 4538 ignis,
1444 4464 1677 4537 seditque
1700 4481 1868 4537 supra
1888 4465 2127 4537 singulos
2162 4492 2209 4550 D
2238 4466 2453 4550 tempus
2481 4472 2556 4550 ex
2567 4471 2691 4550 aere
2711 4456 3036 4550 assumptis,
3060 4455 3365 4550 aliquando
3382 4453 3707 4550 cmlestibus
3723 4453 3851 4512 sub-

528 4570 710 4611 eorum
723 4551 918 4627 (Actu,
940 4554 992 4625 3,
1009 4555 1090 4629 4).
1107 4555 1208 4615 Per
1223 4553 1407 4628 ignem
1424 4553 1648 4630 quidem
1668 4554 1942 4614 Dominus
1958 4570 2121 4630 appa-

603 4752 619 4787 ¹
652 4749 756 4807 Hic
784 4765 953 4808 manu
979 4756 1322 4808 exartortum
1352 4765 1465 4808 non
1502 4764 1612 4806 una
1648 4756 1733 4806 est
1762 4749 1948 4807 lectio.
1988 4752 2122 4810 Mss.

527 4822 746 4895 Anglic.
770 4821 975 4879 habent
994 4841 1005 4878 :
1029 4821 1157 4895 quia
1231 4837 1361 4895 sano
1380 4828 1534 4895 atque
1550 4820 2129 4895 incolumiloqueretur

526 4913 592 4952 ea:
623 4892 1315 4967 tranquillitate,’dominica
1347 4894 1536 4967 locutio
1564 4892 1709 4962 facta
1754 4893 2050 4967 diceretur;
2081 4904 2129 4950 et

525 4963 859 5038 nequaquam
888 4967 951 5023 de
980 4964 1186 5021 turbine
1216 4964 1474 5038 Dominus
1505 4965 1706 5038 locutus
1736 4963 1901 5034 fuisse
1926 4966 2124 5038 scribe-

527 5034 841 5110 ret—urfSed
864 5040 992 5110 quia
1017 5038 1303 5110 ﬂagellato.
1347 5037 1406 5092 In
1423 5034 1667 5110 Longip.
1699 5051 1938 5110 quoque,
1962 5037 2125 5095 Corb.

527 5056 696 5094 retur.
740 5056 841 5096 ὅσα
900 5056 992 5095 illa
1017 5056 1303 5109 ﬂagellato.
1347 5056 1406 5092 Ill
1435 5056 1667 5108 Longlp.
1699 5056 1938 5110 quoque,
1962 5056 2125 5095 ωτι).

527 5108 711 5184 Germ.
742 5125 806 5168 ac
834 5056 1361 5184 p1erisquelegit_ur_:
1386 5107 1857 5184 si..._loqueretur,
1885 5125 1951 5184 ea:
1981 5115 2128 5184 tran-

560 5180 787 5235 uillitate
815 5178 1076 5237 dominica
1104 5178 1294 5238 locutio
1322 5179 1467 5249 facta
1492 5178 1619 5246 dia,
1649 5186 1707 5234 ut
1733 5180 1897 5235 etiam
1926 5178 2130 5237 habent

617 5250 699 5307 iti.
723 5251 1127 5310 Simoliciorem
1158 5252 1449 5309 lectionem
1479 5250 1655 5307 secuti
1684 5267 1876 5307 sumus
1901 5266 2021 5310 quae
2048 5261 2129 5308 est

527 5317 656 5393 ᾔδει.
721 5317 981 5393 Vindoc.,
1034 5324 1285 5390 Ebroic.,
1342 5323 1566 5390 Pratel.,
1615 5322 1756 5393 Utic.
1789 5329 1844 5377 et
1889 5317 2128 5380 aliorum

527 5390 743 5469 Norm.,
766 5390 1070 5469 aeternique
1099 5403 1161 5469 ut
1188 5393 1560 5452 additamenta
1589 5392 1899 5466 rejecimus.

599 5463 623 5540 ξ
653 5461 881 5540 l’ratel.,
909 5461 1259 5540 exprimitur.

602 5533 623 5568 ³
651 5532 931 5605 Ιλᾼξαάαήο,
966 5532 1169 5595 ᾰηεπια.

602 5605 623 5639 ι
647 5601 1226 5678 gVindoc.,’Laudun.,
1258 5612 1482 5678 Pratel.,
1524 5608 1689 5668 Corb.
1728 5610 1941 5677 Germ.,
1997 5614 2128 5673 etc.,

530 5676 697 5762 lauda
725 5683 778 5758 et
792 5680 1001 5762 latore,
1024 5689 1094 5761 ut.
1114 5676 1313 5762 legitur
1341 5683 1399 5762 in
1422 5676 1675 5762 Vulgata.

600 5750 621 5787 ⁵
655 5749 948 5833 Omittitur
976 5750 1142 5807 veniet
1165 5749 1222 5808 in
1251 5749 1721 5833 Laudun.,'Corb.
1765 5753 1975 5821 Germ.,
2000 5751 2129 5805 Pra-

2240 4545 2478 4617 stautiis,
2509 4544 2805 4620 aliquando
2836 4544 3105 4614 terrenis;
3139 4544 3439 4619 aliquando
3468 4543 3636 4601 simul
3665 4551 3849 4600 terre-

2236 4748 2531 4829 tel‘.,‘l.ltic.
2594 4818 2604 4828 .
2668 4818 2678 4829 .
2767 4817 2778 4829 I
2858 4817 2871 4829 _
3095 4814 3131 4829 ν

2307 4815 2472 4885 “VAL,
2511 4818 2637 4888 quia
2660 4818 2715 4871 in
2744 4817 2951 4872 duobus
2988 4815 3178 4871 modis.

2308 4892 2328 4925 ⁷
2360 4885 2534 4954 Editi,
2564 4890 2679 4943 sola
2707 4888 2855 4942 nobis
2886 4888 2981 4942 vis.
3017 4888 3209 4943 Lectio
3238 4895 3446 4955 nostra,
3470 4904 3593 4955 qua;
3611 4893 3699 4943 est
3712 4885 3843 4941 Mss.

2238 4960 2399 5018 Corb.
2435 4961 2647 5026 Germ.,
2686 4959 2928 5027 Turon.,
2968 4959 3191 5027 Pratel.,
3237 4967 3368 5028 etc.,
3412 4959 3697 5015 meliorem
3726 4973 3846 5014 sen-

2238 5050 2361 5088 sum
2393 5032 2665 5087 continet.

2275 5175 2284 5185 _
2311 5105 2331 5138 ⁸
2364 5102 2627 5170 Vindoc.,
2658 5101 2863 5171 Laud.,
2895 5102 3093 5159 Pratel.
3128 5110 3181 5158 et
3212 5101 3374 5160 Corb.
3423 5102 3636 5170 Germ.,
3667 5101 3723 5181 in
3752 5099 3847 5155 in—

2244 5183 2396 5230 lima.

2309 5250 2329 5283 ⁹
2352 5246 2531 5319 Laud.
2564 5256 2618 5304 et
2645 5246 2915 5319 Longip.,
2949 5246 3093 5315 libet,
3118 5262 3218 5319 pro
3240 5247 3387 5302 levet.
3416 5247 3480 5303 In
3500 5243 3649 5302 Edit.
3672 5243 3842 5299 Basil.

2242 5318 2397 5386 1514,
2432 5321 2595 5375 lavat.

2316 5391 2359 5424 ¹⁰
2392 5390 2649 5458 Vindoc.,
2685 5390 2888 5446 librum
2908 5390 3085 5446 Isaia.

2312 5463 2355 5543 f‘
2390 5462 2552 5589 Ἐπὶ).
2585 5456 2793 5529 Germ.,
2825 5462 3052 5531 Pratel.,
3085 5461 3310 5519 Ebroic.
3360 5467 3415 5516 et
3457 5459 3576 5527 alii,
3624 5456 3848 5543 spiritui

2312 5550 2375 5586 Im
2453 5550 2518 5588 et.

2238 5549 2375 5589 enim
2402 5549 2518 5589 νει.

2320 5605 2364 5640 ³³
2396 5603 2558 5662 Corb.
2593 5604 2801 5672 Germ.,
2826 5604 3047 5662 Ebroic.
3070 5613 3124 5661 et
3143 5604 3237 5661 alii
3259 5604 3475 5671 Norm.,
3492 5602 3843 5673 semetipsum,

2241 5675 2387 5752 quod
2419 5676 2483 5733 ad
2518 5676 2855 5734 locutionem
2886 5678 3139 5734 refertur.
