4152 6182
312 288 420 345 449

983 289 1355 347 MORALIUM
1393 291 1525 347 LIB.
1570 291 1826 348 XXVIII.
1868 322 1937 332 —
1977 291 2048 348 IN
2099 292 2329 350 CAPUT
2367 293 2663 352 XXXVIII
2700 295 2764 351 B.
2806 293 2953 351 IOB.

3521 298 3627 356 450
3676 354 3689 363 .

310 413 457 471 renis
502 420 560 470 et
606 411 936 471 coalestibus.
984 414 1393 488 Nonnunquam
1428 431 1559 472 vero
1605 417 1771 474 etiam
1823 433 1919 490 per
1945 420 1997 480 A
2025 420 2390 489 sermonibus,
2421 421 2515 477 sed
2544 422 2709 478 etiam
2739 419 2903 478 rebus
2929 424 3189 494 aperiret,
3222 431 3492 498 quatenus
3512 441 3630 498 pec.

306 504 567 577 angelum
598 502 859 560 humanis
882 503 1138 561 cordibus
1164 505 1241 562 ita
1269 505 1516 580 loquitur
1533 509 1698 577 Deus,
1720 518 1783 566 ut
1802 509 1916 582 ipse

307 610 532 669 quoque
559 593 788 666 angelus
817 593 1018 650 mentis
1048 594 1337 652 obtutibus
1363 605 1743 669 praesentetur.

379 686 435 743 4.
486 684 685 744 Verbis
729 701 967 760 namque
1007 702 1104 759 per
1148 688 1401 761 angelum
1451 690 1697 763 loquitur
1748 691 1913 759 Deus,

306 795 433 836 cum
468 777 550 834 nil
580 777 639 834 in
670 776 915 851 imagine
942 778 1275 849 ostenditur,
1316 780 1411 837 sed
1451 798 1700 855 supernae
1747 782 1917 838 verba

310 868 612 926 locutionis
639 868 968 939 audiuntur,
999 871 1144 928 sicut
1172 871 1390 928 dicente
1410 872 1647 929 Domino
1681 890 1693 928 :
1728 874 1913 939 Pater,

304 958 549 1031 clari/ica
564 957 770 1014 Filium
786 962 1017 1026 tuum,ut
1033 965 1082 1014 et
1098 960 1272 1015 Filius
1295 967 1416 1016 tuus
1432 961 1689 1034 clariﬁcet
1709 968 1773 1030 te,
1788 978 1916 1034 pro-

306 1050 463 1106 tinus
495 1047 862 1123 respondetur
890 1066 902 1103 :
955 1050 1289 1123 Clariﬁcavi,
1320 1058 1370 1108 et
1388 1052 1580 1107 iterum
1613 1051 1915 1126 clariﬁcabo

307 1141 495 1213 (Joau.
532 1156 677 1209 xvu,
712 1139 790 1213 1).
818 1140 1003 1213 Neque
1026 1140 1175 1196 enim
1195 1143 1362 1211 Deus,
1394 1142 1490 1215 qui
1520 1142 1639 1199 sine
1666 1149 1916 1215 tempore

306 1233 364 1289 vi
395 1231 758 1305 impulsionis
785 1228 998 1289 intimae
1029 1233 1248 1303 clamat,
1281 1234 1340 1290 in
1368 1242 1613 1307 tempore
1641 1250 1737 1307 per
1761 1251 1913 1291 suam

306 1322 837 1381 substantiamillam
853 1338 1045 1380 vocem
1062 1322 1425 1397 edidit,quam
1442 1324 1915 1397 circumscriptam

306 1420 557 1487 tempore
590 1428 686 1486 per
714 1411 960 1468 humana
990 1412 1161 1469 verba
1189 1412 1469 1482 distinxit,
1502 1413 1595 1470 sed
1624 1413 1916 1482 nimirum,

306 1501 695 1560 dectelestibus
711 1501 1134 1574 loquens,verba
1146 1518 1245 1560 sua
1259 1519 1379 1576 quae
1393 1503 1461 1559 ab
1476 1502 1798 1560 hominibus
1825 1519 1916 1559 au-

306 1592 416 1648 diri
437 1591 620 1649 voluit
649 1591 908 1648 rationali
924 1599 1175 1649 creatura
1189 1592 1615 1651 administrante
1628 1593 1917 1651 formavit.

379 1683 433 1739 5.
479 1681 798 1755 Aliquando
846 1680 1010 1738 rebus
1062 1698 1159 1754 per
1207 1684 1431 1755 angelos
1472 1684 1718 1758 loquitur
1752 1686 1915 1752 Deus,

2028 520 2179 569 cator
2206 511 2373 569 homo
2418 519 2473 569 et
2516 528 2615 585 per
2660 511 2827 569 verba
2872 512 3021 584 quod
3060 513 3265 570 fecerat
3309 517 3546 586 audiret,
3574 523 3631 572 et

2028 620 2124 677 per
2151 601 2675 671 deambulationem,
2699 601 2900 659 amisso
2921 604 3243 660 aeternitatis
3260 610 3430 672 statu,
3452 612 3629 662 muta-

2027 692 2260 749 bilitatis
2286 709 2398 749 suae
2446 692 2875 749 inconstantiam
2907 698 3174 761 cerneret,
3206 699 3260 748 et
3291 707 3388 765 per
3412 709 3626 763 auram,

2026 779 2242 837 fervore
2270 780 2555 837 charitatis
2585 781 2837 854 expulso,
2864 788 3144 854 torporem
3175 797 3338 837 suum
3367 780 3628 839 animad-

2025 877 2282 938 verteret,
2303 877 2356 926 et
2384 885 2481 943 per
2509 869 2936 928 declinationem
2955 870 3089 928 solis
3105 879 3455 943 cognosceret
3478 868 3627 943 quod

2025 958 2094 1015 ad
2123 958 2377 1015 tenebras
2404 958 2820 1033 propinquaret.

2100 1048 2240 1123 [νει.
2268 1052 2303 1107 Ι
2309 1050 2395 1124 ιζ]
2427 1053 2478 1106 7.
2524 1049 2843 1125 Aliquando
2872 1050 3206 1124 imaginibus
3235 1050 3419 1109 cordis
3454 1050 3631 1110 oculis

2026 1138 2259 1195 ostensis
2289 1154 2387 1209 per
2412 1139 2635 1211 angelos
2663 1138 2911 1212 loquitur
2936 1141 3102 1210 Deus,
3141 1140 3284 1198 sicut
3310 1139 3477 1198 Jacob
3504 1141 3630 1198 sub-

2027 1226 2216 1285 nixam
2245 1228 2385 1285 cale
2431 1228 2633 1285 scalam
2677 1227 2956 1287 dormiens
3005 1230 3146 1287 vidit
3186 1232 3395 1304 (Gener.
3426 1246 3630 1300 xxvm,

2032 1317 2161 1390 l2);
2207 1316 2354 1374 sicut
2380 1316 2573 1374 Petrus
2621 1317 2853 1375 linteum
2883 1318 3175 1391 reptilibus
3218 1336 3283 1377 ac
3312 1318 3633 1393 quadrupe-

2030 1407 2193 1466 dibus
2221 1408 2444 1480 plenum
2474 1406 2534 1464 in
2562 1409 2756 1466 ecstasi
2786 1416 2975 1482 raptus
3020 1410 3237 1481 aspexit
3277 1408 3418 1480 (Act.
3450 1426 3509 1476 x,
3542 1409 3633 1480 ll,

2032 1498 2146 1571 i2),
2177 1498 2273 1571 qui
2301 1498 2409 1554 nisi
2439 1497 2779 1571 incorporeis
2802 1499 2980 1555 oculis
3008 1498 3127 1555 haec
3156 1505 3426 1562 cerneret,
3460 1496 3518 1552 in
3548 1512 3634 1554 ec-

2027 1587 2161 1644 stasi
2188 1604 2304 1645 non
2332 1587 2560 1656 fuisset;
2602 1587 2747 1646 sicut
2795 1588 2966 1645 Paulo
3006 1588 3065 1644 in
3094 1587 3310 1645 visione
3338 1585 3518 1643 noctis
3549 1585 3635 1641 vir

2028 1679 2252 1736 Macedo
2283 1679 2538 1752 apparuit
2567 1678 2708 1751 (Act.
2747 1695 2869 1748 xvr,
2910 1679 2993 1753 9),
3024 1677 3118 1752 qui
3146 1677 3381 1735 transire
3420 1692 3547 1734 eum
3577 1673 3638 1731 in

309 1788 437 1830 cum
462 1771 543 1828 nil
576 1770 744 1827 verbo
773 1769 1002 1838 dicitur,
1032 1771 1128 1827 sed
1157 1788 1220 1828 ea
1272 1789 1393 1846 quae
1422 1771 1608 1829 futura
1636 1780 1786 1841 sunt,
1821 1788 1918 1828 as-
1944 1782 1991 1843 Β
2028 1764 2405 1828 Macedoniam
2434 1771 2668 1842 rogavit.
2710 1769 3033 1843 Aliquando
3068 1768 3406 1843 imaginibus
3430 1774 3484 1824 et
3510 1773 3638 1825 ante

306 1869 532 1936 sumpta
559 1861 625 1919 de
641 1859 925 1917 elementis
953 1859 1212 1933 imagine,
1237 1861 1566 1917 nuntiantur
1584 1880 1597 1930 ;
1615 1861 1760 1919 sicut
1780 1861 1909 1917 Eze-

2020 1874 2314 1931 corporeos
2362 1860 2552 1917 oculos
2580 1859 2648 1916 ad
2690 1867 2908 1932 tempus
2951 1875 3021 1915 ex
3050 1876 3173 1916 aere
3216 1856 3513 1930 assumptis
3542 1869 3639 1928 per

306 1949 486 2019 chiel,
510 1950 590 2006 nil
607 1950 894 2008 verborum
916 1948 1169 2019 audiens,
1188 1949 1377 2007 electri
1394 1950 1631 2023 speciem
1650 1951 1706 2007 in
1728 1950 1912 2008 medio
2022 1949 2243 2022 angelos
2290 1949 2539 2022 loquitur
2576 1951 2743 2018 Deus,
2779 1949 2924 2005 sicut
2969 1947 3250 2005 Abraham
3298 1962 3412 2003 non
3454 1945 3635 2002 solum

308 2039 459 2113 ignis
489 2039 658 2107 vidit;
688 2047 751 2096 ut
776 2038 1037 2095 videlicet
1064 2037 1199 2095 dum
1229 2040 1403 2096 solam
1435 2041 1673 2113 speciem
1694 2040 1915 2111 aspice-
2024 2042 2137 2096 tres
2163 2038 2315 2095 viros
2337 2038 2525 2095 videre
2544 2038 2746 2112 potuit,
2767 2037 2862 2095 sed
2882 2037 3046 2094 etiam
3070 2036 3387 2094 habitaculo
3414 2041 3633 2092 terreno

311 2136 542 2204 ret,quae
564 2137 744 2186 essent
760 2129 818 2185 in
835 2128 1156 2187 novissimis
1175 2138 1412 2188 ventura
1446 2131 1676 2188 sentiret
1694 2129 1912 2204 (Ezech.

315 2236 357 2287 ι,
388 2219 467 2292 li).
500 2220 787 2277 Electrum
819 2221 1023 2294 quippe
1069 2236 1141 2277 ex
1196 2222 1316 2277 auri
1345 2223 1665 2295 argentique
1694 2221 1918 2277 metallo

315 2309 599 2381 miscetur,
629 2310 689 2367 in
719 2327 828 2385 qua
855 2311 1213 2384 permistione
1242 2320 1528 2384 argentum
1559 2309 1783 2385 quidem
1813 2310 1919 2366 cla-

312 2401 432 2458 rius
458 2401 731 2472 redditur,
780 2402 876 2459 sed
928 2412 1113 2460 tamen
1157 2402 1341 2477 fulgor
1386 2405 1511 2461 auri
1560 2410 1916 2476 temperatur.

316 2491 468 2560 Quid
496 2508 627 2566 ergo
657 2493 716 2548 in
760 2494 964 2549 electro
986 2494 1097 2549 nisi
1128 2493 1399 2549 mediator
1423 2494 1527 2549 Dei
1554 2501 1609 2549 et
1632 2493 1923 2549 hominum

314 2582 771 2639 demonstratur?
792 2582 897 2649 Qui
917 2581 1050 2638 dum
1073 2582 1427 2654 semetipsum
1458 2582 1621 2638 nobis
1649 2598 1720 2639 ex
1736 2582 1927 2639 divina

312 2680 492 2744 atque
522 2670 767 2726 humana
793 2679 989 2728 natura
1017 2672 1347 2745 composuit,
1395 2680 1450 2728 et
1491 2671 1788 2730 humanam
1833 2689 1929 2747 per

309 2760 586 2816 deitatem
616 2760 905 2817 clariorem
935 2761 1199 2831 reddidit,
1231 2768 1285 2817 et
1311 2760 1559 2818 divinam
1588 2778 1686 2835 per
1721 2761 1929 2819 huma—

316 2850 553 2906 nitatem
610 2850 816 2907 nostris
844 2850 1156 2924 aspectibus
1199 2852 1545 2924 temperavit.
1597 2852 1737 2921 Quia
1777 2853 1924 2909 enim

318 2942 530 2996 virtute
548 2939 864 2997 divinitatis
883 2940 1001 3013 ejus
1020 2948 1106 2997 tot
1127 2942 1409 2999 miraculis
1424 2942 1740 3011 humanitas
1750 2943 1927 3014 fulsit,

322 3050 394 3090 ex
420 3048 559 3089 auro
589 3032 766 3089 crevit
794 3040 1115 3105 argentum;
1151 3042 1207 3089 et
1234 3035 1387 3107 quod
1411 3051 1510 3107 per
1538 3052 1757 3093 carnem
1785 3038 1932 3093 Deus

2025 2129 2323 2202 suscipere,
2346 2135 2400 2183 et
2428 2143 2542 2184 non
2571 2128 2749 2184 solum
2780 2126 3076 2198 suscipere,
3094 2125 3190 2184 sed
3219 2141 3411 2183 eorum
3441 2122 3637 2181 usibus

2029 2222 2196 2278 etiam
2227 2219 2379 2275 cibos
2398 2217 2660 2274 adhibere
2689 2218 2900 2290 (Genes.
2918 2235 3083 2286 xvm,
3105 2218 3159 2285 2,
3175 2215 3464 2288 seq.).Nisi
3484 2215 3635 2271 enim

2031 2308 2229 2384 Angeli
2258 2306 2510 2383 quaedam
2532 2308 2553 2343 ι
2575 2305 2735 2362 nobis
2757 2308 2972 2362 interna
2995 2304 3314 2362 nuntiantes
3329 2303 3398 2360 ad
3418 2311 3638 2374 tempus

2032 2415 2103 2456 ex
2157 2414 2281 2455 aere
2330 2413 2562 2470 corpora
2615 2403 2918 2465 sumerent,
2963 2393 3334 2452 exterioribus
3387 2394 3636 2466 profecto

2034 2488 2240 2545 nostris
2282 2486 2570 2544 obtutibus
2598 2503 2709 2543 non
2758 2493 3110 2559 apparerent;
3161 2500 3265 2542 nec
3309 2482 3465 2540 cibos
3508 2495 3635 2539 cum

2036 2580 2315 2638 Abraham
2345 2588 2620 2653 caperent,
2643 2578 2751 2636 nisi
2781 2586 3002 2651 propter
3028 2594 3129 2634 nos
3155 2574 3395 2633 solidum
3424 2570 3638 2647 aliquid

2038 2688 2107 2728 ex
2134 2671 2344 2729 caelesti
2372 2671 2645 2727 elemento
2675 2676 2965 2743 gestarent.
2996 2666 3107 2725 Nec
3127 2665 3329 2723 mirum
3353 2662 3502 2737 quod
3521 2662 3641 2721 illic

2040 2760 2143 2834 ipsi
2174 2761 2269 2834 qui
2298 2760 2537 2833 suscepti
2566 2768 2716 2828 sunt,
2749 2757 2914 2815 modo
2942 2756 3144 2830 angeli,
3174 2753 3340 2811 modo
3367 2752 3641 2810 Dominus

2041 2859 2331 2919 vocantur,
2373 2850 2504 2923 quia
2558 2849 2878 2922 angelorum
2926 2845 3197 2904 vocabulo
3251 2841 3643 2915 exprimuntur

2040 2940 2136 3013 qui
2182 2938 2427 2997 exterius
2471 2937 2878 3005 ministrabant,
2918 2942 2973 2992 et
3004 2931 3371 3007 appellatione
3415 2930 3640 2988 Domini

2042 3028 2353 3086 ostenditur
2381 3026 2476 3100 qui
2509 3027 2588 3083 eis
2617 3025 2851 3082 interius
2878 3030 3127 3097 praerat,
3155 3029 3219 3078 ut
3238 3036 3333 3093 per
3356 3020 3463 3077 hoc
3488 3035 3645 3093 pra:-

320 3122 579 3196 cognosci
605 3122 807 3195 potuit,
833 3122 1089 3196 quodque
1120 3140 1218 3196 per
1240 3140 1461 3181 carnem
1490 3132 1571 3181 tot
1596 3124 1824 3182 adversa
1852 3135 1930 3183 to-
1963 3149 2007 3210 ο
2042 3118 2272 3210 sidentis
2290 3115 2608 3210 imperium,
2638 3121 2694 3171 et
2716 3130 2815 3189 per
2841 3112 2983 3171 illud
3010 3110 3365 3170 claresceret'5
3395 3108 3641 3167 ofﬁcium

322 3213 538 3281 leravit,
590 3213 749 3285 quasi
796 3228 867 3269 ex
904 3220 1133 3285 argento
1181 3220 1543 3287 temperatum
1590 3221 1671 3272 est
1712 3232 1928 3273 aurum.

323 3301 481 3371 Quod
496 3300 639 3358 bene
668 3308 721 3357 et
751 3301 810 3357 in
839 3300 1023 3358 medio
1045 3301 1190 3374 ignis
1225 3301 1553 3372 ostenditur,
1586 3304 1716 3377 quia
1743 3303 1933 3360 incar—

324 3391 568 3449 nationis
595 3390 713 3463 ejus
734 3392 1061 3465 mysterium
1084 3390 1471 3465 subsequentis
1477 3392 1681 3464 judicii
1710 3393 1933 3449 ﬂamma

323 3481 642 3539 comitatur.
675 3482 951 3556 Scriptum
982 3483 1187 3557 quippe
1237 3491 1319 3539 est
1350 3502 1361 3539 :
1396 3485 1557 3539 Pater
1600 3500 1708 3538 non
1727 3483 1939 3552 judico;

323 3573 751 3643 quemquam,sed
773 3589 922 3629 omne
933 3572 1202 3643 judicium
1225 3573 1368 3629 dedit
1384 3573 1528 3629 Filio
1553 3571 1733 3644 (Joan.
1757 3571 1935 3645 v,22).

403 3658 546 3734 [νει.
564 3660 698 3734 ΙΙΙ.]
726 3661 780 3717 6.
816 3661 1140 3734 Aliquando
1169 3677 1267 3733 per
1305 3661 1529 3733 angelos
1558 3661 1744 3718 verbis
1772 3660 1939 3717 simul

327 3757 387 3806 et
419 3748 582 3806 rebus
608 3750 851 3823 loquitur
874 3752 1043 3819 Deus,
1078 3764 1208 3805 cum
1240 3748 1573 3821 quibusdam
1594 3750 1840 3806 motibus
1858 3750 1940 3806 in-

327 3840 518 3897 sinuat
546 3838 650 3896 hoc
694 3839 843 3913 quod
877 3839 1238 3895 sermonibus
1284 3847 1489 3895 narrat.
1528 3842 1543 3877 ¹
1575 3839 1765 3912 Neque
1794 3838 1941 3895 enim

330 3928 509 3986 Adam
534 3936 657 4002 post
684 3930 903 4002 culpam
933 3929 992 3986 in
1039 3926 1355 3985 divinitatis
1401 3927 1710 3984 substantia
1751 3927 1943 3985 audire

329 4020 633 4078 Dominum
663 4020 867 4094 potuit,
898 4017 993 4077 sed
1022 4018 1415 4092 increpationis
1443 4019 1611 4076 verba
1640 4036 1739 4092 per
1784 4035 1942 4093 ange-

333 4111 450 4167 lum
482 4109 718 4179 audivit,
748 4109 815 4166 de
844 4125 954 4183 quo
981 4109 1247 4182 scriptum
1277 4117 1359 4166 est
1390 4127 1402 4166 :
1440 4110 1573 4167 Cum
1599 4110 1833 4166 audisset
1857 4126 1943 4164 oo.

334 4217 441 4256 cem
457 4199 675 4257 Domini
687 4199 789 4255 Dei
810 4199 831 4234 ³
851 4199 1239 4255 deambulantis
1280 4199 1340 4253 in
1364 4200 1624 4271 paradiso
1652 4200 1723 4255 ad
1750 4215 1945 4255 auram

333 4296 454 4362 post
486 4289 779 4357 meridiem,
806 4287 1079 4345 abscondit
1104 4304 1157 4342 se
1184 4288 1323 4343 inter
1354 4288 1498 4359 ligna
1538 4290 1789 4361 paradisi
1819 4289 1943 4362 (Ge-

2041 3207 2498 3267 ministrantium.

2116 3297 2256 3374 [νει.
2298 3296 2384 3372 V.]
2415 3297 2469 3354 8.
2512 3296 2661 3355 Varii
2688 3295 2789 3352 alii
2835 3293 2980 3351 modi
3017 3292 3209 3365 quibus
3235 3289 3378 3348 Deus
3408 3288 3648 3361 loquitur

2043 3388 2356 3445 hominibus.
2378 3419 2449 3430 ——
2477 3384 2792 3460 Aliquando
2821 3383 3135 3444 cmlestibus
3165 3379 3488 3439 substantiis
3510 3381 3531 3416 ⁶
3551 3394 3648 3451 per

2045 3481 2266 3553 angelos
2296 3478 2541 3554 loquitur
2558 3481 2723 3545 Deus,
2751 3477 2916 3543 sicut,
2937 3476 3212 3550 baptizata
3231 3471 3492 3539 Domino,
3510 3468 3647 3525 scri-

2046 3579 2203 3644 ptum
2233 3578 2315 3628 est
2342 3570 2472 3644 quia
2499 3570 2566 3627 de
2595 3569 2742 3626 nube
2772 3586 2886 3627 vox
2931 3569 3139 3637 sonuit,
3168 3565 3394 3627 dicens:
3437 3564 3538 3620 Hic
3576 3564 3652 3618 est

2050 3666 2224 3722 Filius
2262 3682 2406 3722 meus
2446 3664 2686 3729 dilectus,
2726 3663 2784 3717 in
2826 3678 2930 3733 quo
2969 3662 3141 3717 nu'hi'I
3187 3660 3308 3715 bene
3357 3654 3651 3729 complacui

2052 3754 2264 3827 (Matth.
2294 3771 2379 3822 ιιι,
2404 3754 2517 3825 17).
2549 3750 2865 3824 Aliquando
2892 3750 3127 3806 terrenis
3154 3744 3480 3804 substantiis
3505 3746 3526 3780 ⁸
3554 3758 3652 3815 per

2050 3844 2271 3916 angelos
2297 3842 2548 3914 loquitur
2573 3841 2741 3908 Deus,
2773 3838 2917 3895 sicut
2945 3854 3073 3894 cum
3103 3835 3323 3891 Balaam
3360 3829 3650 3903 corripuit,

2052 3935 2109 3992 in
2140 3950 2233 3991 ore
2261 3931 2427 3989 asinae
2474 3929 2718 3985 humana
2757 3925 2926 3982 verba
2971 3921 3235 3981 formavit
3274 3921 3460 3995 (Num.
3506 3934 3650 3988 xxn,

2051 4025 2167 4099 28).
2207 4019 2525 4096 Aliquando
2555 4018 2720 4075 simul
2750 4024 2803 4073 et
2831 4014 3065 4073 terrenis
3093 4020 3147 4070 et
3175 4010 3490 4069 cmlestibus
3527 4007 3653 4066 sub-

2052 4112 2271 4173 stantiis
2298 4128 2393 4186 per
2419 4109 2639 4182 angelos
2668 4106 2916 4181 loquitur
2941 4107 3109 4173 Deus,
3152 4101 3295 4159 sicut
3331 4099 3400 4157 ad
3426 4101 3653 4173 Moysen

2053 4207 2111 4263 in
2140 4210 2326 4262 monte
2379 4218 2506 4260 cum
2555 4198 2821 4272 jussionis
2867 4213 2979 4254 suae
3019 4193 3187 4251 verba
3231 4190 3426 4260 edidit,
3472 4191 3655 4263 ignem

2054 4296 2362 4368 rubumque
2390 4289 2646 4359 sociavit,
2677 4295 2839 4362 atque
2869 4285 3021 4343 aliud
3049 4282 3322 4358 superius,
3370 4278 3524 4337 aliud
3557 4279 3657 4335 in-

335 4397 447 4436 nes.
471 4395 556 4449 ιιι,
579 4380 660 4453 8).
685 4377 834 4447 Quid
862 4384 943 4434 est
957 4377 1104 4434 enim
1130 4376 1278 4451 quod
1306 4385 1431 4450 post
1450 4387 1733 4449 peccatum
1751 4378 1948 4435 homi-
2056 4387 2225 4443 ferius
2248 4382 2441 4457 junxit
2473 4380 2676 4453 (Exod.
2708 4396 2795 4447 ιιι,
2818 4379 2899 4451 2).
2932 4375 3092 4445 Quod
3111 4383 3295 4431 tamen
3314 4378 3452 4429 tunc
3474 4370 3653 4428 solum

336 4470 428 4527 nis
454 4470 513 4525 in
539 4468 791 4543 paradiso
820 4467 1089 4525 Dominus
1120 4466 1236 4540 jam
1259 4483 1367 4524 non
1401 4474 1528 4536 stat,
1560 4466 1652 4523 sed
1683 4466 1942 4523 deambu-

337 4560 439 4630 lat,
471 4560 582 4615 nisi
605 4558 753 4634 quod
783 4558 1028 4614 irruente
1073 4558 1239 4629 culpa
1267 4558 1288 4592 ³
1327 4572 1383 4613 se
1410 4572 1443 4613 a
1484 4555 1668 4614 cordis
1697 4555 1941 4614 hominis

342 4657 555 4706 motum
586 4649 925 4706 demonstrat
953 4647 981 4705 εἰ
1009 4645 1159 4715 Quid
1187 4652 1269 4702 est
1296 4645 1445 4720 quod
1491 4644 1560 4703 ad
1606 4661 1794 4702 auram
1823 4654 1945 4718 post

340 4739 652 4809 meridiem,
682 4739 792 4796 nisi
838 4744 984 4803 895
1033 4734 1181 4810 quod
1209 4735 1309 4792 lux
1348 4734 1652 4792 ferventior
1696 4735 1947 4792 veritatis

342 4837 695 4909 abscesserat,
722 4845 777 4894 et
801 4836 1162 4911 peccatricem
1205 4834 1446 4891 animam
1492 4832 1666 4906 culpae
1696 4849 1808 4889 suae
1836 4832 1948 4889 fri-

346 4946 478 5002 gora
500 4928 950 5002 constringebant
963 4928 993 4984 ‘I
1011 4925 1325 4999 Increpavit
1342 4941 1472 4999 ergo
1492 4923 1668 4981 Adam
1688 4924 1947 4982 deambu-

346 5018 489 5088 lans,
522 5027 585 5076 ut
602 5018 763 5077 caecis
796 5017 1075 5075 mentibus
1108 5015 1410 5089 nequitiam
1443 5030 1599 5072 suam
1627 5030 1737 5071 non
1767 5014 1947 5072 solum

429 5201 445 5237 ¹
479 5199 631 5258 Εάἰιί
662 5217 789 5259 cum
818 5199 979 5258 Corb.
1014 5199 1221 5267 Germ.,
1252 5214 1414 5269 neque
1441 5197 1577 5253 enim
1596 5197 1838 5269 Adam...
1871 5197 1948 5252 vi-

2060 4477 2262 4549 agitur,
2293 4488 2421 4530 cum
2451 4487 2521 4526 ex
2550 4470 2670 4542 ipsa
2708 4466 2921 4541 aliquid
2958 4463 3352 4537 conjunctione
3385 4462 3654 4535 signatur.

2054 4570 2193 4628 Nam
2224 4581 2321 4639 per
2346 4576 2672 4619 succensum
2700 4558 2901 4616 rubum
2929 4558 3158 4631 Moysen
3188 4556 3493 4629 alloquens,
3524 4550 3659 4626 quid

2053 4656 2209 4717 aliud
2239 4652 2502 4722 ostendit,
2534 4650 2642 4708 nisi
2672 4649 2820 4725 quod
2862 4649 2980 4723 ejus
3007 4648 3198 4722 populi
3227 4649 3249 4685 ⁹
3280 4645 3478 4704 ductor
3506 4642 3659 4700 ﬁeret

2055 4748 2151 4825 qui
2179 4755 2233 4804 et
2276 4745 2412 4819 legis
2452 4743 2731 4800 ﬂammam
2777 4741 3101 4815 perciperet,
3144 4746 3199 4795 et
3237 4745 3422 4825 tamen
3450 4730 3659 4825 peccati

2055 4818 2271 4913 spinam
2300 4850 2647 4910 nequaquam
2676 4832 2911 4901 vitaret;
2945 4830 3033 4887 vel
3061 4826 3209 4902 quod
3238 4840 3308 4880 ex
3336 4823 3436 4878 illo
3456 4818 3660 4892 populo

2057 4928 2235 4987 exiret
2266 4926 2364 5001 qui
2401 4924 2460 4982 in
2506 4925 2633 4999 igne
2660 4923 2892 4982 Deitatis
2924 4923 2971 4958 ¹⁰
3000 4918 3182 4976 carnis
3209 4920 3411 4970 nostrae
3440 4914 3661 5001 peccata

2059 5018 2216 5094 quasi
2236 4998 2365 5074 rubi
2381 4998 2567 5088 spinas
2583 5015 2905 5087 susciperet,
2927 5018 2981 5068 et
2999 5009 3447 5076 inconsumptam
3466 4998 3658 5057 huma-

2136 5197 2155 5230 ⁷
2191 5193 2359 5261 ldem,
2393 5191 2512 5248 bene
2539 5189 2873 5262 complacuit.
2900 5186 2964 5243 In
2994 5182 3156 5241 Corb.
3175 5180 3360 5239 Germ.
3385 5175 3663 5237 omittitur

352 5272 475 5329 dere
500 5274 805 5329 Dominum.
836 5273 963 5330 Mss.
995 5271 1237 5342 Anglic.,
1272 5266 1487 5342 Norm.,
1529 5266 1792 5337 Vindoc.,
1826 5285 1953 5342 me-
2063 5267 2205 5342 bene,

355 5344 489 5417 lius,
518 5344 709 5417 audire
740 5343 1038 5411 Dominum,
1069 5340 1215 5417 quod
1252 5340 1536 5415 superiora
1576 5346 1631 5395 et
1666 5340 1951 5412 sequentia

354 5416 503 5474 clare
522 5416 919 5473 demonstrant.

429 5488 453 5525 ⁸
480 5487 756 5556 Laudun.,
786 5483 1173 5558 deambulanti;
1201 5484 1259 5558 in
1283 5483 1617 5558 paradisum.

430 5562 452 5596 ³
483 5559 658 5629 Idem,
688 5577 740 5615 se
766 5566 814 5615 et
839 5559 994 5614 corde
1022 5556 1267 5612 hominis.

431 5635 455 5667 ⁴
483 5632 709 5700 Pratel.,
737 5631 883 5687 nobis
911 5631 968 5685 in
999 5634 1164 5700 terra.

430 5705 452 5739 ⁸
487 5704 513 5760 1
541 5698 990 5776 Laud'.,iofﬁc_iun_t
1019 5698 1451 5776 ministrandum.

435 5776 457 5810 ⁸
488 5776 547 5831 In
581 5773 716 5830 Cod.
745 5771 917 5832 Laud.
949 5772 1102 5830 deest
1129 5788 1229 5843 per
1254 5771 1486 5843 angelos.

2134 5339 2154 5373 ⁸
2186 5338 2248 5408 I_n
2279 5333 2472 5408 eodem
2506 5331 2678 5408 Laud.
2712 5327 3110 5408 omittitur‘per
3145 5326 3378 5408 angelos.

2132 5410 2153 5444 θ
2185 5405 2350 5464 Corb.
2383 5405 2594 5467 Germ.,
2628 5402 2828 5457 Pratel.
2867 5407 2922 5455 et
2950 5397 3119 5464 Utic.,
3151 5397 3351 5452 doctor.

2136 5481 2183 5515 ¹⁰
2206 5478 2254 5535 V
2258 5484 2329 5533 et.
2362 5475 2513 5532 Edit.
2546 5474 2719 5530 Paris.
2748 5479 2803 5528 et
2832 5471 3021 5538 Basil.,
3052 5466 3660 5541 alimquegrecentiores,

2061 5550 2243 5608 carnis
2269 5554 2467 5604 nostra
2493 5546 2721 5603 dolores.
2754 5537 3014 5616 Legimus
3032 5537 3244 5616 in‘Ms's.
3276 5539 3509 5604 Turon.,
3529 5537 3663 5594 Nor-

2063 5640 2235 5691 man.,
2270 5619 2545 5687 Laudun.,
2580 5612 3039 5684 VindocJCorb.
3067 5612 3253 5671 Germ.
3263 5654 3279 5683 ,
3298 5617 3528 5685 peccaui,
3550 5622 3660 5665 non

2063 5697 2291 5751 dolores.
