4152 6182
609 276 708 333 451

1827 281 2075 337 SANC'l‘l
2115 284 2451 344 GllEGORlI
2495 288 2722 345 MAGNI

3798 304 3896 361 452

601 399 792 496 uitatis
821 407 1019 455 nostrae
1047 399 1408 458 substantiam
1439 400 1606 458 etiam
1641 400 1700 458 in
1738 401 1858 474 ipsa
1883 403 2194 464 divinitatis
2227 413 2278 472 Α
2308 407 2794 472 demonstraretur.
2846 415 2984 474 Cum
3034 435 3164 475 vero
3221 419 3378 478 beato
3419 421 3522 478 Job
3572 427 3904 496 respondisse

606 485 829 543 ﬂamma
856 497 1097 545 servaret
1127 489 1154 546 ?

677 597 815 672 [Vet.
877 599 992 674 VL]
1033 602 1084 656 9.
1131 601 1395 672 Inspi-rati
1439 602 1752 672 quandoque
1793 605 2063 675 prophetae
2101 623 2200 676 per

603 690 833 759 angelos.
879 719 950 730 —
1009 691 1416 763 Nonnunquam
1463 707 1595 746 vero
1640 691 1898 748 humanis
1943 693 2201 750 cordibus

603 777 768 833 etiam
800 793 894 849 per
922 779 1142 851 angelos
1163 781 1310 835 Deus
1329 787 1534 835 secreta
1563 797 1754 836 eorum
1779 784 2070 853 praesentia
2090 785 2199 839 vir-

602 874 775 922 tutem
805 885 914 923 suae
944 869 1299 940 aspirationis
1327 869 1593 926 infundit.
1627 871 1779 927 Unde
1816 880 1869 927 et
1911 872 2201 930 Zacharias

602 958 716 1012 ait:
764 960 838 1014 Et
877 960 1020 1014 dixit
1049 961 1120 1014 ad
1162 977 1242 1014 me
1286 961 1502 1031 angelus
1543 962 1634 1031 qui
1679 962 1989 1030 loquebatur
2026 963 2085 1016 in
2121 980 2202 1017 me

607 1044 794 1115 (Zach.
828 1064 868 1114 ι,
901 1047 1013 1116 14).
1048 1050 1188 1103 Dum
1238 1047 1308 1103 ad
1336 1063 1392 1102 se
1442 1049 1665 1121 quidem
1697 1048 1792 1104 sed
1841 1049 1898 1104 in
1930 1065 1986 1104 se
2016 1058 2199 1106 tamen

603 1134 756 1208 loqui
787 1137 1043 1208 angelum
1084 1137 1241 1206 dicit,
1275 1136 1487 1210 liquido
1513 1139 1751 1196 ostendit
1771 1140 1918 1212 quod
1949 1141 1995 1196 is
2016 1141 2109 1212 qui
2131 1141 2198 1197 ad

601 1229 745 1286 896
776 1233 954 1304 ipsum
1005 1234 1170 1290 verba
1213 1234 1414 1290 faceret
1455 1251 1550 1306 per
1593 1252 1912 1307 corpoream
1960 1238 2198 1308 speciem

601 1327 758 1375 extra
785 1337 897 1377 non
926 1331 1085 1379 esset.
1110 1323 1263 1379 Unde
1283 1331 1337 1378 et
1356 1324 1520 1396 paulo
1535 1332 1656 1396 post
1684 1324 1931 1380 subdidit
1955 1343 1967 1380 :
2000 1327 2074 1381 Et
2093 1343 2200 1381 ecce

596 1412 813 1481 angelus
868 1412 961 1482 qui
1009 1413 1317 1483 loquebatur
1370 1415 1427 1468 in
1466 1432 1546 1468 me
1591 1416 1954 1485 egrediebatur
2007 1417 2196 1485 (Ibid.,

597 1514 660 1567 Π,
692 1499 770 1571 3).
803 1501 953 1572 Saepe
982 1501 1129 1556 enim
1160 1519 1272 1557 non
1300 1503 1543 1558 exterius
1584 1511 1866 1575 apparent,
1913 1504 2007 1559 sed
2053 1505 2197 1561 sicut

597 1599 725 1646 sunt
753 1591 987 1662 angelici
1035 1593 1260 1663 spiritus
1290 1593 1633 1648 voluntatem
1677 1593 1774 1648 Dei
1807 1592 2195 1663 prophetarum

595 1681 847 1737 sensibus
876 1682 1250 1750 innotescunt,
1283 1685 1298 1718 ¹
1331 1689 1492 1754 atque
1519 1698 1611 1738 eos
1639 1681 1708 1737 ad
1739 1681 1998 1737 sublimia
2018 1681 2195 1736 suble-

594 1781 746 1840 vant,
780 1779 1082 1846 etquaeque
1105 1772 1162 1827 in
1183 1771 1346 1827 rebus
1374 1771 1559 1827 futura
1580 1779 1708 1828 sunt
1739 1773 1795 1827 in
1825 1771 2003 1828 causis
2031 1771 2195 1844 origi-
2227 1780 2272 1840 B

594 1859 812 1917 nalibus
841 1861 1128 1933 praesentia
1167 1860 1564 1916 demonstrant.
1599 1861 1913 1916 Humanum
1952 1877 2190 1935 namque

593 1965 688 2005 cor
715 1949 832 2022 ipso
855 1950 1036 2006 carnis
1065 1949 1441 2020 corruptibilis
1473 1949 1710 2021 pondere
1741 1957 2027 2022 gravatum
2048 1951 2193 2008 hanc

595 2039 765 2111 ipsam
791 2039 812 2073 ²
841 2040 1239 2111 corpulentiam
1270 2055 1423 2096 suam
1456 2039 1612 2112 quasi
1643 2040 1857 2096 obicem
1888 2041 2188 2108 sustinens,

593 2128 810 2184 interna
839 2144 949 2184 non
981 2134 1248 2200 penetrat,
1280 2135 1332 2183 et
1379 2145 1540 2200 grave
1581 2129 1824 2184 exterius
1852 2127 2016 2200 jacet,
2062 2127 2192 2201 quia

593 2218 865 2274 levantem
897 2234 1120 2274 manum
1154 2217 1386 2274 interius
1415 2235 1525 2274 non
1547 2217 1728 2274 habet.
1754 2219 1909 2275 Unde
1938 2218 2022 2284 ﬁt,
2049 2219 2192 2276 sicut

593 2309 801 2366 dictum
832 2317 934 2379 est,
967 2319 1029 2366 ut
1049 2309 1442 2382 prophetarum
1473 2309 1723 2366 sensibus
1751 2310 1868 2382 ipsa
1883 2317 1944 2365 ut
1966 2317 2045 2366 est
2066 2309 2191 2366 sub-

591 2400 766 2455 tilitas
813 2399 1072 2472 angelicas
1118 2399 1346 2455 virtutis
1385 2407 1660 2471 appareat,
1698 2414 1995 2472 eorumque
2036 2415 2190 2455 mens

590 2502 699 2560 quo
729 2487 919 2543 subtili
949 2488 1148 2560 spiritu
1175 2489 1442 2561 tangitur,
1475 2489 1721 2554 levetur;
1758 2495 1812 2544 et
1838 2505 1950 2544 non
1973 2487 2087 2559 jam
2110 2489 2187 2561 pi-

590 2592 683 2646 gra
713 2583 1040 2648 torpensque
1069 2576 1126 2630 in
1175 2577 1304 2632 imis
1340 2577 1539 2648 jaceat,
1587 2577 1681 2634 sed
1730 2578 1934 2648 repleta
1977 2577 2190 2633 intimis

591 2663 883 2729 aﬂlatibus,
926 2663 994 2718 ad
1022 2680 1257 2735 superna
1286 2666 1636 2732 conscendat,
1667 2672 1830 2738 atque
1864 2666 1992 2721 inde
2033 2669 2183 2739 quasi

588 2751 654 2805 de
685 2752 920 2823 quodam
951 2769 1131 2808 rerum
1163 2756 1388 2823 vertice,
1407 2771 1528 2827 quae
1560 2756 1702 2810 infra
1723 2772 1778 2811 se
1809 2764 2040 2812 ventura
2059 2765 2188 2813 sunt

590 2839 792 2895 videat.
825 2840 929 2896 Sed
959 2857 1026 2896 ne
1057 2841 1179 2914 quis
1209 2841 1268 2897 in
1299 2843 1574 2914 praedictis
1594 2843 1869 2900 Zachariae
1891 2844 2074 2900 verbis
2093 2862 2184 2900 an-

589 2928 690 3000 geli
732 2926 1079 3000 designatum
1110 2931 1336 2986 nomine
1365 2931 1451 2985 vel
1483 2931 1718 3000 Patrem,
1745 2933 1831 2988 vel
1852 2933 2182 3000 Filium,vel

585 3018 852 3090 Spiritum
883 3028 1134 3076 sanctum
1165 3027 1338 3091 putet,
1371 3021 1417 3076 si
1447 3029 1660 3077 textum
1694 3022 1990 3094 Scripturae
2019 3038 2184 3078 sacrae

583 3104 917 3174 considerat,
943 3106 1089 3178 quod
1120 3108 1288 3163 sentit
1316 3109 1580 3166 velociter
1599 3110 1873 3180 emendat,
1897 3128 2015 3184 quae
2045 3127 2183 3166 nun-
2215 3149 2258 3207 Ο

584 3210 747 3274 quam
779 3195 1016 3262 Patrem,
1048 3211 1330 3268 nunquam
1371 3199 1636 3270 Spiritum
1687 3209 1959 3270 sanctum,
1991 3211 2043 3257 et
2073 3219 2184 3258 non

581 3281 689 3338 nisi
723 3284 742 3316 ³
772 3298 868 3352 per
897 3283 1292 3340 incarnationis
1335 3302 1447 3342 suae
1491 3287 1934 3359 praedicationem
1979 3291 2182 3345 Filium

581 3374 834 3445 angelum
865 3382 1045 3431 vocat.
1071 3375 1224 3432 Unde
1253 3387 1306 3432 et
1330 3378 1388 3432 in
1417 3377 1664 3449 ejusdem
1693 3381 1969 3436 Zachariae
2000 3381 2183 3436 verbis

581 3470 764 3534 aperte
789 3463 1097 3520 ostenditur
1138 3465 1285 3538 quod
1327 3465 1384 3520 in
1434 3467 1530 3522 illo
1576 3483 1704 3523 vere
1734 3469 1978 3541 angelus,
2016 3469 2072 3525 id
2103 3477 2184 3525 est

581 3560 849 3620 creatura,
887 3554 1222 3626 loqueretur,
1253 3572 1377 3612 cum
1408 3555 1644 3612 dicitur:
1693 3559 1765 3613 Et
1812 3575 1918 3613 ecce
1965 3561 2183 3629 angelus

580 3639 673 3708 qui
703 3639 1012 3708 loquebatur
1038 3642 1095 3696 in
1121 3661 1220 3712 me,
1252 3644 1612 3715 egrediebatur
1645 3645 1832 3717 (Zach.
1867 3663 1929 3714 ιι,
1953 3646 2032 3716 3).
2067 3647 2181 3702 Sta-

577 3727 790 3801 timque
817 3728 1195 3803 subjungitur:
1227 3735 1303 3789 Et
1329 3733 1470 3788 alius
1497 3735 1713 3806 angelus
1735 3734 2098 3806 egrediebatur
2128 3735 2182 3807 in

575 3835 850 3875 occursum
895 3819 1029 3890 ejus,
1059 3827 1107 3876 et
1149 3822 1290 3876 dixit
1315 3823 1387 3877 ad
1415 3840 1530 3878 eum
1556 3842 1567 3879 :
1602 3825 1839 3896 Loquere
1868 3825 1941 3881 ad
1956 3842 2182 3897 puerum

576 3907 756 3973 istum,
805 3909 1008 3964 dicens:
1061 3910 1268 3981 Absque
1310 3928 1464 3968 muro
1510 3914 1838 3969 habitabitur
1883 3915 2180 3970 Jerusalem

579 3996 766 4066 (Ibid.,
799 4015 858 4063 ιι,
891 3998 944 4064 3,
975 3998 1057 4069 4).
1109 4001 1232 4054 Non
1275 4009 1358 4054 est
1398 4001 1582 4073 itaque
1628 4004 1774 4057 Deus
1811 4004 2038 4072 angelus
2083 4004 2178 4076 qui

577 4084 835 4150 mittitur,
864 4086 953 4139 cui
985 4087 1151 4141 verba
1175 4086 1243 4140 ab
1271 4089 1464 4158 angelo
1493 4106 1613 4160 quae
1640 4089 1821 4144 dicere
1863 4090 2059 4147 debeat
2080 4091 2176 4163 ju-

575 4173 790 4227 bentur.
825 4173 931 4229 Sed
962 4176 1090 4247 quia
1134 4177 1192 4230 in
1240 4185 1538 4249 conspectu
1585 4179 1889 4238 conditoris
1931 4185 2177 4257 angelica

573 4261 879 4317 ministeria
924 4263 1176 4319 ordinata
1225 4264 1491 4334 graduum
1537 4267 1813 4340 positione
1842 4273 1864 4306 ⁴
1912 4272 2175 4332 distincta

571 4357 719 4417 sunt,
743 4357 805 4405 ut
819 4358 873 4406 et
893 4368 990 4424 pro
1019 4354 1302 4410 communi
1331 4354 1594 4414 felicitate
1622 4359 1984 4420 beatitudinis
2015 4365 2173 4437 opifi-

571 4456 688 4495 cem
718 4455 878 4495 suum
908 4442 1074 4498 simul
1122 4443 1374 4502 videntes
1417 4448 1708 4519 gaudeant,
1758 4460 1812 4508 et
1859 4460 2042 4509 tamen
2072 4472 2170 4528 pro

570 4527 932 4600 dispositione
979 4532 1267 4605 dignitatis
1299 4536 1424 4592 aliis
1465 4539 1560 4593 alii
1609 4541 2051 4613 subministrant,
2103 4546 2171 4601 ad

571 4617 892 4691 prophetam
922 4625 1147 4695 angelus
1173 4626 1426 4695 angelum
1471 4628 1663 4697 mittit,
1707 4640 1761 4686 et
1791 4649 1950 4704 quem
1981 4651 2167 4691 secum

569 4709 636 4766 de
665 4710 778 4766 Deo
807 4710 1040 4781 gaudere
1071 4714 1440 4770 communiter
1478 4719 1771 4790 conspicit,
1809 4729 1862 4775 et
1890 4721 2068 4791 docet,
2115 4731 2168 4779 et

568 4799 778 4872 dirigit,
803 4801 931 4872 quia
960 4817 1083 4858 eum
1101 4809 1154 4858 et
1175 4818 1271 4874 per
1289 4806 1626 4874 superiorem
1655 4808 1941 4865 scientiam
1960 4812 2166 4868 virtute

567 4890 920 4963 cognitionis,
952 4901 1005 4949 et
1041 4909 1138 4965 per
1184 4893 1621 4965 praestantiorem
1653 4898 1880 4970 gratiam
1923 4901 2165 4958 culmine

569 4981 851 5052 potestatis
882 4982 1122 5040 excedit.

639 5098 726 5155 10.
761 5101 1030 5168 Quomodo
1055 5102 1196 5159 Deus
1224 5103 1320 5158 Job
1363 5105 1712 5176 responderit.
1744 5138 1813 5149 —
1841 5109 1968 5167 Hac
1993 5110 2163 5183 igitur

565 5185 713 5246 dicta
732 5197 861 5246 sunt
884 5200 946 5247 ut
973 5193 1174 5265 quibus
1195 5192 1374 5251 modis
1395 5195 1653 5270 loquatur
1671 5199 1816 5255 Deus
1840 5198 2160 5258 hominibus

640 5385 659 5468 ξ
688 5384 859 5468 μυός
891 5397 945 5444 et
973 5390 1136 5447 Corb.
1169 5393 1376 5468 Germ.,
1399 5402 1554 5466 atque
1572 5415 1655 5453 eos
1683 5399 1759 5453 ita
1785 5398 1856 5453 ad
1883 5399 2154 5456 sublimia.

638 5455 659 5489 ³
689 5456 944 5582 Longip.,
973 5455 1552 5534 corruptio-nem'sudm.

638 5528 658 5559 ³
846 5545 930 5582 OC.
961 5541 1014 5582 et
1043 5534 1204 5582 Corb-
1239 5537 1398 5582 Germ
1497 5558 1552 5582 nr

637 5528 658 5559 ³
694 5526 937 5610 Υὶηρόοζ
961 5541 1014 5586 et
1043 5526 1205 5590 Corb.
1239 5537 1447 5606 Germ.,
1491 5558 1592 5610 pro
1631 5540 2019 5600 incarnationis
2050 5561 2159 5600 sua?

559 5596 956 5668 praedicatione.

634 5670 654 5704 ⁴
687 5669 882 5738 Laud.,
914 5671 1173 5729 dest-inata
1196 5685 1250 5732 et
1267 5679 1535 5735 distincta.

2323 503 2592 561 Dominus
2610 505 2676 560 de
2705 508 2925 563 turbine
2955 509 3181 578 dicitur,
3204 519 3391 566 utrum
3423 527 3519 582 per
3537 515 3901 587 semetipsum,

2315 610 2384 648 an
2411 595 2462 650 ei
2495 613 2591 668 per
2619 598 2875 669 angelum
2907 599 2979 654 sit
3005 601 3218 657 locutus
3248 601 3565 672 ambigitur.
3592 603 3900 663 Potuerunt.

2313 687 2513 759 quippe
2537 704 2634 760 per
2661 690 2912 759 angelum
2943 690 3340 746 commotiones
3367 691 3510 746 aeris
3546 693 3686 763 ﬁeri,
3717 703 3769 750 et
3797 695 3904 754 huc

2313 777 2362 832 ei
2420 794 2543 850 quae
2596 779 2892 851 subjuncta
2937 789 3066 836 sunt
3123 796 3219 852 per
3261 798 3386 837 eum
3427 783 3595 839 verba
3641 786 3903 842 mandari.

2313 868 2661 941 Rursumque
2703 869 2883 940 potuit
2912 877 2966 924 et
2995 869 3240 925 exterius
3280 872 3506 943 angelus
3536 875 3555 908 ⁵
3588 873 3646 928 in
3693 875 3907 932 turbine

2313 973 2490 1015 aerem
2521 968 2797 1028 excutere,
2829 968 2882 1015 et
2928 967 3112 1016 tamen
3155 961 3389 1017 interius
3435 979 3531 1034 per
3558 965 3906 1038 semetipsum

2312 1050 2585 1106 Dominus
2614 1051 2730 1106 vim
2761 1068 2874 1107 sua:
2920 1053 3205 1109 sententia:
3251 1054 3404 1110 cordi
3435 1055 3552 1128 ejus
3581 1057 3704 1113 sine
3733 1059 3909 1116 verbis

2314 1139 2590 1208 insonare,
2625 1150 2686 1196 ut
2715 1141 2972 1198 credatur
3001 1142 3148 1214 quod
3177 1141 3324 1200 dicta
3345 1143 3626 1202 dominica
3650 1164 3773 1220 quae
3817 1167 3910 1206 se-

2313 1240 2558 1302 quuntur
2597 1233 2712 1306 ipse
2734 1231 2848 1303 jam
2880 1249 2975 1304 per
3016 1232 3184 1289 verba
3229 1235 3477 1306 protulit,
3526 1238 3644 1310 qui,
3675 1240 3909 1311 repletus

2313 1321 2444 1389 Deo,
2479 1321 2598 1378 haec
2644 1313 2761 1378 sine
2787 1323 2974 1379 verbis
3003 1321 3238 1378 audivit.
3282 1321 3421 1396 [νει.
3473 1326 3592 1393 VII,
3618 1329 3740 1386 Rec.
3775 1329 3906 1402 111.]

2313 1411 2500 1482 Itaque
2537 1410 2743 1467 dicitur
2779 1429 2789 1465 :

2943 1537 3170 1594 CAPUT
3216 1539 3284 1596 ΙΙ.

2385 1656 2555 1713 Vnus.
2589 1657 2640 1712 2.
2665 1687 2734 1696 —
2766 1656 2894 1722 Quis
2923 1663 2995 1712 est
3025 1657 3118 1712 iste
3147 1657 3414 1712 involvens
3455 1660 3736 1713 sententias
3784 1675 3908 1713 ser-

2311 1747 2546 1799 monibus
2578 1745 2834 1815 imperitis
2850 1745 2878 1800 ‘1

2380 1836 2463 1890 11.
2499 1836 2648 1890 Recte
2676 1834 2946 1888 sentientes
2992 1841 3052 1888 at
3078 1835 3300 1906 superbe
3330 1837 3588 1908 loquentes
3617 1837 3906 1910 reproban~

2305 1934 2408 1982 tur.
2432 1927 2622 1982 Prima
2651 1928 2823 1998 angeli
2852 1927 3082 1982 stultitia
3107 1929 3266 1982 elatio
3280 1928 3407 1998 fuit.
3435 1961 3505 1970 —
3535 1930 3691 1986 Sicut
3721 1938 3775 1985 et
3805 1945 3904 1984 su—

2302 2020 2499 2090 periori
2520 2027 2672 2091 parte
2691 2017 2804 2090 jam
2825 2018 3088 2086 diximus,
3114 2020 3293 2091 prima
3308 2022 3662 2092 exprobratio
3687 2033 3770 2080 est
3785 2023 3906 2079 talis

2302 2108 2677 2182 interrogatio,
2709 2126 2816 2182 qua
2861 2108 3068 2165 dicitur
3103 2128 3114 2164 :
3149 2112 3294 2171 897
3325 2109 3456 2175 Quis
3491 2115 3566 2164 est
3594 2112 3691 2165 iste
3713 2113 3742 2166 ?
3776 2112 3909 2168 Eliu

2301 2210 2447 2266 enim
2478 2215 3022 2286 arroganterlocutus
3052 2216 3248 2272 fuerat.
3282 2217 3352 2272 Et
3371 2215 3496 2287 quis
3519 2220 3604 2268 est
3631 2209 3771 2266 iste?
3799 2225 3905 2264 non

2302 2299 2539 2358 dicimus
2566 2302 2674 2358 nisi
2699 2303 2765 2359 de
2794 2320 2858 2359 eo
2886 2307 3080 2378 utique
3101 2321 3262 2378 quem
3293 2303 3592 2360 nescimus.
3625 2299 3782 2356 Scire
3802 2315 3903 2354 au-

2299 2401 2408 2448 tem
2462 2393 2561 2448 Dei
2615 2393 2916 2466 approbare
2959 2404 3061 2462 est,
3102 2395 3313 2451 nescire
3369 2389 3689 2463 reprobare.
3753 2388 3901 2445 Unde

2299 2481 2630 2555 quibusdam
2653 2501 2788 2555 quos
2818 2484 3070 2555 reprobat
3101 2484 3236 2541 dicit
3273 2501 3283 2538 :
3319 2481 3505 2539 Nescio
3534 2497 3626 2535 vos
3656 2480 3794 2535 unde
3829 2479 3898 2534 si-

2301 2578 2398 2644 tis;
2432 2577 2676 2633 discedite
2703 2595 2738 2632 a
2766 2594 2864 2646 me,
2903 2579 3103 2632 omnes6
3134 2577 3370 2648 operarii
3414 2573 3720 2646 iniquitatis
3750 2573 3893 2644 (Luc.

2299 2688 2424 2738 xm,
2445 2670 2535 2738 25,
2565 2670 2680 2742 27).
2715 2670 2862 2737 Quid
2894 2677 2976 2725 est
3004 2686 3132 2741 ergo
3175 2669 3242 2724 de
3269 2667 3376 2724 hoc
3403 2675 3692 2738 arrogante
3725 2664 3892 2738 requi-

2298 2775 2415 2814 rere
2447 2760 2576 2826 Quis
2607 2765 2680 2814 est
2695 2760 2832 2813 iste?
2854 2759 2961 2814 nisi
2992 2767 3174 2830 aperte
3208 2757 3388 2814 dicere
3412 2774 3424 2811 :
3448 2757 3565 2826 Ego
3585 2762 3894 2826 arrogantes

2296 2852 2500 2919 nescio,
2531 2851 2586 2906 id
2616 2859 2697 2906 est
2730 2867 2918 2907 eorum
2950 2851 3122 2907 vitam
3174 2849 3232 2905 in
3262 2847 3537 2920 sapientiae
3591 2863 3727 2901 meae
3775 2859 3893 2900 arce

2295 2957 2406 2996 non
2437 2939 2680 3012 approbo
2698 2941 2726 2995 ‘l
2747 2940 2887 3008 Quia
2902 2940 3036 2995 dum
3055 2938 3312 2996 laudibus
3329 2936 3581 2993 humanis
3601 2935 3892 3000 inﬂantur,

2293 3049 2324 3088 a
2351 3048 2478 3088 vera
2505 3031 2679 3103 gloria
2705 3040 2920 3087 aeternae
2950 3029 3329 3087 retributionis
3356 3030 3696 3084 inanescunt.
3721 3027 3783 3081 In
3829 3040 3893 3079 eo

2294 3138 2423 3176 vero
2452 3121 2598 3194 quod
2627 3122 2724 3189 ait,
2759 3123 3069 3190 Sententias,
3101 3129 3155 3177 et
3174 3136 3285 3176 non
3315 3117 3531 3175 addidit
3560 3116 3774 3189 quales,
3802 3114 3893 3169 bo-

2295 3228 2391 3265 nas
2421 3211 2610 3283 utique
2641 3212 2962 3281 accipimus,
2995 3227 3129 3283 quas
3157 3209 3378 3283 quidem
3412 3205 3686 3280 imperitis
3708 3204 3892 3261 asserit

2294 3300 2638 3357 sermonibus
2696 3301 2996 3368 involutas,
3046 3301 3176 3373 quia
3220 3316 3344 3357 cum
3395 3296 3576 3354 verbis
3613 3293 3889 3367 jactantiu

2295 3391 2511 3446 fuerant
2540 3390 2784 3461 prolatae.
2817 3389 3111 3461 Imperitize
3128 3390 3329 3463 quippe
3349 3388 3555 3444 vitium
3571 3393 3655 3442 est
3685 3394 3887 3441 rectum

2294 3496 2403 3535 non
2435 3487 2578 3536 recte
2607 3495 2812 3551 sapere,
2846 3479 2903 3536 id
2931 3488 3014 3536 est
3060 3479 3276 3536 caeleste
3325 3479 3530 3534 donum
3569 3474 3639 3531 ad
3668 3472 3889 3547 appeti-

2293 3580 2410 3628 tum
2449 3579 2677 3627 terrena
2709 3571 2886 3627 laudis
2921 3571 3207 3628 inclinare.
3241 3570 3396 3627 Sicut
3417 3569 3563 3625 enim
3595 3583 3742 3639 sepe
3767 3581 3884 3622 con-

2293 3659 2456 3732 tingit
2485 3668 2544 3715 ut
2575 3668 2627 3716 et
2657 3660 2798 3716 bona
2824 3661 2964 3716 male
2994 3668 3046 3716 et
3076 3661 3220 3716 mala
3245 3659 3385 3715 bene
3414 3657 3787 3730 proferantur,
3815 3654 3883 3709 ita

2292 3750 2421 3806 Eliu
2441 3767 2700 3823 arrogans
2727 3759 2877 3807 recta
2904 3767 3014 3806 non
3043 3759 3188 3806 recte
3216 3747 3469 3821 protulit,
3499 3747 3628 3820 quia
3648 3744 3882 3801 humiles

2292 3840 2348 3894 in
2378 3841 2475 3896 Dei
2506 3840 2824 3895 defensione
2869 3837 3168 3896 sententias
3214 3854 3326 3894 non
3381 3836 3665 3892 humiliter
3713 3834 3876 3890 dixit.

2291 3929 2444 3987 Unde
2480 3937 2534 3984 et
2553 3945 2742 3983 eorum
2766 3930 2861 4001 qui
2891 3929 3037 3984 intra
3059 3926 3390 3986 catholicam
3406 3922 3703 3981 Ecclesiam
3727 3919 3876 3976 inani

2288 4020 2474 4092 gloriae
2500 4018 2743 4088 student,
2766 4035 2875 4075 non
2906 4019 3391 4090 immeritotypum
3418 4021 3602 4072 tenet:
3627 4011 3722 4084 qui
3745 4010 3874 4066 dum

2286 4127 2342 4166 se
2373 4127 2481 4182 prae
2510 4110 2721 4166 caeteris
2777 4110 2981 4181 peritos
3023 4109 3274 4177 credunt,
3319 4105 3512 4163 divino
3553 4103 3766 4176 judicio
3811 4099 3877 4156 de

2285 4199 2561 4271 imperitia
2583 4198 3010 4272 redarguuntur,
3032 4199 3163 4272 quia
3190 4199 3334 4256 sicut
3361 4195 3660 4269 Apostolus
3681 4193 3759 4249 ait
3785 4209 3796 4246 :
3823 4191 3878 4246 Si

2285 4291 2404 4362 quis
2419 4308 2471 4345 se
2491 4291 2759 4346 existimat
2785 4291 2918 4346 scire
2943 4291 3170 4362 aliquid,
3195 4290 3429 4344 nondum
3447 4286 3686 4359 cognovit
3707 4299 3878 4355 quem-

2282 4383 2567 4437 admodum
2595 4387 2833 4454 oporteat
2887 4397 3002 4437 eum
3049 4381 3182 4435 scire
3213 4380 3271 4452 (Ι
3299 4381 3422 4436 Cor.
3456 4395 3578 4445 vm,
3624 4377 3707 4447 2).
3741 4373 3876 4441 Quia

2198 4505 2244 4563 D
2281 4474 2427 4529 enim
2462 4473 2638 4545 prima
2667 4473 2905 4528 stultitia
2953 4471 3151 4543 Angeli
3182 4471 3347 4526 elatio
3376 4467 3558 4527 cordis
3585 4466 3719 4563 fuit,
3751 4479 3874 4563 vera

2279 4563 2545 4635 sapientia
2573 4561 2809 4619 efﬁcitur
2836 4561 3081 4618 hominis
3108 4560 3394 4616 humilitas
3422 4575 3533 4616 suae
3562 4555 3871 4613 testimatio-

2278 4654 2383 4709 nis.
2417 4653 2592 4720 Quam
2623 4652 2872 4726 quisquis
2901 4654 2987 4708 vel
3019 4667 3214 4724 magna
3255 4649 3518 4722 sapiendo
3548 4647 3772 4714 deserit,
3811 4659 3871 4700 eo

2278 4743 2395 4816 ipso
2442 4744 2794 4800 vehementer
2840 4743 3060 4814 desipit,
3109 4759 3218 4816 quo
3267 4741 3621 4812 semetipsum
3675 4735 3866 4793 nescit.

2277 4833 2430 4888 Unde
2459 4835 2587 4888 Elin
2618 4841 2670 4888 et
2700 4832 2998 4889 sententias
3027 4832 3258 4904 protulit
3285 4839 3341 4887 et
3369 4828 3642 4902 imperitis
3669 4839 3869 4884 sermo-

2277 4923 2444 4978 nibus
2472 4922 2770 4992 involutas,
2805 4923 2934 4996 quia
2962 4930 3017 4979 et
3043 4922 3110 4978 de
3139 4923 3253 4978 Deo
3281 4929 3494 4978 rectum
3533 4916 3681 4992 quod
3711 4916 3870 4972 dice—

2274 5021 2356 5068 ret
2383 5021 2632 5081 noverat,
2661 5021 2714 5068 et
2732 5020 2914 5069 tamen
2940 5012 3006 5068 de
3030 5013 3322 5084 semetipso
3343 5011 3492 5067 dicta
3520 5008 3674 5065 illius
3703 5004 3865 5063 elatio

2271 5102 2438 5157 stulta
2469 5104 2488 5136 ⁷
2516 5103 2838 5159 infamabat.
2872 5103 2985 5159 Hoc
3005 5103 3189 5176 itaque
3217 5100 3494 5174 despecto,
3513 5097 3582 5154 ad
3615 5094 3861 5153 erudien-

2269 5194 2401 5251 dum
2430 5193 2531 5250 Job
2560 5194 2726 5251 verba
2753 5202 3044 5250 vertuntur
3075 5209 3090 5251 :

2338 5399 2358 5432 ⁵
2390 5396 2611 5454 Ebroic.
2643 5404 2696 5453 et
2725 5399 2795 5454 al.
2827 5398 3040 5468 Norm.,
3067 5399 3126 5454 in
3154 5402 3432 5457 turbinem.

2337 5471 2359 5545 Ῠ
2386 5469 2584 5545 Pratel.
2616 5469 2958 5545 e§_Yind9_c_.,
2978 5472 3081 5545 qui
3109 5475 3404 5545 operamini
3435 5473 3785 5545 iniquitatem.

2339 5543 2357 5575 ⁷
2391 5541 2613 5614 Pratel.,
2650 5541 2816 5614 Utic.,
2849 5541 3085 5600 Vindoc.
3127 5541 3180 5600 et
3225 5545 3384 5601 Corb.
3425 5541 3633 5613 (ierim,
3665 5543 3858 5614 [litua-

2268 5614 2373 5668 bat.
2409 5611 2683 5681 Laudun.,
2715 5613 2972 5682 fatuebat.
