4152 6182
313 279 415 337 ’153

786 403 1014 461 CAPUT
1042 406 1117 462 III
1150 404 1294 479 [Rec.
1318 406 1444 480 ιν).

382 494 556 551 Vnus.
589 492 940 565 3.—Accinge
976 494 1109 549 sicut
1144 496 1230 549 vir
1259 497 1458 552 lumbos
1487 502 1623 551 tuos.

386 583 473 640 12.
520 582 817 639 Coercenda
850 589 924 637 est
969 584 1190 641 luxuria
1236 604 1343 641 non
1386 589 1558 643 solum
1595 586 1795 654 carnis,
1826 586 1915 642 sed

305 676 467 731 etiam
513 673 641 729 elati
684 673 877 728 cordis.
901 705 972 715 —
1000 674 1282 748 Scriptura
1328 691 1483 733 sacra
1525 678 1675 732 viros
1717 692 1912 734 vocare

306 763 603 822 consuevit
630 763 725 835 qui
756 762 1022 819 nimirum
1054 766 1172 821 vias
1200 767 1423 822 DODlllll
1454 766 1692 823 fortibus
1718 776 1772 822 et
1800 783 1910 822 non

307 854 601 911 dissolutis
621 852 899 925 gressibus
927 864 1252 927 sequuntur.
1280 856 1432 913 Unde
1454 872 1548 929 per
1567 858 1910 914 Psalmistam

307 944 562 1001 dicitur:
611 943 851 1001 Virititer
885 945 1039 1015 agite,
1088 952 1135 1001 et
1179 946 1506 1017 confortetur
1546 965 1638 1003 cor
1686 955 1908 1003 vestrum

311 1034 491 1105 (Psal.
523 1048 661 1099 xxx,
694 1032 810 1105 25).
846 1033 999 1089 Unde
1028 1035 1229 1091 Paulus
1265 1037 1379 1091 ait:
1415 1036 1678 1093 Remissas
1722 1054 1913 1093 manus

307 1131 359 1179 et
410 1124 671 1179 dissoluta
725 1140 893 1194 genua
946 1125 1128 1195 erigite
1171 1127 1361 1197 (Hebr.
1388 1145 1489 1196 χιι,
1526 1129 1637 1199 12).
1673 1127 1826 1184 Unde
1858 1135 1912 1183 et

307 1212 594 1285 Sapientia
614 1213 673 1268 in
694 1212 1007 1269 Proverbiis
1032 1232 1043 1269 :
1072 1215 1115 1271 Ο
1134 1216 1343 1281 viri,ad
1368 1234 1458 1272 vos
1487 1220 1696 1274 ctamito
1720 1217 1906 1289 (Prov.

308 1319 437 1370 vm,
466 1302 548 1374 4).
580 1304 663 1358 Ac
698 1303 745 1358 si
775 1310 959 1375 aperte
987 1302 1229 1360 diceret:
1261 1305 1379 1377 Ego
1409 1323 1521 1362 non
1548 1307 1794 1376 feminis,
1817 1306 1911 1362 sed

311 1390 451 1445 viris
476 1391 697 1463 loquor,
714 1391 843 1463 quia
861 1390 920 1445 bi
952 1391 1047 1463 qui
1076 1390 1227 1447 ﬂuxa
1248 1401 1430 1449 mente
1458 1402 1587 1450 sunt
1608 1411 1728 1452 mea
1748 1393 1912 1450 verba

310 1482 594 1553 percipere
612 1497 956 1555 nequaquam
975 1491 1220 1554 possunt.
1233 1484 1474 1541 Lumbos
1487 1502 1618 1541 vero
1631 1487 1912 1558 accingere

310 1578 394 1625 est
422 1570 511 1624 vel
543 1570 603 1625 in
632 1586 795 1642 opere
827 1572 1104 1627 luxuriam
1140 1575 1155 1608 ¹
1186 1575 1272 1629 vel
1306 1575 1364 1630 in
1389 1575 1722 1647 cogitatione
1751 1575 1916 1631 refre-

310 1676 463 1716 nare.
494 1660 798 1717 Delectatio
828 1677 1062 1735 namque
1091 1665 1273 1719 carnis
1304 1665 1363 1719 in
1394 1665 1599 1721 lumbis
1627 1675 1726 1722 est.
1760 1665 1914 1721 Unde

309 1758 366 1805 et
403 1750 612 1806 sanctis
642 1749 1097 1819 praedicatoribus
1129 1752 1370 1809 dicitur:
1405 1755 1523 1810 Sint
1562 1755 1725 1809 lumbi
1757 1755 1914 1809 vestri

304 1839 619 1911 praeiucti,
662 1846 711 1894 et
760 1841 984 1895 lucerna:
1027 1842 1274 1898 ardentes
1316 1843 1474 1915 (Luc.
1511 1860 1615 1911 χιι,
1655 1842 1770 1913 35).
1813 1844 1915 1899 Per

307 1927 536 1984 lumbos
563 1929 708 1984 enim
738 1929 980 1998 luxuria,
1016 1947 1110 2002 per
1140 1932 1394 1987 lucernas
1423 1939 1605 1987 autem
1638 1931 1913 1988 bonorum

308 2033 545 2089 operum
574 2018 790 2074 claritas
832 2018 1171 2091 designatur.
1213 2020 1486 2077 Jubentur
1523 2036 1653 2093 ergo
1695 2020 1913 2077 lumbos

308 2105 609 2178 accingere,
642 2117 696 2164 et
724 2108 975 2165 lucernas
1002 2116 1207 2165 tenere.
1242 2111 1322 2167 Ac
1352 2111 1398 2167 si
1425 2118 1611 2183 aperte
1641 2109 1872 2165 audiant
1896 2128 1907 2165 :

309 2195 470 2251 Prius
508 2196 563 2251 in
585 2196 997 2268 vobismetipsis
1029 2198 1314 2255 luxuriam
1348 2200 1683 2271 restringite,
1705 2207 1759 2254 et
1783 2207 1913 2256 tunc

311 2283 378 2339 de
405 2285 560 2341 vobis
588 2287 714 2342 aliis
741 2286 1012 2343 bonorum
1043 2306 1271 2361 operum
1303 2290 1559 2362 exempla
1588 2296 1908 2344 monstrate.

308 2377 446 2433 Sede
473 2396 599 2436 cum
633 2380 857 2436 beatum
890 2380 992 2435 Job
1018 2388 1172 2436 tanta
1199 2382 1491 2452 praeditum
1523 2381 1773 2437 castitate
1801 2397 1914 2437 no-

311 2467 580 2536 verimus,
624 2485 725 2524 cur
752 2469 803 2523 ei
844 2476 968 2539 post
1012 2476 1094 2525 tot
1144 2468 1359 2539 ﬂagella
1390 2469 1600 2524 dicitur
1634 2488 1644 2524 :
1692 2470 1914 2540 Accinge

303 2558 448 2611 sicut
486 2557 576 2609 vir
608 2557 807 2610 lumbos
850 2564 984 2620 tuos,
1034 2556 1091 2611 id
1120 2565 1222 2624 est,
1259 2558 1402 2612 sicut
1446 2558 1608 2612 fortis
1648 2558 1913 2629 restringe

302 2643 623 2710 luxuriam,
656 2643 760 2698 nisi
794 2644 923 2716 quia
952 2643 1060 2698 alia
1088 2652 1169 2699 est
1202 2644 1424 2699 luxuria
1456 2643 1639 2701 carnis
1668 2661 1773 2718 qua
1815 2663 1913 2703 ca-

299 2735 558 2789 stitatem
590 2735 1017 2805 corrumpimus,
1066 2735 1173 2790 alia
1207 2751 1337 2789 vero
1370 2735 1593 2791 luxuria
1622 2737 1801 2793 cordis
1831 2746 1911 2793 est

302 2839 416 2895 qua
435 2820 505 2877 de
533 2824 784 2879 castitate
814 2824 1117 2895 gloriamur
1132 2825 1159 2880 ?
1176 2825 1392 2879 Dicitur
1420 2841 1549 2897 ergo
1567 2826 1619 2881 ei
1646 2844 1658 2881 :
1689 2828 1911 2898 Accinge

304 2920 441 2975 sicut
488 2919 574 2973 vir
609 2920 807 2974 tumbas
852 2925 987 2984 tuos,
1023 2927 1084 2975 ut
1116 2921 1210 2993 qui
1250 2918 1394 2976 898
1436 2923 1589 2994 prius
1624 2924 1906 2980 luxuriam

304 3009 681 3079 corruptionis
708 3009 934 3076 vicerat,
965 3026 1115 3065 nunc
1146 3011 1423 3067 luxuriam
1462 3013 1757 3084 restringat
1785 3013 1909 3069 ela-

310 3096 497 3164 tionis,
522 3113 591 3151 ne
618 3096 686 3152 de
716 3098 979 3169 patientia
1001 3098 1087 3152 vel
1109 3100 1358 3155 castitate
1388 3099 1729 3172 superbiens,
1753 3108 1905 3158 tanto
1939 3134 1982 3192 Ο

306 3183 460 3255 pejus
506 3184 658 3240 intus
703 3191 829 3241 ante
876 3186 975 3241 Dei
1018 3187 1208 3243 oculos
1255 3189 1575 3245 luxuriosus
1620 3190 1899 3257 existeret,

306 3280 510 3345 quanto
539 3274 712 3345 magis
736 3281 862 3329 ante
892 3276 1082 3331 oculos
1112 3275 1404 3334 hominum
1426 3285 1479 3334 et
1509 3280 1720 3350 patiens
1742 3290 1795 3336 et
1816 3296 1901 3335 ca-

305 3370 421 3417 stus
449 3372 754 3435 appareret.
781 3363 933 3419 Unde
962 3364 1100 3420 bene
1131 3382 1227 3436 per
1255 3368 1481 3439 Moysen
1509 3367 1745 3425 dicitur:
1785 3370 1902 3426 Cir-

304 3452 577 3506 cumcidite
600 3454 867 3525 prwputia
896 3454 1070 3508 cordis
1098 3456 1257 3508 vestri
1283 3457 1469 3523 (Deut.
1496 3473 1554 3525 χ,
1581 3458 1692 3529 16),
1720 3456 1777 3512 id
1798 3465 1900 3526 est,

303 3551 593 3616 postquam
638 3544 918 3599 luxuriam
968 3560 999 3599 a
1039 3561 1201 3601 carne
1246 3547 1623 3618 exstinguitis,
1671 3548 1691 3581 ³
1736 3547 1901 3602 etiam

301 3632 585 3705 superﬂua
614 3634 1009 3707 cogitationum
1050 3643 1307 3692 resecate.
1351 3636 1645 3708 Sequitur:

660 3778 669 3787 ,
767 3722 997 3779 CAPUT
1033 3723 1108 3779 1v
1157 3721 1300 3795 [Rec.
1341 3723 1426 3796 V].

380 3809 521 3865 Iam.
543 3840 611 3851 —
630 3811 976 3883 Interrogabo
1010 3817 1073 3879 te,
1112 3818 1159 3866 et
1186 3812 1441 3883 responde
1468 3812 1615 3867 mihi.

380 3898 467 3955 13.
500 3899 691 3956 Tribus
717 3902 888 3956 modis
916 3918 1010 3956 nos
1036 3901 1329 3973 interrogat
1348 3902 1489 3957 Deus
1508 3920 1525 3956 :
1552 3901 1904 3973 ﬂagellaudo;

302 3989 447 4044 dura
474 3990 830 4061 pracipieudo
845 4010 865 4057 ;
895 3992 1079 4062 aliqua
1110 3992 1256 4047 nobis
1284 3992 1664 4048 abscondendo.
1684 3994 1903 4050 —Tri—

304 4080 407 4135 bus
446 4080 626 4137 modis
655 4098 756 4137 nos
795 4081 1050 4138 conditor
1083 4090 1269 4139 noster
1297 4083 1633 4156 interrogare
1663 4101 1904 4141 consue-

305 4168 407 4236 vit,
457 4186 584 4225 cum
633 4178 729 4226 aut
772 4168 971 4242 ﬂagelli
1020 4171 1366 4228 districtione
1412 4190 1514 4230 nos
1560 4175 1819 4246 percutit,
1849 4182 1903 4230 et

305 4265 510 4329 quanta
538 4258 699 4315 nobis
729 4260 883 4327 insit,
912 4260 999 4315 vel
1030 4260 1173 4315 desit
1210 4263 1473 4332 patientia
1501 4263 1741 4319 ostendit
1767 4281 1777 4318 :
1809 4272 1901 4319 aut

305 4347 557 4417 quaedam
588 4365 709 4421 quae
749 4348 1007 4404 nolumus
1036 4350 1303 4421 praacipit,
1358 4358 1411 4405 et
1459 4360 1698 4407 nostram
1745 4352 1902 4409 nobis

305 4435 679 4493 obedientiam
703 4437 789 4493 vel
815 4437 1249 4495 inobedientiam
1274 4440 1562 4511 patefacit;
1598 4448 1691 4496 aut
1721 4442 1904 4513 aliqua

305 4522 469 4578 nobis
496 4526 713 4581 occulta
749 4527 945 4598 aperit,
980 4534 1033 4581 et
1071 4527 1256 4599 aliqua
1296 4527 1605 4596 abscondit,
1646 4536 1699 4583 et
1746 4529 1905 4585 nobis

308 4628 624 4669 mensuram
669 4614 1005 4671 humilitatis
1054 4623 1256 4670 nostrae
1305 4617 1621 4673 innotescit.
1668 4618 1906 4690 Flagello

306 4717 548 4776 namque
578 4706 876 4777 interrogat
903 4722 1028 4761 cum
1061 4712 1301 4761 mentem
1331 4705 1470 4761 bene
1506 4706 1612 4762 sibi
1641 4724 1737 4780 per
1763 4716 1908 4763 tran-

304 4793 642 4864 quillitatem
659 4794 935 4852 subditam
952 4793 1345 4853 afﬂictionibus
1368 4796 1571 4869 pulsat,
1600 4797 1742 4855 sicut
1762 4797 1906 4854 idem

385 5032 400 5064 ¹
433 5030 604 5087 Gilot.
639 5039 692 5087 et
730 5031 986 5087 nonnulli
1014 5029 1143 5097 Ed.,
1174 5031 1253 5086 (vel
1292 5030 1348 5085 in
1388 5030 1701 5101 cogitatione
1731 5033 1906 5088 laudis

304 5103 599 5173 appetitum
630 5102 922 5173 refrenare.
957 5102 1041 5157 Ab
1071 5101 1173 5157 hac
1203 5103 1436 5157 lectione
1471 5102 1739 5160 abstinuit
1768 5105 1902 5160 Gus-

305 5174 535 5240 sanvil.,
568 5191 732 5240 quam
760 5182 943 5230 tamen
984 5173 1349 5229 annotandam
1379 5175 1613 5229 curavit.

381 5245 403 5279 ³
440 5245 638 5301 Pratel.
685 5254 740 5303 et
786 5246 880 5301 alii
922 5246 1133 5313 Norm..,
1166 5248 1488 5315 super/luam
1519 5246 1899 5315 cogitationem.

306 5317 389 5398 Ita
419 5332 640 5389 quoque
668 5317 831 5398 Cprb.
864 5316 1134 5398 Germaet
1162 5315 1397 5398 Vindoc.
1428 5316 1501 5370 At
1524 5315 1582 5370 in
1612 5317 1781 5373 Laud.
1815 5319 1903 5374 le-

303 5391 494 5458 gitur:
529 5391 825 5471 super/lua,
850 5391 1160 5515 coEitatione
1184 5393 1430 5467 resecate..

381 5459 402 5494 ³
444 5460 527 5514 Ita
570 5461 768 5517 melius
812 5476 869 5515 ιη
948 5458 1067 5513 orb.
1116 5457 1324 5524 Germ.,
1364 5457 1625 5527 Vindoc.,
1666 5459 1902 5528 Pratel.,

306 5530 479 5599 Utic.,
510 5546 723 5587 necnon
754 5533 811 5587 in
840 5537 951 5585 vet.
984 5528 1133 5584 Edit.
1166 5529 1239 5583 At
1268 5528 1321 5584 in
1353 5530 1751 5588 recentioribus
1771 5531 1923 5591 ναι--

305 5602 450 5672 gatis
478 5601 651 5658 habes
678 5603 991 5658 conciditur.

307 5744 347 5797 Γ
379 5675 399 5707 ⁸
442 5673 671 5746 Legitur
695 5674 834 5730 senis
879 5689 978 5747 pro
1004 5688 1159 5726 senex
1198 5671 1255 5727 in
1282 5673 1533 5732 Laudun.
1564 5682 1620 5731 et
1648 5674 1705 5731 in
1736 5673 1901 5735 Corb.

328 5761 497 5797 nerm.

328 5761 497 5799 zerm.

979 281 1347 340 MORALIUM
1391 283 1519 338 LIB.
1564 280 1820 338 XXVIII.
1866 312 1935 322 -—
1981 281 2049 337 IN
2089 281 2319 339 CAPUT
2388 283 2682 340 XXXVIII
2721 284 2783 339 Β.
2821 285 2963 340 JOB.

1936 4495 1984 4552 D

3528 286 3635 347 451,

1940 411 1991 468 Α
2018 402 2122 459 Job
2152 411 2205 459 et
2249 404 2515 462 laudatur
2540 406 2887 463 attestatione
2909 406 3137 479 judicis,
3172 414 3193 447 ³
3224 421 3279 470 et
3302 420 3485 470 tamen
3516 416 3634 471 icti-

2024 493 2126 549 bus
2165 494 2504 550 conceditur
2556 495 2891 567 percussoris
2926 498 3053 567 (Job
3087 516 3147 566 ιι,
3194 501 3248 569 3,
3287 503 3366 575 7),
3408 510 3470 559 ut
3516 502 3634 575 ejus

2022 582 2299 654 patientia
2338 590 2490 639 tanto
2536 584 2724 641 verius
2767 585 3089 643 claresceret
3130 597 3335 660 quanto
3368 591 3633 664 inquisita

2022 671 2216 727 durius
2240 672 2453 728 fuisset.
2480 674 2864 747 Praecipiendo
2893 683 3075 731 autem
3105 676 3245 733 dura
3272 694 3372 734 nos
3400 680 3631 737 interro-

2020 769 2129 833 gat,
2178 762 2320 818 sicut
2344 763 2621 819 Abraham
2667 771 2870 820 terram
2912 782 3069 821 suam
3105 763 3337 837 jubetur
3365 768 3548 839 egredi
3577 778 3632 825 et

2022 867 2240 923 pergere
2280 869 2389 925 quo
2429 853 2705 909 nesciebat
2752 854 2965 926 (Genes.
3001 872 3117 923 xu,
3151 856 3230 928 1),
3282 857 3340 911 in
3384 865 3627 915 montem

2021 940 2248 997 unicum
2281 941 2458 997 ﬁlium
2502 942 2724 1011 ducere,
2770 952 2824 999 et
2871 960 3035 1016 quem
3082 942 3151 1000 ad
3195 945 3628 1003 consolationem

2023 1033 2043 1065 ‘
2074 1048 2243 1087 senex
2271 1042 2553 1105 acceperat
2584 1034 2871 1090 immolare
2890 1037 3105 1105 ('Genes.
3129 1052 3273 1105 χχιι,
3304 1038 3383 1109 2).
3409 1036 3511 1094 Cui
3541 1039 3627 1094 ni-

2021 1120 2227 1175 mirum
2256 1122 2325 1177 ad
2357 1123 2845 1195 interrogationem
2883 1124 3021 1180 bene
3053 1126 3434 1197 respondenti,
3467 1127 3526 1183 id
3548 1135 3631 1184 est

2020 1208 2087 1264 ad
2121 1208 2427 1281 jussionem
2472 1211 2754 1268 obedienti
2786 1213 3029 1269 dicitur:
3064 1215 3217 1271 Nunc
3251 1216 3468 1287 cognovi
3500 1217 3626 1288 quia

2023 1300 2168 1353 times
2199 1300 2362 1355 Deum
2390 1301 2584 1372 (Ibid,
2614 1302 2727 1374 12).
2756 1303 2858 1360 Vel
2888 1304 3034 1360 sicut
3061 1305 3327 1377 scriptum
3352 1314 3468 1363 est:
3502 1308 3629 1363 Ten-

2024 1392 2102 1441 tat
2138 1404 2225 1441 vos
2257 1388 2516 1443 Dominus
2544 1389 2686 1444 Deus
2716 1398 2902 1457 vester,
2932 1399 2993 1446 ut
3027 1394 3160 1448 sciat
3186 1395 3234 1448 si
3262 1395 3485 1466 diligitis
3512 1414 3629 1451 eum

2025 1475 2204 1547 (Deut.
2239 1494 2362 1546 xm,
2393 1477 2473 1549 3).
2519 1479 2751 1536 Tentare
2781 1482 2983 1555 quippe
3010 1482 3112 1538 Dei
3141 1491 3223 1539 est
3270 1486 3485 1555 magnis
3528 1503 3631 1542 nos

2017 1562 2365 1635 jussionibus
2394 1566 2751 1641 interrogare.
2784 1570 2936 1626 Scire
2968 1587 3185 1645 quoque
3222 1569 3341 1644 ejus
3387 1580 3469 1629 est
3514 1589 3628 1630 no-

2023 1668 2192 1714 stram
2238 1659 2610 1718 obedientiam
2658 1680 2818 1720 nosse
2866 1682 2968 1721 nos
3015 1665 3211 1722 facere.
3261 1665 3404 1740 [Vet.
3448 1665 3627 1741 VIII.]

1945 1770 1992 1831 Β
2024 1748 2337 1818 Aperiendo
2355 1766 2487 1805 vero
2508 1752 2667 1807 nobis
2689 1754 2961 1826 quaedam,
2978 1764 3140 1828 atque
3162 1754 3471 1813 claudendo
3485 1772 3630 1829 quaa-

2024 1834 2150 1892 dam
2181 1853 2281 1893 nos
2318 1837 2619 1911 interrogat
2646 1844 2813 1911 Deus,
2847 1844 2992 1899 sicut
3031 1861 3127 1916 per
3164 1845 3511 1902 Psalmistam
3546 1845 3628 1902 di-

2023 1925 2171 1981 citur
2190 1945 2201 1980 :
2227 1928 2503 1999 Palpebras
2521 1930 2634 1999 ejus
2654 1931 2987 2003 interrogant
3003 1935 3144 2005 ﬁlios
3164 1935 3433 1991 hominum
3451 1935 3625 2007 (Psat.

2023 2029 2081 2081 χ,
2125 2015 2204 2086 5).
2238 2016 2520 2088 Palpebris
2572 2020 2774 2093 quippe
2825 2024 3027 2095 apertis
3074 2022 3376 2093 cernimus,
3424 2024 3628 2082 clausis

2021 2100 2165 2156 nihil
2194 2103 2464 2161 videmus.
2500 2108 2520 2141 δ
2552 2107 2697 2176 Quid
2727 2127 2855 2182 ergo
2896 2111 3181 2184 palpebras
3212 2113 3334 2181 Dei,
3368 2112 3476 2168 nisi
3508 2112 3626 2185 ejus

2015 2189 2228 2262 judicia
2247 2193 2549 2265 accipimus
2568 2196 2595 2251 ‘P
2615 2197 2746 2265 Quae
2762 2197 2926 2269 juxta
2939 2200 3153 2273 aliquid
3173 2200 3509 2257 clauduntur
3530 2202 3624 2258 ho-

2022 2279 2356 2348 minibus,et
2381 2281 2543 2354 juxta
2563 2285 2775 2359 aliquid
2794 2295 3130 2357 reserantur,
3161 2295 3223 2344 ut
3251 2287 3507 2345 homines
3527 2292 3622 2363 qui

2023 2385 2078 2425 se
2107 2371 2362 2427 nesciunt
2392 2373 2752 2447 sibimetipsis
2792 2377 3159 2446 innotescant,
3190 2386 3460 2451 quatenus
3489 2379 3622 2436 dum

2022 2459 2273 2532 quaedam
2308 2463 2669 2536 intelligendo
2698 2467 3195 2539 comprehendunt,
3220 2468 3468 2541 quaedam
3491 2486 3623 2526 vero

2022 2566 2352 2620 cognoscere
2382 2553 2611 2609 omnino
2639 2571 2750 2609 non
2781 2563 3027 2626 possunt,
3073 2572 3264 2611 eorum
3294 2556 3460 2613 corda
3508 2574 3623 2614 sese

2022 2635 2254 2693 latenter
2286 2639 2591 2713 inquirant,
2623 2643 2668 2699 si
2709 2643 2835 2700 illos
2863 2643 3057 2701 divina
3079 2644 3292 2717 judicia
3320 2646 3408 2701 vel
3437 2647 3622 2703 clausa

2019 2740 2129 2780 non
2160 2727 2468 2797 stimulant,
2500 2730 2586 2785 vel
2617 2739 2803 2803 aperta
2832 2750 2943 2788 non
2970 2733 3185 2790 inﬂant.
3217 2734 3330 2792 Hac
3359 2737 3506 2793 enim
3539 2737 3618 2792 in-

2019 2815 2383 2886 terrogatione
2430 2817 2630 2875 Paulus
2679 2821 2939 2891 probatus
2985 2831 3087 2891 est,
3135 2824 3229 2895 qui
3271 2832 3392 2896 post
3423 2841 3622 2897 perce-

2017 2909 2165 2973 ptam
2198 2905 2471 2960 internam
2508 2908 2857 2979 sapientiam,
2889 2918 3012 2982 post
3043 2918 3229 2981 aperta
3264 2912 3501 2967 claustra
3529 2930 3619 2985 pa-

2017 2990 2206 3059 radisi,
2248 3000 2369 3064 post
2398 3009 2682 3050 ascensum
2714 2998 2864 3052 tertii
2894 2998 3042 3065 coeli,
3082 3005 3207 3069 post
3242 3013 3496 3068 supernae
3527 3000 3621 3055 lo-

2013 3079 2253 3136 cutionis
2280 3084 2563 3155 mysteria,
2584 3085 2765 3142 adhuc
2793 3086 2931 3143 dicit
2956 3106 2967 3142 :
2998 3089 3112 3159 Ego
3144 3105 3223 3143 me
3250 3106 3355 3143 non
3376 3090 3621 3146 arbitror

2012 3172 2457 3242 comprehendisse
2495 3175 2719 3248 (Philip.
2768 3196 2852 3248 ιιι,
2890 3179 3004 3251 13).
3038 3181 3110 3236 Et
3153 3197 3410 3237 rursum:
3445 3184 3466 3217 ⁸
3498 3183 3615 3255 Ego

2013 3277 2128 3317 sum
2156 3264 2405 3320 minimus
2428 3269 2812 3337 apostolorum,
2830 3271 2923 3341 qui
2952 3288 3056 3325 non
3075 3288 3193 3327 sum
3221 3273 3412 3344 dignus
3430 3276 3615 3330 vocari

2012 3355 2281 3423 apostolus
2312 3354 2367 3427 (l
2399 3355 2522 3412 Cor.
2544 3374 2640 3427 xv,
2671 3358 2753 3431 9).
2782 3360 2855 3415 Et
2884 3377 3137 3418 rursum:
3172 3362 3293 3420 Non
3321 3363 3449 3433 quia
3480 3366 3617 3437 suffi-

2012 3440 2196 3496 cientes
2214 3459 2396 3498 sumus
2423 3445 2633 3517 aliquid
2652 3448 2880 3519 cogitare
2901 3467 2933 3504 a
2958 3451 3125 3519 nobis,
3153 3450 3309 3521 quasi
3337 3468 3403 3506 ex
3428 3452 3617 3515 nobis;

2013 3534 2102 3587 sed
2129 3536 2437 3607 suﬂicientia
2460 3544 2644 3593 nostra
2663 3557 2729 3594 ex
2749 3540 2856 3595 Deo
2878 3548 2951 3595 est
2967 3543 3063 3613 (II
3081 3543 3207 3599 Cor.
3233 3560 3317 3611 III,
3343 3544 3424 3616 5).
3450 3546 3619 3617 Aper-

2014 3620 2086 3674 tis
2113 3636 2240 3692 ergo
2277 3623 2551 3695 palpebris
2580 3625 2680 3680 Dei
2713 3626 3080 3699 interrogatus
3110 3631 3313 3687 Paulus
3342 3639 3489 3689 recte
3517 3647 3616 3701 re-

2015 3710 2255 3781 spondit,
2279 3713 2373 3785 qui
2403 3720 2457 3767 et
2484 3730 2719 3785 superna
2740 3723 2948 3771 secreta
2975 3718 3181 3790 attigit,
3210 3727 3265 3774 et
3288 3726 3473 3776 tamen
3505 3723 3525 3755 7
3559 3721 3617 3777 in

2014 3801 2327 3861 humilitate
2354 3807 2535 3863 cordis
2558 3809 2872 3864 sublimiter
2898 3812 3071 3867 stetit.
3093 3815 3199 3881 Qui
3230 3830 3454 3869 rursum
3485 3831 3616 3871 cum

2013 3901 2218 3949 secreta
2240 3894 2337 3949 Dei
2362 3892 2575 3964 judicia
2602 3895 2669 3951 de
2698 3898 3011 3968 repulsione
3032 3899 3352 3955 Judaaorum
3383 3909 3436 3957 et
3474 3918 3617 3974 gen-

2012 3983 2154 4039 tium
2201 3983 2488 4040 vocatione
2531 3983 2849 4056 discuteret,
2897 3998 3057 4062 atque
3106 3989 3175 4046 ad
3221 4006 3285 4045 ea
3327 3993 3619 4063 pervenire

2014 4089 2125 4128 non
2153 4080 2353 4144 posset,
2384 4074 2538 4148 quasi
2565 4074 2766 4133 clausis
2796 4077 2895 4133 Dei
2926 4078 3204 4151 palpebris
3244 4078 3616 4154 interrogatus

2014 4177 2112 4225 est.
2147 4170 2168 4203 ⁸
2208 4169 2313 4227 Sed
2353 4179 2564 4228 rectum
2597 4173 2756 4230 valde
2800 4190 3125 4248 responsum
3167 4173 3313 4232 899
3353 4177 3618 4247 reddidit,

2014 4264 2108 4335 qui
2133 4266 2246 4321 Deo
2275 4281 2330 4321 se
2357 4267 2413 4321 in
2444 4267 2561 4340 ipsa
2579 4283 2678 4324 sua
2706 4269 3018 4341 ignorantia
3041 4270 3279 4328 scienter
3299 4271 3619 4341 inclinavit,

2012 4352 2237 4409 dicens:
2288 4356 2331 4411 Ο
2370 4356 2598 4411 altitudo
2638 4357 2953 4414 divitiarum
2988 4361 3262 4431 sapientia
3304 4367 3353 4415 et
3391 4361 3623 4416 scientias

2014 4442 2130 4510 Dei,
2153 4460 2313 4513 quam
2338 4444 2885 4516 incomprehensibilia
2912 4456 3037 4504 sunt
3054 4448 3269 4518 judicia
3299 4449 3437 4520 ejus,
3467 4457 3514 4505 et
3542 4450 3621 4505 in-

2014 4531 2335 4602 vestigabiles
2363 4533 2462 4588 vite
2488 4532 2641 4601 ejus!
2684 4535 2813 4601 Quis
2842 4536 2979 4591 enim
3008 4540 3249 4609 cognovit
3276 4556 3485 4594 sensum
3513 4539 3619 4595 Do-

2016 4617 2166 4686 mini,
2188 4626 2283 4675 aut
2302 4620 2421 4690 quis
2452 4621 2791 4679 consiliarius
2821 4623 2939 4694 ejus
2957 4624 3066 4696 fuit
3092 4626 3269 4699 (Rom.
3292 4645 3373 4698 χι,
3390 4626 3480 4696 33,
3496 4625 3613 4699 34).

2016 4707 2156 4763 Ecce
2184 4709 2333 4765 enim
2364 4708 2643 4767 absconsis
2672 4714 2952 4785 mysteriis
2985 4716 3142 4788 quasi
3182 4716 3384 4772 clausis
3423 4716 3621 4786 palpe-

2014 4797 2129 4853 bris
2154 4799 2451 4873 inquisitus
2466 4801 2668 4873 placita
2696 4819 2759 4860 ac
2788 4812 2937 4862 recta
2959 4804 3266 4878 respondit,
3296 4804 3392 4878 qui
3421 4805 3617 4860 secreti

2085 5036 2106 5068 ⁵
2132 5033 2281 5115 Editi
2299 5034 2617 5115 (ιιιιιι-ῼοιιιιζ
2638 5037 2846 5115 Germ.,
2877 5037 3007 5115 quid
3029 5053 3151 5106 ergo
3171 5033 3613 5115 per'patpebras:

2015 5104 2195 5193 A‘best
2228 5122 2333 5193 per"
2363 5123 2393 5158 a
2422 5107 2547 5186 Mss.
2594 5107 2765 5162 Laud.
2798 5116 2857 5188 et
2886 5104 2964 5162 al.
3004 5104 3420 5193 vetustioribus,
3458 5108 3610 5180 quod

2014 5175 2258 5247 phrasim
2295 5177 2682 5248 Gregorianam
2717 5178 2889 5249 magis
2919 5177 3080 5250 sapit.
3474 5175 3489 5180 ’

2018 5318 2028 5328 .
2086 5248 2296 5328 {Deest
2324 5264 2412 5317 ego
2434 5265 2549 5301 sum
2578 5248 2827 5302 minimus
2853 5266 2942 5319 ap.
2980 5292 2992 5304 .
3030 5292 3041 5305 .
3081 5292 3092 5304 .
3130 5292 3139 5304 .
3179 5292 3190 5304 .
3218 5249 3401 5305 vocari
3428 5257 3604 5322 apost.

2015 5334 2073 5475 UT
2085 5390 2104 5423 ⁷
2114 5317 2362 5445 (ἐξ)εέ
2387 5389 2631 5475 Ebroic.,
2658 5389 2834 5475 Pratel
2845 5434 2855 5445 .
2867 5434 2881 5457 ,
2898 5391 3183 5475 Laudem,
3203 5393 3370 5475 gprb.
3392 5394 3556 5475 Germ
3567 5438 3578 5450 .
3590 5437 3606 5464 ,

2013 5467 2143 5547 etc”
2175 5475 2388 5547 necnon
2410 5467 2519 5516 vet.
2552 5461 2655 5547 Ed:
2686 5461 2856 5547 Paris.
2890 5462 3028 5547 1488
3046 5471 3103 5547 et
3131 5464 3370 5547 Ih95,_et
3387 5461 3611 5547 quidem

2013 5532 2522 5614 elegantiusquam,
2550 5533 2609 5587 in
2628 5532 2929 5614 humilitate
2955 5535 3130 5591 cordis
3156 5532 3430 5593 humiliter
3452 5538 3617 5603 stetit,

2018 5602 2165 5676 quad
2196 5602 2251 5657 in
2283 5602 2410 5660 aliis
2434 5604 2672 5660 Excusis
2706 5603 2927 5675 legitur.

2088 5676 2108 5707 ⁸
2150 5675 2303 5732 Alter
2331 5674 2582 5744 Ebroic.,
2614 5676 2704 5733 sed
2731 5682 2985 5734 secretum
3013 5679 3185 5737 valde.
