4152 6182
547 285 653 341 4515

1750 226 1999 330 ΞΑΝΟΤῙῚ
2037 273 2374 329 GREGORII
2410 271 2639 329 MAGNI

3756 265 3861 323 456

548 406 763 464 aditum
795 402 1043 477 pulsans,
1071 400 1202 475 quia
1228 415 1326 473 per
1349 398 1721 473 cognitionem
1749 397 2047 455 intromitti
2072 398 2144 455 ad
2174 400 2225 458 A
2255 395 2590 468 designatur,
2612 411 2707 468 per
2724 394 2884 468 cujus
2902 394 3214 452 divinitatis
3245 392 3573 467 potentiam,
3599 392 3862 450 nutantia

549 494 815 552 interiora
852 509 963 550 non
994 491 1195 561 valuit,
1227 507 1322 565 per
1359 490 1760 549 confessionem
1790 494 1916 545 ante
1950 486 2146 560 januas

553 584 568 618 ¹
601 582 832 639 humilis
857 582 1041 650 stetit;
1079 588 1134 640 et
1173 579 1323 655 quod
1366 581 1515 638 intus
1544 577 2007 652 comprehendere
2034 594 2146 635 non

549 673 750 745 potuit,
781 672 916 729 foris
959 670 1211 729 timendo
1254 670 1521 729 laudavit.
1571 668 1726 727 Unde
1755 685 1903 726 nunc
1931 683 2148 742 quoque

547 763 740 822 beatus
767 763 870 821 Job
898 770 1022 836 post
1057 761 1549 834 interrogationem
1581 758 1825 817 verberis
1852 758 2149 816 discutitur

549 851 979 925 interrogatione
1008 850 1299 919 sermonis,
1328 856 1391 907 ut
1410 866 1532 923 quae
1560 849 1672 906 sint
1699 864 1936 922 superna
1956 847 2150 905 cousi-

551 942 733 1011 deret;
771 958 894 1016 quae
923 941 1058 999 dum
1090 941 1321 998 minime
1353 939 1792 1013 comprehendit,
1822 938 1891 995 ad
1920 936 2151 995 semeti-

555 1049 714 1108 psum
743 1034 950 1100 redeat,
972 1040 1027 1090 et
1054 1050 1220 1107 quam
1249 1034 1322 1090 sit
1346 1032 1509 1106 juxta
1531 1031 1774 1089 nihilum
1804 1031 1865 1087 in
1893 1044 2151 1103 superno-

554 1141 681 1184 rum
709 1124 1122 1198 comparatione
1153 1130 1468 1196 cognoscat.
1497 1122 1705 1180 Audiat
1735 1122 1951 1195 itaque:
1983 1121 2153 1177 Inter-

554 1216 749 1288 rogabo
780 1222 847 1281 te,
878 1221 927 1271 et
957 1213 1215 1286 responde
1238 1213 1390 1270 mihi.
1424 1215 1507 1271 Ac
1541 1213 1589 1271 si
1625 1211 1867 1285 apertius
1897 1210 2149 1268 dicatur:

555 1304 754 1362 Verbis
776 1302 914 1360 meis
951 1302 1023 1360 ad
1069 1303 1331 1360 sublimia
1356 1302 1756 1362 consideranda
1782 1309 1837 1358 te
1866 1302 2071 1370 excito,
2100 1306 2156 1356 et

556 1391 689 1450 dum
717 1409 780 1451 ea
810 1408 932 1466 quae
967 1408 1131 1466 super
1158 1400 1215 1449 te
1245 1400 1375 1450 sunt
1416 1393 1627 1450 nescire
1664 1399 1718 1450 te
1748 1390 2034 1465 perspicis,
2073 1388 2157 1444 ti-

555 1481 841 1556 bimetipsi
870 1490 923 1539 te
952 1483 1227 1539 notiorem
1260 1482 1453 1539 reddo.
1486 1483 1642 1539 Tunc
1679 1481 1828 1538 enim
1860 1478 2000 1535 mihi
2029 1492 2156 1535 vere

556 1572 874 1647 respondes,
905 1573 953 1631 si
982 1589 1103 1647 quae
1130 1572 1351 1646 ignoras
1379 1570 1668 1643 intelligis.
1698 1568 1992 1642 Sequitur:

1031 1689 1262 1748 CAPUT
1291 1688 1342 1748 ν
1374 1687 1516 1762 [Rec.
1566 1685 1683 1762 VI].

631 1806 804 1867 Vnus.
835 1806 962 1865 4-6.
988 1837 1058 1849 -
1095 1805 1194 1864 Ubi
1231 1822 1353 1862 eras
1393 1804 1605 1875 quando
1644 1802 1901 1876 ponebam
1948 1799 2162 1872 funda-

558 1908 733 1959 menta
763 1901 969 1958 terrae?
1021 1899 1206 1957 Indica
1251 1895 1398 1965 mihi,
1446 1896 1494 1951 si
1541 1895 1693 1952 habes
1738 1893 2157 1966 intelligentiam.

566 1992 695 2061 Quis
719 1990 901 2064 posuit
926 2005 1204 2045 mensuras
1244 1988 1379 2058 ejus,
1407 1985 1455 2041 si
1480 1986 1640 2053 nosti,
1672 1988 1752 2042 vel
1792 1985 1911 2058 quis
1952 1982 2163 2040 tetendit

563 2098 721 2155 super
749 2098 864 2137 eam
901 2079 1091 2137 lineam
1118 2081 1146 2136 ?
1196 2079 1366 2150 Super
1394 2092 1497 2148 quo
1541 2076 1685 2133 bases
1726 2075 1877 2134 illius
1923 2074 2164 2130 solidata:

566 2179 691 2228 sunt
718 2174 746 2229 Ϋ

640 2261 725 2317 14.
754 2261 863 2320 Per
897 2258 1245 2331 fundamenta
1283 2255 1533 2315 Ecclesia:
1564 2254 1792 2329 intelligi
1828 2255 2009 2314 debent
2040 2272 2165 2328 apo-

568 2352 689 2407 διοιί
706 2369 727 2417 ;
759 2366 858 2423 per
884 2347 1308 2420 fundamentum,
1339 2350 1482 2405 solus
1515 2346 1863 2404 Christus.—
1882 2348 2023 2405 Ecce
2052 2362 2166 2403 om-

568 2444 663 2499 nia
682 2441 837 2515 quasi
864 2439 931 2497 de
960 2438 1155 2497 mundi
1181 2438 1394 2511 origine
1423 2437 1737 2494 narratione
1758 2437 2023 2495 historica
2041 2453 2168 2495 con-

570 2538 856 2588 texuntur.
907 2531 1147 2603 Repente
1185 2544 1319 2585 vero
1362 2526 1717 2601 subjungitur
1755 2527 1906 2602 quod
1954 2543 2066 2584 non
2103 2525 2171 2584 de

573 2619 790 2690 mundi,
811 2619 906 2675 sed
935 2618 1002 2675 de
1028 2617 1289 2675 Ecclesiae
1314 2618 1527 2675 dictum
1554 2616 1874 2676 conditione
1894 2617 2167 2676 videatur.

580 2710 715 2766 Nam
750 2708 955 2765 dicitur
981 2724 992 2764 :

649 2800 761 2858 Aut
788 2800 906 2871 quis
927 2798 1129 2855 dimisit
1160 2797 1388 2870 lapidem
1417 2800 1732 2872 angularem
1768 2798 1883 2870 ejus
1906 2800 1933 2856 φ

645 2890 748 2946 Per
777 2888 882 2946 hoc
908 2888 1056 2945 enim
1085 2887 1234 2962 quod
1267 2906 1379 2946 non
1410 2889 1469 2945 in
1500 2888 1695 2946 mundi
1723 2888 1938 2961 origine
1966 2887 2173 2945 factum

575 2988 677 3050 est,
699 2987 755 3036 et
784 2979 927 3036 illud
963 2978 1218 3052 superius
1244 2979 1575 3049 ostenditur,
1604 2979 1735 3054 quia
1754 2979 1821 3035 de
1846 2977 2041 3035 mundi
2071 2977 2176 3034 ori-

2254 485 2594 543 inﬁrmitatis
2620 493 2825 544 nostrae
2845 486 3012 543 corda
3036 485 3367 543 solidantur.
3401 484 3481 539 De
3509 498 3620 556 quo
3642 490 3697 539 et
3726 483 3861 541 Pau-

2254 576 2341 633 lus
2384 576 2506 633 ait:
2558 577 2980 633 Fundamentum
3024 577 3178 633 aliud
3221 591 3372 631 nemo
3417 577 3589 645 potest
3639 588 3859 643 ponere,

2250 673 2448 740 praeter
2474 667 2534 722 id
2567 668 2709 738 quod
2735 668 2966 739 positum
2990 673 3085 733 est,
3126 666 3266 737 quod
3300 670 3388 738 est
3433 663 3683 721 Christus
3711 665 3866 723 Iesus

2260 757 2317 829 (Ι
2345 758 2469 814 Cor.
2501 774 2587 825 ιιι,
2621 757 2733 829 11).
2776 758 2894 829 Ipse
2939 756 3141 831 quippe
3182 754 3613 812 fundamentum
3656 753 3869 811 funda-

2259 855 2570 904 mentorum
2599 853 2701 915 est,
2753 847 2885 920 quia
2930 855 2984 903 et
3024 846 3179 917 origo
3224 852 3307 901 est
3353 843 3765 913 inchoantium,
3815 852 3872 901 et

2258 944 2569 1001 constantia
2589 941 2735 1000 900
2758 943 3131 1000 robustorum.
3155 940 3295 1008 Quia
3313 939 3484 1011 igitur
3504 939 3870 997 fundamenta

2261 1041 2446 1091 nostra
2482 1042 2612 1092 sunt
2649 1034 2708 1091 hi
2742 1034 2837 1108 qui
2878 1033 3235 1107 iniquitatum
3275 1037 3588 1086 nostrarum
3627 1029 3874 1103 pondera

2263 1132 2644 1198 portaverunt,
2678 1141 2746 1181 ne
2784 1124 2977 1180 beatus
3005 1121 3109 1179 Job
3145 1121 3205 1178 in
3234 1120 3550 1194 superbiam
3579 1119 3648 1177 de
3677 1120 3874 1176 virtu—

2265 1223 2381 1273 tum
2411 1234 2635 1274 suarum
2664 1217 2910 1290 potentia
2942 1214 3287 1284 sublevetur,
3336 1213 3398 1270 in
3440 1214 3559 1287 ipsa
3597 1212 3874 1271 dominici
3978 1256 3987 1268 .

2263 1308 2442 1380 prima
2471 1317 2623 1381 parte
2652 1309 2922 1366 sermonis
2960 1306 3027 1364 de
3073 1314 3395 1364 sanctorum
3445 1305 3873 1380 praedicatorum

2265 1398 2790 1456 commemoratione
2815 1396 3134 1466 discutitur,
3151 1403 3214 1452 ut
3240 1403 3451 1469 quanto
3480 1396 3610 1451 illos
3638 1392 3877 1451 admira-

2266 1486 2405 1542 biles
2432 1487 2622 1543 venire
2650 1487 3009 1559 conspiceret,
3041 1493 3195 1543 tanto
3237 1485 3297 1541 in
3338 1501 3533 1542 eorum
3583 1498 3876 1555 compara-

2267 1574 2421 1631 tione
2448 1575 2517 1632 de
2546 1591 2603 1631 se
2625 1576 2792 1633 vilius
2820 1576 3133 1633 aestimaret.
3156 1573 3315 1643 Quod
3342 1573 3551 1631 idcirco
3577 1589 3609 1628 a
3631 1570 3880 1628 Domino

2262 1664 2378 1737 jam
2407 1666 2563 1738 quasi
2593 1668 2931 1738 praeteritum
2960 1666 3314 1735 describitur,
3341 1665 3471 1738 quia
3498 1660 3773 1738 quidquid
3793 1660 3883 1717 fo-

2193 1769 2240 1833 B
2269 1756 2345 1811 ris
2374 1755 2623 1811 futurum
2650 1764 2732 1812 est
2766 1757 2825 1812 in
2867 1773 3051 1830 opere,
3091 1757 3246 1813 intus
3277 1753 3392 1827 jam
3434 1754 3645 1811 factum
3686 1758 3772 1808 est
3818 1749 3885 1806 in

2270 1844 2766 1918 praedestinatione.
2801 1845 3019 1903 Dicitur
3046 1846 3234 1920 itaque
3259 1845 3310 1902 ei
3334 1863 3345 1901 :
3386 1844 3488 1903 Ubi
3515 1859 3638 1899 eras
3664 1840 3887 1913 quando

2265 1935 2523 2007 ponebam
2547 1934 2899 2005 fundamenta
2930 1944 3087 1993 terra
3106 1939 3134 1993 ?
3158 1938 3240 1993 Ac
3267 1936 3317 1992 si
3352 1942 3538 2008 aperte
3568 1932 3885 1990 diceretur:

2271 2025 2547 2082 Virtutem
2576 2024 2807 2082 fortium
2832 2025 3143 2094 considera,
3177 2041 3373 2098 meque
3402 2040 3595 2080 eorum
3623 2029 3753 2079 ante
3780 2037 3890 2078 sas.

2271 2116 2396 2173 cula
2425 2122 2703 2171 auctorem
2734 2130 2937 2187 pensa;
2975 2121 3031 2171 et
3072 2130 3200 2172 cum
3238 2130 3330 2170 eos
3361 2112 3421 2168 in
3461 2128 3599 2185 quos
3627 2119 3899 2183 tempore

2273 2204 2497 2264 condidi
2526 2203 2807 2261 mirabiles
2843 2204 3101 2277 suspicis,
3131 2202 3409 2278 perpende
3436 2209 3710 2276 quantum
3739 2199 3897 2259 mihi

2274 2293 2436 2352 subdi
2465 2293 2681 2364 debeas,
2712 2310 2876 2368 quem
2904 2301 3187 2352 auctorem
3217 2292 3565 2350 mirabilium
3596 2290 3719 2347 sine
3749 2296 3895 2346 tem-

2276 2400 2408 2459 pore
2438 2399 2555 2441 esse
2581 2384 2887 2458 cognoscis.
2927 2384 3190 2458 Sequitur
3218 2401 3230 2440 :

2914 2500 3141 2560 CAPUT
3180 2501 3277 2559 VI.

2353 2622 2526 2683 Vsus.
2555 2622 2611 2693 li,
2642 2620 2696 2679 5.
2719 2651 2790 2664 -
2809 2620 2998 2679 Indica
3026 2618 3174 2690 mihi,
3208 2617 3257 2676 si
3283 2616 3438 2676 habes
3465 2614 3892 2690 intelligentiam,

2282 2713 2402 2787 quis
2433 2712 2615 2785 posuit
2640 2729 2917 2768 mensuras
2963 2709 3101 2782 ejus,
3129 2709 3177 2766 si
3221 2708 3381 2777 nosti,
3413 2708 3494 2766 uel
3534 2707 3651 2780 quis
3680 2706 3895 2763 tetendit

2284 2820 2443 2875 super
2470 2820 2583 2858 eam
2618 2801 2811 2858 lineam
2831 2804 2859 2858 ἵ

2358 2892 2444 2948 15.
2485 2890 2625 2962 Ejus
2653 2897 2787 2946 nutu
2824 2890 2992 2946 sancti
3022 2889 3392 2962 praedicatores
3417 2886 3489 2944 ad
3515 2885 3777 2959 quaedam
3801 2902 3896 2941 or-

2286 2981 2363 3038 bis
2385 2988 2567 3054 partes
2597 2980 2766 3050 missi,
2793 2981 2858 3036 ab
2887 2980 3015 3035 aliis
3043 2980 3267 3052 repulsi.
3286 3009 3355 3020 —
3380 2977 3757 3054 Mensurarum
3806 2974 3899 3030 li-

580 3075 706 3149 gine
722 3072 935 3130 dictum
964 3088 1077 3128 non
1096 3078 1199 3129 est.
1224 3071 1436 3130 Idcirco
1457 3088 1696 3146 namque
1725 3071 1892 3129 rebus
1920 3070 2098 3145 planis
2118 3086 2180 3126 ac
2216 3141 2250 3149 _
2287 3053 2401 3132 neas
2425 3075 2481 3131 in
2500 3082 2773 3131 terrarum
2796 3072 3092 3145 partitione
3106 3053 3898 3141 tenduntur,ut'dimensionis

576 3163 893 3236 patentibus
921 3162 1155 3219 Obscura
1184 3161 1436 3233 quaedam
1470 3178 1533 3218 ac
1570 3162 1792 3218 dissona
1831 3161 2178 3233 permiscen-
2209 3141 2251 3201 θ
2286 3166 2515 3239 aequitas
2532 3183 2603 3222 ex
2632 3165 2750 3237 ipsa
2771 3141 3043 3219 linearum
3061 3162 3311 3219 tensione
3337 3167 3607 3218 teneatur.
3639 3158 3703 3214 In
3725 3171 3898 3214 carne

576 3259 690 3316 tur,
719 3257 782 3305 ut
817 3266 914 3321 per
941 3248 1047 3306 hoc
1075 3248 1223 3322 quod
1252 3250 1320 3304 ab
1351 3250 1641 3305 intellectu
1670 3250 1868 3306 litterae
1905 3249 2178 3321 discrepat

577 3346 632 3395 et
659 3337 799 3394 illud
824 3337 1139 3410 inquiratur
1169 3336 1401 3410 mystice
1423 3336 1573 3410 quod
1605 3324 1818 3395 dictum
1840 3336 2005 3409 juxta
2034 3338 2178 3394 litte-

578 3443 696 3485 ram
735 3434 913 3484 sonat.
962 3427 1209 3500 Namque
1257 3426 1402 3483 sicut
1445 3426 1569 3483 aliis
1615 3429 1818 3501 apertis
1865 3428 2029 3485 rebus
2072 3428 2180 3485 alia

579 3518 763 3575 clausa
791 3517 1195 3590 cognoscimus,
1224 3517 1302 3574 ita
1330 3516 1457 3574 aliis
1486 3517 1691 3575 clausis
1717 3518 2108 3589 compellimur
2127 3526 2181 3575 et

577 3608 678 3665 illa
697 3607 883 3663 altiori
903 3606 1191 3665 intellectu
1209 3607 1429 3681 pulsare
1450 3624 1572 3681 qua;
1596 3615 1782 3681 aperta
1802 3608 2177 3667 credebamus.

578 3695 737 3754 Dicat
766 3712 895 3769 ergo
926 3713 939 3754 :
984 3696 1081 3754 Ubi
1125 3713 1246 3753 eras
1282 3696 1496 3769 quando
1538 3698 1796 3770 ponebam
1836 3697 2183 3769 fundamenta

583 3789 783 3844 terra?
806 3784 827 3860 [
842 3788 947 3846 Vet.
978 3784 1107 3861 IX.]
1139 3787 1202 3844 In
1231 3786 1516 3861 Scriptura
1545 3804 1700 3845 sacra
1724 3787 1859 3863 quid
1885 3788 2037 3846 aliud
2060 3788 2184 3845 fun-

583 3877 839 3934 damenta
864 3891 1029 3951 quam
1074 3876 1459 3952 praedicatores
1497 3879 1849 3953 accipimus?
1879 3879 2027 3948 Quos
2052 3878 2184 3936 dum

582 3967 789 4038 primos
831 3966 1105 4025 Dominus
1146 3967 1206 4023 in
1235 3975 1425 4025 sancta
1453 3969 1704 4026 Ecclesia
1732 3970 1938 4041 posuit,
1984 3975 2099 4024 tota
2127 3968 2186 4024 in

584 4058 663 4112 eis
690 4058 969 4127 sequentis
998 4058 1222 4115 fabricae
1250 4066 1532 4116 structura
1561 4060 1826 4115 surrexit.
1852 4057 2006 4115 Unde
2026 4066 2081 4114 et
2106 4076 2188 4114 sa-

585 4143 775 4201 cerdos
804 4160 935 4200 cum
971 4146 1390 4203 tabernaculum
1417 4146 1725 4220 ingreditur
1755 4147 1957 4221 (Exod.
1981 4165 2185 4221 xxvm,

589 4232 678 4303 17)
711 4230 1003 4288 duodecim
1054 4233 1262 4305 lapides
1310 4242 1528 4305 portare
1575 4235 1633 4289 in
1681 4243 1899 4307 pectore
1937 4237 2186 4309 jubetur,

584 4317 715 4393 quia
740 4317 1000 4378 videlicet
1029 4322 1384 4394 semetipsum
1413 4339 1513 4396 pro
1542 4322 1702 4380 nobis
1730 4326 2062 4384 sacriﬁcium
2094 4327 2190 4384 of-

588 4412 766 4467 ferens
794 4410 1045 4482 pontifex
1083 4418 1288 4483 noster,
1321 4412 1455 4471 dum
1497 4415 1667 4473 fortes
1713 4415 1773 4473 in
1804 4416 1923 4491 ipso
1958 4418 2188 4476 exordio

2286 3264 2468 3312 autem
2481 3255 2754 3311 Dominus
2774 3252 2843 3309 ad
2862 3253 3167 3311 Ecclesiam
3185 3254 3412 3309 veniens
3434 3265 3719 3307 mensuras
3736 3255 3895 3303 terra;

2287 3344 2449 3402 lineis
2478 3360 2697 3401 mensus
2719 3350 2821 3412 est,
2852 3343 2982 3416 quia
3003 3341 3141 3399 ﬁnes
3167 3340 3428 3399 Ecclesiae
3460 3338 3670 3397 occulti
3692 3335 3893 3410 judicii

2291 3434 2594 3493 subtilitate
2640 3432 2919 3490 distinxit.
2969 3432 3148 3505 Hujus
3179 3438 3337 3488 terrae
3366 3429 3599 3488 occultae
3626 3442 3893 3484 mensurae

2291 3526 2381 3582 vel
2421 3524 2581 3581 linem
2620 3522 2992 3580 tendebantur
3032 3521 3253 3596 quando
3297 3519 3689 3595 praedicatores
3721 3515 3892 3575 sancti

2291 3622 2483 3687 agente
2523 3613 2733 3686 Spiritu
2759 3612 2818 3668 in
2846 3612 2983 3669 alias
3009 3619 3192 3685 partes
3236 3609 3434 3667 mundi
3464 3608 3801 3667 vocabantur
3831 3613 3893 3662 ut

2293 3706 2459 3773 irent,
2502 3702 2572 3759 ab
2608 3703 2733 3759 aliis
2766 3718 2899 3779 vero
2927 3700 3176 3775 partibus
3215 3699 3544 3759 arcebantur
3581 3716 3650 3755 ne
3677 3695 3891 3755 accede-

2294 3803 2437 3852 rent.
2460 3795 2663 3851 Paulus
2683 3809 2920 3867 namque
2942 3792 3224 3865 apostolus
3245 3807 3374 3848 cum
3400 3788 3733 3849 Macedoniae
3760 3802 3894 3860 prat-

2294 3884 2477 3941 dicare
2514 3884 2832 3957 negligeret,
2872 3900 2969 3957 per
2996 3882 3182 3941 visum
3230 3881 3317 3938 illi
3366 3877 3613 3955 apparuit
3650 3876 3740 3931 vir
3766 3876 3896 3933 Ma-

2294 3973 2429 4033 cedo
2464 3972 2559 4045 qui
2586 3970 2831 4028 diceret:
2876 3972 3163 4030 Transiens
3205 3972 3264 4028 in
3308 3968 3665 4031 Macedoniam
3690 3964 3895 4036 adjuva

2294 4080 2389 4120 nos
2422 4062 2561 4135 (Act.
2595 4078 2715 4130 xvr,
2745 4062 2827 4135 9).
2886 4063 2961 4119 At
3006 4068 3222 4132 contra,
3272 4058 3417 4119 sicut
3467 4058 3730 4130 scriptum
3765 4062 3892 4113 est:

2305 4152 2591 4210 Tentabant
2613 4152 2841 4223 apostoli
2865 4151 2887 4185 ³
2908 4152 2985 4207 ire
3013 4151 3069 4207 in
3099 4150 3425 4224 Bithyniam,
3454 4156 3504 4206 et
3531 4166 3636 4205 non
3656 4145 3901 4221 permisit

2297 4258 2380 4297 eos
2411 4241 2642 4313 Spiritus
2678 4241 2804 4296 Iesu
2835 4240 3024 4313 (Ibid.,
3057 4242 3137 4316 7).
3172 4242 3314 4298 Dum
3356 4256 3484 4313 ergo
3515 4237 3899 4312 praedicatores

2297 4331 2470 4390 sancti
2501 4338 2554 4388 et
2582 4338 2851 4388 vocantur
2878 4330 2949 4387 ad
2974 4330 3370 4400 Macedoniam,
3391 4337 3447 4386 et
3473 4327 3541 4385 ab
3560 4328 3695 4385 Asia
3712 4324 3894 4400 probi-

2296 4421 2516 4489 bentur,
2537 4419 2642 4477 ista
2663 4419 3004 4477 occultarum
3027 4434 3411 4475 mensurarum
3433 4417 3577 4473 linea
3598 4417 3720 4474 illic
3733 4415 3896 4473 ducta

589 4499 972 4574 praedicatores
998 4501 1278 4573 exhibuit,
1321 4503 1613 4562 duodecim
1641 4505 1849 4579 lapides
1877 4507 1980 4565 sub
2009 4509 2186 4581 capite
2214 4512 2263 4571 D
2294 4520 2395 4582 est,
2428 4511 2561 4569 hinc
2590 4510 2834 4568 reducta.
2867 4511 2993 4567 Illic
3022 4510 3291 4580 tenditur,
3311 4519 3374 4567 ut
3401 4507 3723 4568 Macedonia
3749 4506 3898 4564 intra

590 4589 648 4645 in
677 4588 855 4661 prima
881 4591 968 4647 sui
997 4591 1243 4664 corporis
1281 4602 1433 4666 parte
1469 4597 1731 4668 portavit.
1773 4598 1965 4656 Sancti
2002 4599 2186 4672 itaque

589 4678 822 4753 apostoli
859 4687 914 4736 et
954 4698 1053 4754 pro
1081 4681 1259 4754 prima
1286 4685 1600 4742 ostensione
1634 4689 1947 4744 ornamenti
1977 4689 2187 4761 lapides

591 4775 720 4825 sunt
747 4768 805 4824 in
835 4776 1075 4842 pectore,
1105 4777 1160 4825 et
1199 4786 1298 4842 pro
1333 4773 1511 4845 prima
1549 4774 1828 4833 soliditate
1867 4775 2089 4833 aediﬁcii
2127 4776 2187 4834 in

592 4859 709 4916 solo
732 4857 1109 4916 fundamenta.
1130 4859 1285 4916 Unde
1302 4860 1479 4918 David
1502 4862 1775 4935 propheta
1791 4880 1917 4920 cum
1944 4872 2187 4922 sanctam

594 4949 896 5007 Ecclesiam
924 4952 982 5007 in
1001 4950 1335 5008 sublimibus
1362 4953 1736 5025 apostolorum
1759 4954 2038 5011 mentibus
2057 4956 2188 5029 poni

594 5038 963 5117 mdiﬁcarique
999 5041 1340 5115 conspiceret
1368 5062 1380 5100 :
1414 5044 1780 5103 Fundamenta
1806 5047 1941 5119 ejus,
1984 5047 2187 5122 inquit,

595 5127 654 5183 in
678 5132 942 5188 montibus
982 5133 1175 5189 sanctis
1201 5134 1382 5204 (Psal.
1414 5150 1646 5205 Lxxxvr,
1677 5135 1754 5209 1).
1800 5135 1939 5194 Cum
1969 5152 2099 5193 vero
2132 5137 2191 5194 in

597 5233 751 5277 sacro
767 5220 988 5295 eloquio
1008 5240 1120 5281 non
1149 5223 1530 5296 fundamenta,
1555 5225 1652 5283 sed
1670 5224 1936 5300 singulari
1961 5242 2192 5285 numero

600 5306 1022 5369 fundamentum
1043 5313 1270 5385 dicitur,
1290 5316 1479 5375 nullus
1498 5316 1640 5375 alius
1660 5316 1768 5375 nisi
1793 5316 1911 5391 ipse
1923 5320 2195 5379 Dominus

677 5540 696 5622 ξ
735 5542 1209 5622 Ebroiclpratel.
1243 5555 1298 5606 et
1341 5550 1437 5607 alii
1483 5551 1697 5622 Norm.,
1736 5553 2008 5609 humiliter
2035 5555 2191 5612 stetit.
2248 5550 2265 5562 ’

674 5617 697 5652 ³
717 5616 949 5697 AVit’iose
978 5620 1204 5697 Excusi,
1224 5622 1404 5697 etiam
1418 5616 1778 5697 antiquiores,
1803 5625 1885 5681 ire
1908 5626 1965 5680 in
1983 5627 2192 5694 Asiam,

602 5695 795 5770 contra
812 5688 997 5770 graeci
1023 5697 1209 5770 textus
1226 5700 1280 5747 et
1299 5688 1774 5770 vulgata-ﬁdem;
1799 5697 1927 5754 Mss.
1961 5688 2193 5770 Tui-om,

606 5758 769 5818 Corb.
806 5759 1017 5828 Germ.,
1052 5760 1315 5831 Vindoc.,
1348 5758 1548 5832 La'ud.,
1578 5765 1802 5837 Pratel.,
1831 5775 1962 5837 etc.,
1991 5758 2197 5826 habent

2294 4610 2495 4660 sanctae
2522 4599 2786 4658 Ecclesiae
2815 4601 2989 4673 spatia
3017 4601 3338 4673 colligatur;
3365 4601 3385 4636 ³
3415 4599 3549 4656 hinc
3578 4595 3897 4664 attrahitur,

2294 4702 2357 4749 ut
2384 4701 2542 4751 extra
2568 4692 2707 4751 ﬁnes
2734 4692 2865 4751 ﬁdei
2908 4694 3041 4750 Asia
3082 4693 3448 4767 relinquatur.
3494 4692 3670 4748 Erant
3696 4689 3900 4764 quippe

2295 4790 2428 4842 tunc
2458 4785 2517 4840 in
2559 4800 2621 4840 ea
2668 4784 2763 4858 qui
2809 4782 3108 4857 colligendi
3139 4798 3251 4839 non
3279 4789 3457 4852 erant,
3506 4779 3711 4855 quibus
3735 4777 3903 4851 juxta

2297 4874 2557 4929 meritum
2597 4888 2757 4929 suum
2789 4872 3043 4945 perditis,
3081 4870 3195 4944 jam
3227 4888 3379 4928 nunc
3413 4871 3547 4927 Asia
3574 4870 3723 4927 intra
3750 4883 3903 4925 men-

2296 4978 2451 5020 suras
2475 4962 2737 5019 Ecclesize
2760 4963 2873 5018 Deo
2902 4961 3166 5034 largiente
3198 4968 3453 5034 suscepta
3474 4968 3575 5017 est.

2371 5052 2455 5108 16.
2497 5051 2655 5107 Intra
2686 5067 2964 5108 mensuras
2993 5070 3027 5107 a
3064 5052 3276 5109 Christo
3309 5052 3515 5124 positas
3551 5048 3716 5119 electi,
3746 5052 3904 5105 extra

2302 5143 2533 5216 reprobi.
2582 5144 2650 5201 In
2677 5143 2772 5200 Dei
2800 5160 2905 5200 non
2923 5131 2991 5199 'in
3018 5143 3245 5199 hominis
3272 5161 3436 5201 manu
3464 5141 3576 5214 ejus
3604 5137 3902 5215 dispositio.

2301 5234 2523 5291 —Intra
2550 5232 2650 5291 has
2675 5249 2803 5307 ergo
2839 5248 3123 5292 mensuras
3148 5241 3278 5291 sunt
3316 5248 3507 5291 omnes
3535 5230 3718 5300 electi,
3746 5236 3911 5286 extra

2303 5323 2402 5384 has
2431 5341 2622 5384 omnes
2649 5323 2889 5399 reprobi,
2919 5307 3093 5384 etiani
3115 5323 3163 5382 si
3192 5325 3340 5383 intra
3361 5323 3492 5381 ﬁdei
3521 5321 3757 5379 limitem
3788 5333 3910 5376 esse

2302 5550 2384 5611 ire
2427 5554 2487 5628 in
2534 5552 2862 5628 Bithyniam.
2913 5555 3103 5615 Errori
3149 5556 3335 5615 forsan
3375 5553 3719 5628 occasionem
3734 5548 3916 5628 dedit

2304 5626 2454 5754 quod
2482 5624 2768 5712 sequitur:
2803 5636 2851 5684 et
2885 5630 2951 5685 ab
2980 5630 3115 5712 Asia
3137 5629 3509 5711 prohibentur.
3552 5626 3660 5683 Sed
3690 5624 3780 5682 hic
3811 5638 3919 5704 per

2356 5714 2494 5754 31am
2535 5700 2894 5754 intelligenda
2921 5710 3003 5754 est
3031 5700 3295 5754 Bithvma
3324 5717 3444 5754 ante
3475 5715 3599 5754 pars
3626 5705 3708 5754 est
3737 5697 3914 5751 Ama.

2356 5697 2494 5783 siam
2535 5697 2900 5783 intelligenda
2906 5710 3003 5783 vest
3031 5697 3457 5783 Bithyniaquae
3475 5715 3599 5772 pars
3626 5705 3708 5754 est
3737 5697 3914 5751 Asiae.

2376 5772 2398 5805 ³
2438 5770 2638 5828 Pratel.
2671 5770 2850 5828 et'alii
2877 5774 3093 5843 Norm.,
3121 5770 3204 5828 hic
3231 5770 3547 5829 attrahitur.
