4152 6182
279 285 372 344 457
945 287 1314 347 MORALIUM
1352 291 1484 347 LIB.
1529 291 1784 350 XXVIII.
1827 324 1891 336 —
1929 295 1998 350 IN
2032 294 2258 354 CAPUT
2299 296 2585 353 XXXVIII
2628 299 2687 352 Il.
2728 298 2870 354 JOB.

3458 301 3568 359 458

275 412 587 468 videantur.
633 409 783 467 Unde
829 417 884 468 et
937 413 996 468 in
1042 413 1373 486 Apocalypsi
1421 391 1687 487 scriptum
1732 423 1814 473 est
1849 435 1863 486 ;
1895 419 1945 479 Α
1974 427 2135 491 gente
2163 419 2310 475 enim
2342 420 2475 494 quid
2504 419 2654 476 aliud
2675 438 2838 494 quam
2862 422 3082 479 claritas
3103 424 3278 482 divini
3302 428 3572 484 sermonis

271 502 491 560 Atrium
520 500 658 572 quod
685 499 823 570 foris
853 503 1099 573 templum
1127 509 1202 558 est
1227 503 1347 572 ejice
1374 503 1546 574 foras,
1582 507 1597 540 ί
1627 512 1675 561 et
1699 513 1865 562 nemet
1971 508 2240 581 accipitur
2259 510 2287 566 7
2316 511 2459 566 sicut
2487 510 2751 582 scriptum
2783 519 2863 567 est
2898 530 2909 568 :
2947 514 3184 584 Eloquia
3211 517 3428 573 Domini
3454 520 3572 574 elo-

268 593 383 648 aris
424 592 562 647 illud
606 592 801 663 (Apoc.
844 609 924 661 x1,
967 593 1048 665 2).
1099 592 1243 660 Quid
1289 594 1436 651 enim
1470 595 1622 652 aliud
1659 598 1861 653 atrium

269 699 432 756 quam
466 681 818 738 latitudinem
842 682 1114 755 signiﬁcat
1136 684 1262 740 vita
1283 701 1380 756 pra
1400 686 1600 742 sentis?
1627 687 1697 742 Et
1717 695 1862 744 recte

268 773 398 830 foris
429 773 695 844 templum
723 779 854 827 sunt
883 773 978 846 qui
1007 789 1101 845 per
1129 774 1330 830 atrium
1361 773 1736 848 designantur,
1767 785 1861 832 at—

268 880 364 937 que
393 862 520 918 ideo
549 860 813 917 metiendi
844 878 955 917 non
985 871 1133 930 sunt,
1179 864 1308 936 quia
1340 873 1569 937 angusta
1597 873 1678 921 est
1706 874 1862 937 porta

266 970 377 1026 qua
410 951 568 1008 ducit
597 950 665 1006 ad
695 951 867 1006 vitam
904 952 1116 1024 (Matth.
1140 969 1239 1021 vn,
1266 953 1378 1025 14),
1397 962 1451 1009 et
1478 955 1711 1010 latitudo
1731 956 1861 1012 vita

265 1059 561 1118 pravorum
602 1058 714 1098 non
763 1041 1075 1100 admittitur
1107 1044 1176 1100 ad
1224 1061 1506 1102 mensuras
1549 1053 1603 1101 et
1650 1047 1862 1119 regulas

262 1135 577 1191 electorum.
612 1131 734 1187 Ista
763 1131 1035 1204 spiritales
1065 1133 1222 1190 lineae
1250 1136 1466 1192 occulto
1490 1134 1702 1207 judicio
1727 1144 1861 1191 ten-

261 1224 526 1280 dabantur
549 1221 772 1296 quando
808 1222 1026 1279 cuidam
1061 1223 1304 1282 diocenti
1337 1244 1348 1280 :
1389 1227 1642 1298 Magister
1669 1245 1862 1298 sequar

261 1322 302 1370 te
326 1330 650 1386 quocumque
675 1312 806 1367 ieris
833 1312 1044 1384 (Matth.
1062 1331 1184 1384 vm,
1209 1315 1323 1389 19),
1350 1315 1591 1388 ejusdem
1614 1317 1861 1388 magistri

260 1421 387 1461 voce
427 1418 758 1476 responsum
789 1409 870 1458 est
901 1419 913 1458 :
957 1403 1144 1474 Vulpes
1173 1403 1351 1474 foveas
1386 1407 1594 1472 habent,
1623 1412 1670 1461 et
1697 1408 1860 1461 volu-

262 1513 364 1551 cres
404 1495 520 1551 caeli
556 1493 732 1558 nidos,
770 1491 946 1548 Filius
976 1499 1148 1549 autem
1191 1495 1417 1549 hominis
1462 1511 1566 1550 non
1596 1496 1744 1551 habet
1774 1495 1864 1550 ubi

264 1594 414 1658 caput
441 1603 596 1641 suum
627 1585 846 1641 reclinet
867 1585 1063 1658 (Ibid.,
1092 1585 1210 1659 20).
1246 1588 1368 1642 Ista
1407 1603 1676 1643 mensura
1705 1595 1758 1643 et
1782 1587 1862 1642 li-

267 1695 374 1734 nea
397 1675 770 1733 tendebantur
795 1691 920 1731 cum
947 1675 1165 1732 cuidam
1187 1675 1427 1734 dicenti:
1462 1677 1702 1742 Domine,
1728 1693 1864 1748 per-

1971 599 2098 668 quia
2139 605 2317 664 casta,
2364 606 2639 671 argentum
2682 599 2796 672 igne
2848 603 3244 669 examinatum,
3286 606 3573 675 probatum

1974 694 2127 744 terra
2163 696 2452 761 purgatum
2482 692 2780 762 septuplum
2824 691 2996 762 (Psal.
3029 709 3110 761 χι,
3144 692 3224 765 7).
3256 693 3418 751 Bases
3446 713 3572 768 ergo

1971 785 2195 849 argento
2225 781 2435 835 vestitae
2463 788 2698 853 quatuor
2726 781 3011 838 columnas
3036 782 3378 840 tabernaculi
3408 785 3572 842 susti-

1971 875 2123 936 nent,
2174 868 2302 941 quia
2359 869 2740 941 pradicatores
2788 872 3047 929 Ecclesia
3100 872 3296 929 divino
3353 873 3572 947 eloquio

1972 957 2232 1027 decorati,
2268 961 2288 994 ὀ
2317 968 2380 1016 ut
2407 962 2622 1017 cunctis
2656 978 2711 1018 se
2756 964 3069 1036 exemplum
3103 963 3398 1036 prabeant,
3446 980 3572 1037 qua-

1971 1058 2098 1105 tuor
2135 1052 2593 1123 evangelistarum
2636 1052 2785 1110 dicta
2826 1061 2879 1111 et
2918 1071 3009 1111 ore
3056 1061 3110 1111 et
3154 1055 3410 1129 operibus
3438 1071 3574 1128 por—

1970 1148 2108 1197 tant.

2045 1231 2128 1286 18.
2161 1232 2395 1286 Possunt
2424 1248 2512 1288 rer
2541 1233 2693 1290 bases
2721 1235 2883 1291 etiam
2919 1235 3200 1309 propheta
3231 1235 3454 1309 signari,
3479 1236 3574 1310 qui

1972 1318 2102 1374 dum
2134 1319 2299 1391 primi
2332 1327 2514 1391 aperte
2546 1322 2612 1376 de
2659 1322 2938 1380 dominica
2985 1325 3360 1380 incarnatione
3401 1325 3573 1381 locuti

1971 1416 2120 1477 sunt,
2141 1409 2293 1482 quasi
2325 1411 2587 1482 quasdam
2617 1411 2773 1468 bases
2802 1429 2894 1468 eos
2919 1414 3291 1486 conspicimus
3321 1431 3351 1469 a
3380 1415 3573 1472 funda-

1973 1507 2157 1553 mento
2197 1515 2513 1570 consugere,
2563 1508 2616 1556 et
2663 1503 3016 1574 superposita
3065 1503 3286 1559 fabrica
3335 1503 3574 1575 pondera

1971 1587 2259 1644 sustinere.
2293 1587 2447 1644 Unde
2494 1589 2562 1645 ad
2599 1591 2826 1663 Moysen
2864 1609 3082 1648 rursum
3126 1593 3416 1661 Dominus,
3446 1608 3572 1650 cum

1974 1676 2311 1734 tabernaculi
2341 1678 2554 1734 tabulas
2577 1681 2711 1752 erigi
2735 1682 3012 1753 praecepit,
3034 1681 3194 1737 fundi
3213 1699 3398 1740 earum
3419 1683 3575 1740 bases

268 1768 487 1824 mitteme
511 1767 748 1838 primum
767 1765 845 1819 ire
864 1770 911 1819 et
936 1764 1154 1837 sepelire
1175 1772 1384 1838 patrem
1407 1783 1576 1820 meum
1589 1765 1749 1836 (Luc.
1774 1782 1857 1828 x1,
1893 1787 1940 1846 B
1972 1773 2252 1838 argenteas
2292 1766 2452 1838 jubet
2500 1769 2704 1840 (Exod.
2740 1787 2900 1837 xxvi,
2933 1771 3047 1842 32).
3095 1771 3241 1839 Quid
3281 1773 3429 1829 enim
3480 1789 3576 1845 per

257 1857 372 1930 59),
401 1857 646 1930 ejusdem
677 1854 924 1927 magistri
954 1872 1086 1912 voce
1113 1872 1436 1928 responsum
1468 1864 1550 1911 est
1587 1873 1598 1910 ε
1644 1856 1766 1912 Sine
1792 1862 1852 1910 ut

252 1947 456 2002 mortui
482 1947 728 2018 sepeliant
769 1952 1008 2001 mortuos
1049 1963 1170 2001 suos
1188 1964 1208 2012 ;
1258 1953 1311 2002 tu
1339 1953 1514 2002 autem
1558 1945 1709 2011 vade,
1740 1963 1851 2000 an-

255 2036 444 2092 nuntia
470 2053 682 2109 regnum
709 2037 807 2092 Dei
848 2036 1036 2108 (Ibid.,
1059 2037 1175 2109 60).
1205 2037 1344 2094 Ecce
1370 2037 1511 2092 alius
1533 2044 1849 2093 secuturum

257 2143 308 2185 se
338 2129 630 2200 promittit,
654 2135 708 2184 et
735 2128 1057 2200 repellitur:
1092 2127 1233 2184 alius
1263 2127 1623 2184 relaxandum
1655 2143 1712 2182 se
1741 2143 1852 2198 po—

256 2219 441 2290 stulat,
471 2226 524 2274 et
565 2220 854 2275 retinetur.
901 2217 1055 2274 Unde
1084 2217 1210 2286 hoc,
1256 2219 1362 2274 nisi
1394 2218 1523 2291 quia
1558 2234 1722 2290 super
1749 2232 1854 2272 oc-

254 2311 398 2366 culta
445 2308 626 2366 cordis
679 2310 856 2381 spatia
895 2312 1035 2370 901
1094 2325 1459 2380 supernorum
1512 2306 1852 2378 judiciorum

258 2407 413 2463 linea
433 2405 827 2473 tendebantur,
848 2412 911 2460 ut
930 2413 984 2462 et
1011 2405 1162 2462 hunc
1191 2405 1340 2461 intus
1371 2404 1855 2477 incomprehensi—

251 2497 393 2553 biles
409 2513 684 2554 mensura
705 2497 1166 2567 constringerent,
1181 2503 1234 2550 et
1255 2496 1347 2550 ille
1368 2497 1502 2551 foris
1523 2513 1631 2551 non
1655 2494 1855 2566 injuste

246 2586 613 2643 remaneret?
660 2583 767 2640 Sed
810 2601 932 2640 cum
977 2584 1167 2639 nullus
1201 2584 1407 2639 nesciat
1435 2584 1564 2655 quia
1591 2585 1733 2639 Deus
1762 2583 1858 2638 has

243 2677 606 2734 occultorum
631 2672 966 2745 judiciorum
1001 2673 1172 2728 lineas
1199 2673 1405 2742 tendat,
1434 2690 1533 2729 cur
1561 2673 1628 2728 ad
1657 2673 1756 2729 Job
1777 2673 1857 2729 di-

245 2767 403 2822 citur
437 2781 449 2818 :
487 2764 673 2819 Indica
703 2763 853 2830 mihi,
893 2763 942 2817 si
975 2762 1131 2817 habes
1164 2763 1580 2833 intelligentiam,
1611 2763 1728 2834 quis
1753 2782 1854 2836 po-

247 2857 355 2912 suit
393 2871 671 2909 mensuras
711 2853 844 2924 ejus,
880 2853 928 2907 si
970 2854 1130 2922 nosti,
1174 2855 1256 2909 vel
1295 2853 1413 2924 quis
1459 2854 1666 2909 tetendit
1698 2871 1857 2926 super

252 2964 360 3002 eam
399 2944 592 3000 lineam
615 2942 642 2998 ?
684 2942 770 2997 An
801 2939 1005 2999 idcirco
1035 2942 1357 3015 requiritur,
1402 2951 1464 2999 ut
1497 2943 1642 3017 quod
1672 2961 1852 3014 nosse,

256 3036 348 3093 sed
380 3043 563 3091 tamen
596 3034 1014 3105 praetermittere
1041 3041 1275 3106 poterat,
1319 3042 1672 3104 memoretur,
1713 3053 1858 3109 qua-

261 3135 418 3182 tenus
475 3122 690 3196 pondus
748 3134 1099 3220 secretorum.
1139 3123 1238 3220 Dei
1286 3124 1614 3220 sollicitius.
1647 3133 1852 3197 penset,
1887 3161 1930 3220 Ο

257 3216 279 3249 ³
314 3213 731 3285 dispositionem
778 3211 1037 3268 videlicet
1084 3210 1329 3268 hominis
1357 3228 1466 3267 non
1504 3213 1560 3267 in
1599 3211 1856 3269 humanis

260 3303 494 3371 viribus,
526 3301 622 3359 sed
654 3302 711 3357 in
743 3319 908 3358 manu
940 3300 1235 3358 consistere
1265 3301 1591 3372 conditoris,
1631 3310 1692 3357 ut
1723 3302 1853 3359 dum

253 3395 565 3453 considerat
611 3392 970 3449 invisibiliter
1017 3393 1121 3448 ista
1164 3395 1287 3467 quis
1330 3402 1473 3465 agat,
1505 3411 1615 3450 sua
1660 3376 1856 3449 virtuti

249 3484 398 3543 nihil
425 3483 656 3549 tribuat,
679 3499 780 3539 nec
795 3481 909 3554 jam
942 3481 1010 3539 de
1038 3498 1094 3538 se
1123 3483 1320 3539 audeat
1348 3482 1581 3556 aliquid,
1603 3499 1728 3539 cum
1756 3482 1854 3537 Dei

243 3573 465 3646 judicia
500 3575 713 3630 occulta
756 3572 1053 3639 formidat;
1105 3571 1198 3628 sed
1239 3571 1578 3644 perpendens
1625 3572 1858 3643 desuper

251 3678 547 3720 mensuras
568 3670 622 3718 et
640 3663 809 3719 lineas
831 3660 1466 3733 incomprehensibiliter
1484 3669 1684 3730 tensas,
1704 3669 1856 3717 tanto

247 3754 438 3826 magis
459 3754 514 3808 in
536 3753 846 3811 humilitate
865 3751 1186 3809 formidinis
1201 3753 1483 3820 consistat,
1504 3759 1708 3824 quanto
1729 3769 1857 3823 pen-

246 3847 385 3905 dere
413 3844 566 3902 videt
595 3845 779 3902 omnia
815 3845 873 3901 in
897 3850 1163 3917 potestate
1193 3843 1481 3899 mensoris.
1514 3842 1772 3915 Sequitur
1805 3859 1816 3897 ε

874 3934 1103 3992 CAPUT
1132 3933 1253 3991 VII.

322 4027 494 4087 Vnus.
519 4023 647 4083 6.-
671 4026 842 4098 Super
868 4041 970 4095 quo
1005 4023 1148 4079 bases
1178 4022 1328 4079 illius
1353 4023 1593 4080 solidata:
1619 4024 1784 4080 sunt?

325 4119 414 4175 17.
449 4119 612 4175 Bases
638 4117 884 4174 Ecclesia
911 4121 1034 4170 sunt
1062 4114 1228 4170 sancti
1247 4116 1479 4171 doctores
1505 4122 1552 4172 et
1565 4117 1852 4188 propheta.

249 4237 320 4251 —
353 4207 500 4277 Quid
529 4207 684 4264 aliud
716 4205 884 4279 hujus
917 4213 1075 4261 terra
1112 4205 1266 4262 bases
1305 4222 1467 4278 quam
1510 4213 1710 4263 sancta
1739 4207 1855 4262 Ec-

249 4298 435 4355 clesia
466 4297 722 4354 doctores
765 4294 1112 4368 accipimus?
1157 4295 1218 4350 In
1249 4293 1470 4350 basibus
1510 4297 1709 4367 quippe
1753 4311 1856 4350 co-

249 4388 484 4456 lumna,
534 4387 592 4443 in
640 4385 916 4443 columnis
957 4391 1139 4439 autem
1181 4385 1349 4440 totius
1389 4384 1610 4440 fabrica
1641 4385 1856 4457 pondus

247 4477 506 4550 erigitur.
537 4477 660 4534 Non
689 4494 817 4550 ergo
847 4475 1127 4532 immerito
1157 4472 1408 4530 doctores
1437 4474 1609 4532 sancti
1641 4475 1853 4530 basium

246 4568 482 4624 nomine
513 4567 890 4641 designantur,
940 4566 1068 4640 quia
1105 4565 1239 4621 dum
1270 4571 1415 4619 recta
1454 4561 1775 4636 pradicant,
1805 4572 1858 4620 et

245 4656 638 4729 pradicationi
669 4674 780 4714 sua
807 4654 1050 4714 vivendo
1077 4653 1432 4721 concordant,
1465 4669 1628 4708 omne
1648 4653 1862 4725 pondus

246 4747 522 4803 Ecclesia
563 4745 676 4803 ﬁxa
705 4763 922 4804 morum
970 4762 1193 4802 suorum
1237 4744 1501 4816 gravitate
1531 4749 1860 4814 sustentant,

243 4853 477 4910 asperas
505 4837 576 4896 ab
608 4836 926 4896 inﬁdelibus
955 4836 1284 4894 tentationes
1313 4831 1524 4903 ferunt;
1559 4841 1612 4892 et
1633 4851 1861 4908 quaque

245 4932 309 4987 in
341 4933 638 5005 praceptis
681 4933 780 4990 Dei
816 4933 968 4988 velut
1013 4927 1266 4988 difﬁcilia
1294 4943 1325 4987 a
1352 4925 1611 4987 ﬁdelibus
1657 4928 1859 4985 formi—

245 5019 484 5091 dantur,
517 5022 785 5095 exemplis
816 5037 1040 5095 operum
1071 5020 1256 5080 facilia
1284 5020 1601 5078 ostendunt.
1633 5018 1788 5075 Unde
1806 5025 1860 5074 et

247 5113 400 5171 bene
428 5132 555 5172 cum
589 5114 645 5170 in
674 5123 808 5188 typo
845 5114 1105 5172 Ecclesia
1135 5113 1548 5170 tabernaculum
1580 5112 1857 5184 ﬁgeretur,

246 5204 321 5260 ad
357 5205 589 5279 Moysen
619 5205 825 5263 dicitur
857 5223 869 5260 :
913 5205 1093 5260 Facies
1140 5205 1410 5260 columnas
1459 5209 1712 5273 quatuor,
1752 5205 1772 5236 ³
1813 5209 1860 5257 et

243 5293 406 5350 bases
435 5312 620 5351 earum
647 5295 829 5352 vesties
863 5300 1077 5368 argento
1115 5293 1311 5367 (Euod.
1343 5308 1502 5361 xxvr,
1537 5289 1653 5363 32).
1686 5291 1748 5347 In
1779 5307 1860 5347 ar-

329 5498 342 5532 ¹
381 5495 560 5552 Laud.
593 5502 646 5551 et
675 5494 897 5563 Pratel.,
931 5499 978 5549 et
1006 5509 1068 5549 ne
1095 5491 1344 5548 metieris.

325 5570 348 5603 ³
387 5568 589 5636 Editi.,
621 5559 1084 5636 dispensationem,
1120 5564 1311 5620 invitis
1339 5564 1467 5620 Mss.
1501 5559 1697 5630 Laud.,
1731 5559 1864 5618 Vino

249 5639 410 5707 doc.,
440 5639 671 5705 Pratel.,
695 5639 881 5709 Corb.,
917 5639 1127 5706 Germ.,
1159 5643 1262 5709 etc.

326 5714 349 5746 ³
384 5705 668 5780 Laudun.,
709 5705 907 5767 Pratel.
949 5717 1003 5766 et
1041 5710 1113 5766 al.
1145 5708 1358 5776 Norm.,
1403 5713 1451 5763 et
1495 5705 1639 5762 bases
1685 5719 1864 5762 em‘um

250 5783 475 5839 vestitas
505 5788 742 5853 argento.

441 5884 684 5938 Parnon.
729 5880 976 5938 LXXVI.

1969 1854 2180 1911 tabulas
2224 1856 2332 1911 nisi
2365 1857 2596 1928 apostoli
2651 1865 2875 1915 extensa
2913 1858 2971 1913 in
3006 1861 3274 1917 mundum
3317 1863 3573 1935 pradica-

1959 1947 2109 2000 tione
2138 1943 2374 2014 dilatati,
2406 1945 2539 2019 quid
2572 1963 2667 2019 per
2695 1948 2849 2004 bases
2879 1956 3168 2020 argenteas
3196 1951 3307 2006 nisi
3338 1952 3571 2024 prophe-

1961 2040 2028 2086 ta
2059 2032 2345 2104 signantur
2365 2034 2393 2089 ?
2424 2035 2518 2108 qui
2548 2035 3004 2108 superimpositas
3038 2037 3254 2094 tabulas
3286 2039 3391 2111 ipsi
3423 2039 3570 2095 ﬁrmi

1962 2137 2024 2176 ac
2053 2121 2245 2178 fusiles
2275 2123 2570 2192 sustinent,
2604 2125 2732 2196 quia
2761 2126 3134 2197 apostolorum
3175 2128 3290 2183 vita
3319 2127 3449 2183 dum
3480 2145 3566 2184 eo-

1964 2227 2084 2267 rum
2120 2211 2507 2285 pradicatione
2552 2213 2866 2282 instruitur,
2917 2231 3106 2270 eorum
3151 2224 3205 2271 et
3241 2217 3570 2274 auctoritate

1965 2301 2251 2358 solidatur.
2289 2302 2444 2359 Unde
2492 2311 2549 2359 et
2589 2303 2896 2376 conjuncta
2945 2304 3091 2360 bina
3139 2305 3295 2363 bases
3338 2307 3572 2380 singulis

1963 2392 2169 2448 tabulis
2212 2401 2622 2465 supponuntur,
2655 2396 2784 2467 quia
2820 2394 2952 2451 dum
2997 2395 3276 2467 propheta
3311 2397 3485 2454 sancti
3515 2399 3573 2454 in

1969 2483 2155 2540 verbis
2201 2485 2315 2540 suis
2355 2483 2423 2540 de
2456 2483 2775 2542 Mediatoris
2806 2486 3183 2543 incarnatione
3214 2487 3572 2561 concordant,

1966 2573 2361 2646 subsequentes
2416 2573 2803 2646 pradicatores
2862 2574 3122 2631 Ecclesia
3191 2575 3573 2636 indubitanter

1966 2663 2271 2731 aediﬁcant;
2305 2669 2358 2718 et
2387 2679 2513 2720 cum
2534 2681 2565 2719 a
2603 2663 2910 2736 semetipsis
2937 2680 3048 2720 non
3078 2664 3415 2738 discrepant,
3448 2668 3574 2725 illos

1968 2755 2023 2810 in
2053 2771 2108 2810 se
2138 2754 2418 2811 robustius
2459 2754 2656 2828 ﬁgunt.
2702 2755 2813 2812 Nec
2857 2757 3134 2812 immerito
3171 2755 3327 2813 bases
3373 2756 3574 2830 quibus

1966 2843 2245 2916 propheta
2292 2844 2600 2916 signantur,
2641 2854 2703 2902 ut
2745 2863 2814 2902 ex
2865 2853 3088 2917 argento
3130 2845 3290 2902 fundi
3340 2845 3574 2903 debeant

1967 2933 2305 3005 pracipitur.
2339 2935 2565 3004 Argenti
2591 2934 2793 3006 quippe
2824 2935 3046 2991 claritas
3074 2951 3142 2990 ex
3167 2951 3270 2989 usu
3299 2943 3568 3004 servatur,

1967 3023 2086 3078 sine
2113 3039 2217 3078 usu
2238 3030 2419 3078 autem
2451 3023 2508 3078 in
2533 3023 2883 3094 nigredinent
2901 3026 3155 3080 vertitur.
3175 3024 3572 3096 Prophetarum

1969 3127 2184 3185 quoque
2226 3111 2376 3168 dicta
2423 3121 2547 3168 ante
2598 3111 2916 3170 Mediatoris
2957 3113 3279 3183 adventum,
3338 3117 3467 3188 quia
3515 3117 3572 3174 in

1966 3207 2110 3265 902
2163 3219 2266 3259 usu
2315 3202 2579 3275 spiritalis
2626 3203 3004 3276 intelligentia
3052 3221 3162 3261 non
3208 3211 3381 3274 erant,
3439 3205 3572 3262 dum

1965 3301 2209 3373 conspici
2251 3318 2359 3374 pra
2389 3302 2762 3360 obscuritante
2793 3320 2904 3360 non
2935 3311 3207 3377 poterant,
3228 3303 3384 3378 quasi
3414 3305 3573 3377 nigra

1965 3390 2339 3447 remanebant.
2374 3393 2446 3448 At
2477 3400 2762 3466 postquam
2802 3393 3069 3451 Mediator
3098 3394 3326 3450 veniens
3356 3409 3418 3450 ea
3447 3402 3572 3449 ante

1966 3481 2154 3536 oculos
2183 3488 2400 3537 nostros
2436 3482 2830 3540 incarnationis
2857 3501 2969 3540 sua
2999 3501 3166 3540 manu
3198 3482 3372 3552 tersit,
3406 3482 3572 3556 quid-

1965 3570 2098 3640 quid
2130 3570 2187 3624 in
2218 3572 2297 3626 eis
2326 3572 2462 3628 lucis
2482 3573 2686 3630 latebat
2714 3575 2996 3643 inclaruit,
3029 3567 3328 3648 sensusque
3355 3583 3572 3646 patrum

1965 3660 2394 3733 praecedentium
2424 3662 2483 3718 in
2513 3678 2674 3718 usum
2706 3662 2892 3732 dedit,
2941 3663 3069 3736 quia
3097 3663 3265 3720 verba
3293 3663 3457 3721 rebus
3479 3681 3573 3721 ex-

1967 3749 2170 3821 posuit.
2215 3751 2343 3805 Sive
2393 3751 2577 3821 itaque
2609 3750 2925 3821 prophetas,
2968 3768 3064 3807 seu
3114 3751 3366 3808 doctores
3396 3760 3573 3808 extre-

1965 3839 2072 3894 mis
2119 3838 2461 3910 temporibus
2504 3837 2920 3910 subsequentes,
2950 3839 3164 3894 basium
3208 3838 3573 3908 appellatione

1965 3927 2236 3999 signiﬁcet
2272 3926 2453 3984 dicat:
2483 3929 2652 3998 Super
2670 3943 2793 3998 ques
2825 3928 2969 3983 bases
2996 3926 3146 3982 illius
3167 3925 3408 3982 solidata
3422 3931 3574 3984 sunt?

1964 4016 2246 4086 subaudis,
2279 4017 2386 4074 nisi
2419 4031 2585 4089 super
2615 4032 2724 4084 me,
2770 4017 2865 4090 qui
2909 4023 3108 4074 cuncta
3136 4013 3468 4072 mirabiliter
3496 4023 3576 4075 te-

1964 4122 2088 4176 neo,
2121 4114 2176 4162 et
2200 4106 2362 4162 bonis
2405 4106 2775 4163 exterioribus
2807 4106 2958 4162 intus
2996 4104 3382 4178 principaliter
3410 4105 3577 4179 origi-

1964 4211 2089 4251 nem
2119 4203 2335 4268 prasto.
2368 4195 2474 4264 Qui
2502 4195 2650 4251 enim
2679 4195 2785 4252 sibi
2813 4195 2959 4268 quod
2988 4195 3191 4251 bonum
3235 4202 3319 4251 est
3345 4194 3565 4268 tribuit,

1963 4284 2138 4342 solida
2165 4284 2314 4343 basis
2340 4303 2451 4342 non
2482 4293 2583 4356 est,
2609 4287 2735 4360 quia
2759 4285 2889 4342 dum
2909 4284 3273 4342 fundamento
3295 4301 3406 4342 non
3429 4285 3572 4344 inni-

1965 4375 2121 4445 titur,
2167 4375 2287 4449 ipso
2328 4393 2427 4433 suo
2470 4375 2708 4448 pondere
2739 4375 2797 4432 in
2826 4374 2938 4431 ima
2977 4375 3370 4448 pracipitatur.
3419 4376 3440 4410 ⁸
3470 4374 3574 4432 Sed

1967 4483 2092 4522 cum
2125 4465 2241 4537 jam
2289 4466 2464 4520 multa
2513 4465 2581 4521 de
2622 4472 2819 4521 sancta
2855 4464 3114 4521 Ecclesia
3162 4465 3574 4521 constructione

1969 4557 2301 4624 referantur,
2345 4555 2535 4611 audire
2580 4572 2733 4612 mens
2775 4554 2981 4628 appetit
3027 4555 3268 4611 inimica
3320 4556 3574 4611 nationes

1971 4663 2078 4721 qua
2108 4647 2312 4702 virtute
2342 4645 2651 4718 conjuncta
2693 4633 2828 4714 sint,
2890 4644 2945 4700 id
3002 4652 3083 4701 est
3139 4643 3356 4701 diversa
3410 4643 3574 4715 hujus

1971 4737 2169 4796 domus
2196 4736 2430 4794 adiﬁcia
2461 4753 2568 4810 qua
2595 4733 2702 4792 sibi
2736 4744 2853 4793 arte
2882 4735 3235 4795 concerdent.
3269 4733 3528 4807 Sequitur
3557 4749 3568 4786 :

2561 4826 2789 4884 CAPUT
2820 4827 2968 4885 VIII.

2039 4915 2176 4972 IBID.
2208 4947 2277 4956 —
2308 4917 2420 4972 Aut
2448 4914 2566 4986 quis
2595 4916 2794 4972 dimisit
2828 4915 3058 4987 lapidem
3085 4911 3398 4984 angularem
3428 4907 3573 4978 ejus?

2043 5008 2130 5064 19.
2166 5007 2408 5062 Christus
2441 5007 2577 5077 lapis
2601 5006 2900 5078 ang-alaris,
2923 5006 2979 5059 in
3011 5022 3112 5074 quo
3137 5001 3313 5058 ,ῆιάωί
3337 4999 3573 5072 gentiles-

1968 5115 2066 5170 que
2090 5102 2456 5152 convenerunt.
2489 5128 2559 5138 —
2588 5097 2704 5152 Jam
2731 5113 2824 5167 per
2853 5094 3100 5150 divinam
3132 5093 3362 5165 gratiam
3394 5091 3573 5148 omni-

1968 5187 2072 5243 bus
2088 5186 2280 5259 liquet,
2317 5201 2478 5259 quem
2497 5185 2777 5256 Scriptura
2795 5200 2946 5240 sacra
2980 5181 3295 5254 angularem
3338 5179 3575 5253 lapidem

1968 5282 2150 5343 vocet,
2181 5275 2340 5330 illum
2371 5273 2618 5346 profecto
2651 5271 2767 5346 qui,
2790 5270 2921 5328 dum
2955 5270 3011 5326 in
3040 5286 3098 5327 se
3125 5269 3259 5329 hinc
3286 5271 3574 5330 Iudaicum

1985 5557 1996 5568 .
2047 5486 2069 5522 ‘
2099 5483 2262 5568 Corb.
2309 5482 2516 5551 Germ.,
2567 5477 2832 5550 Vindoc.,
2877 5480 3054 5538 Pratel
3083 5488 3139 5538 et
3168 5479 3240 5538 al.
3273 5480 3486 5548 Norm.,
3519 5479 3579 5536 ut

1976 5575 2032 5613 ιη
2048 5563 2452 5696 δσὲῗὲῗιείλᾶιιάη
2501 5626 2698 5694 Vind.,
2748 5619 2977 5694 Turon.,
3023 5641 3158 5698 quos
3204 5631 3576 5698 secuta_sunt

1977 5708 2088 5757 vet.
2122 5699 2272 5756 Edit.
2307 5702 2369 5758 In
2409 5698 2571 5757 Corb.
2617 5699 2826 5766 Germ.,
2872 5696 3069 5753 Pratel'.
3109 5698 3344 5770 aliisque
3385 5696 3574 5754 Norm.

1980 5780 2036 5828 et
2063 5772 2338 5844 plurimis,
2372 5771 2602 5844 legitur:
2636 5771 2725 5828 sed
2753 5786 2869 5826 cum
2898 5775 3005 5826 tam
3023 5771 3218 5826 multa.

3331 5865 3397 5921 I5
