4152 6182
610 172 717 230 459

1824 181 2071 240 SANCTI
2110 185 2447 244 GREGORII
2485 189 2712 247 MAGNI

3801 202 3894 261 L60

607 299 766 393 ill-inc
807 297 1089 393 gentilem
1118 300 1382 393 populum
1425 303 1655 393 suscipit
1692 304 1749 360 in
1796 321 1906 362 una
1948 309 2205 367 Ecclesiae
2239 325 2286 385 Α
2316 315 2500 384 audit;
2533 315 2656 373 huit
2693 334 2818 376 cum
2866 319 3000 377 ﬁdes
3041 320 3222 393 datur,
3261 321 3328 379 ad
3362 322 3657 382 aediﬁcium
3707 326 3896 383 subse-

608 387 818 444 t'abrica
847 387 1003 460 quasi
1058 387 1196 445 duos
1258 391 1489 463 parietes
1529 390 1736 466 jungit,
1791 395 1948 452 illum
1998 397 2066 453 de
2093 416 2202 472 quo

606 479 872 554 scriptum
917 488 1032 536 est:
1080 481 1223 538 Fecit
1271 491 1496 556 utraque
1526 502 1689 540 unum
1729 487 1948 559 (Ephes.
1990 507 2052 558 ιι,
2087 491 2198 564 14).

605 569 711 639 Qui
740 570 1058 643 angularem
1088 586 1144 627 se
1174 571 1408 644 lapidem
1440 590 1550 656 npn
1575 575 1753 630 solum
1772 575 1829 631 in
1845 577 2202 635 inferioribus

602 660 696 716 sed
727 668 781 717 et
813 661 869 716 in
901 661 1153 733 supernis
1181 661 1458 731 exhibuit,
1496 665 1625 736 quia
1673 673 1728 721 et
1762 666 1821 721 in
1864 673 2007 722 terra
2053 668 2198 740 plebi

603 750 915 807 Israeliticae
945 750 1196 808 nationes
1224 752 1467 824 gentium
1503 761 1557 808 et
1589 762 1876 828 utramque
1911 756 2077 812 simul
2106 773 2198 813 an-

601 838 736 910 gelis
765 839 823 895 in
855 839 994 896 cmlo
1023 840 1275 898 sociavit.
1309 842 1390 896 Eo
1419 842 1619 915 quippe
1657 851 1786 900 nato
1821 844 2200 904 clamaverunt

599 927 780 999 angeli
805 945 815 983 :
842 929 908 984 In
939 934 1082 984 terra
1104 947 1220 1001 pas:
1248 929 1542 985 hominibus
1572 932 1717 987 bcmce
1734 934 2021 989 voluntatis
2044 935 2194 1006 (Luc.

599 1016 801 1090 Π,14).
848 1017 909 1073 In
957 1025 1082 1074 ortu
1125 1019 1271 1073 enim
1307 1020 1468 1091 Regis
1496 1036 1839 1095 nequaquam
1871 1039 1969 1095 pro
2001 1040 2196 1096 magno

597 1107 856 1165 oﬂ‘errent
882 1107 1202 1165 hominibus
1231 1111 1380 1181 pacis
1408 1111 1625 1184 gaudia,
1657 1113 1703 1168 si
1725 1113 2055 1170 discordiam
2083 1131 2194 1171 non

597 1195 878 1252 haberent.
896 1198 973 1253 De
1004 1195 1110 1254 hoc
1137 1197 1318 1270 lapide
1348 1216 1444 1271 per
1473 1202 1800 1273 PrOphetam
1832 1202 2038 1259 dicitur
2060 1221 2071 1258 :
2093 1205 2194 1259 La-

589 1285 765 1356 pidem
791 1303 943 1355 quem
970 1287 1387 1358 reprobaverunt
1420 1290 1755 1362 aediﬁcantes,
1800 1292 1882 1346 hic
1919 1291 2093 1362 factus
2121 1300 2194 1348 est

591 1375 648 1429 in
677 1377 1032 1447 caputanguli
1050 1376 1221 1447 (Psal.
1245 1394 1415 1446 cxvn,
1439 1378 1554 1450 22).
1575 1378 1754 1451 Hujus
1776 1379 1972 1452 lapidis
1994 1389 2190 1454 typum

591 1463 883 1520 .lechonias
909 1480 1008 1520 rex
1045 1465 1243 1533 tenuit,
1283 1482 1446 1537 quem
1476 1466 1766 1523 Matthaeus
1813 1467 1945 1524 dum
1978 1478 2190 1542 quater-

593 1553 758 1608 denas
787 1554 1161 1624 generationes
1191 1553 1543 1623 describeret,
1584 1556 1828 1613 secundo
1876 1559 2192 1614 numeravit

2313 407 2532 476 quentis
2561 409 2739 480 operis
2762 408 2876 481 jam
2907 411 3326 470 fundamentum
3351 415 3595 486 ponitur.
3639 416 3731 474 Ide
3759 427 3897 477 eter-

2312 511 2383 551 na
2403 496 2519 567 jam
2548 497 2744 567 credit,
2773 515 2873 557 nec
2897 507 3079 557 tamen
3103 501 3317 570 metuit,
3335 503 3556 559 venturi
3572 501 3773 574 judicii
3802 515 3896 562 ter-

2311 602 2490 642 rorem
2516 586 2770 660 despicit,
2814 591 3048 662 peccatis
3081 606 3138 648 se
3163 592 3344 648 carnis
3371 601 3425 648 et
3453 593 3682 664 spiritus
3706 595 3896 652 auden-

2309 683 2392 731 ter
2435 677 2703 744 involvit;
2755 679 2887 738 huic
2944 689 3164 754 repente
3218 698 3342 738 cum
3400 683 3685 741 futuorum
3742 687 3899 744 timor

2310 768 2647 840 infunditur,
2679 780 2740 828 ut
2768 773 2926 830 bonae
2954 777 3082 832 vitae
3109 782 3294 847 surgat
3313 774 3634 845 aediﬁcium,
3648 777 3765 849 jam
3786 780 3900 835 fun-

2307 857 2562 916 damenta
2602 871 3020 920 construuntur.
3053 865 3235 921 Posito
3267 865 3450 937 itaque
3479 883 3751 938 prosperae
3785 868 3901 923 for-

2306 946 2534 1004 midinis
2561 949 2941 1016 fundamento.
2971 970 3096 1010 cum
3127 953 3396 1010 virtutum
3427 954 3635 1011 fabrica
3654 956 3711 1010 in
3734 957 3900 1013 alium

2305 1034 2547 1105 ducitur,
2574 1055 2790 1096 necesse
2819 1051 2900 1098 est
2939 1051 3000 1097 ut
3029 1041 3407 1114 unusquisque
3440 1043 3732 1115 proﬁciens
3764 1046 3903 1102 vires

2304 1142 2427 1181 suas
2457 1137 2614 1184 caute
2657 1131 2939 1198 metiatur,
2972 1133 2993 1166 ⁴
3021 1141 3082 1188 ut
3108 1148 3234 1188 cum
3274 1133 3467 1188 divina
3493 1137 3902 1194 constructione

2304 1232 2531 1288 magnus
2579 1235 2692 1275 esse
2732 1219 2847 1292 jam
2886 1220 3146 1294 coeperit,
3204 1222 3558 1294 semetipsum
3591 1224 3612 1258 ⁵
3642 1225 3903 1296 respiciut

2303 1305 2419 1360 sine
2449 1309 2751 1366 cessatione
2779 1311 2927 1383 quod
2956 1311 3081 1379 fuit,
3101 1320 3375 1384 quatenus
3401 1313 3691 1370 attendens
3721 1314 3903 1370 humi-

2303 1393 2430 1449 liter
2449 1397 2597 1468 quod
2619 1414 2712 1469 per
2735 1400 2989 1456 meritum
3018 1401 3276 1456 inventus
3305 1410 3404 1470 est,
3431 1420 3778 1477 nequaquam
3797 1403 3903 1459 sibi

2303 1495 2516 1558 arroget
2560 1488 2706 1559 quod
2741 1505 2839 1561 per
2867 1491 3096 1562 gratiam
3131 1490 3309 1547 factus
3337 1501 3438 1548 est.
3487 1492 3638 1550 Unde
3669 1503 3721 1549 et
3750 1509 3907 1550 nunc

2300 1573 2495 1631 beatus
2522 1577 2624 1633 Job
2655 1595 2750 1650 per
2788 1597 3078 1652 supernam
3108 1598 3296 1638 vocem
3324 1581 3392 1638 ad
3419 1583 3770 1655 semetipsum
3805 1600 3907 1638 re-

589 1644 808 1712 (Matth.
841 1661 882 1712 1,
917 1645 1030 1716 11).
1059 1645 1232 1712 Quem
1259 1643 1406 1699 enim
1436 1644 1535 1699 ﬁni
1566 1644 1840 1715 secundae,
1858 1647 2038 1718 ipsum
2070 1665 2186 1704 rur-

2298 1663 2538 1734 ducitur,
2580 1677 2634 1722 et
2655 1643 2731 1722 be
2761 1668 2828 1723 de
2858 1643 3159 1727 virtutibus
3200 1672 3420 1744 gloriari
3447 1643 3661 1739 audeat,
3694 1672 3762 1728 de
3788 1688 3908 1728 an-

589 1749 711 1788 sum
742 1733 904 1788 initio
932 1732 1119 1805 tertiae.
1138 1733 1505 1804 generationis
1524 1733 1775 1790 inseruit.
1803 1736 1920 1806 Ipse
1950 1754 2185 1810 namque

590 1821 649 1876 in
680 1821 1041 1894 Babyloniam
1074 1839 1200 1879 cum
1242 1822 1544 1878 Israelitica
1587 1823 1740 1895 plebe
1772 1823 2037 1896 migratus
2078 1834 2182 1895 est,

590 1912 685 1984 qui
721 1912 853 1968 dum
883 1912 951 1969 ab
981 1913 1105 1968 aliis
1133 1912 1201 1968 ad
1229 1913 1338 1969 alia
1364 1913 1606 1980 ducitur,
1636 1931 1734 1986 pro
1761 1916 2048 1990 utriusque
2077 1935 2182 1990 pa-

588 2002 742 2059 rietis
766 2003 933 2058 latere
962 2019 1072 2057 non
1091 2003 1369 2058 immerito
1389 2002 1630 2059 secundo
1645 2013 1982 2061 numeratur.
2009 2005 2182 2079 Cujus

588 2092 934 2164 migrationis
964 2093 1112 2148 ﬂexu
1156 2093 1470 2164 angularem
1508 2093 1746 2165 lapidem
1776 2095 2041 2168 designat.
2079 2096 2179 2153 Ubi

587 2181 734 2238 enim
763 2183 898 2238 ordo
928 2198 959 2236 a
986 2181 1317 2237 rectitudine
1345 2180 1677 2252 deﬂectitur,
1722 2191 1783 2238 ut
1816 2200 1881 2240 ea
1909 2185 1967 2240 in
1997 2184 2179 2242 diver-

584 2290 729 2341 sum,
771 2281 1032 2348 tanquam
1059 2273 1320 2346 angulum
1359 2273 1510 2330 facit.
1546 2275 1710 2330 Recte
1738 2291 1866 2348 ergo
1895 2277 2170 2332 numerari

582 2361 668 2420 bis
713 2364 913 2435 potuit,
955 2364 1085 2436 quia
1113 2380 1208 2435 per
1236 2371 1532 2436 utrumque
1561 2365 1825 2436 parietem
1865 2365 2019 2438 quasi
2068 2365 2177 2422 duo

583 2451 641 2508 in
671 2467 727 2507 se
757 2453 926 2507 latera
967 2452 1227 2519 ostendit,
1271 2452 1417 2508 unde
1451 2460 1504 2508 et
1541 2451 1658 2524 ejus
1701 2454 1839 2510 bene
1882 2455 2178 2527 imaginem

583 2538 783 2608 tenuit,
828 2539 923 2610 qui
970 2539 1029 2594 in
1064 2538 1249 2594 Iudaea
1277 2547 1452 2608 ortus,
1496 2541 1859 2612 gentilitatem
1889 2544 2175 2615 colligens,

583 2627 739 2700 quasi
766 2644 798 2682 a
824 2627 1180 2700 Jerosolymis
1209 2627 1569 2700 Babyloniam
1619 2630 1792 2700 venit,
1844 2638 2006 2704 atque
2037 2632 2179 2689 hanc

584 2719 642 2776 in
671 2720 962 2792 semetipso
991 2718 1120 2775 ﬁdei
1149 2717 1413 2777 fabricam
1443 2723 1458 2756 ¹
1493 2723 1646 2795 prius
1674 2722 1962 2780 discordiae
1991 2723 2178 2780 studio

580 2828 804 2888 scissam
831 2836 946 2884 arte
973 2827 1258 2884 cbaritatis
1283 2829 1546 2889 intexuit.

652 2920 757 2976 Sed
786 2920 904 2976 haec
929 2937 1052 2992 quis
1099 2919 1166 2976 de
1217 2919 1618 2992 signiﬁcatione
1667 2930 1868 2979 sanctas
1919 2921 2175 2978 Ecclesiae

581 3010 728 3066 dicta
755 3019 883 3066 sunt
913 3010 1092 3082 placet
1118 3017 1179 3064 ut
1220 3009 1467 3066 breviata
1509 3011 1864 3082 replicatione
1895 3011 2177 3067 moraliter
2206 3045 2249 3106 ϐ

581 3101 938 3156 disserantur.
995 3099 1238 3170 Dignum
1282 3116 1519 3171 namque
1569 3107 1652 3154 est
1700 3109 1760 3156 ut
1795 3117 1900 3174 per
1954 3117 2016 3156 ea
2056 3119 2179 3173 quae

581 3193 739 3248 beato
767 3190 868 3246 Job
898 3190 1009 3247 dici
1055 3189 1437 3262 cognoscimus
1481 3189 1550 3245 ad
1583 3189 1747 3246 corda
1794 3197 1980 3246 nostra
2009 3208 2179 3247 revo-

581 3298 788 3350 cemur,
820 3281 950 3354 quia
978 3279 1144 3336 verba
1184 3278 1282 3335 Dei
1330 3286 1463 3335 tunc
1503 3295 1658 3336 mens
1701 3279 1886 3335 verius
1917 3280 2178 3351 intelligit

583 3389 707 3429 cum
739 3373 796 3428 in
830 3372 910 3427 eis
944 3370 1292 3444 semetipsam
1323 3369 1537 3443 quaerit.
1571 3369 1714 3427 Ecce
1742 3368 1891 3426 enim
1923 3368 2129 3428 dicitur
2159 3387 2171 3425 :

1197 3494 1426 3555 CAPUT
1450 3494 1547 3551 IX.

581 3610 584 3612 ⁷
651 3608 822 3668 Vens.
853 3605 908 3664 4.
939 3635 1010 3648 -
1042 3606 1137 3664 Ubi
1169 3623 1288 3662 eras
1316 3603 1528 3676 quando
1551 3603 1806 3675 ponebam
1833 3601 2179 3673 fundamenta

584 3707 737 3759 terra:
755 3703 783 3758 ?

649 3796 853 3851 Sensus
879 3806 1133 3850 mensus.
1165 3817 1236 3829 —
1273 3784 1362 3842 20.
1424 3783 1564 3852 Quid
1616 3800 1681 3837 ea:
1729 3783 1879 3839 nobis
1917 3781 2179 3852 fuerimus

579 3899 778 3953 semper
804 3877 1265 3939 considerandum,
1295 3891 1358 3927 ne
1377 3873 1519 3943 quod
1546 3889 1727 3927 sumus
1746 3891 1810 3927 ea:
1825 3872 1922 3927 Dei
1940 3888 2176 3938 munere,

581 3969 730 4023 nobis
759 3968 1071 4020 tribuamus.
1103 3992 1172 4002 —
1202 3960 1258 4014 Si
1288 3960 1588 4029 peccatoris
1618 3959 1835 4014 animus
1865 3958 2047 4029 pulvis
2076 3963 2175 4026 est,

580 4058 604 4092 ³
634 4054 729 4126 qui
760 4054 817 4108 in
847 4050 1133 4124 superﬁcie
1161 4046 1453 4116 attollitur,
1485 4054 1538 4102 et
1563 4047 1882 4102 tentationis
1902 4063 2034 4102 aura
2058 4063 2177 4117 rap-

582 4151 731 4199 tatur
755 4143 898 4197 unde
927 4143 1192 4212 scriptum
1223 4144 1304 4192 est
1337 4155 1347 4192 :
1390 4137 1510 4194 Non
1539 4136 1612 4190 sic
1635 4136 1813 4207 impii,
1833 4154 1939 4190 non
1965 4138 2059 4206 sic,
2091 4136 2179 4191 sed

583 4243 850 4304 tamquam
875 4232 1074 4305 pulvis,
1125 4247 1275 4301 quem
1311 4225 1531 4300 projicit
1564 4233 1745 4281 ventus
1785 4245 1820 4282 a
1857 4224 1994 4296 facie
2025 4234 2180 4284 terra:

585 4325 756 4400 (Psal.
790 4341 830 4393 ι,
861 4325 944 4398 5),
973 4328 1115 4387 903
1144 4321 1224 4377 nil
1254 4321 1433 4378 obstat
1454 4328 1653 4376 terram
1671 4317 1908 4390 intelligi
1934 4319 2177 4376 animam

575 4421 735 4498 justi,
763 4419 830 4476 de
859 4437 967 4494 qua
993 4421 1258 4492 scriptum
1287 4427 1369 4475 est
1402 4438 1412 4475 :
1450 4421 1617 4476 Ter-ra
1649 4419 1788 4474 enim
1818 4434 1950 4489 stupe
1976 4419 2179 4474 venien-
2214 4408 2263 4468 D

583 4516 679 4563 tem
707 4526 863 4581 super
891 4529 942 4565 se
960 4510 1133 4564 bibens
1152 4510 1391 4574 imbrem,
1406 4515 1716 4579 etgenerans
1737 4509 1971 4574 herbam,
1988 4525 2177 4580 oppor-

583 4605 764 4654 tunam
805 4599 919 4654 illis
969 4617 1004 4653 a
1049 4597 1236 4668 quibus
1277 4597 1469 4651 colitur
1519 4597 1724 4668 acciput
1781 4597 2179 4651 benedictionem

584 4691 734 4765 (Heb.
787 4706 866 4759 vr,
912 4689 990 4762 7.)
1039 4688 1160 4761 [νει
1196 4685 1292 4760 Χ.]
1349 4689 1369 4720 ³
1419 4684 1524 4740 Sed
1566 4683 1733 4756 hujus
1775 4691 1934 4741 terrm
1987 4685 2177 4743 funda-

581 4787 828 4836 mentum
860 4777 995 4834 ﬁdes
1015 4783 1116 4833 est.
1137 4774 1312 4847 Hujus
1331 4781 1488 4830 terrae
1508 4772 1930 4829 fundamentum
1948 4773 2175 4847 jacitur,

582 4869 802 4945 quando
818 4871 876 4927 in
894 4867 1125 4926 occultis
1144 4865 1329 4922 cordis
1345 4863 1522 4938 prima
1540 4862 1837 4920 soliditatis
1854 4880 2016 4920 causa
2036 4864 2178 4921 divi-

585 4979 688 5021 nus
715 4962 884 5020 timor
912 4958 1231 5034 inspiratur.
1256 4957 1360 5014 Iste
1389 4955 1625 5014 necdum
1645 4953 1819 5013 credit
1843 4961 2044 5012 aeterna
2058 4971 2180 5029 quae

657 5184 676 5218 ¹
706 5181 914 5238 Turon.
933 5189 989 5237 et
1001 5177 1200 5246 Laud.,
1211 5177 1368 5250 prius
1387 5173 1663 5250 discordiae
1681 5172 1988 5232 studiosam.
2008 5174 2172 5234 Corb.

584 5252 793 5326 Nerm.,
818 5253 972 5326 prius
1002 5247 1279 5326 discordia:
1303 5248 1438 5326 odio
1451 5247 1688 5326 scissam.

654 5323 676 5357 ³
707 5319 868 5379 Corb.
901 5324 1111 5388 Germ.,
1140 5322 1318 5377 Pratel
1347 5327 1400 5374 et
1427 5319 1592 5392 Utic.,
1631 5321 1758 5389 quia
1796 5319 1851 5374 in
1880 5319 2171 5392 superﬁcie.

657 5393 681 5429 ³
709 5393 905 5462 Laud.,
945 5394 1166 5449 omissis
1197 5392 1407 5458 multis,
1452 5391 1541 5445 sed
1572 5391 1732 5462 hujus
1781 5390 1958 5446 terra:—
1977 5390 2172 5460 funda-

583 5470 814 5519 mentum
826 5464 1052 5531 jacitur.

657 5537 679 5570 ⁸
709 5534 906 5602 Laud.,
935 5541 982 5589 et
1007 5552 1123 5590 cum
1153 5536 1334 5591 divina
1361 5542 1640 5592 construct.

654 5611 676 5642 ‘
710 5605 971 5679 Vindoc.,
1003 5605 1222 5679 Ebroic.
1252 5614 1307 5662 et
1333 5608 1406 5663 al.
1435 5607 1649 5675 Norm.,
1672 5603 1976 5679 perspiciat.

656 5682 679 5715 ⁸
708 5677 931 5747 Pratel.,
959 5675 1072 5730 noli
1101 5682 1150 5731 te
1171 5684 1355 5732 contra
1377 5693 1522 5735 me...
1549 5675 1816 5733 επιοῐιειοεῖ

2292 1763 2466 1810 tracta
2495 1755 2610 1811 vita
2638 1766 2993 1828 memoratur,
3025 1760 3185 1834 eique
3214 1761 3455 1819 dicitur:
3487 1762 3717 1819 Ubieras
3731 1779 3908 1832 quan-

2292 1844 2358 1899 do
2383 1845 2637 1915 ponebam
2668 1846 3018 1916 fundamenta
3049 1853 3237 1908 term?
3265 1853 3345 1910 Ac
3373 1853 3420 1908 si
3443 1851 3750 1924 justiﬁcato
3783 1865 3905 1923 pec-

2291 1935 2460 1988 catori
2489 1942 2672 2006 aperte
2711 1936 2927 1992 Veritas
2956 1937 3102 1994 dicat
3139 1957 3151 1993 :
3188 1940 3439 1998 Virtutes
3467 1958 3498 1997 a
3527 1958 3616 1997 me
3645 1949 3909 2013 acceptas

2291 2021 2390 2077 tibi
2435 2039 2544 2078 non
2593 2023 2817 2093 tribuas,
2850 2028 2870 2060 θ
2901 2025 3018 2081 noli
3047 2036 3237 2082 contra
3267 2044 3354 2082 me
3384 2029 3452 2084 de
3495 2045 3616 2084 meo
3665 2045 3911 2085 munere

2289 2111 2501 2169 extolli.
2536 2114 2554 2147 ⁷
2588 2114 2781 2171 Recole
2814 2115 2908 2170 ubi
2950 2125 3001 2172 te
3045 2117 3234 2172 inveni
3273 2116 3495 2190 quando
3536 2133 3659 2173 meo
3691 2117 3912 2174 timore

2289 2202 2467 2273 prima
2495 2203 2553 2258 in
2583 2212 2634 2258 te
2664 2204 3022 2261 fundamenta
3049 2206 3320 2262 virtutum
3352 2208 3534 2278 posui.
3567 2207 3774 2263 Recole
3808 2207 3908 2262 ubi

2287 2300 2340 2346 te
2373 2293 2559 2348 inveni
2591 2293 2808 2366 quando
2844 2311 2966 2350 meo
3015 2305 3066 2351 te
3116 2295 3312 2351 timore
3359 2293 3621 2350 solidavi.
3657 2295 3730 2351 Ut
3775 2311 3908 2368 ergo

2289 2397 2386 2452 ego
2419 2383 2476 2436 in
2506 2392 2558 2438 te
2584 2399 2695 2438 non
2743 2383 3024 2440 destruam
3072 2383 3220 2457 quod
3270 2385 3588 2453 construxi,
3639 2384 3759 2457 ipse
3791 2401 3906 2441 non

2288 2487 2463 2528 cesses
2492 2472 2835 2529 considerare
2875 2473 3024 2545 quod
3067 2473 3260 2545 reperi.
3296 2472 3471 2540 Quem
3504 2474 3652 2529 enim
3681 2473 3907 2530 Veritas

2288 2561 2396 2616 nisi
2427 2569 2522 2616 ant
2551 2561 2609 2617 in
2639 2560 2866 2634 ﬂagitiis
2895 2569 2990 2617 aut
3029 2561 3085 2617 in
3133 2561 3450 2618 excessibus
3491 2562 3714 2618 invenit
3737 2563 3767 2619 ?
3799 2563 3903 2619 Sed

2289 2658 2410 2722 post
2451 2650 2566 2707 haec
2616 2651 2755 2707 bene
2799 2668 3090 2724 possumus
3137 2668 3351 2708 servare
3399 2652 3548 2724 quod
3587 2669 3806 2720 sumus,
3857 2653 3903 2707 si

2287 2753 2568 2810 nunquam
2593 2738 2921 2810 negligimus
2943 2755 3171 2810 pensare
3193 2738 3338 2811 quod
3371 2737 3592 2794 fuimus.
3620 2739 3901 2796 Nonnun-

2288 2843 2448 2899 quam
2481 2835 2662 2881 tamen
2692 2827 3034 2884 clandestina
3063 2829 3229 2884 elalio
3263 2828 3425 2883 etiam
3469 2827 3728 2883 sollicitis
3759 2845 3909 2884 cor—

2287 2913 2450 2970 dibus
2489 2916 2782 2988 subrepere
2824 2917 2982 2986 solet,
3024 2927 3085 2973 ut
3114 2919 3386 2974 bonorum
3432 2916 3716 2988 cogitatio,
3765 2916 3910 2975 licet

2287 3006 2508 3061 subtilis
2536 3007 2608 3062 sit
2635 3023 2697 3063 ac
2727 3024 2928 3079 pressa,
2951 3009 2971 3042 ⁸
2991 3024 3117 3063 cum
3151 3007 3308 3062 valde
3337 3007 3392 3061 in
3427 3006 3729 3062 virtutibus
3761 3022 3908 3064 cre-

2287 3095 2414 3162 scit,
2446 3095 2619 3151 oblita
2644 3095 2984 3152 inﬁrmitatis
3010 3097 3264 3168 propriae,
3298 3112 3642 3169 nequaquam
3681 3095 3755 3154 ad
3792 3112 3908 3153 rne-

2288 3183 2519 3238 inoriam
2552 3195 2769 3241 revocet
2798 3185 2932 3256 quid
2965 3187 3022 3240 in
3053 3186 3206 3242 vitiis
3234 3186 3418 3241 fuerit.
3445 3185 3600 3241 Unde
3629 3195 3683 3243 et
3715 3187 3904 3242 omni-

2289 3287 2479 3350 potens
2524 3280 2687 3346 Dcus,
2721 3278 2851 3351 quia
2878 3281 3065 3351 augeri
3093 3279 3474 3335 inﬁrmitatem
3504 3280 3671 3337 etiam
3699 3281 3772 3336 de
3806 3296 3908 3335 re-

2289 3366 2484 3423 mediis
2531 3368 2725 3423 salutis
2780 3369 3072 3441 conspicit,
3119 3386 3434 3425 mensuram
3492 3369 3628 3441 ipsis
3684 3369 3906 3424 nostris

2289 3460 2624 3532 profectibus
2654 3459 2910 3532 imponit,
2953 3469 3015 3516 ut
3067 3460 3366 3517 habeamus
3418 3459 3667 3534 quaedam
3697 3459 3906 3515 virtu-

2289 3558 2404 3606 tum
2443 3550 2588 3606 bona
2616 3566 2735 3623 qum
2765 3566 3048 3624 nunquam
3083 3551 3460 3624 quaesivimus,
3499 3558 3553 3606 et
3582 3565 3903 3624 queramus

2287 3655 2426 3713 quae,
2460 3639 2604 3708 dam,
2651 3656 2753 3696 nec
2804 3647 2988 3696 tamen
3037 3639 3237 3696 habere
3281 3640 3582 3708 valeamus,
3617 3646 3904 3713 quatenus

2289 3746 2442 3786 mens
2471 3739 2658 3787 nostra
2687 3730 2820 3786 dum
2871 3729 2988 3787 haec
3027 3747 3139 3786 non
3189 3736 3368 3802 potest
3411 3729 3609 3786 habere
3639 3745 3768 3800 quae
3802 3744 3906 3800 ap-

2287 3817 2443 3891 petit,
2483 3828 2536 3875 et
2579 3819 2674 3874 illa
2712 3836 2769 3876 se
2799 3818 3073 3892 intelligat
3113 3819 3182 3875 de
3210 3819 3496 3891 semetipsa
3538 3832 3650 3873 non
3681 3817 3906 3873 habere

2289 3925 2408 3980 quae
2446 3908 2630 3979 habet,
2663 3917 2718 3965 et
2743 3925 2840 3982 per
2869 3926 3081 3984 eaquae
3112 3910 3314 3967 adsunt
3341 3908 3762 3968 considerentur
3797 3907 3908 3963 illa

2287 4015 2405 4071 qum
2435 3998 2650 4068 desunt,
2683 4009 2736 4055 et
2765 4017 2860 4072 per
2883 4015 2946 4055 ea
2977 4017 3098 4073 quae
3127 4000 3339 4057 utiliter
3368 4000 3564 4057 desunt
3592 4007 3908 4054 serventur

2287 4085 2572 4145 humiliter
2622 4087 2767 4143 bona
2807 4106 2928 4161 quae
2979 4090 3196 4146 adsunt.
3257 4090 3410 4146 Unde
3455 4098 3507 4147 et
3555 4098 3699 4146 recte
3729 4091 3754 4124 ⁹
3794 4104 3906 4161 pro

2287 4177 2451 4251 hujus
2479 4188 2659 4244 terrae,
2693 4177 2750 4234 id
2779 4187 2860 4234 est
2882 4177 3046 4250 justas
3069 4177 3268 4235 animae
3299 4180 3708 4252 dispensatione
3741 4179 3907 4235 sub-

2282 4271 2536 4344 jungitur
2566 4289 2578 4326 :

2919 4395 3149 4454 CAPUT
3179 4397 3250 4454 X.

2358 4503 2529 4562 Vnus.
2561 4503 2613 4572 4,
2646 4505 2699 4561 5.
2728 4533 2794 4547 —
2822 4505 3008 4562 Indica
3035 4507 3184 4575 mihi,
3214 4507 3261 4562 si
3288 4506 3443 4562 habes
3461 4507 3922 4581 intelligentiam,

2285 4596 2404 4669 quis
2430 4596 2613 4668 posuit
2645 4612 2917 4651 mensuras
2944 4595 3079 4668 ejus,
3118 4598 3164 4652 si
3209 4597 3370 4666 nosti,
3403 4598 3486 4653 vel
3519 4599 3639 4668 quis
3680 4598 3924 4655 tetendit

2287 4705 2446 4760 super
2474 4706 2587 4743 eam
2620 4688 2812 4743 lineam
2833 4690 2861 4745 ?

2359 4777 2446 4832 21.
2500 4779 2671 4844 Quam
2711 4778 2975 4849 sapienter
3015 4776 3157 4834 Deus
3194 4779 3335 4835 dona
3377 4795 3497 4845 sua,
3553 4795 3663 4834 non
3717 4781 3927 4837 omnia

2287 4868 2547 4932 omnibus,
2606 4868 2694 4923 sed
2747 4869 2957 4939 singula
3012 4869 3238 4940 singulis
3291 4870 3596 4926 distribuat.
3637 4900 3717 4912 —
3772 4871 3927 4938 Quis

2288 4957 2436 5015 enim
2471 4958 2516 4992 ιο
2547 4955 2655 5013 nisi
2696 4957 2950 5016 conditor
2977 4968 3163 5016 noster
3203 4959 3370 5033 hujus
3398 4968 3554 5018 terrae
3602 4975 3929 5018 mensuras

2360 5176 2380 5211 ⁷
2413 5175 2540 5248 Haec
2581 5173 2637 5229 in
2679 5173 2872 5248 Laud.,
2904 5174 3104 5232 desunt
3147 5191 3320 5248 usque
3366 5175 3435 5232 ad
3468 5192 3480 5231 :
3527 5173 3704 5248 recole
3738 5175 3852 5232 ubi
3887 5181 3939 5234 te

2284 5245 2460 5303 inveni
2513 5247 2722 5316 quando
2769 5264 2877 5301 meo
2933 5249 3116 5302 timore
3163 5245 3496 5304 tisalidavi.
3543 5245 3814 5305 Vindoc.
3875 5260 3938 5306 et

2285 5318 2471 5386 Corb.,
2522 5321 2727 5389 Germ.,
2777 5321 2943 5375 recole
2978 5320 3068 5373 ubi
3100 5326 3144 5373 te
3172 5319 3347 5374 inveni
3374 5317 3588 5389 quando
3612 5319 3829 5389 prima
3868 5322 3938 5376 in

2286 5396 2349 5458 te,
2373 5400 2498 5457 etc.,
2530 5388 2746 5461 omissis
2776 5391 2960 5446 verbis
2987 5408 3099 5446 meo
3131 5391 3338 5461 timore,

2357 5462 2378 5496 ⁸
2408 5461 2604 5532 Prate1.
2637 5471 2691 5517 et
2719 5460 2904 5530 Corb.,
2941 5462 3152 5530 Germ.,
3181 5480 3298 5518 cum
3313 5460 3434 5532 jam
3462 5463 3633 5519 valde.

2355 5531 2681 5607 {Laudunﬂ
2704 5549 2803 5607 per
2829 5533 2986 5607 hujus
3019 5541 3236 5590 terra...
3272 5531 3690 5607 dispensatione.

2361 5605 2402 5637 ¹⁰
2432 5602 2581 5659 Idem
2612 5602 2771 5675 Cod.,
2802 5602 2907 5661 nisi
2935 5607 3163 5663 creditor
3190 5602 3388 5664 noster.
