4152 6182
279 251 380 311 461

956 264 1330 325 MORALIUM
1371 271 1500 328 LIB.
1544 274 1798 335 XXVIII.
1840 307 1910 320 —-
1948 279 2019 337 IN
2058 283 2285 340 CAPUT
2322 287 2617 346 XXXVIII
2658 292 2718 347 Β.
2761 293 2904 351 JOB.

3486 305 3595 366 463

278 380 437 453 ponit
464 383 583 456 qui,
632 384 835 486 interni
864 386 1085 494 .judic‘ii.
1112 403 1321 454 secreto
1350 395 1747 471 moderamine,
1903 408 1956 469 Α
1993 423 2092 481 per
2128 409 2358 471 Paulum
2401 412 2606 471 dicitur
2637 432 2651 472 :
2696 416 2837 473 Nam
2871 424 2922 475 et
2951 437 3143 494 corpus
3169 443 3277 486 non
3313 436 3387 487 est
3429 447 3597 490 unum

273 487 598 531 sermonem
644 476 947 549 sapientiai,
992 481 1089 540 alii
1127 500 1437 544 sermonem
1477 489 1742 560 scientiae,
1789 492 1887 551 alii

271 562 501 632 plenam
535 563 723 634 ﬁdem,
754 567 851 622 alii
882 571 1113 640 gratiam
1143 574 1464 647 sanitatum,
1494 578 1592 634 alii
1618 581 1887 651 operatio-

268 667 403 707 nem
443 652 739 723 virtutum,
789 656 886 712 alii
933 660 1302 733 prophetiam,
1350 665 1448 722 alii
1495 667 1883 737 discretionem

268 739 600 811 spirituum,
644 742 743 799 alii
782 761 982 817 genera
1011 749 1352 824 linguarum,
1401 754 1497 811 alii
1530 761 1677 820 904
1704 758 1886 815 inter-

274 840 647 911 pretationem
675 859 996 903 sermonum
1028 850 1226 908 tribuit
1255 852 1314 924 (Ι
1341 854 1466 911 Cor.
1498 872 1602 923 xu,
1632 856 1715 928 8),
1744 873 1881 930 qua-

271 940 437 988 tenus
463 933 525 989 in
554 949 670 991 uno
697 937 1003 1013 eodemque
1031 943 1231 1015 spiritu
1259 946 1363 1003 iste
1394 948 1563 1005 verbo
1598 950 1881 1021 sapientiai

267 1021 503 1093 polleat,
531 1039 645 1081 nec
668 1032 856 1082 tamen
885 1044 1142 1088 sermone
1171 1034 1436 1105 scientias,
1467 1036 1527 1094 id
1555 1047 1636 1094 est
1663 1038 1882 1096 doctri-

272 1128 377 1180 nas,
427 1111 724 1183 iniciatur,
768 1117 902 1188 quia
945 1121 1152 1178 sentire
1197 1132 1361 1197 atque
1398 1127 1652 1189 invenire
1677 1128 1880 1185 suﬂicit

270 1202 445 1259 etiam
474 1202 626 1276 quod
659 1220 758 1276 per
786 1204 1037 1265 discendi
1063 1212 1309 1271 studium
1338 1231 1449 1272 non
1478 1218 1874 1290 apprehendit;

270 1293 364 1350 ille
392 1309 651 1350 sermone
698 1295 946 1355 scientiae
989 1299 1215 1374 fulgeat,
1263 1322 1367 1365 nec
1392 1316 1577 1365 tamen
1611 1309 1670 1365 in
1709 1309 1878 1366 verbo

267 1381 555 1472 sapientiae
581 1386 952 1458 convalescat,
975 1390 1100 1464 quia
1121 1401 1177 1449 et
1195 1397 1417 1467 explere
1440 1399 1646 1457 suﬂicit
1668 1402 1684 1434 ¹
1708 1414 1877 1472 quan-

270 1480 387 1526 tum
435 1471 659 1543 didicit,
720 1484 774 1532 et
815 1484 1001 1534 tamen
1043 1480 1115 1538 ad
1149 1483 1503 1545 sentiendum
1549 1494 1619 1544 ex
1667 1471 1879 1545 semet-

269 1562 389 1634 ipso
420 1561 629 1618 subtile
658 1564 872 1637 aliquid
898 1584 1014 1638 non
1032 1575 1289 1646 assurgit.
1320 1577 1429 1633 Iste
1454 1593 1551 1648 per
1572 1576 1739 1635 ﬁdem
1768 1577 1875 1634 ele-

271 1653 474 1709 mentis
512 1652 768 1726 imperat,
816 1672 920 1715 nec
962 1667 1146 1717 tamen
1188 1680 1287 1735 per
1312 1667 1609 1724 sanitatum
1640 1670 1870 1740 gratiam

1990 499 2304 568 membrum,
2346 503 2437 558 sed
2461 505 2649 561 multa.
2702 506 2761 563 Si
2787 508 2991 566 dia-erit
3009 528 3103 583 pes
3131 530 3151 568 :
3196 518 3462 584 Quoniam
3487 539 3597 578 non

1993 603 2110 643 sum
2135 607 2348 659 manus,
2376 611 2483 650 non
2518 612 2636 651 sum
2662 596 2726 653 de
2760 615 3000 672 corpore,
3040 604 3062 638 ⁸
3089 620 3219 660 num
3245 607 3359 665 ideo
3384 627 3491 667 non
3517 622 3596 670 est

1993 677 2056 733 de
2082 696 2302 751 corpore
2320 684 2348 739 ἲ
2388 683 2465 738 Et
2488 684 2539 740 si
2572 685 2774 743 dixerit
2798 688 2952 745 auris
2981 707 3000 745 :
3053 692 3316 760 Quoniam
3341 715 3450 755 non
3473 718 3593 759 sum

1991 769 2196 834 oculus,
2226 787 2333 826 non
2359 788 2476 828 sum
2505 775 2568 829 de
2599 791 2838 848 corpore,
2869 795 2996 836 num
3023 781 3139 837 ideo
3166 799 3273 839 non
3291 792 3367 841 est
3389 788 3455 843 de
3477 807 3593 846 cor-

1984 860 2159 927 pore?
2191 859 2251 916 Si
2279 867 2445 918 totum
2472 880 2664 937 corpus
2702 870 2907 935 oculus,
2932 871 3022 926 ubi
3048 874 3306 933 auditus?
3339 878 3390 934 si
3427 885 3591 937 totum

1989 945 2229 1040 auditus,
2259 950 2352 1005 ubi
2382 952 2637 1010 odoratus
2663 957 2730 1027 (Ι
2749 957 2877 1016 Cor.
2900 976 3003 1029 xu,
3027 960 3094 1018 14
3120 964 3254 1037 seq.)
3278 967 3305 1023 ?
3332 967 3407 1025 Et
3424 970 3590 1040 paulo

1989 1043 2142 1106 post:
2180 1039 2333 1105 Quod
2359 1040 2407 1096 si
2433 1049 2601 1097 essent
2627 1046 2806 1104 omnia
2834 1065 2999 1104 unum
3020 1052 3328 1125 membrum,
3358 1039 3451 1114 ubi
3474 1075 3588 1115 cor-

1981 1139 2086 1194 pus
2103 1126 2131 1180 ?
2176 1128 2331 1183 Nunc
2356 1137 2531 1187 autem
2556 1135 2728 1192 multa
2756 1138 2967 1208 quidem
2992 1142 3246 1210 membra,
3275 1161 3439 1204 unum
3463 1163 3590 1205 vero

1986 1228 2176 1285 corpus
2204 1216 2403 1285 (Ibid.,
2435 1221 2548 1291 l9).

2056 1357 2143 1415 23.
2186 1359 2251 1415 In
2280 1377 2498 1432 corpore
2524 1365 2771 1423 Ecclesia
2788 1370 2931 1426 alius
2957 1378 3031 1427 est
3058 1374 3262 1443 oculus,
3286 1378 3430 1435 alius
3456 1398 3583 1437 ma-

1983 1463 2106 1513 nus,
2136 1448 2277 1504 alius
2300 1468 2412 1522 pes,
2445 1455 2773 1523 etc.—Quid
2804 1456 2955 1517 enim
2972 1471 3165 1521 sancta
3185 1467 3452 1536 Ecclesia,
3474 1469 3583 1526 nisi

1982 1537 2208 1610 superni
2236 1539 2321 1595 sui
2351 1541 2545 1614 capitis
2581 1561 2781 1618 corpus
2807 1557 2888 1605 est
2909 1548 2938 1606 7
2965 1553 3026 1608 In
3055 1567 3161 1625 qua
3190 1553 3332 1611 alius
3358 1555 3466 1612 alta
3501 1558 3582 1614 vi-

1982 1627 2163 1684 dendo
2219 1632 2434 1701 oculus,
2492 1639 2637 1697 905
2669 1637 2812 1694 alius
2850 1647 2995 1698 recta
3052 1645 3331 1716 operando
3362 1663 3579 1718 manus,

268 1740 624 1799 inﬁrmitates
648 1760 941 1818 corporum
963 1759 1150 1820 curat;
1182 1726 1278 1809 ille
1306 1757 1573 1813 orationis
1596 1726 1698 1830 ope
1726 1774 1870 1814 mor-
1902 1764 1949 1825 B
1979 1727 2123 1784 alius
2156 1726 2224 1785 ad
2253 1729 2511 1830 injfmcfi
2550 1733 3062 1830 diSPurrepdoPes’
3108 1742 3250 1799 alius
3288 1754 3581 1819 pracepm'

266 1828 367 1888 bos
396 1831 699 1904 subtrahit,
729 1852 834 1893 nec
859 1846 1043 1897 tamen
1070 1843 1247 1899 arenti
1276 1850 1433 1900 terrae
1466 1828 1870 1919 verbofpluvias

268 1919 477 1978 reddit.
501 1923 607 1980 Iste
626 1927 944 1998 operatione
965 1929 1235 1988 virtutum
1257 1932 1327 1989 ad
1347 1942 1669 2006 praesentem
1694 1936 1868 1995 vitam

265 2009 438 2068 etiam
470 2020 710 2071 mortuos
728 2027 970 2088 revocat,
1001 2028 1056 2076 et
1075 2029 1283 2092 tamen,
1311 2024 1616 2097 prophetiae
1635 2027 1867 2098 gratiam

270 2114 381 2154 non
399 2098 628 2172 habens,
660 2121 782 2177 quae
808 2106 917 2163 sibi
940 2118 1175 2167 ventura
1192 2120 1323 2169 sunt
1342 2114 1592 2186 ignorat;
1623 2114 1719 2171 ille
1739 2132 1867 2173 ven-

271 2194 391 2244 tura
418 2206 649 2266 qumque
686 2196 842 2253 velut
873 2200 1164 2269 praesentia
1202 2203 1463 2272 attendit,
1509 2214 1563 2261 et
1590 2214 1774 2262 tamen
1809 2207 1869 2262 in

269 2277 421 2367 nulla
447 2280 732 2353 signorum
763 2287 1082 2358 operatione
1110 2306 1168 2347 se
1186 2292 1385 2349 exerit.
1416 2294 1526 2350 Iste
1551 2310 1647 2367 per
1665 2295 1870 2353 discre-

267 2364 472 2425 tionem
507 2371 807 2443 spirituum
837 2374 896 2430 in
920 2375 1081 2434 factis
1107 2378 1386 2438 subtiliter
1412 2364 1624 2440 mentes
1652 2383 1864 2456 conspi-

263 2455 361 2526 cit,
403 2460 501 2516 sed
527 2471 712 2520 tamen
741 2464 950 2522 diversi
997 2470 1210 2539 generis
1257 2470 1472 2543 linguas
1516 2473 1722 2541 nescit;
1772 2455 1868 2530 ille

261 2546 475 2604 diversi
504 2552 720 2622 generis
745 2554 965 2626 linguas
987 2558 1289 2626 examinat,
1310 2559 1406 2616 sed
1420 2568 1606 2616 tamen
1625 2562 1685 2616 in
1706 2563 1867 2620 rebus

253 2635 555 2693 similibus
581 2638 878 2698 dissimilia
915 2644 1083 2701 corda
1106 2661 1219 2703 non
1244 2657 1453 2720 pensat.
1485 2650 1645 2707 Alius
1673 2651 1731 2707 in
1758 2667 1869 2708 una

253 2725 461 2796 lingua
480 2743 645 2799 quam
665 2730 824 2786 novit
843 2748 1159 2791 sermonum
1187 2736 1427 2808 pondera
1452 2738 1864 2813 interpretando

257 2814 568 2886 prudenter
592 2817 840 2890 discutit,
870 2830 925 2877 et
952 2830 1136 2879 tamen
1153 2825 1382 2899 reliquis
1408 2828 1572 2886 bonis
1599 2846 1720 2904 quas
1749 2850 1862 2891 non

258 2903 429 2962 habet
454 2907 726 2978 patienter
753 2919 919 2967 caret.

330 2994 422 3052 22.
457 2996 545 3051 Sic
569 2998 859 3055 humilitati
886 3007 1098 3057 cauetur
1124 3008 1173 3059 et
1198 3005 1545 3064 charitati.-—
1556 3008 1646 3068 Sic
1674 3010 1859 3084 itaque

262 3094 474 3144 creator
493 3097 682 3146 noster
707 3100 871 3164 atque
894 3093 1195 3167 dispositor
1220 3107 1420 3155 cuncta
1438 3099 1777 3170 moderatur,
1797 3110 1858 3159 ut

263 3177 360 3250 qui
389 3178 587 3235 extolli
617 3187 831 3252 poterat
859 3199 928 3240 ex
966 3184 1115 3242 dono
1153 3186 1301 3259 quod
1329 3187 1496 3245 habet
1532 3188 1857 3247 humilietur

254 3284 324 3324 ex
353 3270 560 3327 virtute
599 3288 765 3345 quam
807 3290 920 3331 non
949 3274 1133 3333 habet.
1171 3278 1264 3334 Sic
1291 3288 1489 3336 cuncta
1516 3280 1853 3351 moderatur,

252 3366 314 3414 ut
339 3376 467 3416 cum
494 3377 590 3433 per
612 3362 919 3435 impensam
946 3366 1177 3437 gratiam
1199 3384 1647 3444 unumquemque
1673 3372 1854 3428 suble-

251 3456 366 3519 vat,
413 3449 581 3505 etiam
624 3468 719 3523 per
765 3452 1038 3526 disparem
1081 3454 1240 3513 alteri
1279 3458 1513 3515 alterum
1548 3461 1769 3531 subdat,
1799 3469 1854 3519 et

248 3540 537 3598 meliorem
565 3542 797 3616 quisque
824 3543 973 3601 dono
1007 3545 1272 3603 alioenm
1301 3549 1396 3621 qui
1425 3549 1531 3605 sibi
1555 3549 1851 3622 subjicitur

245 3630 520 3699 attendat,
560 3649 623 3689 ac
649 3634 780 3690 licet
803 3650 862 3691 se
892 3636 1088 3707 praeire
1113 3639 1135 3674 ²
1181 3646 1236 3694 et
1262 3639 1391 3695 aliis
1417 3642 1638 3711 sentiat,
1670 3641 1849 3699 eidem

243 3727 441 3775 tamen
468 3736 629 3793 quem
652 3731 872 3796 superat
899 3740 957 3779 se
977 3724 1036 3779 in
1056 3724 1181 3781 aliis
1209 3734 1518 3798 postponat.
1538 3729 1629 3785 Sic
1652 3739 1851 3789 cuncta

242 3808 593 3876 moderatur,
641 3821 701 3869 ut
740 3813 876 3869 dum
914 3813 1135 3887 singula
1163 3830 1391 3889 quasque
1419 3825 1549 3872 sunt
1574 3819 1845 3890 omnium,

242 3900 573 3973 interposita
618 3902 854 3975 quadam
902 3903 1192 3961 charitatis
1238 3905 1663 3979 necessitudine,
1711 3908 1847 3969 ﬁant

242 3993 433 4048 omnia
478 3994 851 4068 singulorum,
895 4004 950 4052 et
994 3997 1372 4073 unusquisque
1416 4000 1497 4057 sic
1534 4001 1683 4075 quod
1730 4019 1845 4061 non

242 4082 457 4155 accepit
487 4083 547 4138 in
575 4083 751 4141 altero
778 4085 1073 4158 possideat,
1116 4094 1179 4144 ut
1217 4088 1333 4161 ipse
1362 4089 1519 4145 alteri
1546 4090 1844 4162 possiden-

240 4172 372 4229 dum
412 4173 564 4248 quod
605 4176 819 4247 accepit
859 4174 1147 4233 humiliter
1185 4176 1486 4251 impendat.
1539 4177 1679 4253 [νει.
1710 4181 1840 4257 ΧΙ.]

240 4262 382 4320 Hinc
418 4264 571 4321 enim
603 4281 700 4338 per
736 4264 960 4321 Petrum
997 4265 1202 4323 dicitur
1233 4285 1245 4322 :
1304 4268 1664 4341 Unusquisque
1707 4271 1843 4328 sicut

237 4355 434 4426 accepit
466 4356 723 4427 gratiam,
754 4354 812 4410 in
848 4358 1169 4413 alteruth
1204 4356 1359 4412 illam
1385 4358 1837 4432 administrantes,

1981 1833 2103 1872 rum
2122 1834 2310 1873 vocem
2335 1817 2693 1894 intelligendo
2709 1826 2877 1895 auris,
2896 1826 3036 1885 alius
3058 1831 3327 1888 malorum
3350 1817 3579 1891 fetorem

1978 1903 2361 1980 bonorumque
2392 1910 2414 1944 ⁵
2463 1910 2820 1983 fragrantiam
2864 1914 3225 1975 discernendo
3280 1921 3430 1979 naris
3475 1931 3576 1986 est.

1979 1994 2107 2063 Qui,
2144 1997 2513 2069 corporalium
2544 2017 2698 2058 more
2726 2003 3123 2075 membrorum,
3167 2008 3298 2065 dum
3329 2011 3576 2070 vicissim

1978 2083 2083 2139 sibi
2109 2087 2129 2119 ⁸
2162 2092 2381 2159 accepta
2409 2087 2587 2146 ofﬁcia
2617 2091 2966 2165 impendunt,
2989 2111 3162 2152 unum
3184 2096 3251 2154 de
3271 2101 3578 2175 semetipsis

1978 2172 2238 2230 omnibus
2257 2192 2456 2248 corpus
2478 2177 2747 2249 reddunt;
2772 2189 2826 2238 et
2844 2198 2971 2239 cum
2993 2183 3211 2242 diversa
3232 2186 3290 2242 in
3310 2172 3576 2248 charitate

1978 2277 2267 2341 peragunt,
2301 2271 2584 2330 diversum
2606 2292 2722 2333 esse
2751 2278 3049 2350 prohibent
3074 2280 3169 2337 ubi
3196 2284 3571 2345 continentur.

1977 2357 2033 2414 Si
2062 2366 2246 2416 autem
2276 2378 2448 2418 unum
2476 2364 2610 2437 quid
2639 2368 2825 2425 cuncti
2855 2379 3096 2442 agerent,
3141 2388 3341 2445 corpus
3382 2375 3573 2449 utique

1976 2448 2122 2522 quod
2144 2468 2213 2507 ex
2234 2454 2424 2511 multis
2447 2454 2764 2513 continetur
2790 2474 2903 2514 non
2933 2468 3135 2531 essent,
3159 2462 3289 2536 quia
3316 2448 3573 2523 videlicet

1974 2542 2362 2615 multipliciter
2388 2556 2737 2621 compactum
2767 2566 2879 2607 non
2905 2550 3184 2623 existeret,
3227 2553 3272 2609 si
3311 2553 3416 2612 hoc
3444 2573 3570 2613 con-

1974 2649 2097 2691 cors
2127 2635 2503 2694 membrorum
2533 2637 2825 2697 diversitas
2854 2658 2965 2697 non
3000 2648 3228 2699 teneret.
3275 2643 3415 2713 Quia
3442 2663 3571 2719 ergo

1973 2723 2174 2781 sanctis
2204 2727 2467 2784 membris
2496 2728 2759 2786 Ecclesiae
2803 2729 3073 2788 virtutum
3118 2730 3262 2789 dona
3300 2735 3571 2793 Dominus

1972 2812 2193 2886 dividit,
2234 2825 2390 2877 terra:
2420 2837 2704 2878 mensuras
2732 2822 2907 2893 ponit.
2954 2820 3108 2879 Unde
3136 2824 3335 2883 iterum
3366 2827 3569 2887 Paulus

1969 2903 2107 2961 dicit
2139 2926 2150 2962 :
2196 2909 2485 2981 Unicuique
2525 2913 2659 2966 sicut
2702 2913 2842 2967 Deus
2887 2913 3067 2968 divisit
3107 2933 3410 2972 mensuram
3445 2920 3570 2991 ﬁdei

1966 2995 1995 3063 (
1997 2995 2149 3052 Rom.
2181 2996 2382 3069 xn,3).
2406 2998 2477 3054 Et
2507 3016 2725 3056 rursum
2751 3018 2763 3056 :
2799 3002 2890 3057 Ea:
2908 3018 3011 3071 quo
3033 3009 3198 3057 totum
3224 3020 3414 3077 corpus
3432 3024 3566 3063 com-
3594 3038 3599 3041 -

1960 3089 2175 3153 pactum
2202 3090 2251 3139 et
2278 3102 2570 3142 connexum
2610 3106 2711 3160 per
2740 3106 2943 3144 omnem
2967 3089 3277 3161 juncturam
3308 3094 3567 3152 submini-

1964 3172 2260 3242 strationis,
2280 3176 2564 3231 secundum
2591 3179 2945 3249 operationem
2972 3178 3029 3235 in
3056 3197 3358 3239 musarum
3385 3186 3564 3242 unius-

1963 3262 2215 3336 cujusque
2242 3267 2481 3338 membri,
2530 3278 2864 3342 augmentum
2892 3272 3130 3345 corporis
3158 3273 3292 3345 facit
3318 3275 3375 3332 in
3402 3279 3565 3352 redi/i-

1962 3354 2214 3411 cationem
2241 3357 2327 3413 sui
2354 3357 2411 3412 in
2437 3357 2693 3416 charitate
2715 3362 2941 3435 (Ephes.
2974 3380 3054 3433 1v,
3088 3364 3201 3437 16).

2033 3471 2122 3528 24.
2154 3473 2379 3547 Singula
2404 3476 2638 3534 membra
2662 3479 2947 3551 assignatis
2976 3481 3075 3538 sibi
3104 3483 3285 3555 ofﬁciis
3313 3483 3561 3556 fungan—

1961 3567 2070 3627 tur,
2111 3579 2218 3618 non
2244 3565 2427 3645 aliena
2453 3574 2728 3641 usurpent.
2760 3600 2831 3610 —
2858 3568 2964 3626 Sed
2990 3588 3115 3628 cum
3145 3572 3288 3628 miro
3325 3574 3558 3633 consilio

1956 3658 2150 3706 auctor
2178 3668 2242 3710 ac
2261 3648 2562 3727 dispOsitor
2581 3664 2768 3712 noster
2793 3656 2926 3714 huic
2953 3658 3049 3713 illa
3070 3659 3302 3730 largitur
3321 3678 3441 3735 quas
3459 3664 3557 3721 alii

1955 3739 2207 3813 denegat,
2240 3742 2337 3798 alii
2366 3743 2487 3800 haec
2514 3744 2747 3818 denegat
2774 3761 2896 3817 quae
2933 3745 3026 3801 isti
3056 3747 3305 3819 largitur,
3339 3766 3559 3808 mensu-

1955 3844 2041 3884 ras
2076 3829 2183 3885 sibi
2213 3818 2419 3902 positas
2465 3832 2648 3903 egredi
2694 3833 2893 3888 nititur
2937 3818 3189 3906 quisquis
3228 3849 3386 3906 posse
3432 3840 3556 3909 plus

1954 3932 2118 3989 quam
2144 3918 2415 3991 acceperit
2433 3928 2685 3985 conatur,
2714 3921 2843 3976 utsi
2862 3922 3092 3978 fortasse
3120 3924 3168 3979 is
3187 3924 3277 3981 cui
3316 3934 3553 3985 tantum-

1951 4006 2118 4063 modo
2145 4006 2337 4064 datum
2358 4015 2441 4066 est
2469 4016 2863 4081 praceptorum
2900 4012 3118 4069 occulta
3145 4011 3410 4072 disserere
3437 4023 3552 4073 ten-

1920 4135 1923 4138 ‹
1951 4102 2029 4152 tet
2055 4098 2221 4153 etiam
2260 4097 2544 4155 miraculis
2572 4115 2881 4171 coruscare,
2913 4108 3009 4157 aut
3035 4101 3083 4158 is
3110 4118 3273 4176 quem
3300 4121 3550 4179 supernis

1950 4186 2176 4243 virtutis
2194 4187 2403 4245 donum
2423 4189 2493 4245 ad
2510 4188 2626 4245 sola
2641 4190 2908 4247 miracula
2926 4190 3148 4249 roborat
3162 4192 3329 4253 etiam
3345 4192 3550 4261 divina

1949 4273 2084 4348 legis
2105 4277 2341 4349 pandere
2362 4279 2579 4336 occulta
2596 4279 2913 4337 contendat.
2940 4282 2960 4317 ⁷
2984 4282 3046 4337 In
3064 4282 3371 4357 praecipitio
3399 4285 3549 4343 enim

1950 4363 2145 4435 pedem
2162 4367 2397 4439 porrigit
2415 4369 2510 4440 qui
2533 4385 2914 4427 mensurarum
2940 4388 3164 4429 suarum
3186 4373 3418 4432 limitem
3434 4392 3548 4432 non

234 4446 371 4500 sicut
388 4446 509 4502 boni
529 4448 914 4519 dispensatores
939 4447 1287 4520 multiformis
1303 4449 1491 4520 gratiis
1503 4450 1638 4521 Dei(
1642 4452 1676 4507 Ι
1688 4452 1834 4509 Petr.
1866 4487 1915 4545 D
1951 4453 2208 4550 attendit.
2249 4456 2322 4512 Et
2353 4457 2677 4550 plerumque
2716 4460 2926 4550 amittit
2952 4468 3005 4517 et
3031 4460 3183 4535 quod
3211 4471 3423 4536 poterat
3450 4465 3548 4550 qui

236 4552 315 4604 IV,
349 4536 461 4609 10).
504 4537 659 4595 Tunc
686 4555 923 4613 namque
965 4537 1104 4595 bene
1147 4537 1508 4595 multiformis
1534 4539 1635 4596 Dei
1665 4542 1840 4613 gratia
1868 4536 1910 4545 ’
1949 4541 2212 4599 audacter
2238 4559 2301 4599 ea
2347 4544 2417 4601 ad
2459 4562 2581 4619 quae
2618 4547 2931 4621 pertingere
2978 4566 3091 4606 non
3123 4551 3270 4608 valet
3305 4536 3545 4625 arripere

233 4625 608 4698 dispensatur,
658 4627 879 4701 quando
906 4636 1189 4700 acceptum
1223 4627 1429 4684 donum
1466 4631 1487 4664 ³
1516 4638 1571 4686 et
1597 4628 1714 4702 ejus
1741 4631 1836 4704 qui

233 4714 341 4772 hoc
371 4732 488 4772 non
530 4716 696 4774 habet
741 4717 1004 4787 creditur,
1049 4715 1270 4789 quando
1316 4726 1536 4790 propter
1581 4734 1705 4774 eum
1744 4720 1834 4776 cui

231 4807 580 4881 impenditur
603 4808 710 4866 sibi
741 4809 929 4867 datum
952 4817 1194 4882 putatur.
1227 4809 1369 4867 Hinc
1387 4825 1483 4882 per
1501 4809 1730 4866 Paulum
1753 4809 1832 4867 di-

229 4900 380 4956 citur
408 4918 421 4955 :
456 4900 563 4956 Per
591 4900 900 4957 charitatem
925 4901 1114 4957 servits
1143 4900 1358 4957 invicem
1386 4901 1599 4973 (Galat.
1624 4919 1681 4971 v,
1715 4900 1826 4975 l3).

232 4988 391 5045 'l‘unc
421 4988 571 5044 enim
602 5005 704 5045 nos
731 4988 1018 5046 charitasa
1032 4988 1167 5062 jugo
1193 4990 1366 5063 culpas
1397 4988 1597 5046 liberos
1626 4989 1824 5060 reddit,

229 5095 357 5135 cum
390 5078 637 5135 vicissim
664 5096 765 5135 nos
788 5088 976 5136 nostro
997 5096 1093 5152 per
1119 5095 1359 5136 amorem
1388 5079 1617 5136 servitio
1641 5077 1827 5151 subji-

228 5168 329 5232 cit,
359 5183 488 5223 cum
517 5176 573 5224 et
600 5169 779 5225 aliena
816 5169 961 5226 bona
988 5176 1173 5225 nostra
1213 5168 1509 5237 credimus,
1556 5178 1609 5226 et
1638 5176 1826 5226 nostra

226 5257 355 5314 aliis
385 5260 542 5333 quasi
574 5276 671 5316 sua
699 5258 989 5316 offerentes
1029 5257 1376 5317 exhibemus.
1429 5259 1572 5315 Hinc
1601 5275 1823 5316 rursum

263 5461 316 5545 ’ί
360 5460 535 5534 Idem,
566 5468 822 5535 quantum
849 5463 996 5531 dicit,
1026 5458 1174 5535 quod
1203 5461 1526 5519 mendosum
1557 5478 1671 5519 esse
1697 5478 1827 5519 sus-

224 5549 622 5687 Ριῗοὲῗίηᾲοθη
651 5622 718 5687 ξπ
745 5606 889 5687 (μίίὲ
1134 5682 1144 5687 -
1208 5675 1218 5686 .
1329 5674 1340 5687 .

295 5681 317 5715 ³
354 5678 533 5760 Laud.
565 5674 620 5760 et
647 5677 810 5760 (ἔρ-τῇ.
841 5677 1050 5760 Germ?
1098 5682 1147 5732 et
1170 5674 1340 5760 siqui
1361 5674 1476 5760 [ioc
1495 5694 1601 5760 non
1649 5676 1825 5735 habet.

225 5749 303 5807 Its
329 5749 499 5809 etiam
532 5758 641 5807 vet.
686 5750 836 5807 Edit.
882 5747 1174 5825 Sequimur
1200 5747 1397 5805 Pratel.
1430 5756 1485 5805 et
1512 5750 1826 5823 plerosque.

1946 4629 2191 4687 festinat.
2222 4632 2362 4689 Nam
2392 4642 2446 4690 et
2490 4634 2867 4692 membrorum
2896 4645 3213 4696 nostrorum
3243 4647 3378 4699 tunc
3404 4641 3544 4698 bene

1945 4720 2274 4779 ministeriis
2304 4723 2516 4779 utimur
2543 4740 2670 4781 cum
2701 4741 2801 4782 sua
2828 4725 2907 4784 eis
2937 4728 3118 4785 oiiicia
3144 4729 3407 4787 distincte
3433 4746 3541 4785 ser-

1943 4823 2157 4867 vamus.
2189 4811 2390 4868 Lucem
2423 4813 2624 4886 quippe
2654 4814 2830 4872 oculis
2857 4818 3159 4884 cernimus,
3190 4833 3381 4873 vocem
3409 4831 3540 4872 vero

1939 4899 2166 4957 auribus
2193 4900 2470 4957 audimus.
2503 4902 2560 4959 Si
2590 4902 2714 4977 quis
2742 4912 2922 4961 autem
2953 4913 3165 4962 mutato
3194 4903 3385 4960 ordine
3414 4905 3535 4961 voci

1937 4991 2147 5058 oculos,
2180 4989 2291 5048 luci
2320 5008 2477 5047 aures
2497 4995 2895 5063 accommodet,
2926 4995 3059 5052 huic
3085 4995 3361 5051 incassum
3392 4999 3537 5049 utra.

1936 5094 2041 5151 que
2063 5085 2270 5151 patent.
2302 5079 2357 5135 Si
2381 5079 2506 5153 quis
2525 5081 2721 5138 odores
2741 5083 2877 5139 velit
2898 5100 2992 5139 ore
3020 5083 3352 5151 discernere,
3380 5096 3535 5155 sapo-

1934 5184 2018 5224 res
2047 5185 2178 5224 nare
2207 5176 2444 5240 gustare,
2475 5170 2762 5244 utriusque
2783 5188 2973 5228 sensus
3003 5171 3110 5227 sibi
3136 5171 3529 5242 ministerium,

1935 5257 2066 5330 quia
2097 5258 2381 5329 pervertit,
2427 5258 2718 5315 interimit.
2767 5260 2910 5316 Dum
2955 5259 3103 5317 enim
3147 5262 3387 5335 propriis
3413 5261 3532 5321 hac

2010 5463 2033 5498 ι
2065 5463 2190 5538 Yet.
2223 5464 2373 5538 Edit.
2398 5464 2569 5525 Paris.
2601 5474 2656 5523 et
2683 5466 2876 5534 Basil.,
2907 5469 3076 5526 Gilot.
3109 5476 3164 5527 et
3191 5468 3396 5538 Vatic.,
3420 5487 3526 5528 non

1935 5536 2087 5613 ide_o._
2101 5535 2482 5613 Em_end_antur
2511 5553 2582 5613 ex
2609 5539 2737 5597 Mss.
2765 5538 2983 5613 Anglic.
3024 5549 3079 5598 et
3103 5542 3326 5599 nostris.

2009 5608 2030 5682 ’ξ
2060 5607 2258 5682 Laud,
2289 5610 2651 5682 ﬂagrantiam.

2012 5680 2033 5757 ξ
2059 5678 2298 5757 uideni;
2321 5678 2526 5757 ιξέσεεεςι
2552 5682 2739 5757 om.

2010 5751 2031 5785 ⁷
2065 5750 2213 5807 ldem
2244 5751 2452 5823 Codex,
2481 5753 2539 5810 in
2559 5750 2843 5827 ῥαίνω.
