4152 6182
555 255 661 311 463

1740 250 1987 307 SANCTI
2025 252 2362 310 GREGORII
2399 252 2623 308 MAGNI

3768 256 3873 313 464

552 377 743 435 usibus
792 387 901 431 non
944 380 1223 446 aptantur,
1261 381 1316 430 et
1343 389 1442 431 sua
1469 373 1648 432 ofﬁcia
1677 373 1960 443 deserunt,
1999 383 2054 431 et
2083 377 2150 432 ad
2177 384 2229 442 Α
2256 391 2375 450 qua
2413 377 2643 434 vidimus
2671 383 2720 433 et
2759 378 3063 434 audivimus
3104 391 3210 435 non
3242 380 3390 452 loqui
3416 381 3612 450 (Ibid,
3643 398 3722 450 IV,
3756 381 3870 454 20).

552 474 813 526 extranea
847 477 958 522 non
986 471 1302 538 aesurgunt.

622 558 711 616 25.
753 559 909 615 Intra
947 567 1224 612 mensuras
1265 556 1393 613 illas
1431 557 1610 613 David
1639 571 1746 612 sese
1786 557 2064 624 continuit,
2113 563 2162 613 et

551 647 1028 708 Paulus.—Bene
1059 647 1244 719 itaque
1272 646 1451 703 David
1488 646 1754 718 propheta
1782 648 1927 704 intra
1956 663 2161 720 accep-

551 747 635 796 tas
663 752 732 794 ex
761 737 955 794 divina
987 735 1238 808 largitate
1266 749 1550 791 mensuras
1580 735 1771 808 pedem
1801 736 1986 793 cordis
2013 751 2157 808 pres-

552 834 718 896 serat,
739 841 868 884 cum
888 821 1110 881 dicebat
1135 843 1146 880 :
1180 823 1356 895 Neque
1375 825 1648 881 ambulavi
1673 826 1730 880 in
1751 827 1977 899 magnis,
1997 842 2159 896 neque

550 918 609 974 in
645 915 982 973 mirabilibus
1027 923 1186 985 super
1231 929 1311 967 me
1358 913 1533 984 (Psal.
1566 931 1737 985 cxxx,
1775 915 1852 987 1).
1903 915 2075 988 Super
2103 932 2159 971 se

552 1009 756 1082 quippe
775 1007 834 1063 in
859 1004 1213 1062 mirabilibus
1235 1005 1562 1075 ambularet,
1586 1006 1631 1063 si
1651 1023 1910 1080 apparere
1931 1023 2160 1080 magnus

550 1100 698 1156 ultra
718 1113 879 1171 quam
903 1103 1117 1169 poterat
1137 1104 1422 1168 quareret.
1449 1098 1625 1171 Super
1645 1114 1701 1154 se
1720 1115 1957 1172 namque
1978 1099 2035 1154 in
2058 1098 2158 1153 mi-

552 1188 819 1244 rabilibus
848 1185 1132 1241 attollitur
1159 1185 1255 1259 qui
1280 1196 1334 1243 et
1365 1186 1426 1242 in
1455 1187 1542 1244 his
1572 1188 1641 1243 ad
1664 1204 1784 1261 quas
1813 1204 1925 1244 non
1955 1187 2160 1244 suﬂicit

551 1277 729 1334 videri
769 1276 1003 1332 idoneus
1047 1282 1299 1331 conatur.
1358 1277 1502 1332 Bene
1543 1277 1689 1334 intra
1734 1277 1833 1334 has
1875 1293 2159 1333 mensuras

551 1368 716 1425 etiam
747 1367 804 1422 in
834 1366 954 1438 ipsa
982 1365 1183 1421 Paulus
1203 1365 1620 1438 praedicationis
1646 1384 1757 1423 suae
1781 1384 1838 1423 se
1868 1367 2159 1423 latitudine

552 1454 884 1526 coarctabat,
901 1473 1029 1513 cum
1045 1455 1255 1514 diceret
1276 1476 1287 1513 :
1313 1458 1431 1514 Non
1447 1459 1584 1514 enim
1603 1460 1770 1516 audeo
1787 1459 1994 1530 aliquid
2019 1459 2161 1530 loqui

553 1567 733 1606 eorum
755 1565 870 1620 qua:
893 1564 993 1619 per
1019 1563 1101 1601 me
1128 1563 1235 1601 non
1267 1548 1419 1620 eﬂicit
1452 1549 1695 1605 Christus
1721 1551 1902 1622 (Rom.
1923 1566 2019 1619 xv,
2044 1550 2157 1622 18).

553 1639 708 1695 Tunc
745 1646 925 1693 autem
967 1642 1112 1692 recte
1153 1644 1375 1708 accepta
1417 1655 1674 1694 mensura
1717 1647 1985 1707 servatur,
2033 1654 2160 1696 cum

2269 471 2342 525 At
2362 468 2455 525 ille
2471 467 2677 527 dudum
2698 468 2920 539 debilis,
2935 477 2988 527 et
3008 472 3297 544 praesentia
3319 471 3521 528 damna
3541 472 3873 544 formidans,

2268 563 2397 619 dum
2415 564 2668 635 exempla
2683 571 2850 620 tanta:
2873 563 3218 621 fortitudinis
3239 564 3672 637 contemplatur,
3708 565 3766 621 in
3787 583 3877 622 au-

2268 652 2524 709 ctoritate
2541 651 2695 708 verbi
2721 651 2834 725 jam
2860 651 3005 709 Petri
3028 653 3229 708 lineam
3251 653 3523 725 sequitur,
3552 651 3665 723 jam
3689 653 3769 708 nil
3787 653 3874 711 ad-

2268 740 2548 797 versitatis
2565 741 2782 810 metuit,
2797 740 2911 813 jam
2932 741 3250 798 resistentes
3264 742 3377 798 Deo
3394 749 3690 814 potestates
3711 759 3877 800 saecu-

2270 831 2307 885 li
2329 825 2493 887 etiam
2515 848 2639 889 cum
2663 831 2910 904 corporis
2931 832 3260 888 laceratione
3281 831 3610 888 contemnit.
3639 834 3660 868 ²
3679 833 3784 889 Sed
3799 840 3877 890 ta-

2270 935 2396 974 men
2413 927 2619 992 quanto
2635 919 2781 976 vires
2798 918 3242 993 persequentium
3261 915 3524 989 patiendo
3545 917 3764 974 fortiter
3781 919 3874 976 de-

2267 1010 2455 1079 struit,
2473 1021 2527 1067 et
2547 1018 2754 1084 quanto
2775 1011 2922 1066 inter
2937 1011 3167 1066 adversa
3186 1008 3360 1064 nullis
3379 1008 3686 1065 terroribus
3701 1010 3871 1081 cedit,

2270 1105 2422 1155 tanto
2436 1100 2760 1174 plerumque
2780 1109 2834 1157 et
2848 1102 2905 1156 in
2927 1099 3015 1156 his
3029 1099 3196 1156 etiam
3215 1099 3498 1172 quaeinter
3521 1098 3712 1155 ﬁdeles
3734 1100 3877 1172 posi-

2270 1196 2355 1246 tus
2385 1191 2618 1248 senserit
2647 1208 2703 1248 se
2733 1192 2945 1249 caeteris
2968 1191 3263 1264 praeponit,
3312 1207 3410 1246 sua
3442 1191 3617 1262 magis
3643 1192 3878 1248 consilia

2268 1281 2442 1353 eligit,
2475 1288 2530 1337 et
2559 1282 2666 1338 sibi
2698 1284 2882 1356 potius
2911 1299 3074 1355 quam
3101 1281 3226 1338 aliis
3245 1280 3442 1337 credit.
3477 1281 3579 1338 Hic
3608 1282 3874 1338 nimirum

2269 1370 2421 1439 dum,
2457 1373 2477 1406 ³
2510 1371 2732 1443 injustis
2761 1372 3166 1445 objectionibus
3191 1387 3302 1428 non
3331 1370 3549 1440 cedens,
3581 1371 3638 1426 in
3670 1372 3878 1428 virtute

2270 1476 2325 1517 se
2355 1463 2553 1532 exerit,
2577 1463 2743 1520 etiam
2765 1473 2911 1522 recta
2929 1465 3168 1521 aliorum
3196 1462 3428 1520 consilia
3447 1479 3558 1519 non
3581 1464 3876 1536 recipiens,

2271 1550 2462 1623 pedem
2521 1561 2680 1610 extra
2738 1554 2972 1610 limitem
3025 1553 3225 1610 tendit.
3287 1554 3447 1610 Hunc
3493 1554 3682 1611 Petrus
3725 1555 3878 1613 intra

2272 1657 2542 1700 mensurae
2561 1644 2762 1701 lineam
2781 1655 3017 1714 revocat,
3037 1646 3133 1719 qui
3151 1651 3436 1718 postquam
3455 1645 3702 1702 libertate
3718 1647 3879 1703 vocis

551 1732 857 1806 anteposita
872 1728 1050 1786 oculis
1065 1727 1312 1786 virorum
1328 1729 1704 1804 spiritualium
1716 1731 1831 1787 vita
1847 1730 2157 1804 respicitur.
2192 1755 2237 1816 B
2268 1735 2656 1791 auctoritatem
2675 1735 2990 1808 principum
3013 1737 3232 1809 pressit,
3256 1753 3352 1810 per
3372 1736 3737 1794 humilitatem
3752 1754 3878 1794 cor-

553 1823 706 1881 Unde
732 1830 786 1878 et
810 1819 1059 1894 sequitur
1090 1838 1102 1876 :

1166 1907 1394 1969 CAPUT
1433 1910 1531 1968 XI.

624 2003 796 2064 Vnus.
831 2006 882 2062 5.
913 2035 983 2047 --
1019 2005 1107 2064 Vel
1134 2004 1254 2075 quis
1286 2002 1495 2058 tetendit
1522 2019 1682 2074 super
1709 2019 1824 2057 eam
1852 2002 2085 2058 lineam?

623 2095 713 2155 26.
745 2097 791 2154 A
825 2098 1022 2154 sanctis
1052 2094 1305 2151 sumenda
1336 2100 1411 2150 est
1438 2092 1648 2150 vivendi
1673 2095 1878 2166 regula.
1896 2123 1966 2133 —
1987 2093 2158 2164 Super

555 2187 701 2244 hanc
722 2187 871 2244 enim
893 2196 1096 2243 terram
1115 2185 1261 2241 linea
1281 2183 1554 2253 tenditur,
1587 2182 1806 2257 quando
1826 2183 2009 2239 electae
2038 2180 2158 2237 uni-

553 2275 753 2351 cuique
765 2277 964 2334 animae
981 2278 994 2310 ¹
1014 2274 1084 2331 ad
1099 2273 1424 2331 sumendam
1439 2273 1664 2330 vivendi
1682 2274 1923 2346 regulam
1943 2279 2160 2344 patrum

556 2365 984 2441 praecedentium
1020 2364 1275 2438 exempla
1300 2369 1698 2432 monstrantur,
1747 2369 1808 2418 ut
1837 2378 1907 2418 ex
1939 2362 2159 2418 illorum

555 2457 670 2512 vita
697 2454 1010 2512 consideret
1041 2453 1182 2528 quid
1205 2453 1263 2508 in
1287 2453 1401 2510 suis
1430 2452 1643 2510 actibus
1673 2457 1871 2520 servet,
1895 2458 2163 2524 quatenus

564 2552 810 2616 respecto
831 2542 968 2616 justi
999 2541 1197 2596 limitis
1235 2541 1476 2609 tramite,
1507 2557 1612 2596 nec
1642 2540 1784 2595 infra
1813 2539 2046 2594 minima
2073 2555 2162 2594 ne-

557 2633 764 2705 gligens
793 2630 1036 2698 deﬁciat,
1084 2644 1186 2684 nec
1216 2629 1361 2684 ultra
1395 2629 1639 2683 maxima
1668 2633 1811 2690 906
1843 2627 2164 2700 superbiens

556 2729 766 2796 tendat,
793 2743 893 2786 nec
914 2727 1099 2784 minus
1119 2733 1350 2782 conetur
1370 2725 1590 2797 explere
1622 2740 1786 2798 quam
1807 2724 2030 2793 sufﬁcit,
2063 2741 2164 2781 nec

555 2821 680 2895 plus
696 2817 925 2892 arripiat
942 2835 1106 2893 quam
1128 2817 1361 2890 accepit,
1385 2832 1455 2872 ne
1469 2822 1563 2871 aut
1580 2814 1649 2872 ad
1666 2832 1977 2872 mensuram
1999 2832 2162 2888 quam

558 2913 718 2971 debet
730 2927 842 2968 non
857 2907 1171 2984 perveniat,
1186 2915 1280 2964 aut
1292 2905 1541 2965 eamdem
1559 2923 1870 2964 mensuram
1885 2908 2159 2974 deserens,

557 3011 714 3062 extra
752 3001 988 3058 limitem
1020 2997 1196 3058 cadat.
1241 2999 1491 3071 Angusta
1521 2997 1721 3072 quippe
1752 3006 1906 3071 porta
1935 3004 2016 3054 est
2043 3013 2163 3069 quae

559 3094 712 3152 ducit
741 3093 810 3149 ad
840 3093 1008 3148 vitam
1043 3091 1260 3163 (Matth.
1287 3108 1389 3158 vu,
1411 3089 1522 3162 lli);
1557 3100 1610 3147 et
1640 3090 1732 3146 ille
1755 3090 1898 3146 hanc
1928 3087 2162 3160 ingredi-

560 3193 650 3240 tur
677 3182 774 3255 qui
804 3182 863 3236 in
889 3180 1108 3237 cunctis
1153 3196 1274 3252 quae
1305 3180 1416 3252 agit
1462 3179 1815 3236 discretionis
1855 3177 2163 3235 subtilitate

561 3279 781 3346 propter
803 3270 944 3326 hanc
957 3268 1199 3325 sollicite
1219 3277 1548 3326 coarctatur.
1573 3269 1711 3325 Nam
1734 3269 1828 3342 qui
1851 3287 1947 3343 per
1972 3269 2161 3325 volun-

563 3371 697 3420 tates
727 3361 975 3434 proprias
1007 3375 1199 3415 secura
1230 3368 1412 3416 mente
1439 3377 1496 3417 se
1530 3361 1743 3431 dilatat,
1784 3372 2027 3435 angustae
2057 3361 2164 3417 sibi

562 3462 731 3530 porta
762 3452 974 3509 aditum
1003 3451 1246 3508 damnat.
1272 3453 1342 3509 Ut
1370 3469 1498 3526 ergo
1529 3453 1694 3526 hujus
1721 3461 1880 3510 terras
1911 3469 2168 3511 mensura

563 3552 833 3612 servetur,
864 3558 1028 3616 super
1048 3558 1169 3599 eam
1196 3541 1472 3600 divinitus
1493 3543 1639 3600 linea
1659 3543 1927 3614 tenditur,
1958 3545 2088 3618 quia
2107 3551 2168 3600 ut

564 3643 752 3694 nostra
781 3648 966 3706 opera,
997 3634 1086 3688 vel
1115 3633 1332 3689 minora
1360 3633 1674 3707 proﬁciant,
1699 3635 1788 3690 vel
1818 3633 2026 3708 majora
2054 3650 2166 3689 mo-

563 3727 849 3794 derentur,
880 3739 978 3797 per
996 3739 1149 3781 sacra
1178 3724 1397 3798 eloquia
1426 3723 1646 3781 subtilis
1675 3733 1801 3781 ante
1827 3740 1929 3781 nos
1956 3732 2168 3781 sancto-

563 3834 684 3874 rum
733 3816 849 3872 vita
894 3814 1251 3888 expanditur,
1300 3822 1354 3870 et
1400 3815 1537 3889 quid
1586 3815 1746 3872 nobis
1793 3823 2169 3889 quantumque

563 3907 832 3980 agendum
864 3908 937 3963 sit
965 3915 1182 3963 ostensa
1210 3905 1435 3962 illorum
1459 3905 1790 3964 discretione
1812 3907 2094 3964 deﬁnitur.

637 3995 775 4066 [γει.
813 3995 971 4067 ΧΙΙ.]
1004 3996 1089 4050 27.
1131 3998 1195 4050 In
1221 3997 1474 4064 exemplis
1504 3996 1653 4051 Petri
1683 3996 2006 4067 proponitur
2031 4012 2168 4050 men-

565 4097 692 4136 sura
709 4082 1042 4135 auctoritatis
1059 4089 1106 4135 et
1119 4081 1437 4135 humilitatis
1463 4083 1678 4137 -Ecce
1695 4083 1895 4155 aliquis
1911 4083 1997 4138 vel
2020 4083 2169 4139 dam-

566 4187 636 4227 na
665 4183 870 4237 rerum,
902 4170 989 4224 vel
1019 4169 1378 4225 aﬂlictionem
1410 4173 1660 4242 corporis
1687 4179 1959 4241 metuens,
1992 4172 2170 4228 minas

566 4267 792 4320 terrenae
821 4258 1080 4330 potentiae
1111 4257 1472 4330 pertimescit,
1495 4267 1548 4314 et
1566 4267 1757 4315 contra
1778 4260 1892 4315 vim
1916 4261 2167 4318 resisten-

564 4350 707 4409 tium
724 4348 1009 4404 veritatem
1028 4347 1319 4405 defendere
1342 4366 1452 4407 non
1470 4352 1938 4424 prasumitliunc
1954 4353 2164 4420 Petrus,

567 4443 696 4522 quia
725 4441 782 4496 in
810 4441 1010 4500 timore
1035 4449 1327 4517 angustum
1360 4446 1605 4520 respicit,
1647 4453 1863 4503 ostensa
1891 4447 2166 4519 eXemplo-

2269 1823 2353 1880 dis
2383 1824 2449 1880 de
2479 1839 2589 1879 non
2621 1825 3087 1881 circumcidendis
3108 1825 3366 1899 gentibus
3393 1827 3546 1882 Pauli
3575 1825 3878 1882 consilium

2269 1911 2485 1968 audivit
2533 1911 2675 1984 (Act.
2708 1929 2807 1981 xv,
2842 1915 2918 1985 7).
2971 1914 3062 1970 Sic
3094 1915 3244 1970 enim
3279 1914 3636 1986 semetipsum
3685 1921 3883 1970 contra

2270 2000 2613 2058 adversarios
2633 2018 2702 2057 ex
2721 2003 3050 2059 auctoritate
3079 2001 3307 2059 curabat
3329 2005 3567 2075 erigere,
3599 2011 3661 2058 ut
3689 2011 3884 2059 tamen

2270 2091 2602 2164 sibimetipsi
2632 2109 2742 2148 non
2771 2091 3015 2148 crederet
3036 2093 3096 2148 in
3119 2091 3207 2147 his
3237 2107 3356 2164 quae
3384 2108 3497 2147 non
3528 2099 3675 2148 recte
3704 2092 3884 2146 senti-

2271 2189 2373 2250 ret,
2422 2189 2484 2237 ut
2511 2189 2566 2237 et
2604 2182 2856 2238 libertate
2898 2181 3244 2239 fortitudinis
3271 2188 3550 2237 tumentes
3577 2186 3890 2252 potestates

2272 2270 2584 2340 excederet,
2607 2279 2660 2327 et
2679 2271 2997 2328 humilitate
3026 2271 3470 2328 mansuetudinis
3501 2269 3884 2325 obedientiam

2275 2361 2331 2417 in
2353 2367 2501 2417 recto
2521 2361 2756 2418 consilio
2771 2361 2937 2418 etiam
2961 2360 3270 2417 minoribus
3284 2359 3551 2415 fratribus
3569 2357 3884 2428 exhiberet,

2275 2459 2329 2508 et
2353 2452 2518 2509 modo
2539 2468 2636 2525 per
2653 2453 3007 2525 semetipsum
3029 2453 3174 2521 aliis,
3199 2451 3365 2508 modo
3395 2449 3726 2521 sibimetipsi
3747 2465 3880 2506 cum

2276 2542 2400 2598 aliis
2432 2543 2452 2577 ⁸
2480 2541 2749 2597 obviaret.
2797 2541 2859 2596 In
2891 2540 3052 2598 factis
3079 2540 3250 2613 igitur
3295 2538 3443 2595 Petri
3474 2537 3721 2611 quaedam
3750 2546 3884 2594 ante

2277 2631 2466 2688 oculos
2497 2637 2715 2686 nostros
2743 2628 3097 2686 auctoritatis
3125 2636 3180 2684 et
3209 2627 3546 2684 humilitatis
3574 2628 3716 2683 linea
3743 2635 3882 2682 ten-

2277 2721 2448 2789 ditur,
2479 2735 2548 2775 ue
2567 2735 2722 2774 mens
2741 2727 2930 2776 nostra
2955 2726 3050 2774 aut
3076 2735 3173 2792 per
3193 2719 3448 2774 timorem
3473 2717 3539 2774 ad
3565 2733 3879 2774 mensuram

2276 2827 2387 2867 non
2415 2809 2718 2882 perveniat,
2738 2817 2833 2864 aut
2862 2823 2960 2882 per
2986 2816 3260 2865 tumorem
3290 2807 3518 2864 limitem
3548 2807 3797 2863 excedat.

2345 2900 2432 2958 28.
2465 2898 2721 2967 Ejusdem
2749 2899 2964 2954 virtutis
2993 2917 3157 2972 opera
3175 2898 3460 2970 aliquando
3481 2914 3736 2961 exercere,
3765 2898 3879 2952 ali-

2274 2990 2485 3062 quando
2512 2990 2748 3045 om-ittere
2777 2989 2962 3045 suadet
2989 2990 3256 3045 discretio.
3285 3017 3355 3029 -—
3376 2986 3594 3044 Dictum
3624 2994 3705 3042 est
3731 3003 3876 3060 quo-

2275 3081 2440 3137 modo
2471 3081 2615 3136 linea
2643 3079 2910 3149 tenditur,
2955 3095 3024 3135 ne
3056 3095 3154 3152 per
3180 3079 3406 3135 alterius
3433 3077 3664 3133 actionis
3687 3078 3710 3113 ⁵
3740 3077 3876 3132 for-

2273 3173 2572 3228 titudinem
2603 3171 2672 3228 ad
2699 3171 2926 3226 alterius
2959 3185 3134 3227 causa:
3164 3170 3363 3226 vitium
3391 3177 3740 3236 transeatur;
3772 3167 3874 3224 di-

2273 3271 2431 3318 catur
2456 3277 2608 3316 nunc
2636 3258 3100 3333 quemadmodum
3134 3260 3191 3316 in
3219 3277 3328 3316 una
3348 3259 3648 3332 eademque
3667 3258 3875 3314 virtute

2274 3351 2625 3409 discretionis
2656 3351 2859 3407 lineam
2889 3350 3214 3422 deserimus,
3248 3351 3294 3408 si
3324 3351 3467 3408 hanc
3495 3359 3550 3406 et
3578 3350 3880 3423 aliquando

2275 3457 2430 3516 agere
2450 3450 2503 3498 et
2533 3441 2831 3515 aliquando
2859 3448 3188 3514 postponere
3215 3441 3546 3498 nesciamus.
3580 3441 3702 3496 Non
3730 3440 3877 3496 enim

2277 3549 2361 3588 res
2391 3533 2578 3590 eadem
2609 3547 2824 3604 semper
2853 3538 2935 3586 est
2955 3531 3154 3600 virtus,
3178 3530 3307 3604 quia
3326 3547 3424 3603 per
3443 3537 3724 3588 momenta
3747 3539 3877 3586 tem-

2278 3642 2472 3701 porum
2502 3641 2641 3697 saepe
2671 3628 2816 3688 907
2845 3623 3042 3680 merita
3071 3631 3354 3681 mutantur
3383 3623 3684 3680 actionum.
3726 3620 3877 3679 Unde

2279 3726 2342 3783 ﬁt
2375 3734 2436 3782 ut
2464 3742 2589 3784 cum
2622 3723 2756 3798 quid
2785 3723 2926 3781 bene
2954 3724 3190 3797 agimus,
3230 3725 3554 3798 plerumque
3585 3722 3783 3777 melius
3809 3715 3876 3773 ab

2278 3816 2396 3890 ejus
2417 3816 2632 3872 actione
2653 3830 2947 3883 cessemus,
2979 3821 3032 3870 et
3054 3811 3388 3870 laudabilius
3407 3812 3476 3869 ad
3497 3821 3708 3882 tempus
3726 3809 3876 3866 dese-

2280 3915 2360 3964 rat
2390 3905 2536 3981 quod
2569 3906 2626 3962 in
2655 3922 2756 3962 suo
2785 3915 3030 3978 tempore
3074 3903 3428 3961 laudabiliter
3454 3917 3602 3958 mens
3628 3898 3869 3955 tenebat.

2277 3997 2415 4054 Nam
2445 3997 2490 4052 si
2522 4013 2621 4069 pro
2643 3996 2848 4053 nostris
2875 3995 3037 4052 bonis
3065 3994 3338 4062 minimis,
3369 3993 3567 4068 quibus
3589 3989 3720 4047 actis
3747 4002 3874 4061 proc-

2277 4088 2517 4158 ﬁcimus,
2537 4105 2637 4146 nec
2657 4095 2841 4144 tamen
2865 4088 3198 4145 intermissis
3228 4087 3544 4153 interimus,
3576 4080 3833 4154 majorala

2277 4179 2473 4236 borum
2505 4179 2649 4233 mala
2667 4176 2959 4250 proximis,
2983 4177 3297 4245 imminent,
3324 4174 3630 4233 necessario
3649 4189 3747 4227 nos
3766 4171 3876 4225 vir-

2276 4278 2459 4325 tutum
2489 4278 2783 4341 augmenta
2816 4269 3156 4342 seponimus,
3178 4285 3245 4324 ne
3267 4265 3667 4323 inﬁrmioribus
3694 4260 3879 4336 proxi-

2278 4355 2383 4412 mis
2413 4356 2543 4412 ﬁdei
2574 4355 2905 4413 detrimenta
2935 4373 3276 4430 generemus,
3307 4371 3375 4411 ne
3405 4362 3558 4409 tanto
3584 4353 3700 4424 jam
3733 4347 3879 4423 quod

2275 4444 2488 4518 agimus
2515 4447 2694 4503 virtus
2724 4463 2837 4502 non
2867 4448 2957 4516 sit,
2983 4455 3186 4519 quanto
3215 4461 3312 4519 per
3339 4442 3680 4501 occasionem
3714 4439 3801 4496 sui
3823 4439 3877 4493 in

526 4557 529 4560 ·
569 4509 695 4590 rum
714 4549 940 4589 suorum
961 4509 1815 4604 linea:advirtutislatitudinem
1837 4509 2168 4610 tenditipse
2196 4509 2246 4569 D
2277 4509 2472 4594 alienis
2501 4537 2762 4594 cordibus
2790 4509 3148 4593 fundamenta
3177 4509 3446 4592 virtutum
3478 4532 3732 4592 destruit.

568 4624 770 4698 quippe
802 4623 1106 4696 ﬂagellatus
1134 4642 1165 4680 a
1198 4627 1543 4700 principibus
1574 4629 1782 4701 populi,
1805 4645 1930 4684 cum
1961 4627 2167 4685 idcirco

567 4730 625 4772 se
655 4713 892 4771 relaxari
924 4715 1282 4786 conspiceret,
1333 4725 1393 4771 ut
1420 4735 1451 4774 a
1480 4717 1867 4789 praedicatione
1897 4724 2162 4784 cessaret;

569 4822 692 4864 cum
714 4803 1099 4876 prohiberetur
1127 4803 1276 4877 loqui
1302 4805 1358 4859 in
1386 4817 1661 4877 posterum
1697 4808 1836 4878 (Act.
1857 4824 1915 4875 v,
1937 4806 2054 4878 40),
2077 4823 2166 4862 ne-

569 4911 847 4970 quaquam
880 4896 1073 4950 saltem
1106 4893 1163 4949 in
1193 4911 1431 4966 praesens
1460 4895 1641 4951 cessit.
1664 4895 1798 4950 Nam
1833 4894 2167 4967 respondens

568 4987 839 5060 protinus,
860 4985 1041 5042 dixit:
1079 4985 1299 5042 Obedire
1335 4992 1538 5058 oportet
1573 4985 1681 5041 Deo
1710 4985 1880 5059 magis
1899 5003 2058 5059 quam
2077 4987 2163 5042 ho-

567 5075 798 5136 minibus
815 5081 838 5150 (
847 5077 1078 5150 Ibid.,v,
1091 5076 1208 5151 29).
1225 5076 1299 5133 Et
1317 5093 1537 5134 rursum
1557 5093 1568 5133 :
1592 5076 1714 5135 Non
1733 5077 1870 5133 enim
1883 5093 2167 5150 possumus

645 5334 670 5438 ζ
705 5331 878 5413 Idem,
1006 5348 1202 5415 summa
1227 5327 1437 5388 vivendi
1462 5328 1718 5462 raqulam.

710 5404 800 5460 Sic
837 5410 1182 5462 restituimus
1218 5421 1288 5460 ex
1325 5406 1452 5462 Mss.
1541 5403 1660 5460 orb.
1715 5419 1718 5445 ι

647 5403 670 5438 ³
710 5404 800 5460 Sic
837 5399 1182 5462 restituimus
1218 5421 1288 5460 ex
1325 5406 1452 5462 Mss.
1496 5399 1660 5462 Corb.
1715 5400 1924 5469 Germ.,
1963 5399 2162 5470 Laud.,

577 5473 838 5550 Vindgc.,
868 5476 1083 5550 Pratel._
1105 5477 1336 5550 aliisque
1364 5477 1578 5550 Norm.,
1633 5491 1664 5530 a
1693 5471 1893 5546 quibus
1922 5488 2164 5550 recesse-

577 5551 708 5601 runt
725 5545 963 5616 Excusi;
997 5545 1199 5603 habent
1220 5545 1367 5604 enim
1394 5567 1405 5603 :
1430 5548 1518 5603 sed
1541 5545 1873 5602 tamentanta
1894 5545 2030 5600 vires
2045 5561 2163 5616 per-

575 5614 896 5690 sequentium
915 5616 1163 5690 patiendo
1192 5619 1437 5686 destruit,
1467 5624 1754 5690 quanta...
1789 5615 1955 5672 nullis
1985 5614 2163 5672 terro-

577 5633 896 5743 εξὲυθπιιιιτη
915 5633 1163 5696 patiendo
1192 5633 1437 5686 destruit,

577 5708 593 5742 τ
664 5705 736 5761 us_
749 5686 899 5761 cedit.
931 5686 1090 5761 Altus
1112 5690 1439 5761 plerumque.

649 5705 724 5742 ius
749 5705 899 5744 σοαπ.
931 5705 1090 5743 auus
1112 5705 1439 5813 pvterumque.

649 5762 668 5794 ³
712 5758 909 5815 Pratel.
941 5765 998 5812 et
1024 5757 1094 5812 al.
1176 5776 1338 5826 orm.,
1369 5759 1584 5826 injustis
1610 5760 2006 5817 obeditionibus.

2347 4626 2434 4684 29.
2468 4627 2814 4683 Discretionis
2842 4627 3001 4698 hujus
3025 4627 3317 4698 exemplum
3332 4626 3388 4681 in
3406 4630 3583 4680 sancto
3595 4622 3792 4679 Paulo.
3810 4647 3880 4662 --

2277 4717 2450 4784 Quam
2464 4716 2818 4774 discretionis
2831 4718 3030 4774 lineam
3045 4717 3184 4773 bene
3195 4725 3320 4773 ante
3339 4714 3674 4771 intuentium
3689 4710 3880 4768 oculos

2275 4805 2478 4862 Paulus
2524 4807 2780 4876 tetendit,
2831 4807 2924 4880 qui
2955 4816 3009 4864 et
3037 4808 3267 4880 gentiles
3295 4806 3364 4862 ad
3402 4804 3708 4860 libertatem
3749 4797 3879 4856 ﬁdei

2276 4893 2557 4951 venientes
2573 4896 2901 4953 circumcidi
2924 4897 3214 4969 prohibuit
3237 4893 3605 4968 (Act.xv,20),
3625 4900 3678 4947 et
3695 4899 3879 4945 tamen

2275 4984 2485 5057 Lystris
2516 4987 2537 5021 ³
2566 4994 2728 5060 atque
2757 4985 3002 5042 Iconium
3034 4985 3329 5054 transiens,
3347 4985 3461 5056 ipse
3500 4979 3877 5044 Timotheum,

2274 5076 2370 5148 qui
2399 5076 2590 5149 gentili
2609 5085 2761 5150 patre
2785 5076 2967 5135 editus
2983 5077 3182 5148 fuerat,
3202 5073 3558 5136 circumcidit
3591 5072 3736 5145 (Act.
3755 5084 3878 5136 xvr,

2346 5329 2366 5366 ⁸
2406 5327 2601 5398 Laud.,
2639 5329 2956 5384 observaret.

2343 5401 2364 5435 ⁸
2403 5395 2747 5472 Εάἱῐηῧίιοῑ.
2771 5408 2824 5456 et
2844 5399 2964 5456 alias
2986 5405 3224 5472 poster,
3240 5395 3621 5472 formidinem;
3652 5397 3878 5472 veteres

2272 5481 2450 5527 autem
2499 5471 2646 5527 Edit.
2679 5488 2802 5528 cum
2833 5472 2962 5527 Mss.
2986 5463 3154 5527 Corb.
3189 5463 3398 5537 Germ.,
3439 5467 3670 5531 Turon.,
3724 5463 3885 5519 Lau-

2271 5543 2429 5610 dun.,
2457 5543 2669 5610 Norm.,
2701 5551 2829 5611 etc.,
2862 5543 3064 5598 habent
3095 5541 3482 5611 fortitudinem.

2274 5688 2305 5744 Ῑ
2343 5615 2364 5649 ⁶
2398 5607 2665 5694 Ῡίηάοε..
2715 5607 2870 5686 atque
2924 5607 3159 5671 Iconi-um
3198 5611 3424 5668 veniens.
3473 5607 3672 5677 Laud.,
3716 5613 3887 5678 atque

2301 5702 2478 5740 comm.
2705 5725 2712 5732 .

2301 5702 2478 5740 conire.
