4152 6182
303 339 407 403 465

980 340 1353 400 MORALIUM
1391 342 1526 401 LIB.
1565 343 1824 402 XXVIII.
1865 373 1935 386 —
1972 342 2044 401 IN
2081 340 2308 401 CAPUT
2348 343 2639 401 XXXVIII
2678 344 2739 399 Β.
2774 344 2923 399 'JOB.

3512 344 3615 401 ωδ

302 469 383 541 3).
416 465 626 525 Videns
645 463 793 521 enim
813 464 962 537 quod
980 465 1090 523 nisi
1111 480 1168 524 se
1185 466 1448 525 mandata
1470 466 1666 524 litteras
1684 482 1900 525 servare
1926 469 1979 529 A
1998 465 2207 540 judicis
2226 467 2570 526 obscuratur.
2591 467 2747 525 Unde
2761 474 2815 524 et
2831 472 2977 524 recte
2991 466 3114 538 subj
3122 468 3349 541 ungitur
3382 486 3395 525 :
3428 469 3472 505 ¹⁰
3493 468 3617 528 Vide

300 554 632 623 ostenderet,
664 552 979 610 Judaaorum
1030 553 1238 613 rabiem
1268 556 1435 614 etiam
1465 555 1524 613 in
1552 571 1647 613 eos
1674 556 1768 629 qui
1798 554 1906 612 sibi

298 655 438 707 tunc
464 642 694 701 comites
726 642 957 705 aderant
985 645 1274 715 excitaret,
1306 645 1622 703 assertionis
1651 662 1763 702 sua:
1791 645 1905 702 vim

297 732 629 810 postposuit,
662 739 716 789 et
743 732 865 789 sine
883 732 1088 791 damno
1106 733 1238 792 ﬁdei
1258 751 1315 791 se
1333 750 1570 809 suosque
1592 736 1606 770 ¹
1629 735 1859 792 comites
1876 751 1908 790 a

299 822 702 899 persecutionis
730 822 1077 885 immanitate
1099 824 1421 882 custodivit.
1449 825 1604 882 Fecit
1622 825 1771 900 quod
1785 825 1907 882 ﬁeri

298 912 427 972 ﬁdei
452 927 642 969 amore
672 911 982 987 prohibuit,
1014 912 1112 969 sed
1137 913 1205 971 ad
1225 912 1355 970 ﬁdei
1378 914 1399 948 ²
1416 914 1637 971 retorsit
1663 913 1908 973 ministe-

297 1003 442 1064 rium
471 1002 623 1078 quod
650 1002 809 1081 quasi
832 1018 945 1059 non
971 1001 1210 1063 ﬁdeliter
1226 1005 1378 1063 fecit.
1410 1005 1739 1079 Plerumque
1758 1005 1907 1063 enim
1946 1016 1949 1018 '

296 1092 478 1151 virtus
517 1107 644 1151 cum
696 1090 996 1150 indiscrete
1042 1100 1261 1150 tenetur
1301 1093 1622 1161 amittitur;
1673 1110 1909 1167 cumque

296 1181 531 1241 discrete
550 1180 966 1249 intermittitur,
1001 1182 1125 1254 plus
1153 1191 1386 1241 tenetur.
1409 1183 1522 1241 Nec
1550 1182 1749 1240 mirum
1782 1183 1828 1239 si
1849 1182 1908 1239 in

296 1269 639 1345 incorporeis
686 1269 1053 1343 intelligimus
1098 1272 1246 1346 quod
1278 1271 1366 1346 agi
1395 1275 1416 1309 ³
1442 1281 1497 1330 et
1544 1272 1603 1329 in
1633 1272 1909 1347 corporeis

296 1359 461 1418 rebus
482 1359 759 1419 videmus.
791 1360 880 1417 Ex
910 1359 1097 1419 studio
1118 1378 1353 1437 namque
1373 1378 1531 1419 arcus
1550 1361 1906 1420 distenditur.

297 1459 357 1509 ut
385 1451 447 1511 in
482 1466 584 1508 suo
614 1455 859 1522 tempore
904 1467 1030 1509 cum
1077 1451 1318 1511 utilitate
1367 1450 1642 1508 tendatur.
1677 1453 1698 1486 ⁴
1728 1450 1835 1523 Qui
1862 1450 1909 1507 si

296 1541 471 1598 otium
496 1538 857 1597 relaxationis
871 1555 986 1596 non
1002 1540 1224 1616 accipit,
1257 1539 1493 1597 feriendi
1508 1540 1773 1599 virtutem
1791 1541 1910 1615 ipso

296 1645 397 1686 usu
427 1628 699 1685 tensionis
725 1626 925 1701 perdit.
959 1628 1051 1686 Sic
1093 1627 1392 1703 aliquando
1430 1629 1489 1685 in
1518 1629 1910 1688 exercitatione

296 1718 495 1787 virtus,
514 1734 642 1774 cum
662 1734 762 1790 per
784 1715 1172 1775 discretionem
1189 1717 1653 1792 praetermittitur,
1668 1734 1908 1776 reserva-

2014 573 2134 631 ergo
2159 575 2223 613 ne
2252 559 2425 614 lumen
2452 558 2593 631 quod
2632 557 2692 615 in
2739 563 2784 613 te
2822 561 2896 613 est
2941 555 3162 613 tenebm
3199 555 3324 613 sint.
3358 557 3417 615 Si
3445 558 3619 617 tum

2013 647 2154 719 quod
2174 646 2230 704 in
2251 653 2295 703 te
2304 654 2380 704 est
2394 647 2612 704 tenebris
2629 652 2774 716 sunt,
2796 647 2923 718 ipsa;
2935 645 3153 702 tenebrae
3176 646 3217 681 ¹¹
3241 652 3451 718 quanta
3464 653 3622 705 erunt

2014 739 2209 809 (Ibid,
2236 737 2335 808 23)
2359 740 2387 795 ἲ
2408 738 2539 812 quia
2569 736 2616 793 si
2646 736 2754 795 hoc
2781 736 2930 811 quod
2958 736 3096 793 bene
3134 752 3235 793 nos
3262 752 3419 808 agere
3447 735 3616 795 credi-

2016 845 2161 898 mus,
2190 845 2262 885 ex
2290 828 2431 885 mala
2453 828 2762 889 intentione
2779 829 3079 897 fuscamus,
3099 834 3303 901 quanta
3330 826 3449 899 ipsa
3475 825 3620 897 mala

2016 927 2146 976 sunt
2174 936 2295 993 quae
2331 918 2473 974 mala
2501 935 2617 976 esse
2648 919 2814 976 etiam
2844 936 2970 977 cum
2999 916 3217 990 agimus
3248 932 3360 973 non
3390 916 3620 990 ignora-

2019 1025 2143 1066 mus
2171 1008 2199 1065 ?
2228 1009 2301 1065 Et
2327 1009 2373 1064 si
2405 1006 2484 1064 ibi
2513 1008 2595 1065 nil
2624 1008 2925 1077 cernimus,
2953 1007 3049 1064 ubi
3083 1005 3239 1081 quasi
3269 1002 3620 1065 discretionis

2018 1099 2207 1155 lumen
2232 1105 2505 1168 tenemus,
2528 1114 2636 1171 qua
2665 1097 2911 1155 caecitate
2926 1096 2986 1154 in
3015 1095 3113 1155 illa
3141 1094 3473 1153 oﬂ‘endimus
3500 1107 3621 1167 qua!

2017 1185 2137 1243 sine
2164 1185 2498 1247 discretione
2539 1194 2919 1260 perpetramus
2936 1187 2965 1243 ‘t
2998 1185 3265 1261 Vigilanti
3296 1183 3464 1258 igitur
3491 1196 3623 1243 cura

2021 1293 2114 1348 per
2141 1282 2340 1333 cuncta
2364 1292 2532 1348 opera
2557 1274 2795 1332 intentio
2824 1275 2986 1335 nobis
3006 1284 3195 1335 nostra
3214 1272 3493 1347 pensanda
3517 1277 3617 1337 est,

2018 1376 2081 1424 ut
2099 1367 2181 1423 nil
2198 1365 2496 1439 temporale
2511 1364 2568 1425 in
2590 1362 2677 1420 his
2692 1380 2812 1436 quae
2828 1363 3189 1437 agitappetat,
3208 1371 3283 1432 at,
3297 1371 3467 1419 totam
3487 1378 3543 1418 se
3564 1360 3621 1416 in

2018 1456 2295 1513 soliditate
2325 1454 2646 1513 aeternitatis
2673 1452 2821 1526 ﬁgat,
2844 1470 2912 1510 ne
2943 1452 2988 1510 si
3018 1460 3174 1513 extra
3198 1452 3621 1509 fundamentum

2019 1545 2255 1603 actionis
2284 1551 2481 1601 nostrae
2503 1542 2710 1600 fabrica
2727 1542 2972 1615 ponitur,
3006 1549 3152 1599 terra
3178 1540 3491 1599 dehiscente
3518 1540 3623 1597 sol-

2017 1644 2201 1692 vatur.
2234 1632 2387 1692 Unde
2416 1631 2510 1689 hic
2542 1648 2759 1707 quoque
2788 1638 2911 1705 apte
2942 1630 3300 1705 subjungitur
3332 1649 3344 1686 :

297 1818 406 1877 tur,
428 1816 502 1911 .ut
533 1815 684 1912 tanto
713 1815 837 1911 post
854 1807 991 1914 viti‘a
1012 1809 1258 1865 valenter
1275 1808 1457 1914 feriat,
1726 1826 1757 1913 a
1785 1825 1905 1911 per-
1933 1834 1981 1899 Β
2082 1843 2254 1901 Vsus.
2287 1843 2341 1898 6⁹
2374 1871 2445 1884 __
2473 1840 2584 1914 sup
2586 1794 2845 1914 8:11;)“;
2847 1794 3150 1899 “£4”;in
3177 1840 3419 1899 solida“
3444 1844 3568 1895 sum
3598 1834 3624 1888 τ

291 1901 553 1960 cussione
583 1899 799 1958 interim
831 1901 1130 1975 prudenter
1161 1909 1354 1961 cessat.
1406 1903 1429 1938 ⁵
1473 1901 1706 1959 Subtilis
1735 1901 1904 1975 igitur

292 1988 648 2048 discretionis
664 2006 826 2063 super
839 1989 985 2049 hanc
1000 1998 1203 2047 terram
1218 1991 1367 2048 linea
1384 1992 1656 2063 tenditur,
1679 1992 1903 2067 quando

295 2079 529 2149 ostensis
574 2077 875 2155 unicuique
914 2078 1113 2137 animai
1159 2081 1428 2155 exemplis
1474 2081 1901 2156 praecedentium

294 2176 532 2243 patrum,
554 2178 608 2225 et
634 2168 852 2226 utiliter
868 2169 937 2227 ad
960 2170 1335 2244 operationem
1362 2171 1543 2229 virtus
1562 2171 1901 2240 accenditur,

295 2266 348 2317 et
376 2274 776 2337 nonnunquam
806 2258 1005 2317 utilius
1042 2267 1399 2334 temperatur.

365 2376 505 2452 [Vet.
535 2379 730 2455 ΧΙΙΙ.]
761 2379 851 2438 30.
888 2381 1190 2439 Cavendum
1216 2399 1280 2439 ue
1308 2381 1641 2439 discretionis
1672 2381 1902 2451 nomine,

288 2470 530 2543 propriis
546 2470 835 2528 commodis
848 2471 1208 2528 seroiatur.—
1222 2473 1328 2530 Sed
1340 2489 1470 2529 cum
1484 2487 1777 2545 parumper
1797 2474 1820 2509 ⁸
1839 2470 1907 2529 ab

288 2575 462 2633 opere
489 2560 593 2617 zeli
639 2559 912 2617 fortitudo
959 2562 1266 2632 seponitur,
1313 2561 1426 2619 alta
1467 2560 1908 2619 consideratione

286 2665 444 2723 opus
487 2656 593 2718 est,
647 2665 718 2706 ne
759 2649 988 2707 fortasse
1030 2665 1374 2724 nequaquam
1419 2652 1734 2711 communis
1773 2651 1904 2714 boui

289 2738 562 2807 consilio,
585 2739 681 2796 sed
702 2739 902 2802 timore
924 2741 1149 2814 proprio
1167 2741 1254 2797 vel
1276 2741 1572 2814 cujuslibet
1589 2742 1907 2799 ambitionis

297 2827 493 2886 studio
521 2844 554 2883 a
581 2826 809 2887 virtutis
835 2830 1234 2888 exercitatione
1264 2839 1525 2890 cessetur.
1557 2832 1715 2901 Quod
1743 2833 1906 2890 nimi-

300 2935 426 2976 rum
458 2934 585 2975 cum
616 2918 818 2991 agitur,
861 2918 977 2991 jam
1018 2936 1130 2976 non
1157 2920 1578 2994 dispensationi,
1606 2925 1704 2982 sed
1731 2927 1905 2999 culpae

208 3072 225 3090 ο
301 3008 561 3066 servitur.
595 3008 752 3065 Unde
780 3009 1086 3067 curandum
1130 3010 1368 3069 sollicite
1410 3020 1495 3070 est
1532 3021 1596 3069 ut
1625 3031 1750 3072 cum
1782 3016 1906 3089 quis

297 3106 615 3171 susceptum
646 3098 929 3169 negotium
957 3116 1085 3157 cum
1113 3099 1342 3158 virtutis
1368 3101 1670 3160 cessatione
1689 3104 1904 3178 dispen-

2092 1934 2180 1990 31.
2213 1934 2378 1990 Bases
2407 1931 2601 1988 aitimw
2623 1935 2746 1987 sunt
2775 1928 3106 1987 intentiones.
3136 1959 3207 1972 -—
3230 1928 3396 1986 Bases
3423 1929 3625 2003 quippe

2013 2020 2458 2095 uniuscujusque
2473 2026 2605 2077 sunt
2619 2018 2818 2076 animae.
2833 2019 3170 2077 intentiones
3182 2034 3316 2079 sum.
3330 2018 3469 2076 Nam
3482 2016 3626 2075 sicut

2013 2113 2224 2171 fabrica
2243 2112 2540 2181 columnis,
2558 2111 2829 2169 columnas
2846 2119 3031 2168 autem
3049 2109 3275 2169 basibus
3283 2108 3623 2173 innituntur,

2013 2204 2093 2261 ita
2128 2203 2246 2260 vita
2270 2210 2461 2260 nostra
2489 2201 2549 2259 in
2578 2201 2903 2271 virtutibus,
2925 2201 3160 2259 virtutes
3188 2216 3321 2257 vero
3349 2200 3409 2257 in
3426 2199 3626 2257 intima

2015 2292 2333 2351 intentione
2364 2291 2699 2351 subsistunt.
2722 2291 2795 2347 Et
2819 2290 2948 2365 quia
2962 2291 3231 2364 scriptum
3256 2297 3340 2347 est
3365 2306 3377 2345 :
3408 2289 3622 2346 Funda-

2014 2390 2246 2441 mentum
2272 2383 2430 2441 aliud
2456 2399 2605 2439 acino
2630 2387 2803 2454 potest
2831 2398 3052 2454 ponere,
3072 2387 3272 2454 praeter
3292 2380 3350 2437 id
3366 2380 3509 2453 quod
3530 2397 3625 2452 po-

2013 2475 2176 2531 situm
2199 2480 2294 2543 est,
2306 2473 2448 2545 quod
2474 2477 2552 2528 est
2582 2472 2825 2531 Christus
2852 2472 3004 2531 Iesus
3028 2471 3095 2542 (Ι
3124 2469 3463 2543 Cor.m,li),
3491 2477 3625 2527 tunc

2014 2562 2171 2621 bases
2199 2562 2256 2618 in
2285 2560 2649 2620 fundamento
2691 2568 2840 2631 sunt,
2889 2576 3015 2618 cum
3046 2559 3385 2621 intentiones
3422 2566 3622 2621 nostra:

2016 2653 2075 2710 in
2103 2652 2327 2713 Christo
2374 2652 2724 2711 roborantur.
2757 2652 3037 2709 Incassum
3070 2666 3200 2707 vero
3236 2649 3346 2707 alta
3375 2665 3538 2721 super
3565 2664 3623 2704 se

2013 2743 2171 2801 bases
2197 2741 2433 2801 aedilicia
2461 2742 2700 2815 erigunt,
2734 2742 2782 2801 si
2814 2758 2925 2800 non
2954 2740 3087 2814 ipsa
3120 2739 3167 2775 ¹²
3197 2739 3256 2799 in
3274 2736 3622 2797 fundamenti

2015 2833 2297 2891 soliditate
2310 2834 2643 2901 consistunt,
2664 2831 3069 2905 quianimirum
3090 2828 3396 2902 quamlibet
3407 2845 3623 2889 summa

2020 2939 2184 2995 opera
2213 2922 2451 2980 inaniter
2477 2921 2709 2989 faciunt,
2737 2921 2784 2977 si
2813 2920 3156 2977 intentiones
3185 2918 3438 2976 cordium
3464 2923 3622 2975 extra

2016 3012 2347 3069 aeternitatis
2373 3010 2765 3069 certitudinem
2794 3009 3189 3078 deﬂectuntur,
3231 3015 3288 3066 et
3322 3010 3453 3066 vitm
3477 3025 3621 3066 vera:

2016 3101 2243 3174 praemia
2259 3116 2370 3158 non
2384 3099 2696 3174 requirunt,
2714 3106 2979 3172 tantoque
2998 3097 3248 3173 graviora
3267 3098 3442 3155 ruinae
3458 3113 3621 3172 super

298 3197 400 3257 sat,
428 3186 786 3260 semetipsum
826 3187 982 3261 prius
1027 3188 1088 3246 in
1133 3189 1317 3248 radice
1362 3192 1546 3248 cordis
1578 3196 1598 3229 "
1629 3193 1905 3267 inspiciat,
1942 3203 1989 3264 ο
2014 3208 2071 3251 se
2101 3191 2301 3248 damna
2355 3188 2650 3258 aediﬁcant,
2709 3198 2916 3263 quanto
2959 3188 3155 3246 altiora
3186 3187 3425 3247 adiﬁcia
3464 3195 3621 3247 extra

297 3277 321 3313 ⁸
351 3293 421 3333 ne
448 3276 555 3334 sibi
586 3292 683 3348 per
709 3276 817 3335 hoc
835 3277 1052 3352 aliquid
1070 3294 1269 3336 avarus
1289 3290 1525 3354 appetat,
1546 3283 1655 3341 sibi
1682 3301 1779 3358 per
1798 3286 1905 3344 hoc

294 3365 400 3422 soli
428 3365 661 3423 timidus
685 3373 872 3438 parcat
901 3384 915 3435 ;
952 3375 1008 3425 et
1027 3368 1204 3426 eoﬂat
1222 3385 1454 3442 pravum
1476 3372 1624 3445 quod
1652 3373 1711 3430 in
1741 3391 1903 3447 opere

293 3453 569 3527 sequitur,
600 3470 710 3527 quo
754 3472 865 3513 non
908 3472 979 3513 ex
1025 3465 1173 3514 recta
1217 3459 1569 3531 cogitationis
1596 3462 1904 3522 intentione

291 3556 606 3621 generatur.
640 3547 796 3605 Unde
842 3549 984 3606 bene
1027 3550 1087 3606 in
1134 3548 1438 3624 Evangelia
1468 3551 1686 3609 Veritas
1716 3552 1855 3610 dicit
1886 3572 1897 3609 :

288 3638 541 3694 Lucerna
567 3638 808 3709 corporis
839 3638 917 3694 tui
944 3645 1020 3694 est
1046 3640 1232 3695 oculus
1268 3644 1405 3695 tuus.
1453 3640 1514 3697 Si
1558 3642 1742 3698 oculus
1784 3648 1904 3697 tuus

284 3726 527 3797 simplex
556 3724 738 3795 fuerit,
782 3733 948 3784 totum
984 3743 1177 3800 corpus
1218 3734 1367 3783 tuum
1415 3728 1648 3785 lucidum
1691 3731 1811 3787 erit.
1845 3731 1903 3788 Si

283 3820 475 3873 autem
499 3817 678 3872 oculus
706 3822 828 3873 tuus
852 3833 1082 3889 nequam
1115 3816 1301 3888 fuerit.
1337 3822 1500 3872 totum
1527 3833 1720 3889 corpus
1757 3825 1904 3875 tuum

287 3905 620 3963 tenebrosum
636 3907 740 3963 erit
751 3906 978 3977 (Matth.
996 3923 1076 3976 vr,
1098 3906 1217 3977 22).
1232 3906 1378 3975 Quid
1392 3906 1540 3963 enim
1563 3923 1661 3980 per
1678 3908 1901 3966 oculum

286 3994 645 4068 exprimitur,
677 3994 791 4053 nisi
817 4011 956 4069 opus
974 4012 1136 4053 suum
1161 3993 1503 4068 praeveniens
1521 3996 1705 4054 cordis
1724 3997 1901 4054 inten-

287 4084 372 4141 tio
400 4085 430 4141 7
459 4100 584 4158 qua
604 4084 927 4159 priusquam
947 4100 1006 4143 se
1024 4084 1085 4141 in
1103 4084 1321 4143 actione
1348 4091 1619 4155 exerceat,
1647 4084 1754 4144 hoc
1784 4085 1899 4159 jam

287 4174 442 4248 quod
471 4175 683 4248 appetit
700 4175 1126 4249 contemplatur.
1150 4177 1223 4232 Et
1236 4176 1371 4250 quid
1391 4176 1754 4250 appellatione
1768 4193 1901 4235 cor-

290 4264 443 4336 poris
470 4264 813 4338 designatur,
844 4265 951 4322 nisi
982 4280 1323 4339 unaqumque
1363 4265 1527 4335 actio,
1556 4282 1677 4340 qum
1707 4266 1900 4323 inten-

288 4352 501 4411 tionem
535 4369 692 4410 suam
748 4353 904 4428 quasi
960 4353 1266 4411 intuentem
1320 4354 1543 4412 oculum
1594 4354 1844 4428 sequitur
1871 4354 1900 4411 (ἱ

287 4442 536 4500 Lucerna
565 4444 754 4518 itaque
776 4444 1019 4516 corporis
1037 4449 1114 4500 est
1137 4444 1344 4509 oculus,
1372 4443 1502 4516 quia
1520 4457 1616 4514 per
1637 4442 1797 4501 bona;
1818 4444 1898 4500 in-

287 4535 731 4634 tentionis_908
760 4540 977 4634 radium
1021 4539 1217 4634 merita
1264 4538 1616 4597 illustrantur
1642 4539 1893 4634 actionis.
1924 4573 1976 4634 Β

284 4628 364 4684 Et
389 4627 438 4683 si
463 4630 648 4686 oculus
667 4635 787 4688 tuus
806 4629 1031 4702 simplex
1044 4627 1231 4699 fuerit,
1253 4633 1417 4684 totum
1434 4644 1624 4701 corpus
1650 4634 1797 4684 tuum
1821 4630 1898 4685 lu-

283 4717 468 4776 cidum
485 4718 604 4788 erit,
623 4719 754 4794 quia
771 4719 819 4777 si
839 4726 989 4777 recte
1011 4717 1354 4775 intendimus
1372 4732 1469 4791 per
1487 4714 1895 4790 simplicitatem

283 4808 663 4881 cogitationis,
690 4809 901 4867 bonum
916 4825 1055 4882 opus
1074 4806 1332 4877 edicitur,
1355 4805 1521 4865 etiam
1541 4806 1588 4863 si
1604 4804 1790 4863 minus
1802 4804 1896 4862 bo-

287 4913 423 4956 num
454 4913 573 4956 esse
605 4897 877 4956 videatur.
910 4898 986 4956 Et
1011 4897 1060 4954 si
1090 4897 1273 4953 oculus
1316 4902 1434 4953 tuus
1458 4912 1687 4968 nequam
1707 4894 1895 4967 fuerit,

289 4992 457 5043 totum
484 5005 675 5063 corpus
690 4995 841 5053 tuum
859 4986 1182 5044 tenebrosum
1209 4986 1332 5053 erit,
1351 4985 1484 5061 quia
1499 5002 1626 5043 cum
1647 5000 1900 5059 perversa

286 5064 604 5136 intentione
629 5077 765 5154 quid
794 5077 883 5134 vel
911 5084 1123 5135 rectum
1152 5075 1352 5149 agitur,
1382 5075 1487 5134 etsi
1504 5074 1790 5149 splendere
1810 5091 1898 5131 co-

287 5181 409 5222 ram
425 5166 751 5225 hominibus
764 5166 1033 5236 cernitur,
1049 5165 1197 5238 apud
1212 5179 1447 5222 examen
1462 5172 1646 5221 tamen
1657 5165 1678 5200 ⁹
1696 5159 1901 5221 interni

366 5417 381 5451 ι
414 5416 580 5473 Deest
604 5414 811 5472 comites
839 5413 898 5471 in
926 5411 1125 5481 Laud.,
1156 5408 1323 5469 Corb.
1356 5408 1565 5479 Germ.,
1610 5407 1808 5467 Pratel.
1839 5417 1895 5467 et

346 5530 360 5543 .
480 5503 509 5542 r
574 5530 587 5542 .

284 5487 337 5545 al
358 5487 692 5626 ’Iigtilciun.,
722 5556 972 5614 recurrit.

360 5631 383 5665 ³
406 5629 608 5698 Laud.,
638 5634 687 5686 et
713 5629 772 5711 iu
788 5626 1097 5712 corporibus
1126 5626 1376 5683 videinus.

360 5702 385 5737 ‘
419 5701 651 5758 Pratel..
680 5717 807 5758 auia
836 5717 884 5755 st
917 5706 1131 5755 otium;
1216 5720 1227 5733 ο

360 5717 385 5737 ν
420 5717 651 5769 Pratel.,
680 5717 807 5772 quia
836 5717 884 5755 ει
917 5717 1131 5755 οιιπιτη.⁸
1216 5720 1227 5733 ο

357 5775 382 5809 ⁸
414 5772 573 5830 Editi
601 5779 831 5839 recent.,
862 5771 1045 5828 subtili
1070 5786 1192 5842 ergo
1211 5768 1538 5826 discretione.

360 5845 386 5881 ⁸
418 5843 684 5911 Vindoc.,
713 5843 938 5913 Pratel.,
963 5848 1095 5912 etc.,
1123 5841 1189 5899 ab
1217 5858 1307 5899 ore
1336 5842 1455 5898 zeli.

2012 3283 2433 3341 fundamentum
2467 3288 2709 3355 portant,
2741 3281 2872 3355 quia
2906 3297 3033 3338 cum
3063 3289 3282 3339 aeternae
3310 3280 3441 3338 vitm
3468 3296 3619 3353 prai-

2012 3375 2141 3432 miis
2168 3391 2279 3432 non
2308 3372 2627 3443 intendunt,
2659 3390 2769 3447 quo
2797 3372 2923 3446 plus
2951 3389 3008 3430 se
3035 3372 3195 3447 quasi
3222 3370 3283 3430 in
3312 3370 3619 3429 virtutibus

2011 3464 2248 3538 erigunt,
2280 3481 2346 3521 eo
2375 3462 2436 3519 in
2477 3463 2665 3536 gloriae
2693 3462 2875 3521 inanis
2913 3462 3131 3521 foveam
3160 3460 3490 3536 profundius
3517 3475 3618 3517 ca-

2011 3552 2173 3609 dunt.
2188 3553 2310 3609 Non
2324 3568 2452 3624 ergo
2463 3551 2803 3625 pensandum
2815 3559 2897 3609 est
2910 3551 3068 3609 bases
3077 3550 3213 3625 quid
3225 3547 3618 3617 sustinent,sed

2011 3640 2110 3698 ubi
2125 3641 2492 3710 sustinentur,
2508 3640 2639 3714 quia
2653 3640 2899 3712 profecto
2912 3639 3156 3697 humana
3168 3639 3333 3696 corda
3346 3636 3617 3695 divinitus

2012 3738 2447 3802 perscrutantur,
2476 3746 2589 3786 non
2618 3729 2799 3786 solum
2835 3744 2957 3801 quae
2996 3728 3228 3794 faciunt,
3258 3726 3355 3782 sed
3380 3725 3529 3798 quod
3559 3726 3615 3781 in

2012 3817 2271 3891 operibus
2318 3824 2592 3890 quaerunt.
2641 3815 2797 3872 Unde
2838 3831 2966 3873 cum
3013 3813 3327 3871 districtum
3369 3811 3613 3885 judicem

2009 3908 2212 3966 Paulus
2239 3906 2592 3974 describeret,
2640 3914 2803 3979 atque
2844 3904 3124 3962 actionum
3170 3901 3316 3959 bona
3345 3909 3610 3971 narraret,

2010 3998 2198 4056 dicens
2229 4015 2240 4053 :
2279 3997 2381 4066 Qui
2417 3996 2598 4053 reddet
2642 3994 2925 4066 unicuique
2968 3992 3254 4052 secundum
3288 4008 3450 4065 opera
3476 3991 3612 4062 ejus,

2009 4089 2089 4146 his
2115 4088 2348 4160 quidem,
2377 4086 2662 4145 secundum
2682 4085 2999 4159 patientiam
3025 4082 3147 4142 boui
3172 4083 3367 4156 operis,
3385 4082 3615 4155 gloriam

2008 4185 2056 4235 et
2082 4177 2472 4250 corruptionem
2496 4176 2681 4248 (Rom.
2713 4193 2778 4242 II,
2798 4176 2853 4244 6,
2878 4175 2975 4247 7);
3008 4174 3158 4248 quia,
3179 4172 3465 4231 nominata
3480 4171 3613 4230 boni

2008 4267 2188 4341 operis
2216 4267 2483 4340 patientia
2511 4266 2667 4341 quasi
2688 4273 2859 4323 totam
2881 4265 3068 4323 electas
3093 4261 3329 4328 actionis
3348 4262 3612 4329 fabricam

2006 4358 2244 4427 dixerat,
2273 4356 2554 4414 subtiliter
2583 4357 2734 4413 illico
2760 4354 2861 4412 ubi
2907 4352 3063 4412 bases
3108 4352 3354 4424 ejusdem
3388 4352 3612 4411 fabrica:

2006 4447 2369 4505 consisterent
2387 4446 2711 4521 exquisivit,
2744 4446 2933 4504 dicens
2966 4464 2978 4502 :
3017 4445 3260 4504 Gloriam
3288 4451 3337 4503 et
3363 4446 3613 4502 honorem

2005 4544 2054 4595 et
2063 4538 2509 4610 incomtptionem
2523 4535 2889 4606 qiimrentibus,
2903 4536 3069 4599 vitam
3078 4534 3608 4607 reternam(1bid.,7).

2007 4630 2089 4687 Ac
2113 4627 2163 4687 si
2187 4635 2373 4701 aperte
2401 4627 2611 4687 diceret
2646 4644 2658 4683 :
2691 4628 2764 4685 Et
2796 4626 2844 4685 si
2873 4625 3099 4701 quidam
3128 4625 3450 4700 patientiam
3478 4624 3606 4691 boni

2004 4715 2184 4790 operis
2202 4715 2519 4786 ostendunt,
2537 4714 2765 4789 gloriam
2787 4723 2845 4774 et
2860 4715 3330 4790 incorruptionem
3347 4728 3459 4770 non
3474 4711 3609 4768 reci-

2004 4805 2186 4881 piunt,
2216 4806 2265 4864 si
2294 4806 2634 4864 intentiones
2658 4806 2865 4876 cordis,
2896 4805 2956 4864 id
2983 4813 3066 4863 est
3094 4804 3248 4862 bases
3276 4800 3520 4868 fabrica,
3550 4798 3609 4855 in

2006 4893 2366 4953 fundamento
2392 4912 2508 4954 non
2535 4895 2739 4970 ﬁgunt,
2769 4896 2900 4971 quia
2919 4892 3180 4951 videlicet
3205 4892 3351 4948 Deus
3380 4887 3468 4943 vel
3497 4886 3609 4943 ho-

2006 4992 2173 5043 nestae
2203 4986 2332 5044 vitae
2374 4985 2673 5044 aediﬁcium
2721 5002 2833 5043 non
2875 4983 3149 5041 inhabitat
3189 4978 3336 5053 quod
3368 4982 3525 5034 extra
3550 4993 3608 5034 se

2010 5075 2246 5148 positum
2280 5092 2392 5131 non
2431 5075 2545 5149 ipse
2573 5082 2860 5134 sustentat.

2079 5164 2168 5225 32.
2199 5164 2289 5223 Ad
2321 5181 2463 5237 spem
2509 5165 2818 5222 wternitatis
2863 5169 2987 5220 sunt
3361 5184 3433 5202 -
3454 5154 3610 5228 ’Quia

2075 5417 2095 5451 ⁷
2129 5413 2325 5488 Laud.,
2360 5414 2610 5488 inﬁgat.__
3138 5486 3146 5488 _
3461 5479 3477 5488 _

2078 5487 2099 5522 ⁸
2126 5477 2382 5559 Longip.,
2412 5477 2478 5542 5.5
2709 5498 2909 5539 avarus
2936 5486 3168 5556 appetat,
3193 5497 3294 5555 per
3335 5479 3479 5554 quod
3503 5477 3609 5535 sibi

2004 5559 2106 5616 soli
2125 5558 2338 5614 timidus
2356 5562 2561 5616 parcat.

2076 5631 2276 5709 auus
2304 5625 2993 5709 ῌδτοίεξ-ρωεςςηυαοιεοίε.
3150 5696 3167 5709 .
3232 5696 3243 5707 .

2080 5702 2126 5737 ¹⁰
2157 5702 2284 5758 Haec
2310 5700 2510 5757 desunt
2533 5696 2590 5754 in
2612 5696 2873 5767 VindOc.,
2900 5712 3074 5771 usque
3102 5696 3171 5753 ad
3195 5696 3243 5752 si
3267 5696 3462 5752 lumen.

2084 5775 2127 5808 “
2158 5772 2357 5841 Laud.,
2377 5777 2589 5843 quanta:
2606 5777 2747 5826 sunt.

2084 5845 2129 5879 ¹²
2158 5841 2403 5913 necent,
2436 5843 2493 5898 in
2518 5842 2861 5915 fundamento
2881 5841 3140 5899 solidata.
