4152 6182
585 323 688 379 467

1797 333 2046 388 SANCTI
2082 335 2416 392 GREGORII
2455 337 2680 394 MAGNI

3793 348 3893 409 468

586 448 753 518 igitur
777 446 1110 505 intentiones
1139 450 1324 506 electa:
1355 452 1790 526 uniuscujusque
1811 455 2042 512 animae‘
2068 459 2182 528 spei
2211 461 2260 520 Α
2295 470 2577 517 vocantur.
2613 464 2767 531 Quod
2799 466 2844 522 si
2877 467 2952 522 ita
2971 476 3070 536 est,
3103 467 3239 525 dum‘
3258 477 3400 525 terra
3428 479 3576 528 esset
3596 465 3893 534 invisibilis

582 547 904 604 aeternitatis
925 548 1265 617 innituntur,
1283 556 1428 608 recte
1459 565 1592 607 voce
1624 547 1768 606 909
1797 553 2088 610 Dominica
2121 554 2189 610 de

584 633 688 692 hac
719 644 860 693 terra
885 637 1090 694 dicitur
1124 655 1134 692 :
1171 638 1193 672 ²
1221 638 1393 709 Super
1438 657 1540 709 quo
1584 639 1728 695 bases
1765 642 1910 697 illius
1949 643 2190 698 solidatae

581 731 710 780 sunt
735 727 763 781 ἵ
787 725 868 782 Ac
887 727 931 781 si
961 735 1145 799 aperte
1174 727 1400 795 diceret,
1434 728 1550 784 Nisi
1583 745 1747 801 super
1777 747 1882 787 me.
1917 731 2022 789 Cui
2052 732 2184 787 dum

573 811 726 885 justa
753 830 982 887 quasque
1011 815 1195 870 anima
1215 815 1476 884 intendit,
1510 833 1672 873 omne
1694 819 1842 891 quod
1872 821 2185 891 temporali~

580 907 665 956 ter
691 902 844 971 facit,
878 903 934 958 in
959 919 1045 958 me
1073 906 1264 976 procul
1293 904 1463 961 dubio
1494 922 1605 962 non
1632 908 2011 979 temporaliter
2041 925 2187 964 con-

579 992 764 1048 struit.
823 992 963 1064 Quia
1005 1008 1138 1048 vero
1203 1001 1337 1050 tunc
1392 995 1674 1052 robustius
1717 996 1774 1051 in
1822 997 2184 1054 fundamento

579 1081 901 1149 solidamur,
933 1097 1058 1137 cum
1093 1081 1262 1138 verba
1298 1083 1397 1138 Dei
1443 1091 1496 1139 et
1538 1085 1594 1139 in
1625 1086 1995 1142 exterioribus
2036 1105 2185 1159 pra:-

577 1170 750 1241 ceptis
779 1169 1080 1242 sequimur,
1113 1178 1167 1226 et
1197 1170 1254 1226 in
1284 1171 1500 1228 intimis
1529 1174 1780 1229 sensibus
1810 1165 2071 1232 subtilius
2103 1177 2184 1232 in-

581 1258 875 1332 telligendo
904 1275 1214 1332 pensamus,
1238 1270 1384 1319 recte
1404 1262 1758 1336 subjungitur
1787 1283 1800 1321 :

1002 1373 1230 1432 CAPUT
1260 1377 1389 1433 xm
1413 1377 1552 1452 [Vet.
1575 1376 1751 1454 XIV].

649 1467 785 1522 Iern.
817 1497 889 1506 —
926 1466 1012 1522 Vel
1039 1466 1158 1537 quis
1179 1468 1380 1523 dimisit
1412 1470 1638 1541 lapidem
1666 1473 1982 1543 angularem
2011 1471 2124 1542 ejus
2154 1473 2181 1528 i’

648 1557 736 1612 33.
784 1557 1027 1612 Christus
1067 1558 1204 1628 lapis
1249 1561 1552 1630 ungula-ris,
1591 1561 1733 1631 quod
1762 1562 1927 1616 vitam
1955 1563 2183 1617 activam

577 1654 624 1703 et
649 1649 1104 1720 contemplativam
1130 1649 1187 1703 in
1216 1667 1267 1704 se
1295 1651 1650 1722 eonjunxerit.
1685 1682 1754 1692 —
1783 1651 1947 1724 Lapis
1977 1652 2182 1725 quippe

576 1738 853 1810 angularis
898 1745 980 1793 est
1023 1738 1091 1793 ad
1137 1755 1290 1795 sacra
1334 1741 1552 1813 eloquia
1599 1740 1914 1798 intellectus
1952 1743 2175 1815 duplex.

2297 559 2351 606 et
2375 551 2756 626 incomposita,
2790 555 2919 612 dum
2954 558 3193 615 tenebrae
3224 569 3404 617 essent
3442 577 3606 634 super
3635 563 3889 637 abyssum

2295 641 2508 707 (Genes.
2560 661 2598 710 ι,
2647 645 2727 716 2),
2778 653 3073 704 venturum
3109 647 3253 704 diem
3295 650 3679 723 subsequentis
3710 659 3891 714 saeculi

2296 746 2390 801 per
2415 732 2594 788 lucem
2623 735 2903 806 sapientiae
2923 737 3210 795 existendo
3238 751 3641 812 praevenerunt.
3666 747 3776 804 Nec
3805 765 3894 805 ne-

2296 819 2559 892 gligenter
2588 823 2924 881 audiendum
2954 836 3036 883 est
3065 829 3212 901 quod
3258 829 3499 900 additur,
3533 833 3724 902 Simul,
3767 837 3894 909 quia

2294 910 2558 967 nimirum
2598 921 2743 969 astra
2783 917 3052 972 matutina
3080 917 3243 974 etiam
3273 936 3400 975 cum
3431 924 3759 994 vespertinis
3781 927 3895 982 Re-

2293 996 2592 1070 demptoris
2609 1005 2907 1073 potentiam
2932 1005 3175 1075 laudant,
3196 1007 3328 1063 dum
3349 1007 3506 1065 electi
3525 1013 3703 1083 angeli
3727 1013 3892 1070 etiam

2294 1105 2417 1145 cum
2449 1093 2746 1166 redemptis
2777 1097 2834 1152 in
2866 1097 3060 1153 mundi
3090 1098 3198 1154 line
3229 1098 3554 1156 hominibus
3583 1102 3892 1174 largitatem

2295 1181 2479 1250 gratia:
2507 1199 2755 1254 supernae
2800 1187 3126 1258 gloriﬁcant.
3165 1190 3186 1223 ‘
3213 1191 3330 1260 lpse
3360 1189 3561 1262 quippe
3591 1198 3653 1246 ut
3699 1208 3798 1247 nos
3825 1192 3894 1247 ad

2294 1268 2510 1328 laudem
2544 1273 2848 1333 conditoris
2888 1278 3266 1347 accenderent,
3316 1279 3422 1336 hoc
3468 1280 3614 1353 quod
3641 1281 3893 1354 superius

2293 1358 2561 1431 diximus,
2582 1372 2702 1419 orta
2722 1382 2816 1436 per
2835 1383 3052 1423 carnem
3076 1369 3216 1436 luce,
3240 1369 3618 1426 clamaverunt
3654 1389 3664 1426 :
3705 1372 3893 1428 Gloria

2295 1447 2348 1502 in
2378 1452 2594 1506 excelsis
2622 1453 2751 1523 Deo,
2785 1462 2833 1510 et
2860 1456 2916 1510 in
2934 1462 3076 1512 terra
3091 1475 3207 1529 paa:
3223 1459 3516 1514 hominibus
3537 1460 3682 1515 bona:
3707 1463 3895 1516 volun-

2293 1555 2417 1609 tatis
2464 1556 2615 1626 (Luc.
2661 1574 2723 1625 ιι,
2774 1558 2886 1630 lli).
2923 1560 3096 1616 Simul
3141 1577 3267 1631 ergo
3299 1555 3443 1613 910
3476 1561 3714 1628 laudant,
3761 1562 3898 1634 quia

2291 1643 2659 1716 redemptioni
2691 1657 2889 1704 nostrae
2930 1667 3088 1706 voces
3119 1666 3229 1705 suae
3258 1649 3613 1706 exultationis
3656 1666 3892 1706 accom-

2291 1734 2534 1791 modant.
2567 1737 2745 1792 Simul
2777 1739 3003 1796 laudant
3028 1758 3040 1806 ;
3094 1741 3224 1813 quia
3252 1739 3382 1796 dum
3412 1759 3509 1798 nos
3537 1741 3898 1812 conspiciunt

577 1827 685 1893 Qui
704 1835 836 1884 tunc
854 1827 1126 1884 divinitus
1147 1828 1470 1897 dimittitur,
1494 1829 1712 1902 quando
1732 1847 2072 1904 nequaquam
2097 1834 2176 1889 di-
2205 1817 2252 1878 B
2287 1826 2477 1898 recipi,
2505 1842 2667 1880 suum
2693 1843 2986 1884 numerum
3018 1830 3256 1902 gaudent
3281 1831 3497 1903 repleri-
3532 1831 3638 1898 Qui
3677 1840 3733 1886 ει
3766 1830 3900 1886 ἴοι·-

577 1917 768 1973 stricto
792 1916 1004 1987 judicio
1027 1917 1348 1989 ignorantia:
1369 1935 1481 1974 suae
1496 1919 1737 1975 tenebris
1765 1919 2012 1992 illigatur
2036 1939 2047 1987 ;
2082 1923 2175 1978 sed

577 2007 811 2079 quadam
841 2007 1120 2084 libertateK
1136 2007 1458 2079 perfruitur,
1505 2007 1637 2064 dum
1669 2009 1724 2064 in
1754 2011 2038 2082 praeceptis
2076 2013 2174 2067 Dei

577 2096 779 2152 sufﬁcit
809 2097 896 2152 vel
926 2096 1275 2170 exsequendo
1304 2097 1578 2154 exteriora
1605 2115 1782 2170 agere,
1808 2100 1894 2154 vel
1918 2109 2176 2156 contem—

576 2185 779 2258 plando
809 2185 1023 2241 interna
1046 2187 1269 2243 sentire.
1303 2187 1390 2266 Ad
1410 2187 1557 2260 quod
1579 2203 1860 2261 nunquam
1884 2197 2069 2245 noster
2097 2191 2177 2245 in-

576 2277 828 2332 tellectus
876 2285 1199 2349 assurgeret,
1253 2277 1298 2331 si
1341 2277 1407 2332 ad
1465 2278 1870 2350 suscipiendam
1924 2288 2173 2336 naturam

576 2376 818 2424 nostram
849 2369 962 2441 ipse
991 2376 1177 2424 noster
1204 2369 1460 2425 conditor
1479 2385 1590 2425 non
1612 2371 1845 2426 veniret.
1880 2371 1986 2438 Qui
2015 2372 2176 2427 aliter

575 2459 852 2528 angularis
883 2459 1020 2530 lapis
1045 2458 1271 2523 dicitur,
1304 2459 1432 2530 quia
1451 2459 1590 2515 duos
1619 2460 1675 2514 in
1707 2477 1764 2516 se
1797 2462 2027 2532 populos
2049 2460 2175 2531 jun-

575 2547 660 2601 xit
691 2564 704 2613 ;
747 2554 907 2619 atque
935 2546 1114 2614 aliter,
1135 2547 1262 2618 quia
1278 2547 1584 2619 conjunctae
1608 2550 1893 2621 utriusque
1920 2551 2068 2618 vitae,
2091 2567 2178 2606 ac-

577 2635 704 2690 tivaa
726 2635 985 2691 videlicet
1003 2642 1058 2689 et
1077 2635 1539 2707 contemplativa,
1559 2637 1617 2692 in
1637 2653 1692 2692 se
1725 2639 1978 2709 exempla
2008 2655 2176 2694 mon-

576 2724 793 2779 stravit.
817 2723 903 2779 Ab
925 2724 1106 2781 activa
1135 2724 1283 2781 enim
1312 2725 1428 2782 vita
1457 2727 1614 2798 longe
1635 2728 2064 2799 contemplativa
2093 2729 2175 2784 di-

575 2820 714 2879 stat;
749 2812 842 2868 sed
873 2813 1187 2870 incarnatus
1216 2815 1549 2888 Redemptor
1563 2823 1751 2872 noster
1767 2817 2016 2886 veniens,
2041 2817 2172 2872 dum

574 2910 864 2977 utramque
882 2903 1159 2981 exhibuit,
1179 2905 1235 2960 in
1257 2922 1312 2962 se
1326 2913 1612 2978 utramque
1628 2906 1878 2963 sociavit.
1899 2907 2034 2962 Nam
2047 2924 2172 2964 cum

576 2992 632 3049 in
655 2992 788 3048 urbe
816 2994 1083 3051 miracula
1099 2993 1321 3062 faceret,
1356 2997 1413 3050 in
1443 3003 1628 3052 monte
1658 3013 1789 3052 vero
1819 2996 2027 3052 orando
2047 3013 2172 3053 con-

574 3083 728 3138 tinue
755 3092 1118 3152 pernoctaret,
1147 3087 1464 3157 exemplum
1495 3087 1608 3141 suis
1637 3085 1895 3142 ﬁdelibus
1920 3086 2170 3159 praebuit,

2287 1923 2425 1970 tasse
2461 1915 2583 1971 ideo
2613 1917 2886 1973 matutina
2914 1926 3059 1974 astra
3078 1929 3476 1989 memorantur,
3510 1921 3639 1994 quia
3664 1936 3807 1991 saepe
3827 1919 3898 1974 ad

2285 2005 2658 2061 exhortandos
2694 2006 2946 2062 homines
2965 2008 3119 2063 missi
3142 2017 3270 2068 sunt
3304 2029 3316 2076 ;
3350 2018 3404 2065 et
3433 2011 3565 2065 dum
3591 2017 3899 2065 venturum

2285 2111 2443 2150 mane
2472 2097 2750 2164 nuntiant,
2781 2102 2850 2151 ad
2879 2095 3137 2153 humanis
3166 2098 3424 2153 cordibus
3447 2098 3731 2168 praesentis
3761 2097 3904 2152 vita:

2285 2185 2534 2241 tenebras
2563 2186 2772 2257 fugant.
2805 2186 2910 2242 Sed
2940 2203 3063 2243 ecce
3097 2188 3272 2260 angeli
3299 2187 3549 2242 divinam
3579 2186 3901 2258 potentiam

2285 2274 2531 2342 laudant,
2563 2277 2693 2348 quia
2716 2277 2832 2348 ipsa
2851 2292 2942 2332 eos
2973 2285 3140 2332 tanta;
3159 2277 3427 2332 claritatis
3450 2277 3471 2310 ⁵
3504 2274 3649 2330 visio
3669 2274 3896 2331 dilatat.

2283 2364 2392 2420 Nos
2407 2373 2587 2421 autem
2610 2366 2704 2438 qui
2725 2366 3076 2434 redimimur,
3099 2366 3193 2422 sed
3214 2375 3398 2422 tamen
3420 2365 3778 2436 corruptione
3803 2366 3900 2422 ad-

2287 2453 2396 2509 lmc
2422 2456 2603 2511 carnis
2624 2472 2933 2527 gravamur,
2953 2455 3164 2512 donum
3184 2455 3332 2528 quod
3356 2453 3710 2527 percipimus,
3739 2457 3760 2490 ⁶
3779 2471 3898 2528 qua

2286 2544 2493 2600 virtute
2509 2545 2795 2601 laudamus
2806 2545 2835 2600 ?
2850 2545 3139 2612 Quomodo
3155 2545 3303 2600 enim
3315 2544 3524 2601 valebit
3541 2545 3723 2617 lingua
3739 2544 3798 2600 di
3809 2562 3896 2602 ce-

2285 2649 2362 2702 re,
2383 2634 2529 2706 quod
2548 2650 2660 2690 non
2686 2635 2888 2691 suﬂicit
2918 2649 3074 2689 mens
3101 2641 3288 2689 nostra
3315 2635 3519 2690 sentire
3535 2634 3562 2689 ‘l'
3589 2635 3892 2707 Sequitur:

2887 2723 3116 2781 CAPUT
3161 2723 3283 2779 XV.

2354 2817 2490 2871 Iam.
2521 2843 2590 2856 --
2621 2816 2696 2870 Et
2713 2815 3013 2884 jubilarent
3037 2830 3211 2868 omnes
3239 2813 3343 2884 ﬁlii
3365 2813 3481 2868 Dei.

2355 2903 2441 2960 35.
2477 2902 2618 2971 Quid
2645 2905 2715 2958 sit
2747 2903 3024 2973 jubilatio,
3054 2910 3102 2958 et
3142 2921 3238 2958 cur
3274 2904 3496 2959 homines
3540 2903 3735 2966 deceat,
3777 2921 3891 2958 non

2282 2995 2511 3065 angelos.
2544 3023 2615 3034 -
2641 2991 2904 3048 Jubilatio
2932 2993 3135 3064 quippe
3155 2993 3360 3050 dicitur
3387 3009 3510 3049 cum
3533 2992 3713 3049 cordis
3741 2994 3888 3049 lasti-
3937 3049 3954 3065 ,

2282 3080 2360 3137 tia
2387 3082 2499 3138 oris
2523 3081 2766 3138 eﬂicacia
2787 3097 2897 3137 non
2923 3083 3208 3153 expletur;
3243 3081 3337 3138 sed
3354 3079 3682 3154 quibusdam
3698 3081 3894 3136 modis

575 3179 638 3226 ut
666 3187 768 3227 nec
814 3173 1298 3243 contemplationis
1333 3173 1518 3228 studio
1560 3175 1942 3245 proximorum
1983 3193 2170 3232 curam
2203 3178 2248 3238 C.
2283 3170 2544 3242 gaudium
2585 3170 2785 3241 prodit,
2817 3169 2966 3241 quod
3009 3171 3125 3242 ipse
3167 3170 3262 3243 qui
3300 3170 3518 3242 gaudet,
3562 3187 3665 3227 nec
3704 3179 3892 3242 tegere

575 3259 872 3330 negligant,
900 3276 1002 3316 nec
1027 3277 1247 3316 rursum
1274 3276 1406 3317 cura
1435 3262 1815 3333 proximorum
1845 3265 2172 3321 immodera-

573 3352 682 3407 tius
710 3351 938 3424 obligati
981 3355 1464 3425 contemplationis
1505 3357 1688 3412 studia
1733 3358 2119 3429 derelinquant
2156 3377 2168 3424 ;

571 3440 665 3496 sed
691 3440 772 3496 sic
801 3441 857 3495 in
897 3440 1183 3515 utriusque
1217 3450 1454 3499 mentem
1494 3446 1781 3518 partiendo
1813 3447 2170 3517 conjungant,

571 3538 841 3601 quatenus
871 3548 972 3589 nec
1009 3549 1251 3589 amorem
1278 3534 1377 3590 Dei
1407 3537 1705 3608 praepediat
1727 3552 1882 3591 amor
1906 3537 2170 3606 proximi,

570 3635 671 3676 nec
685 3637 926 3678 amorem
948 3623 1210 3694 proximi,
1232 3623 1360 3697 quia
1380 3625 1738 3691 transcendit,
1766 3624 1991 3696 abjiciat
2018 3641 2175 3679 amor

569 3709 688 3766 Dei.
726 3710 866 3779 Quia
898 3711 1066 3784 igitur
1087 3711 1330 3769 humano
1350 3713 1503 3770 cordi
1529 3713 1662 3786 quid
1683 3720 1864 3785 ageret
1894 3713 2170 3786 ignoranti

567 3801 667 3856 Dei
693 3809 855 3875 atque
886 3802 1130 3860 hominis
1152 3803 1422 3861 Mediator
1449 3803 1722 3876 apparuit,
1754 3805 1850 3876 qui
1880 3813 1934 3860 et
1966 3804 2177 3877 agendo

565 3890 884 3946 transitoria
928 3891 1266 3964 disponeret,
1313 3900 1367 3948 et
1410 3894 1836 3965 contemplando
1861 3895 2176 3950 ostenderet

567 3977 714 4031 unde
739 3987 938 4034 cuncta
960 3982 1282 4050 penderent,
1333 3989 1477 4036 recte
1517 3984 1726 4038 dicitur
1765 4001 1775 4036 :
1819 3984 1905 4038 Vel
1933 3983 2053 4050 quis
2084 3983 2179 4036 di-

564 4067 713 4119 misit
740 4068 967 4138 lapidem
990 4071 1305 4140 angularem
1329 4069 1442 4138 ejus
1471 4072 1498 4125 ?
1523 4073 1604 4126 Ac
1624 4072 1669 4126 si
1690 4079 1875 4143 aperte
1898 4073 2173 4142 Dominus

566 4153 774 4208 diceret
793 4155 929 4210 :Nisi
945 4156 1165 4227 ego,qui
1186 4153 1412 4210 unicum
1430 4173 1592 4228 quem
1614 4157 1732 4212 sine
1745 4165 1990 4230 tempore
2012 4162 2174 4230 genui

563 4257 680 4298 serv
691 4241 849 4297 audis
858 4237 1180 4298 hominibus
1191 4258 1316 4298 cum
1331 4250 1572 4316 tempore
1583 4244 1882 4315 ostendi,in
1893 4246 2050 4320 cujus
2062 4250 2175 4305 vita

567 4329 867 4386 3discerent
880 4332 1046 4388 etiam
1059 4332 1278 4388 diversa
1293 4331 1520 4390 vivendi
1534 4335 1830 4392 studianon
1841 4336 2168 4410 discrepare.

565 4419 638 4474 Et
652 4419 961 4476 notandum
981 4422 1126 4494 quod
1143 4436 1268 4478 eum
1291 4440 1403 4480 non
1423 4441 1480 4480 se
1495 4425 1761 4494 emisisse,
1784 4426 1878 4483 sed
1898 4426 2172 4484 dimisisse

2285 3259 2562 3330 praevalet,
2594 3274 2695 3314 nec
2722 3258 2960 3328 explere.
3012 3257 3262 3314 Laudent
3314 3260 3498 3331 itaque
3544 3261 3746 3331 angeli,
3791 3264 3890 3333 qui

2278 3347 2390 3419 jam
2431 3355 2594 3402 tantae
2625 3347 2890 3402 claritatis
2919 3349 2937 3382 ⁷
2970 3348 3322 3404 altitudinem
3353 3349 3412 3404 in
3439 3349 3776 3406 sublimibus
3803 3350 3888 3404 vi-

2285 3438 2435 3494 dent.
2462 3437 2708 3494 Jubilent
2733 3452 2863 3493 vero
2892 3436 3165 3505 homines,
3188 3440 3283 3511 qui
3310 3438 3492 3494 adhuc
3519 3439 3577 3494 in
3610 3439 3890 3495 inferiori-

2283 3528 2386 3584 bus
2409 3529 2522 3584 oris
2543 3528 2629 3583 sui
2658 3527 2938 3599 angustias
2972 3527 3269 3584 sustinent.
3301 3529 3433 3596 Quae
3464 3530 3595 3601 quia
3623 3537 3774 3585 certo
3805 3528 3890 3582 fu-

2284 3625 2408 3673 tura
2435 3617 2705 3673 Dominus
2744 3624 2991 3684 noverat,
3037 3633 3150 3672 non
3195 3625 3308 3673 tam
3339 3617 3592 3674 facienda
3618 3618 3884 3683 insinuat,

2285 3723 2450 3781 quam
2481 3705 2621 3762 facta
2647 3712 2852 3762 narrat.
2881 3705 2986 3762 Sed
3011 3705 3144 3778 quid
3165 3706 3398 3779 agimus,
3421 3706 3570 3778 quod
3595 3723 3720 3762 cum
3749 3705 3886 3761 boni

2286 3797 2354 3854 be
2410 3796 2802 3868 redemptionis
2870 3813 2981 3853 suae
3040 3795 3304 3867 mysterio
3367 3795 3606 3868 jubilant
3635 3839 3651 3862 ,
3708 3796 3890 3851 malos

2289 3888 2498 3943 invidia
2519 3887 2822 3942 inﬂammat
2849 3904 2862 3952 ;
2890 3888 3023 3943 dum
3043 3887 3201 3942 electi
3232 3885 3540 3957 proﬁciunt,
3565 3884 3788 3956 reprobi
3814 3884 3889 3940 ad

2287 3977 2493 4033 rabiem
2533 3976 2735 4030 furoris
2767 3975 3100 4042 excitantur,
3151 3983 3205 4030 et
3250 3974 3394 4030 bona
3421 3973 3711 4038 nascentia,
3745 3973 3890 4044 quia

2286 4067 2482 4123 nolunt
2510 4065 2736 4132 imitari,
2765 4073 3167 4137 persequuntur
3197 4065 3224 4121 ‘7
3251 4066 3356 4121 Sed
3385 4073 3567 4121 tamen
3588 4065 3728 4120 inter
3758 4063 3896 4120 haec

2283 4155 2447 4210 etiam
2477 4154 2572 4225 qui
2609 4153 2862 4220 redemit,
2891 4169 3002 4208 non
3052 4153 3332 4226 relinquit.
3371 4153 3648 4225 Scriptum
3679 4154 3893 4226 quippe

2283 4253 2365 4300 est
2402 4262 2412 4298 :
2451 4243 2644 4299 Fidelis
2664 4249 2839 4298 autem
2869 4243 3028 4311 Deus,
3059 4245 3152 4314 qui
3170 4261 3276 4300 non
3300 4245 3539 4316 patietur
3566 4261 3657 4299 vos
3686 4241 3895 4297 tentari

2281 4355 2446 4411 supra
2475 4354 2634 4411 quam
2671 4334 2907 4409 potestis,
2935 4335 3024 4390 sed
3051 4336 3210 4406 faciet
3260 4338 3418 4393 etiam
3444 4352 3563 4390 cum
3598 4334 3895 4390 tentatione

2277 4437 2606 4500 proventum,
2639 4436 2698 4484 ut
2717 4430 2933 4502 possitis
2960 4431 3214 4487 sustinere
3245 4431 3302 4503 (Ι
3321 4431 3444 4487 Cor.
3476 4447 3534 4497 x,
3566 4429 3681 4501 13).
3714 4426 3896 4486 Novit

565 4510 778 4579 asserit,
809 4512 939 4585 quia
959 4515 1202 4584 profecto
1223 4515 1519 4573 humanam
1537 4525 1787 4573 naturam
1805 4519 1980 4576 Filius
1998 4521 2166 4577 susci-
2203 4533 2252 4594 1)
2282 4521 2431 4576 enim
2461 4520 2714 4577 conditor
2742 4529 2946 4589 noster,
2978 4522 3198 4594 quando
3226 4535 3520 4592 exsurgere
3549 4518 3895 4591 persecutio-

565 4601 723 4675 piens
741 4601 810 4657 ad
827 4603 936 4658 ima
957 4603 1025 4660 de
1045 4603 1379 4661 sublimibus
1394 4607 1565 4662 venit.
1585 4608 1756 4680 Cujus
1771 4607 2166 4666 incarnationis

565 4691 893 4763 mysterium
908 4692 1040 4766 quia
1053 4700 1108 4748 et
1122 4694 1279 4750 electi
1297 4695 1474 4766 angeli
1495 4697 1677 4751 mirati
1694 4704 1842 4764 sunt,
1862 4699 1956 4769 qui
1973 4699 2164 4756 eodem

565 4780 831 4853 mysterio
860 4781 1130 4855 redempti
1158 4798 1268 4838 non
1297 4789 1445 4851 sunt,
1480 4792 1624 4839 recte
1654 4783 2009 4856 subjungitur
2043 4805 2054 4842 :

991 4899 1218 4958 CAPUT
1245 4901 1376 4959 xrv
1403 4901 1544 4976 [Rea
1585 4901 1732 4976 VII].

634 4991 806 5049 Vsus.
839 4992 890 5048 7.
927 5020 990 5032 —-
1025 4991 1158 5048 Cum
1183 5009 1263 5047 me
1311 4993 1593 5049 laudarent
1619 4993 1779 5047 simul
1806 4998 1957 5049 astra
1983 5001 2167 5051 matu-

566 5085 722 5206 Μὲἀ.
745 5152 933 5221 Ληρειὶ
943 5159 1097 5208 astra
1109 5152 1372 5208 matutina
1391 5169 1488 5208 cur
1505 5154 1999 5225 appellati—Quia
2017 5156 2165 5212 enim

564 5239 741 5309 prima
759 5240 815 5295 in
843 5248 1088 5314 tempore
1115 5241 1339 5298 condita
1353 5250 1552 5299 natura
1573 5243 1986 5300 rationabilium
2009 5246 2166 5318 spiri-

562 5335 719 5384 tuum
751 5329 1011 5398 creditur,
1040 5346 1152 5386 non
1191 5331 1470 5388 immerito
1511 5333 1781 5390 matutina
1807 5340 1951 5390 astra
1979 5335 2157 5405 angeli

637 5509 652 5542 ¹
685 5507 905 5578 Pratel.,
936 5511 1121 5578 speciei
1149 5512 1476 5567 (eternilatis.

636 5579 658 5613 ³
681 5577 879 5651 Laud.,
919 5577 1078 5651 super
1104 5584 1259 5651 quod.

634 5651 656 5685 ³
683 5648 903 5706 Ebroic.
935 5648 1137 5721 aliique
1157 5654 1342 5709 Norm.
1371 5661 1424 5709 et
1451 5655 1646 5721 Laud.,
1673 5655 2043 5711 discernerent.

633 5723 654 5756 ‘
684 5721 881 5778 Pratel.
915 5728 968 5776 et
998 5720 1163 5788 Utic.,
1187 5723 1301 5794 ipsa
1331 5725 1538 5793 quippe,
1571 5720 1782 5782 scilicet
1810 5735 1954 5781 astra
1974 5734 2153 5782 matu-

559 5793 698 5849 tina.

2276 4611 2363 4667 nis
2391 4611 2684 4684 procellam
2718 4611 2881 4679 sinat,
2914 4611 3132 4684 quando
3175 4618 3560 4683 exsurgentem
3592 4609 3895 4681 reprimat.

2274 4700 2442 4757 Novit
2461 4717 2559 4773 pro
2579 4701 2829 4757 custodia
2847 4708 3034 4757 nostra
3051 4701 3377 4773 restringere
3399 4699 3546 4774 quod
3565 4707 3768 4756 contra
3789 4714 3898 4754 nos

2275 4789 2457 4862 egredi
2481 4807 2580 4862 pro
2610 4797 2798 4846 nostra
2817 4791 3212 4848 exercitatione
3227 4791 3520 4863 permittit,
3551 4799 3614 4846 ut
3642 4789 3898 4846 saeviens

2274 4901 2375 4941 nos
2393 4885 2572 4942 diluat
2592 4887 2849 4957 procella,
2872 4896 2926 4943 et
2946 4904 3055 4944 non
3081 4895 3307 4959 mergat.
3338 4886 3491 4943 Unde
3512 4895 3567 4943 et
3584 4887 3856 4959 sequitur
3883 4903 3894 4941 :

2521 4975 2748 5032 CAPUT
2777 4979 2907 5035 XVI
2939 4977 3075 5052 [γει.
3129 4979 3247 5044 XV,
3279 4981 3398 5036 Rec.
3443 4975 3623 5051 VIII].

2345 5066 2513 5123 VERS.
2547 5065 2600 5121 8.
2618 5096 2689 5108 —
2710 5068 2838 5135 Quis
2855 5069 3107 5123 conclusit
3123 5068 3272 5123 ostiis
3291 5085 3458 5133 mare,
3475 5067 3690 5138 quando
3707 5084 3902 5122 enem-

2271 5154 2443 5227 pebat,
2475 5155 2629 5225 quasi
2655 5155 2717 5210 de
2742 5157 2903 5212 vulva,
2926 5158 3210 5228 procedens
3239 5158 3269 5213 ?

2345 5247 2432 5304 36.
2463 5249 2721 5304 Saeculum
2748 5255 2931 5306 contra
2961 5256 3165 5306 sanctos
3211 5250 3428 5304 serviens
3460 5268 3495 5304 a
3529 5249 3638 5304 Deo
3668 5251 3904 5305 conclu-

2266 5357 2401 5395 sum.
2433 5339 2744 5396 Hu-miliatis
2768 5340 2986 5394 terrenis
3010 5340 3364 5412 principibus,
3382 5356 3482 5411 per
3497 5356 3580 5394 eos
3609 5339 3905 5394 Dominus

2338 5515 2358 5549 ⁵
2417 5513 2711 5589 Sequimur
2765 5517 2915 5589 Mss,
2985 5516 3286 5589 praesertim
3366 5517 3596 5585 Turon.,
3666 5516 3906 5586 Laud.,

2267 5584 2518 5652 Ebroic.,
2542 5585 2737 5641 Pratel.
2771 5584 3013 5655 aliosque
3041 5589 3253 5655 Norm.,
3282 5606 3408 5644 cum
3441 5590 3498 5646 in
3531 5590 3796 5647 Excusis
3826 5584 3912 5648 le-

2266 5664 2442 5735 gatur,
2473 5657 2603 5735 visio
2633 5659 2864 5735 delectat.
2916 5657 2974 5714 In
3005 5660 3382 5735 corb._GerIn.
3419 5663 3620 5735 legitur
3647 5662 3911 5721 dilatat.

2338 5729 2358 5762 δ
2395 5727 2587 5795 Laud.,
2615 5731 2768 5798 quasi
2788 5730 3031 5784 virtutem
3063 5732 3360 5787 laudamus.

2336 5801 2355 5833 ⁷
2387 5799 2548 5855 Corb.
2579 5802 2786 5869 Germ.,
2819 5801 3041 5858 Ebroic.
3074 5810 3127 5858 et
3148 5801 3242 5858 alii
3259 5804 3472 5874 Norm.,
3505 5803 3913 5866 latitudinem.
