4152 6182
293 341 399 398 469

978 341 1346 401 MORALIUM
1389 345 1524 404 LIB.
1564 345 1820 404 XXVIII.
1861 377 1933 390 —
1969 349 2040 406 IN
2077 349 2304 407 CAPUT
2345 352 2634 410 XXXVIII
2675 355 2733 409 B.
2777 357 2916 412 JOB.

3496 364 3600 422 470

289 467 592 557 Ecclesiam
616 482 783 557 supra
812 466 1225 557 mundiculmen
1251 469 1439 525 evexit.
1471 500 1542 513 —
1569 471 1714 539 Quid
1740 473 1888 530 enim
1919 475 1970 534 A
1993 493 2238 547 ponerem
2265 478 2449 533 nubem
2479 479 2834 535 vestimentum
2866 481 3005 551 ejus;
3053 493 3176 557 apte
3202 487 3453 546 subdidit
3485 507 3496 544 :
3529 495 3603 550 Et

291 573 446 614 mare
457 556 565 613 nisi
582 555 864 623 saeculum,
885 555 1015 628 quid
1033 557 1278 624 vulvam,
1303 557 1410 614 nisi
1431 568 1752 632 conceptum
1780 578 1894 618 car-

288 650 435 707 nalis
462 646 818 720 cogitationis
847 647 1190 719 accipimus?
1217 650 1333 706 Hoc
1381 650 1530 706 enim
1560 653 1682 709 loco
1711 653 1894 708 vulva

287 739 520 797 nomine
549 736 770 794 occulta
795 743 850 791 et
878 736 1152 793 malitiosa
1180 739 1486 795 carnalium
1515 741 1774 812 cogitatio
1803 741 1892 798 de-

289 829 561 901 signatur.
605 826 738 893 Qua
793 825 962 880 vulva
1001 842 1110 883 non
1154 826 1222 882 ad
1253 828 1634 900 proferendam
1682 831 1890 902 prolem

288 917 536 990 concipit
556 914 925 972 substantiam
948 917 1212 989 corporis,
1234 917 1327 973 sed
1349 917 1418 974 ad
1433 920 1759 991 explendam
1791 938 1858 977 ne
1873 951 1891 963 -

288 1008 524 1082 quitiam
555 1022 774 1063 causam
799 1005 1027 1063 doloris.
1059 1009 1136 1063 De
1154 1007 1256 1064 hac
1283 1009 1453 1064 vulva
1471 1009 1653 1066 cordis
1674 1009 1888 1084 iniquo-

287 1115 412 1155 rum
443 1096 579 1153 alias
607 1093 846 1151 dicitur:
878 1096 1120 1168 Concepit
1141 1096 1396 1164 dolorem,
1415 1104 1462 1151 et
1476 1099 1680 1170 peperit
1699 1099 1887 1169 iniqui-

289 1198 448 1248 tatem
478 1191 652 1262 (Psal.
673 1205 772 1256 vn,
799 1188 910 1260 15).
951 1189 1052 1244 Per
1081 1189 1222 1245 hanc
1251 1190 1474 1246 vulvam
1506 1192 1662 1263 pravi
1693 1192 1890 1249 conci-

288 1282 470 1355 piunt,
501 1297 628 1336 cum
662 1279 806 1335 mala
819 1278 1084 1350 cogitant.
1109 1279 1210 1335 Per
1238 1279 1381 1337 hanc
1401 1281 1624 1337 vulvam
1645 1282 1886 1354 pariunt,

285 1389 411 1429 cum
446 1371 588 1426 mala
617 1386 738 1442 qua
784 1368 1146 1440 cogitaverim
1192 1380 1504 1441 operantur.
1551 1373 1889 1444 Erumpebat

287 1477 413 1532 ergo
439 1448 588 1515 mare
609 1455 764 1531 quasi
786 1455 853 1512 de
872 1457 1039 1513 vulva
1059 1457 1380 1529 procedens,
1415 1461 1431 1492 ¹
1452 1476 1577 1516 cum
1610 1461 1887 1517 minarum

285 1550 633 1624 sacularium
656 1547 854 1604 ﬂuctus
872 1545 940 1602 de
968 1547 1203 1604 carnalis
1222 1548 1574 1620 cogitationis
1594 1550 1887 1622 iniquitate

286 1639 560 1712 concepti,
580 1639 636 1693 in
659 1645 858 1694 sancta
874 1637 1137 1693 Ecclesiae
1158 1637 1447 1695 interitum
1479 1639 1759 1695 savirent.
1780 1641 1886 1696 Sed

285 1736 506 1786 auctore
536 1730 668 1794 Deo,
719 1725 874 1782 ostiis
921 1725 1028 1781 hoc
1068 1741 1217 1781 mare
1253 1727 1575 1783 conclusum
1623 1736 1724 1796 est,
1756 1729 1886 1800 quia

2002 565 2224 638 caligine
2239 567 2374 622 illud
2392 568 2546 638 quasi
2557 569 2751 639 pannis
2773 569 3015 640 infantia:
3033 574 3378 633 obvolverem.
3397 580 3601 638 Pannis

2003 655 2202 727 quippe
2249 656 2495 712 infantia
2543 658 2705 729 pedes
2752 676 2814 715 ac
2854 659 3080 717 brachia
3126 665 3598 740 constringuntur,

2004 745 2024 776 ⁴
2055 758 2121 797 ne
2153 742 2260 799 huc
2299 753 2463 817 atque
2511 745 2645 802 illuc
2697 747 2964 805 dissoluta
3008 750 3260 808 libertate
3297 753 3596 825 jactentur.

2001 831 2141 898 Quia
2170 848 2296 905 ergo
2327 843 2701 905 persecutores
2724 846 2924 894 sancta
2954 841 3212 897 Ecclesia
3237 841 3599 902 instabilitate

1999 921 2180 978 cordis
2209 922 2469 995 inquieti,
2500 932 2663 998 atque
2694 925 2827 984 huic
2855 929 3055 984 saculo
3085 929 3278 1000 dediti,
3310 948 3421 988 non
3443 952 3599 1007 gran-

2000 1010 2174 1079 dava,
2203 1012 2298 1067 sed
2330 1014 2566 1085 puerilia
2613 1016 2856 1087 sapiunt,
2888 1017 2982 1091 qui
3013 1020 3235 1092 quidem
3267 1021 3597 1081 obscuritate

1998 1108 2160 1172 atque
2174 1102 2548 1174 caligine,non
2566 1105 2849 1162 intellectu
2870 1110 3090 1181 superni
3107 1109 3308 1182 judicii
3325 1114 3598 1171 constrin-

1999 1198 2221 1261 guntur,
2245 1209 2312 1247 ne
2334 1201 2550 1249 tantum
2571 1196 2822 1269 persequi
2852 1198 3070 1255 valeant
3088 1209 3354 1273 quantum
3376 1204 3594 1274 volunt,

1997 1280 2192 1352 pannis
2207 1280 2453 1338 infantia
2470 1284 2784 1341 referuntur
2794 1286 3043 1344 obvoluti
3054 1290 3369 1362 ,quia,sicut
3387 1292 3594 1351 dictum

1997 1377 2098 1438 est,
2121 1370 2354 1441 puerilia
2374 1371 2596 1443 quidem
2614 1375 2956 1445 sapiunt,sed
2971 1377 3168 1434 divina
3190 1379 3596 1453 dispensatione

1996 1458 2418 1532 constricti,quo
2435 1462 2630 1518 volunt
2643 1463 2871 1520 brachia
2885 1481 2996 1520 non
3011 1469 3401 1539 extendunt,et
3414 1473 3596 1529 sicun-

1995 1558 2081 1606 cta
2092 1550 2438 1607 malaleviter
2447 1562 2754 1626 perpetrare
2764 1565 3397 1634 appetunt,nequaquam
3411 1570 3596 1620 tamen

1995 1639 2224 1712 implere
2242 1650 2442 1698 cuncta
2458 1659 2577 1716 qua
2593 1653 2857 1716 appetunt
2873 1648 3288 1719 permittuntur.
3312 1653 3592 1726 Sequitur:

2066 1730 2238 1786 Vens.
2272 1731 2435 1788 10.--
2463 1733 2798 1790 Circumdedi
2823 1737 2962 1792 illud
2991 1739 3226 1795 terminis
3266 1742 3415 1798 meis.

283 1827 480 1876 contra
505 1827 747 1874 tumores
767 1815 1213 1887 persequentium
1241 1815 1415 1872 sancti
1438 1815 1545 1904 viri
1563 1818 1715 1889 quasi
1739 1833 1881 1889 qua-
1919 1839 1964 1899 B
2066 1818 2340 1874 Terminis
2355 1821 2471 1876 suis
2486 1823 2756 1878 Dominus
2786 1841 2935 1880 mare
2963 1825 3294 1897 circumdat,
3325 1830 3456 1902 quia
3484 1832 3596 1888 iras

283 1909 415 1965 dam
447 1908 588 1964 ostia
613 1905 848 1978 oppositi
880 1913 1033 1971 sunt,
1064 1915 1126 1963 ut
1170 1923 1359 1963 eorum
1409 1907 1692 1963 miraculis
1724 1915 1885 1980 atque

281 1996 596 2054 reverentia
633 1996 725 2052 ira
767 1995 1210 2068 persequentium
1239 1996 1642 2069 frangerentur.
1677 1998 1885 2053 Humi-

284 2087 436 2143 liatis
465 2087 662 2160 quippe
691 2085 956 2141 Dominus
988 2087 1221 2142 terrenis
1251 2083 1620 2158 principibus,
1654 2102 1750 2157 per
1791 2101 1883 2141 eos

285 2185 528 2234 sanctam
559 2176 864 2233 Ecclesiam
911 2192 1075 2248 supra
1101 2176 1298 2232 mundi
1342 2177 1562 2232 culmen
1593 2175 1798 2243 evexit,
1829 2184 1885 2232 et

285 2267 562 2324 savientis
607 2266 777 2322 maris
825 2267 1084 2336 impetus,
1126 2274 1306 2323 erecta
1345 2265 1592 2338 ejusdem
1623 2265 1883 2323 Ecclesia

285 2364 570 2430 potestate,
630 2354 896 2412 coercuit.
943 2354 1047 2410 Sed
1103 2353 1235 2410 huic
1279 2355 1531 2412 saevienti
1563 2354 1702 2411 mari
1747 2355 1881 2428 quid

282 2447 554 2503 Dominus
581 2444 798 2501 fecerit.
833 2443 1143 2500 audiamus.
1181 2445 1438 2515 Sequitur
1471 2461 1482 2499 :

704 2551 929 2608 CAPUT
960 2551 1117 2605 XVII
1149 2549 1295 2622 [Rea
1330 2550 1462 2623 IX].

351 2643 533 2698 Vnus.
553 2642 608 2696 9.
640 2670 712 2680 —
732 2643 820 2700 91
834 2645 869 2698 1
909 2639 1041 2694 Cum
1054 2655 1305 2709 pone-rem
1323 2638 1511 2694 nubem
1529 2637 1883 2695 vestimentum

272 2737 418 2808 ejus,
434 2745 485 2792 et
500 2735 723 2808 caligine
737 2735 873 2790 illud
897 2736 1053 2806 quasi
1068 2738 1265 2807 pannis
1281 2735 1524 2806 infantiae
1537 2736 1876 2792 obvolverem.

348 2826 440 2882 37.
464 2826 863 2880 Persecutorum
881 2825 1144 2880 malitiam
1159 2825 1299 2880 Deus
1313 2826 1630 2880 constrinxit
1642 2826 1878 2897 puerilia

278 2915 584 2989 sapientem.
617 2944 688 2954 —
713 2914 858 2969 Mare
888 2911 1120 2969 saviens
1148 2913 1293 2969 nube
1316 2913 1586 2980 induitur,
1608 2915 1737 2987 quia
1756 2931 1877 2971 cru-

279 3002 475 3058 delitas
500 3000 944 3073 persequentium
966 3001 1216 3056 stultitia
1245 3019 1356 3057 sua
1372 3002 1683 3060 velamento
1713 3003 1874 3058 vesti-

281 3101 386 3147 tur.
420 3089 749 3162 Interposita
769 3089 915 3144 enim
945 3090 1181 3162 caligine
1210 3090 1555 3148 inﬁdelitatis
1593 3110 1727 3161 sua,
1758 3110 1874 3164 per-

1996 1907 2460 1979 persequentium,
2485 1908 2824 1980 judiciorum
2853 1929 3079 1970 suorum
3131 1918 3151 1950 ³
3181 1917 3592 1989 dispensatione

1995 1996 2296 2064 modiﬁcat,
2320 2008 2380 2054 ut
2396 1999 2574 2054 insani
2591 1999 2805 2057 tumida
2821 2002 2970 2058 unda
2982 2004 3218 2061 fervoris
3240 2007 3405 2078 plano
3427 2008 3594 2064 fran-

1994 2092 2151 2156 gatur
2182 2085 2366 2142 littore
2389 2089 2410 2123 ⁶
2439 2090 2670 2146 occulta
2699 2090 3149 2163 dispensationis.
3181 2095 3440 2168 Sequitur
3473 2115 3485 2152 :

2384 2194 2610 2252 CAPUT
2647 2199 2827 2254 XVIII
2859 2199 2996 2273 [Vet.
3035 2200 3207 2274 XVI].

2064 2281 2235 2340 Vens.
2272 2283 2357 2352 10,
2392 2286 2476 2340 11.
2507 2316 2578 2327 -
2603 2288 2677 2342 Et
2695 2289 2852 2358 posui
2870 2295 3056 2344 vectem
3088 2297 3136 2345 et
3162 2291 3318 2359 ostia,
3349 2299 3396 2347 et
3425 2293 3543 2348 diri
3575 2311 3588 2350 :

1992 2374 2270 2444 Hucusqne
2297 2375 2487 2445 venies,
2521 2383 2568 2431 et
2592 2395 2697 2432 non
2727 2380 2976 2450 procedes
3006 2381 3258 2453 amplius,
3289 2389 3338 2436 et
3364 2383 3446 2437 hic
3473 2401 3590 2438 con-

1990 2461 2190 2534 fringes
2220 2469 2464 2520 tumentes
2492 2469 2681 2536 ﬂuctus
2713 2473 2848 2524 tuos.

2062 2552 2150 2609 38.
2185 2556 2364 2611 Sancti
2401 2558 2778 2628 praedicatores
2808 2565 3058 2631 tanquam
3087 2561 3224 2617 ostia
3243 2563 3388 2617 mari
3413 2564 3593 2619 seaculi

1989 2643 2223 2698 saevienti
2249 2647 2510 2716 opposita,
2544 2648 2696 2703 tundi
2720 2649 2982 2720 ﬂuctibus,
3012 2667 3118 2707 non
3164 2652 3375 2722 effringi
3409 2660 3587 2724 potue-

1991 2739 2135 2798 runt,
2144 2734 2354 2789 Christo
2367 2754 2450 2790 eos
2463 2737 2888 2794 roborante.Ha’c
2898 2741 3068 2797 hostia
3082 2742 3365 2797 humilibus
3381 2749 3588 2814 aperta,

1989 2827 2035 2875 et
2052 2824 2288 2894 superbis
2307 2827 2509 2882 clausa.
2528 2857 2599 2867 —
2617 2827 2761 2894 Quid
2787 2845 2882 2900 per
2901 2830 3040 2885 ostia
3068 2829 3174 2886 nisi
3205 2831 3588 2902 pradicatores

1989 2913 2184 2979 sancti,
2208 2913 2340 2985 quid
2364 2931 2458 2985 per
2480 2923 2690 2971 vectem
2713 2917 2818 2973 nisi
2852 2919 3170 2975 incarnatus
3187 2920 3458 2974 Dominus
3483 2920 3589 2974 de-

1987 2998 2275 3070 signatur?
2313 3001 2417 3068 Qui
2448 3003 2566 3059 hac
2611 3004 2870 3060 videlicet
2913 3006 3052 3061 ostia
3087 3014 3279 3061 contra
3310 3007 3588 3063 savientis

1987 3088 2153 3143 maris
2191 3089 2459 3160 impetum
2491 3098 2642 3146 tanto
2686 3093 2991 3149 valentiora
3021 3097 3040 3129 ⁷
3072 3095 3349 3167 opposuit,
3381 3105 3586 3168 quanto

252 3181 520 3255 rspicuam
550 3180 800 3237 veritatis
853 3181 1034 3238 lucem
1077 3181 1266 3237 videre
1305 3198 1415 3236 non
1467 3183 1702 3239 sufﬁcit;
1741 3193 1794 3240 ei
1819 3184 1876 3240 id
1909 3199 1952 3258 ο
1985 3194 2047 3232 ea
2074 3195 2172 3233 sua
2192 3178 2571 3235 observatione
2599 3180 2897 3238 roboravit.
2931 3184 3070 3252 Quia
3096 3185 3369 3241 enimista
3384 3194 3584 3243 sanctae

278 3270 424 3342 quod
457 3270 570 3341 agit
620 3287 716 3343 per
761 3269 1106 3327 crudelitatis
1145 3270 1572 3344 impulsum,per
1617 3273 1879 3330 caecitatis

276 3376 387 3416 sua
408 3359 663 3416 meritum
681 3377 795 3416 non
815 3359 1081 3432 agnoscit.
1105 3361 1247 3416 Nam
1263 3361 1309 3415 si
1325 3362 1699 3433 cognovissent,
1720 3371 1782 3418 ut
1801 3363 1878 3418 ait

275 3449 593 3521 Apostolus,
623 3465 898 3520 nunquam
933 3449 1221 3505 Dominum
1265 3451 1453 3521 gloria:
1493 3451 1882 3522 cruciﬁaissent

273 3541 336 3600 (Ι
369 3541 496 3595 Cor.
525 3556 589 3607 ιι,
636 3539 719 3612 8).
756 3539 882 3597 Hac
907 3539 1083 3596 nubes
1112 3555 1225 3596 non
1251 3540 1430 3595 solum
1462 3541 1600 3595 solet
1629 3540 1878 3596 inﬁdeles

273 3637 438 3683 extra
463 3629 670 3698 positos
695 3645 962 3700 premere,
994 3629 1091 3684 sed
1119 3629 1387 3701 quosdam
1433 3629 1596 3684 etiam
1627 3629 1877 3685 viventes

269 3716 571 3773 carnaliter
623 3717 764 3774 intra
801 3718 1106 3774 Ecclesiam
1149 3716 1452 3772 tenebrare.
1505 3717 1658 3772 Unde
1701 3718 1874 3773 sancti

269 3805 410 3872 viri,
443 3806 537 3877 qui
565 3807 729 3863 etiam
759 3807 958 3862 aliena
990 3804 1337 3878 negligentia
1366 3805 1797 3876 compatiuntur,
1821 3814 1875 3860 et

269 3912 326 3951 se
351 3895 465 3966 pati
507 3895 781 3952 astimant
837 3894 986 3968 quod
1040 3893 1247 3966 perpeti
1297 3892 1434 3950 alios
1462 3893 1729 3961 sentiunt,
1760 3895 1873 3949 Deo

269 3993 490 4041 orantes
518 3984 713 4042 dicunt
745 4002 756 4038 :
798 3985 1102 4056 Opposuisti
1128 3984 1334 4051 nubem,
1357 4000 1420 4037 ne
1445 3988 1680 4038 transeat
1699 3983 1872 4037 oratio

272 4074 496 4144 (Thren.
533 4091 617 4142 ιιι,
648 4074 766 4146 44).
803 4077 883 4131 Ac
907 4074 951 4129 si
996 4083 1178 4146 aperte
1207 4073 1394 4129 dicant
1425 4089 1436 4127 :
1470 4073 1640 4128 Menti
1671 4079 1871 4128 nostra

267 4163 502 4218 terrenis
555 4163 935 4236 voluptatibus
991 4169 1217 4219 assueta
1263 4162 1283 4195 ³
1325 4178 1582 4218 curarum
1645 4178 1866 4218 suarum

273 4253 656 4325 phantasmata
669 4254 821 4327 justo
835 4253 1052 4325 judicio
1076 4252 1292 4324 objicis,
1325 4252 1527 4325 quibus
1541 4269 1660 4308 eam
1675 4253 1734 4308 in
1751 4253 1869 4325 ipsa

267 4344 538 4400 orationis
557 4361 669 4400 sua
697 4343 1005 4399 intentione
1033 4340 1330 4398 confundis
1347 4359 1360 4408 ;
1380 4351 1434 4398 et
1461 4358 1624 4415 quam
1662 4344 1682 4376 ³
1712 4341 1867 4397 desi—

267 4432 439 4490 deriis
463 4433 672 4490 inﬁmis
693 4433 937 4489 deditam
968 4448 1078 4488 non
1101 4432 1341 4503 ignoras,
1362 4438 1503 4486 recte
1521 4438 1775 4487 cacatam
1797 4431 1865 4486 ab

1987 3267 2246 3324 Ecclesia
2266 3268 2405 3324 ostia
2420 3269 2592 3326 vectis
2604 3269 2768 3342 hujus
2797 3272 3143 3344 oppositione
3173 3274 3405 3330 solidata
3433 3283 3582 3343 sunt,

1989 3364 2284 3428 potuerunt
2302 3358 2526 3431 quidem
2546 3360 2705 3416 tundi
2719 3360 3001 3432 ﬂuctibus,
3029 3363 3123 3419 sed
3144 3363 3361 3436 effringi
3378 3365 3585 3437 nequi-

1989 3456 2207 3516 verunt,
2233 3457 2294 3504 ut
2323 3465 2385 3505 ea
2413 3451 2658 3507 exterius
2688 3452 2835 3508 unda
2877 3453 3278 3525 persecutionis
3319 3455 3580 3521 illideret,

1985 3535 2083 3590 sed
2110 3552 2454 3609 nequaquam
2485 3539 2666 3595 cordis
2690 3557 2880 3596 eorum
2903 3542 3120 3598 interna
3138 3549 3465 3614 penetraret.
3512 3544 3582 3597 Et

1986 3624 2116 3695 quia
2145 3623 2396 3682 doctores
2423 3629 2596 3684 sancti
2631 3630 2651 3663 ⁸
2676 3630 3065 3701 praedicatione
3094 3631 3316 3704 quidem
3347 3648 3574 3705 sequen-

1984 3713 2134 3768 tibus
2161 3715 2336 3785 aperti
2360 3724 2511 3783 sunt,
2562 3717 2889 3773 auctoritate
2917 3727 3101 3774 autem
3131 3735 3232 3774 sua
3261 3724 3406 3781 912
3435 3720 3582 3776 resi—

1984 3811 2256 3867 stentibus
2281 3814 2475 3881 clausi,
2497 3831 2609 3868 non
2637 3815 2914 3870 immerito
2943 3817 3082 3872 ostia
3103 3823 3392 3883 vocantur,
3414 3815 3470 3870 id
3500 3823 3582 3870 est

1985 3901 2005 3935 ⁹
2036 3906 2223 3972 aperta
2252 3901 2660 3957 conversationi
2689 3902 3014 3970 humilium,
3047 3911 3101 3958 et
3127 3904 3313 3958 clausa
3342 3903 3581 3958 terrori-

1979 3989 2083 4045 bus
2109 3989 2491 4062 superborum.
2509 3991 2630 4046 Non
2650 3990 2928 4048 immerito
2957 3992 3098 4049 ostia
3126 3999 3417 4048 vocantur.
3452 3992 3582 4065 quia

1979 4086 2034 4134 et
2063 4079 2368 4151 ingressum
2392 4079 2650 4137 ﬁdelibus
2674 4081 2951 4154 aperiunt,
2975 4089 3029 4138 et
3053 4099 3269 4139 rursum
3289 4098 3405 4139 sese
3420 4084 3578 4156 perti-

1979 4166 2066 4222 dis
2087 4183 2156 4222 ne
2177 4167 2562 4239 ingrediantur
2577 4178 2882 4242 opponunt.
2898 4172 3196 4228 Pensemus
3211 4172 3372 4244 quale
3391 4173 3577 4230 Eccle-

1976 4255 2070 4311 sia
2104 4255 2308 4313 ostium
2338 4258 2527 4314 existit
2575 4259 2788 4328 Petrus,
2820 4260 2914 4332 qui
2958 4259 3381 4332 investigantem
3411 4260 3576 4317 ﬁdem

1977 4345 2292 4402 Cornelium
2305 4352 2530 4418 recept,
2570 4349 2746 4420 pretio
2763 4357 3094 4421 quarentem
3118 4350 3384 4405 miracula
3403 4350 3575 4408 Simo-

1975 4450 2099 4489 nem
2131 4436 2350 4506 repulit.
2370 4437 2460 4491 Illi
2483 4436 2672 4494 dicens
2697 4455 2708 4492 ;
2736 4440 2801 4494 In
2819 4439 3035 4494 veritate
3053 4455 3284 4510 comperi
3323 4439 3577 4509 quoniam

266 4522 536 4580 intuenda
565 4523 707 4580 lucis
735 4531 841 4579 tua
869 4520 1256 4594 perspicuitate
1287 4520 1620 4587 reverberas,
1653 4527 1713 4574 ut
1737 4537 1863 4576 cum
1894 4553 1943 4610 D
1972 4539 2073 4576 non
2092 4529 2169 4577 est
2178 4541 2530 4594 personarum
2549 4532 2788 4596 acceptor
2807 4527 2946 4582 Deus
2969 4528 3110 4598 (Act.
3141 4544 3201 4594 χ,
3224 4527 3340 4599 34),
3370 4535 3577 4606 secreta

266 4610 323 4665 in
337 4619 391 4666 te
408 4611 738 4680 intenditur,
759 4611 878 4683 ipso
899 4627 930 4665 a
948 4617 1002 4665 te
1021 4609 1417 4682 cogitationum
1433 4625 1656 4665 suarum
1672 4609 1864 4665 nubilo

267 4699 616 4769 reﬂectatur;
652 4708 706 4756 et
733 4718 854 4774 qua
883 4707 1100 4755 terrena
1129 4697 1249 4754 hac
1276 4696 1492 4753 assidue
1508 4700 1712 4770 cogitat
1740 4700 1868 4772 quia

265 4790 408 4857 vult,
442 4789 562 4846 bac
588 4789 755 4845 etiam
784 4789 981 4856 toleret
1023 4788 1081 4843 in
1107 4786 1357 4843 oratione
1400 4803 1526 4844 cum
1583 4804 1692 4843 non
1724 4789 1863 4844 vult.

265 4877 409 4945 Quia
436 4878 607 4950 igitur
635 4879 754 4950 ipsa
781 4884 1188 4950 persecutorum
1236 4876 1484 4950 nequitia
1525 4893 1760 4949 superna
1787 4877 1865 4933 di-

265 4972 616 5043 spensatione
661 4971 1077 5044 constringitur,
1119 4987 1188 5026 ne
1218 4977 1410 5027 contra
1458 4978 1674 5028 sanctos
1717 4972 1868 5028 viros

267 5063 600 5135 inquantnm
629 5065 870 5120 voluerit
897 5064 1213 5132 effrenetur,
1227 5071 1515 5137 postquam
1530 5063 1706 5120 dixit:
1733 5065 1868 5121 Cum

346 5293 358 5327 ¹
396 5293 548 5366 Unus
577 5293 820 5366 Anglic,
849 5308 968 5346 cum
1005 5307 1278 5366 curarum.
1312 5291 1504 5366 Qateri
1553 5307 1679 5366 cum
1727 5293 1857 5350 Mss.

264 5364 496 5446 nostris,
527 5381 644 5419 eum
673 5362 981 5421 'minarum.
1018 5362 1168 5419 Edit.
1225 5362 1403 5419 Vatic.
1437 5370 1491 5418 et
1537 5364 1704 5435 plur.,
1747 5381 1862 5420 cum

267 5453 634 5492 miseriarum.

340 5509 362 5542 ²
390 5509 546 5564 Unus
582 5523 651 5562 ex
680 5506 925 5574 Ebroic.,
956 5522 1211 5560 curarum
1238 5522 1460 5560 suarum
1503 5508 1857 5565 scecularium.

339 5581 361 5613 ³
394 5580 646 5647 Recent.,
676 5578 950 5634 desideriis
976 5575 1225 5648 inﬁrmis.

390 5650 593 5719 Laud.,
625 5650 786 5707 Corb.
819 5650 1029 5716 Germ.,
1049 5648 1272 5714 Pratel.,
1305 5648 1468 5716 Utic.,
1500 5668 1562 5705 ne
1589 5653 1684 5707 hac
1708 5657 1864 5721 atque

341 5797 361 5830 ⁵
393 5794 604 5851 Turon.
637 5800 692 5849 et
718 5792 916 5862 Laud.,
945 5791 1328 5866 dispensatione
1355 5794 1645 5866 molliﬁcat.

1974 4611 2126 4681 regni
2155 4610 2388 4684 benigne
2417 4613 2650 4684 aperuit.
2696 4613 2838 4671 Huic
2867 4614 3123 4687 inquiens
3164 4632 3176 4669 :
3206 4614 3438 4671 Pecunia
3485 4622 3576 4670 tua

1977 4703 2138 4753 tecum
2165 4699 2235 4754 sit
2254 4700 2309 4754 in
2327 4702 2674 4772 perditionem
2705 4702 2844 4774 (Act.
2878 4721 3004 4770 vm,
3035 4703 3152 4776 20),
3183 4719 3279 4775 per
3307 4701 3574 4759 districta

1977 4786 2347 4845 damnationis
2360 4790 2688 4847 sententiam
2705 4792 2940 4849 caelestis
2956 4794 3094 4850 aula
3110 4792 3322 4848 aditum
3343 4791 3570 4858 claudit,

1976 4877 2119 4943 Quid
2147 4879 2334 4935 cuncti
2362 4880 2596 4952 apostoli
2625 4880 2733 4937 nisi
2763 4891 2964 4939 sancta
2984 4881 3244 4938 Ecclesia
3269 4879 3411 4935 ostia
3433 4877 3567 4933 exi-

1975 4972 2149 5034 stunt,
2176 4984 2302 5022 cum
2334 4985 2466 5024 voce
2492 4969 2872 5042 Redemptoris
2900 4971 2986 5025 sui
3027 4967 3264 5024 audiunt
3296 4983 3308 5020 :
3342 4965 3572 5036 Accipite

1976 5056 2236 5127 Spiritum
2250 5064 2527 5122 sanetum;
2555 5075 2782 5128 quorum
2808 5057 3116 5113 remiseritis
3132 5062 3365 5127 peccata,
3395 5055 3570 5111 remit-

2043 5293 2064 5325 ⁸
2114 5291 2373 5360 Vindoc.,
2404 5292 2566 5348 Corb.
2599 5291 2810 5358 Germ.,
2858 5288 3079 5346 Ebroic.
3126 5297 3180 5346 et
3210 5289 3306 5346 alii
3347 5291 3566 5359 Norm.,

1971 5364 2183 5418 occulta
2209 5363 2594 5435 dispositionis.

2045 5436 2064 5469 ⁷
2097 5433 2308 5507 Laud.,
2326 5434 2597 5507 apposuit,

2045 5507 2064 5541 ⁸
2113 5505 2375 5582 Vindoc.,
2403 5505 2631 5582 ’Ebroic.
2672 5505 2876 5582 aliique
2905 5509 3186 5578 Norman.,
3214 5505 3566 5582 pradicatio-

1969 5595 2085 5633 nem
2121 5578 2328 5651 quidem
2354 5578 2678 5651 sequentibus
2700 5578 2872 5651 aperti
2898 5587 3040 5648 sunt,
3069 5578 3378 5637 auctdritati
3391 5585 3562 5634 autem

1971 5667 2080 5705 sure
2107 5649 2458 5705 resistentibus
2487 5651 2675 5705 clausi.

2046 5723 2066 5755 θ
2100 5721 2358 5790 Vindoc.,
2389 5721 2612 5790 Pratel.,
2645 5722 2812 5792 Utic.,
2841 5729 3029 5796 aperta
3056 5724 3401 5782 conversioni.
