4152 6182
577 299 677 357 471
1786 299 2035 357 SANCTI
2071 301 2407 359 GREGORII
2442 303 2669 358 MAGNI

3771 302 3875 359 472

574 426 759 479 tantur
783 420 857 476 eis
874 426 1197 492 ;etquorum
1224 425 1571 491 retinueritis,
1604 431 1801 481 retenta
1832 433 1956 481 sunt
1990 427 2170 496 (Joan.
2201 429 2253 491 A
2281 428 2449 485 omnis
2475 429 2569 500 qui
2595 430 2787 486 viderit
2830 430 3103 488 mulierem
3139 432 3214 488 ad
3255 429 3721 503 coiwupisoemlum
3744 447 3875 506 eam,

575 525 674 577 xx,
704 506 797 581 22)
822 508 851 567 Τ
894 510 976 571 Ac
1002 510 1050 568 si
1078 511 1193 569 illis
1220 521 1407 587 aperte
1448 514 1723 572 diceretur
1757 532 1768 570 :
1802 515 1906 571 Per
1950 531 2050 572 vos
2076 515 2174 572 in-
2274 516 2396 587 jam
2418 520 2699 575 machatus
2717 526 2793 575 est
2819 537 2932 577 eam
2950 520 3008 575 in
3033 522 3189 578 corde
3211 538 3309 576 suo
3333 520 3547 593 (Matth.
3569 536 3628 585 v,
3651 518 3742 588 27,
3763 519 3874 593 28).

576 597 894 672 gredientur
932 600 1002 658 ad
1030 617 1119 658 me
1154 601 1213 659 hi
1257 602 1458 677 quibus
1505 604 1867 678 vosmetipsos
1892 604 2170 678 panditis;

573 699 629 750 et
685 692 1021 766 repellentur
1069 692 1271 766 quibus
1327 694 1611 751 obseratis.
1646 696 1819 768 Igitur
1847 696 1980 753 dum
2026 712 2174 753 mare

575 781 756 849 savit,
783 782 1058 840 Dominus
1086 790 1299 841 vectem
1347 790 1402 841 et
1432 784 1574 843 ostia
1618 786 1634 820 ¹
1669 786 1919 858 opponit,
1949 786 2082 859 quia
2105 785 2176 842 ab

575 871 778 931 amaris
805 878 860 928 et
890 871 1115 945 perﬁdis
1160 872 1421 929 cordibus
1448 872 1581 930 dum
1610 875 2007 947 persecutionis
2037 891 2176 948 pro-

576 962 716 1019 cella
743 978 801 1019 se
827 960 1021 1018 dilatat
1041 961 1101 1017 in
1126 961 1357 1031 mundo,
1376 964 1523 1019 Deus
1547 965 1821 1037 unigeniti
1836 964 1924 1022 sui
1944 965 2176 1038 gloriam

575 1050 1104 1124 pradicatorumque
1133 1048 1252 1122 ejus
1279 1053 1645 1109 reverentiam
1676 1055 1882 1111 exaltat
1907 1071 1921 1111 :
1951 1061 2005 1110 et
2033 1054 2169 1111 dum

578 1138 877 1196 innotescit
919 1139 1183 1212 mysteria
1223 1137 1429 1196 divina
1480 1140 1849 1212 fortitudinis,
1881 1142 2088 1216 frangit
2115 1143 2174 1199 in

580 1226 767 1300 impiis
791 1226 992 1284 ﬂuctus
1020 1226 1247 1289 furoris.

648 1342 739 1400 39.
768 1342 967 1400 Divina
993 1343 1333 1415 providentia
1382 1345 1761 1417 persecutionis
1794 1348 2035 1420 procella
2083 1354 2180 1404 aut

570 1434 810 1510 prosilit,
840 1439 935 1491 aut
964 1435 1296 1507 conquiescit.
1326 1466 1398 1478 —
1420 1436 1566 1497 Bene
1593 1443 1776 1493 autem
1804 1436 2045 1496 dicitur:
2068 1440 2177 1496 Hu-

574 1541 766 1597 eusque
792 1524 985 1594 venies,
1010 1531 1058 1580 et
1082 1540 1192 1581 non
1212 1526 1460 1598 procedes
1490 1527 1745 1598 amplius.
1780 1527 1802 1562 ³
1829 1526 1971 1596 Quia
2000 1527 2179 1584 nimi-

578 1629 704 1672 rum
726 1612 927 1686 judicii
956 1613 1163 1671 occulti
1192 1629 1447 1672 mensura
1465 1622 1568 1684 est,
1586 1621 1642 1671 et
1669 1614 1890 1688 quando
1914 1630 2179 1688 persecu-

576 1702 749 1760 tionis
778 1703 1019 1777 procella
1044 1703 1317 1777 prosiliat,
1345 1708 1402 1761 et
1446 1705 1666 1779 quando
1706 1706 2078 1779 conquiescat,
2110 1723 2178 1763 ne

2283 606 2627 681 Rursumque
2662 608 2868 666 dicitur
2901 626 2913 666 :
2946 609 3188 666 Audistis
3213 610 3341 681 quia
3369 609 3566 665 dictum
3595 615 3667 664 est
3702 627 3714 666 :
3745 608 3881 666 Dili-

2281 712 2364 767 ges
2386 698 2697 769 proannum
2725 704 2893 767 tuum,
2921 705 2969 754 et
2996 700 3116 756 odio
3159 698 3367 755 habebis
3392 697 3667 753 inimicum
3695 704 3878 767 tuum;

2283 804 2370 859 ego
2398 794 2572 844 attain
2596 788 2712 844 dico
2740 789 2902 857 vobis,
2934 789 3135 861 diligite
3165 787 3405 844 inimicos
3433 793 3657 854 vestros,
3678 789 3883 844 etbene-

2284 875 2441 947 facite
2469 877 2550 932 his
2574 877 2910 948 quiaderunt
2936 895 3025 934 vos
3043 878 3213 948 (Ibid.
3237 894 3294 946 v,
3315 875 3407 946 43,
3437 875 3555 948 44).
3588 875 3695 944 Qui
3715 876 3885 950 igitur

2284 969 2438 1039 prius
2458 967 2736 1041 nequitias
2752 968 2935 1040 operis
2952 967 3228 1040 prohibet,
3258 973 3315 1023 et
3327 964 3681 1038 postmodum
3697 967 3887 1039 culpas

2285 1056 2469 1114 cordis
2497 1056 2776 1119 exhaurit.
2811 1056 3080 1114 nimirum
3112 1057 3349 1113 tumenti
3369 1056 3531 1125 mari,
3552 1071 3622 1111 ne
3649 1056 3884 1114 circum-

2285 1143 2451 1203 ducta
2473 1143 2708 1217 justitia
2737 1145 2924 1203 littora
2950 1152 3211 1212 transeat,
3244 1144 3331 1201 bis
3356 1144 3498 1201 ostia
3528 1143 3789 1217 imponit.

2358 1258 2497 1337 [ναι.
2521 1262 2730 1338 ΧνΙΙ.]
2752 1262 3046 1321 41.Μυηάο
3092 1277 3202 1318 sua
3242 1260 3447 1333 origini
3489 1262 3663 1318 adhuc
3690 1261 3885 1331 vicino,

2290 1353 2417 1425 leges
2440 1353 2647 1425 posita.
2677 1353 2782 1410 Cui
2810 1361 2981 1410 tamen
3022 1354 3163 1409 Deus
3199 1352 3437 1408 nondum
3463 1353 3746 1410 iunxerat.
3784 1353 3888 1410 Sub

2291 1443 2479 1498 littera:
2506 1443 2729 1514 caligine
2755 1444 2911 1513 quasi
2931 1442 3128 1515 pannis
3159 1441 3407 1513 infantia
3432 1442 3710 1500 obvolutus
3735 1458 3891 1500 mun-

2288 1532 2404 1588 dus.
2428 1531 2593 1590 Prius
2616 1532 2798 1589 timore
2820 1532 3032 1604 ligatus,
3053 1538 3238 1605 postea
3259 1532 3548 1588 libertatem
3563 1538 3886 1589 consecutus.

2286 1620 2400 1679 Lee:
2420 1628 2564 1677 vetus
2593 1621 2897 1695 imperfecta
2925 1628 2973 1678 et
2998 1622 3236 1695 inﬁrma.
3268 1652 3340 1665 -—-
3368 1622 3512 1679 Bene
3546 1629 3725 1678 autem
3755 1636 3886 1679 cum

2287 1711 2495 1768 diceret
2527 1727 2539 1766 :
2576 1712 2706 1778 Quis
2733 1711 2989 1767 conclusit
3013 1711 3165 1768 ostiis
3206 1726 3371 1767 mare.
3403 1710 3560 1768 Illico
3586 1716 3640 1765 et
3666 1716 3889 1782 tempus

574 1798 671 1851 aut
696 1807 809 1849 non
825 1791 1103 1865 exagitata
1126 1792 1332 1850 electos
1359 1809 1474 1850 non
1501 1800 1778 1861 exerceat,
1808 1802 1903 1851 aut
1931 1811 2043 1851 non
2062 1812 2175 1852 mo-
2203 1792 2251 1854 B
2284 1800 2561 1874 adjunxit,
2581 1800 2770 1877 dicens
2805 1816 2816 1855 :
2852 1801 3077 1869 Quando
3104 1801 3424 1874 erumpebat,
3448 1799 3603 1871 quasi
3637 1800 3700 1854 de
3726 1800 3893 1856 ouloa

580 1881 767 1940 ἀθηῐι
796 1880 856 1939 in
884 1880 1221 1955 Profundum
1244 1890 1470 1956 mersat.
1503 1881 1642 1941 Cum
1664 1898 1796 1940 vero
1825 1884 2026 1941 notitia
2047 1884 2178 1942 ﬁdei
2280 1897 2582 1969 procedens.
2615 1893 2756 1962 Quia
2802 1894 3063 1952 videlicet
3092 1903 3229 1952 tunc
3258 1893 3505 1952 humano
3536 1890 3722 1965 generi
3751 1906 3892 1963 pra-

577 1986 755 2046 usque
781 1971 852 2029 ad
880 1979 1267 2046 persequentes
1286 1972 1629 2043 extenditur,
1658 1973 1865 2031 turbati
1898 1975 2066 2032 maris
2093 1982 2178 2031 tu-

582 2076 703 2118 mor
730 2060 988 2128 sedatur;
1010 2059 1199 2134 ibique
1225 2058 1428 2118 ﬂuctus
1454 2076 1584 2118 suos
1612 2076 1762 2118 mare
1791 2061 2017 2135 frangit,
2049 2062 2181 2136 quia

581 2151 652 2208 ad
685 2150 1057 2223 cognitionem
1077 2149 1330 2209 veritatis
1349 2150 1598 2221 veniens,
1621 2167 1787 2208 omne
1814 2151 1960 2225 quod
1988 2151 2178 2225 nequi-

582 2248 665 2297 ter
684 2238 796 2313 egit
822 2239 1315 2300 eruhescit.Fracta
1334 2240 1537 2315 quippe
1561 2242 1712 2299 unda
1729 2241 1789 2298 in
1818 2257 1876 2298 se
1903 2240 2177 2309 reliditur,

2285 1987 2455 2061 ceptis
2484 1986 2617 2060 legis
2631 1985 2898 2054 obviavit,
2925 1985 3145 2060 quando
3161 1985 3343 2044 adhuc
3357 1985 3621 2043 saculum
3641 1999 3755 2040 sua
3768 1982 3894 2039 ori-

2288 2078 2402 2151 gini
2439 2077 2710 2146 vicinum,
2743 2078 2897 2150 quasi
2953 2076 3021 2134 ab
3068 2084 3196 2133 ortu
3224 2074 3447 2148 proprio
3475 2073 3543 2130 ad
3575 2073 3896 2144 profectum

2287 2168 2415 2225 vita
2443 2168 2677 2226 carnalis
2705 2166 2910 2224 exibat.
2942 2166 3021 2224 De
3043 2166 3209 2223 vulva
3246 2164 3449 2240 quippe
3477 2162 3781 2237 procedere
3811 2168 3900 2218 est

2288 2259 2346 2315 in
2376 2262 2496 2317 luce
2526 2257 2807 2331 prasentis
2829 2256 3017 2330 gloria
3051 2255 3343 2314 carnaliter
3359 2252 3725 2328 apparere.Et
3744 2256 3898 2307 recte

582 2329 713 2404 quia
732 2328 880 2386 νίοίδ
899 2327 1340 2424 Πθίῐυίῖίδ-εξῑίδω
1371 2346 1467 2424 Ρθῗ
1487 2331 1880 2424 οοείιδιὶεξηθιιξ
1892 2329 1980 2387 δαί
1998 2328 2180 2424 cordi}
2285 2327 2640 2424 subjungitur
2672 2368 2684 2406 :
2717 2327 2850 2408 Cum
2872 2365 3125 2422 ponerem
3151 2348 3337 2403 nubem
3368 2327 3730 2402 vestimentum
3758 2341 3891 2412 ejus.

581 2426 901 2487 accusatur;
932 2426 988 2475 et
1014 2420 1169 2493 quasi
1196 2420 1370 2495 ipsam
1400 2418 1516 2477 vim
1545 2437 1709 2495 quam
1739 2420 2002 2478 intulerat
2045 2418 2180 2477 reci-

582 2509 688 2582 pit,
717 2507 847 2582 quia
875 2507 943 2565 de
970 2508 1241 2581 pravitate
1272 2525 1437 2583 quam
1468 2518 1708 2582 gesserat
1745 2517 1932 2567 reatus
1956 2510 2042 2567 sui
2071 2510 2181 2567 sti-

584 2598 763 2656 mulos
790 2597 978 2654 sentit.
1012 2597 1167 2655 Unde
1196 2597 1529 2672 quibusdam
1555 2615 1652 2671 per
1680 2600 1911 2657 Paulum
1940 2600 2178 2657 dicitur:

587 2692 747 2757 Quem
774 2705 894 2760 ergo
921 2686 1159 2758 fructum
1185 2688 1446 2744 habuistis
1493 2695 1614 2744 tunc
1657 2688 1715 2743 in
1740 2688 1853 2744 illis
1892 2689 1950 2744 in
1994 2689 2185 2760 quibus

584 2799 725 2839 nunc
768 2781 1068 2837 erubescitis
1124 2780 1302 2852 (Rom.
1354 2796 1436 2850 v1,
1465 2781 1559 2854 21)
1582 2781 1612 2838 ?
1639 2780 1721 2838 Ac
1767 2780 1814 2836 si
1861 2780 2137 2838 diceretur
2169 2798 2181 2836 :

586 2870 732 2942 Quid
759 2888 817 2930 se
845 2871 904 2930 in
937 2872 1112 2929 altum
1158 2869 1360 2930 ﬂuctus
1388 2879 1584 2929 vestra
1630 2870 1917 2945 pravitatis
1961 2872 2189 2929 extule-

498 2957 515 2965 ’
587 2968 739 3031 runt,
773 2962 868 3037 qui
896 2978 1047 3022 nunc
1073 2961 1133 3019 in
1161 2961 1472 3035 semetipsis
1516 2961 1701 3031 fracti,
1733 2961 1880 3018 unde
1904 2977 2189 3035 perversos

587 3068 686 3109 vos
714 3050 1063 3122 inﬂaverant,
1104 3068 1400 3112 conversos
1445 3051 1576 3110 inde
1601 3050 1956 3111 confundunt
1972 3051 2000 3109 ‘l
2027 3052 2191 3110 Recte

2290 2441 2430 2510 Quia
2444 2441 2709 2496 nimirum
2729 2440 2876 2496 Deus
2890 2436 3217 2494 hominibus
3230 2451 3342 2492 non
3357 2443 3496 2490 tunc
3515 2440 3702 2506 aperta
3713 2440 3894 2490 osten-

2290 2532 2446 2588 sione
2465 2546 2522 2587 se
2542 2528 2760 2596 intulit,
2790 2526 2884 2585 sed
2904 2527 3040 2584 dum
3069 2541 3163 2582 eos
3185 2525 3253 2581 ab
3285 2540 3474 2581 errore
3510 2522 3755 2596 perﬁdia
3776 2525 3895 2580 eri-

2292 2623 2433 2697 puit,
2451 2636 2552 2678 nec
2567 2626 2752 2674 tamen
2783 2617 2895 2674 illis
2928 2616 3231 2675 claritatem
3252 2616 3340 2672 sui
3357 2615 3588 2673 luminis
3615 2614 3887 2689 patefecit,

2294 2710 2452 2784 quasi
2479 2725 2549 2765 ex
2579 2706 2823 2764 tenebris
2850 2722 2942 2762 eos
2960 2704 3213 2771 abstulit,
3235 2703 3334 2761 sed
3353 2702 3534 2759 adhuc
3559 2703 3707 2759 nube
3726 2702 3892 2759 vesti-

2295 2799 2396 2866 vit,
2430 2806 2493 2855 ut
2526 2802 2581 2853 et
2627 2795 2861 2868 pristina
2890 2793 3180 2868 pravitatis
3224 2801 3347 2850 acta
3387 2792 3788 2865 relinquerent,
3840 2801 3892 2850 et

2294 2895 2480 2945 tamen
2535 2894 2771 2946 ventura
2804 2885 2951 2943 bona
2996 2884 3180 2941 adhuc
3216 2882 3418 2942 certius
3462 2898 3570 2939 non
3611 2881 3889 2941 viderent.

2298 2979 2453 3037 Unde
2480 2986 2537 3035 et
2561 2987 2685 3051 apte
2707 2976 3000 3034 subditur:
3024 2977 3100 3033 Et
3127 2976 3348 3048 caligine
3366 2974 3502 3031 illud
3519 2975 3671 3045 quasi
3684 2976 3894 3046 pannis

2300 3070 2544 3143 infantia;
2572 3072 2913 3128 obooloerem.
2944 3070 3089 3127 Dum
3120 3068 3267 3125 enim
3315 3067 3478 3125 rudes
3506 3067 3735 3140 populos
3777 3082 3893 3124 non

588 3141 776 3213 itaque
805 3140 1013 3198 dicitur
1030 3159 1043 3197 ε
1062 3144 1139 3198 Et
1156 3142 1545 3213 hicconfringes
1566 3149 1815 3198 tumentes
1832 3145 2023 3213 ﬂuctus
2045 3149 2179 3199 tuos.

2293 3140 2478 3235 aperta
2506 3160 2736 3234 spiritus
2750 3157 3141 3233 pradicatione
3157 3156 3401 3225 edocuit,
3431 3154 3526 3213 sed
3545 3155 3784 3227 ﬁgurata
3818 3155 3893 3212 lo-

586 3231 746 3301 Quod
790 3246 919 3287 vero
958 3230 1017 3287 in
1066 3230 1171 3288 hac
1214 3233 1568 3290 conclusione
1626 3233 1794 3290 maris
1829 3233 2071 3290 secundo
2117 3234 2185 3291 de

587 3319 747 3378 ostiis
789 3319 1016 3389 dicitur,
1060 3335 1215 3377 more
1249 3320 1394 3380 sacri
1422 3320 1652 3395 eloquii,
1699 3337 1789 3380 res
1832 3322 2000 3380 semel
2037 3321 2186 3380 dicta

588 3427 690 3486 pro
715 3408 1137 3470 conﬁrmatione
1164 3410 1484 3482 replicatur.

658 3525 747 3583 40.
771 3528 879 3584 Per
893 3542 1043 3583 mare
1064 3524 1290 3598 intelligi
1298 3531 1468 3599 potest
1481 3527 1752 3598 saeculum,
1777 3526 1864 3583 cui
1890 3528 2032 3586 Deus
2051 3529 2187 3587 ostia

590 3615 852 3689 opposuit,
882 3616 1006 3687 legis
1025 3622 1073 3672 et
1099 3615 1239 3673 Novi
1273 3616 1873 3689 Testamentipmcepta.
1905 3648 1976 3659 —
1995 3617 2051 3674 Si
2080 3634 2188 3674 au-

586 3713 700 3762 tem
730 3704 838 3762 hoc
864 3703 924 3761 in
954 3704 1075 3762 loco
1127 3720 1278 3761 mare
1318 3704 1564 3777 accipere
1591 3722 1705 3763 non
1737 3705 2048 3779 specialiter
2074 3714 2190 3764 tur-

588 3793 717 3852 bam
745 3794 1214 3868 persequentium,
1244 3793 1339 3851 sed
1380 3796 1712 3869 generaliter
1740 3798 2001 3854 saculum
2030 3796 2190 3854 debe.

590 3901 737 3954 mus,
768 3883 1011 3942 secundo
1040 3891 1235 3942 contra
1262 3884 1369 3942 hoc
1388 3900 1539 3942 mare
1558 3886 1831 3944 Dominus
1865 3887 2006 3944 ostia
2024 3903 2187 3960 oppo-

591 3975 725 4044 suit,
755 3974 888 4048 quia
914 3982 968 4032 et
996 3974 1152 4049 prius
1181 3974 1428 4033 humano
1464 3977 1647 4050 generi
1666 3985 1934 4050 pracepta
1952 3978 2106 4050 legis,
2137 3986 2190 4035 et

591 4063 942 4136 postmodum
962 4080 1120 4121 nova
1138 4065 1324 4137 gratia
1339 4073 1727 4122 testamentum
1760 4065 2189 4124 dedit.Secundo

592 4151 822 4226 objectis
838 4153 998 4212 ostiis
1012 4153 1180 4227 hujus
1208 4154 1375 4211 maris
1394 4154 1663 4228 impetum
1694 4155 1915 4225 clausit,
1943 4155 2075 4230 quia
2098 4172 2189 4212 eos

593 4259 730 4317 quos
756 4245 825 4303 ad
854 4243 1180 4319 obsequium
1209 4242 1297 4299 sui
1314 4244 1498 4300 cultus
1521 4244 1837 4317 assumpsit,
1867 4251 1921 4300 et
1941 4245 2095 4317 prius
2121 4243 2189 4300 ab

593 4331 758 4391 idolis
786 4333 916 4391 data
948 4334 1065 4407 lege
1108 4331 1374 4400 coercuit,
1404 4338 1458 4388 et
1484 4338 1609 4405 post
1650 4330 1718 4388 ab
1747 4330 2033 4389 intellectu
2060 4347 2190 4390 car-

594 4422 707 4479 nali
741 4424 915 4495 gratia
952 4423 1195 4481 revelata
1236 4420 1500 4481 correxit.
1551 4421 1805 4479 Secundo
1853 4438 2003 4479 mare
2049 4422 2190 4480 oStia

2293 3252 2515 3310 cutione
2548 3248 2835 3324 praceptis
2883 3247 3079 3304 littera
3109 3245 3391 3315 astrinxit,
3434 3243 3620 3301 adhuc
3672 3244 3894 3301 inﬁma

2294 3343 2567 3416 sapientes
2613 3339 2911 3396 verborum
2958 3354 3184 3395 suorum
3229 3337 3466 3410 caligine
3512 3337 3669 3409 quasi
3698 3336 3893 3409 pannis

2296 3432 2545 3489 infantia
2586 3429 2860 3497 obvolvit,
2909 3436 2974 3485 ut
3017 3427 3291 3485 mandatis
3331 3425 3700 3501 grossioribus
3740 3426 3890 3499 ligati

2295 3527 2624 3588 crescerent,
2654 3535 2724 3576 ne
2752 3519 2896 3576 male
2920 3519 3084 3576 liberi
3114 3519 3173 3575 in
3201 3518 3317 3575 suis
3344 3517 3728 3590 voluptatibus
3756 3517 3888 3591 peri-

2297 3620 2438 3671 rent.
2471 3612 2621 3680 Quos
2649 3609 2719 3667 ad
2747 3609 2896 3666 viam
2926 3607 3158 3682 justitia
3188 3608 3320 3665 dum
3350 3623 3463 3664 non
3486 3607 3603 3681 jam
3632 3607 3885 3673 charitas,

2297 3706 2392 3764 sed
2426 3703 2608 3762 adhuc
2653 3703 2821 3760 timor
2866 3701 3224 3774 astringeret,
3254 3702 3277 3735 ³
3325 3698 3517 3756 divina
3559 3697 3889 3771 dispensatio

2306 3796 2463 3871 quasi
2494 3795 2691 3868 pressit
2715 3800 2781 3850 ut
2815 3791 3072 3849 nutriret.
3104 3790 3365 3848 Inﬁrmus
3393 3805 3627 3863 namque
3655 3790 3889 3862 populus

2297 3902 2423 3944 cum
2452 3891 2847 3958 praceptorum
2881 3896 3091 3955 pannos
3138 3882 3334 3939 nolens
3362 3879 3601 3954 pertulit,
3633 3878 3700 3934 ad
3732 3880 3754 3913 ‘
3784 3877 3890 3933 ﬁr-

2298 3975 2525 4030 miorem
2548 3979 2749 4027 statum
2782 3987 2851 4027 ex
2890 3970 3008 4043 ipsa
3033 3986 3132 4027 sua
3165 3971 3427 4043 ligatione
3455 3968 3715 4043 pervenit.
3748 3967 3887 4034 Quia

2297 4063 2444 4120 enim
2464 4062 2632 4117 timor
2649 4077 2773 4118 eum
2805 4061 2958 4133 prius
2985 4076 3017 4116 a
3034 4062 3199 4134 culpa
3222 4060 3484 4129 coercuit,
3523 4064 3890 4133 competenter

2298 4152 2645 4228 postmodum
2664 4152 2723 4208 in
2738 4150 3047 4208 libertatem
3083 4152 3311 4225 spiritus
3331 4152 3534 4208 exivit.
3553 4151 3665 4207 Hos
3682 4165 3889 4223 pannos

2301 4243 2569 4313 infantia,
2601 4254 2741 4317 quos
2761 4241 3156 4300 inchoantibus
3184 4242 3359 4312 dedit,
3392 4241 3508 4317 ipse
3535 4258 3636 4316 per
3662 4239 3888 4316 prophe-

2298 4341 2408 4391 tam
2438 4332 2709 4389 Dominus
2724 4331 3097 4405 reprehendit,
3118 4332 3340 4391 dicens:
3370 4333 3502 4389 Dedi
3527 4333 3602 4389 eis
3632 4335 3889 4405 praecepta

2297 4441 2404 4480 non
2431 4424 2565 4479 bona
2597 4422 2813 4496 (Ezech.
2836 4438 2934 4492 xx,
2953 4422 3068 4496 25).
3101 4423 3244 4480 Mala
3262 4423 3414 4480 enim
3446 4424 3602 4497 quasi
3623 4423 3772 4479 mala
3788 4436 3895 4479 esse

593 4513 821 4585 accepit,
840 4512 970 4585 quia
1004 4513 1311 4571 humanum
1340 4527 1512 4586 genus
1538 4512 1691 4586 prius
1728 4514 1874 4571 Deus
1902 4513 1970 4571 ab
1999 4513 2190 4588 operi-
2221 4520 2272 4580 D
2302 4514 2564 4573 desinunt
2591 4512 2998 4586 comparatione
3026 4511 3299 4586 pej‘orum,
3328 4519 3383 4569 et
3398 4512 3545 4570 bona
3573 4512 3726 4587 quasi
3760 4511 3899 4568 bona

592 4598 698 4656 bus
727 4598 1040 4671 iniquitatis
1067 4600 1375 4672 prohibuit,
1419 4602 1773 4675 postmodum
1802 4619 1935 4659 vero
1967 4603 2132 4661 etiam
2162 4621 2194 4661 a

592 4687 944 4763 cogitationis
963 4689 1126 4762 culpa
1140 4689 1494 4747 constrinxit.
1520 4691 1822 4750 Videamus
1840 4692 2190 4766 quemadmo-

592 4780 727 4839 dum
754 4777 934 4854 prima
970 4777 1208 4837 tumenti
1242 4779 1379 4836 mari
1408 4781 1679 4839 Dominus
1724 4782 1866 4839 ostia
1922 4781 2188 4855 imponat.

593 4871 735 4929 Ecce
763 4867 913 4927 enim
952 4884 1050 4944 per
1083 4873 1228 4933 913
1276 4868 1473 4942 Legem
1523 4870 1730 4929 dicitur
1762 4885 1774 4925 :
1807 4871 1931 4928 Non
1971 4871 2190 4940 occides,

592 4985 701 5025 non
726 4969 1081 5037 machaberts,
1118 4986 1227 5026 non
1253 4968 1463 5041 furtum
1476 4968 1661 5041 facies,
1686 4986 1793 5026 non
1810 4969 2013 5043 falsum
2041 4968 2193 5027 testi-

598 5059 829 5116 monium
855 5060 990 5118 dices
1012 5058 1223 5133 (Exod.
1273 5075 1373 5128 xx,
1406 5058 1613 5132 13-16).
1647 5058 1948 5117 Videamus
1988 5074 2192 5134 quem—

595 5145 892 5206 admodum
914 5149 1170 5208 secundis
1188 5148 1297 5207 hoc
1316 5163 1464 5205 mare
1479 5148 1750 5205 Dominus
1769 5147 1927 5205 ostiis
1946 5146 2188 5206 claudat.

596 5232 738 5291 Ecce
752 5234 812 5292 in
831 5237 1132 5314 Evangelia
1151 5239 1290 5297 dicit
1314 5255 1325 5295 :
1344 5238 1589 5296 Audistis
1615 5238 1743 5310 quia
1763 5238 1960 5295 dictum
1988 5244 2065 5295 est
2089 5256 2192 5295 an-

601 5322 760 5393 tiquis
785 5343 796 5380 :
820 5328 942 5385 Non
954 5331 1307 5398 moechaberis;
1321 5348 1410 5403 ego
1427 5337 1605 5387 autem
1622 5330 1738 5387 dico
1750 5330 1918 5396 nobis,
1938 5328 2196 5401 quoniam

679 5551 697 5629 ξ
727 5552 1225 5629 '_I'ur9_n.,_apponit.

677 5623 698 5658 ²
727 5625 809 5681 Ita
837 5623 1096 5710 Y‘indoci,
1124 5631 1426 5710 .No‘rman”
1457 5633 1656 5710 haud,
1688 5632 1917 5710 Longip.
1966 5639 2020 5687 et
2044 5630 2139 5687 alii
2156 5648 2195 5710 _a

604 5694 1003 5776 .Gussanvillao
1032 5699 1137 5776 visi
1165 5717 1177 5763 ;
1212 5701 1351 5758 hanc
1405 5694 1552 5759 enim
1588 5694 1881 5760 lectionem
1910 5703 2193 5776 annotavit

603 5769 658 5822 in
690 5769 932 5842 margine
958 5786 968 5824 :
1004 5776 1058 5823 at
1093 5769 1149 5823 in
1182 5777 1337 5827 textu
1366 5789 1490 5829 cum
1524 5776 1733 5829 caeteris
1762 5774 1979 5831 excusis
2009 5773 2192 5841 habet,

2301 4622 2413 4663 non
2443 4611 2573 4662 sunt
2601 4604 3010 4677 comparatione
3057 4604 3370 4660 meliorum.
3403 4604 3539 4660 Nam
3570 4604 3716 4659 sicut
3750 4598 3896 4675 pejus

2301 4694 2643 4769 delinquenti
2671 4692 2871 4751 Judaa
2898 4692 2966 4750 de
2993 4692 3230 4751 Sodoma
3275 4702 3441 4767 atque
3484 4693 3733 4752 Samaria
3770 4689 3897 4749 dici-

2300 4794 2393 4844 tur
2424 4804 2436 4842 :
2468 4784 2780 4858 Justiﬁcasti
2804 4800 3012 4840 sorores
3042 4790 3163 4840 tuas
3185 4784 3242 4840 in
3264 4784 3506 4841 omnibus
3534 4781 3897 4840 abominatio-

2299 4876 2456 4932 nibus
2484 4873 2608 4940 tuis,
2640 4890 2773 4945 quas
2803 4879 3022 4946 operata
3050 4890 3102 4930 es
3135 4872 3350 4946 (Ezech.
3376 4891 3497 4945 xvr,
3528 4874 3648 4947 5i),
3683 4872 3761 4929 ita
3791 4888 3895 4929 me-

2300 4964 2531 5022 lioribus
2573 4963 2714 5021 Novi
2745 4961 3077 5022 Testamenti
3106 4964 3390 5039 praceptis
3441 4962 3898 5038 subsequentibus

2300 5064 2570 5130 pracepta
2596 5056 2742 5114 bona
2760 5072 2880 5130 qua
2910 5056 3146 5115 rudibus
3173 5056 3301 5115 data
3327 5065 3457 5115 sunt
3480 5072 3593 5114 non
3612 5057 3761 5115 bona
3787 5070 3898 5112 esse

2303 5155 2695 5205 memorantur.
2718 5148 2905 5221 Neque
2936 5149 3084 5205 enim
3115 5156 3327 5206 mentes
3355 5149 3479 5206 usui
3511 5148 3642 5204 vita
3662 5142 3899 5205 carnalis

2302 5237 2632 5295 inharentes
2676 5237 2837 5297 evehi
2866 5237 2934 5295 ab
2976 5237 3185 5303 inﬁmis
3213 5248 3455 5312 possent,
3487 5237 3596 5295 nisi
3627 5235 3894 5311 gradatim

2302 5327 2467 5385 ducta
2481 5326 2867 5401 praedicatione
2888 5327 3234 5400 proﬁcereut.
3255 5329 3398 5387 Hinc
3416 5328 3620 5402 quippe
3639 5335 3724 5383 est
3751 5322 3898 5399 quod

2304 5559 2470 5615 divini
2488 5557 2683 5626 judicii
2703 5561 2905 5615 occulta
2935 5576 3182 5615 mensura
3211 5566 3305 5616 est.

2377 5633 2397 5706 if
2428 5628 2837 5706 [eaud.,_di_oina
2853 5631 3249 5706 dispensatione
3275 5632 3432 5702 quasi
3446 5633 3659 5706 pressit.

2382 5703 2398 5736 ³
2431 5701 2576 5757 Idem
2609 5701 2766 5769 Cod,
2793 5703 2865 5757 ad
2889 5701 3192 5775 ﬁrmiorum
3222 5701 3436 5760 statum.
