4152 6182
328 305 433 362 473

1010 309 1384 368 MORALIUM
1422 311 1557 370 LIB.
1601 313 1858 373 XXVIII.
1898 347 1970 362 --
2006 320 2077 377 IN
2115 320 2342 380 CAPUT
2380 325 2670 384 XXXVIII
2711 331 2772 386 Β.
2813 332 2955 389 JOB.

3530 344 3634 403 474

324 435 383 490 in
416 433 662 505 Egypto
690 435 886 534 positis
912 437 1006 534 pio
1029 435 1291 535 justeque
1328 439 1704 535 moderamine
1735 442 1930 502 latenti
1959 450 2012 511 Α
2041 450 2203 521 perit,
2244 452 2499 508 elationis
2526 471 2637 511 sum
2666 455 2934 529 impetum
2974 461 3156 535 fregit,
3187 476 3240 523 et
3268 470 3504 528 transire
3521 489 3634 530 non

323 538 509 578 eorum
539 524 1004 596 concupiscentia
1024 525 1509 599 condescenditur,
1531 539 1585 587 et
1612 532 1926 594 vicinorum

321 628 547 670 suorum
583 613 729 668 vasis
761 616 941 672 aureis
970 618 1349 692 argenteisque
1369 620 1624 690 sublatis,
1647 623 1926 682 discedere

313 699 580 774 jubentur
603 700 808 773 (Exod.
843 721 932 772 ιιι,
959 707 1076 778 22).
1106 709 1211 776 Qui
1241 708 1309 765 ad
1329 710 1462 766 Sina
1477 721 1721 769 montem
1748 714 1921 784 ducti,

318 799 539 862 accepta
591 791 729 864 lege,
788 810 916 852 mox
960 796 1232 854 audiunt:
1285 801 1407 857 Non
1455 803 1779 876 concupisces
1812 822 1924 860 rem

311 879 557 953 prox-imi
588 880 667 935 tui
690 883 904 952 (Exod.
938 901 1035 954 xx,
1068 888 1182 958 17).
1212 888 1284 944 Et
1323 887 1455 947 hinc
1483 899 1564 947 est
1595 897 1750 955 914‘
1776 893 1923 966 quod

317 979 375 1034 in
406 979 596 1035 eadem
629 981 746 1051 lege
776 983 998 1038 oculum
1033 1001 1133 1056 pro
1164 987 1349 1055 oculo,
1380 988 1597 1046 dentem
1630 1008 1730 1064 pro
1758 991 1922 1049 dente

316 1068 720 1140 praecipiuntur
749 1069 968 1141 exigere
997 1072 1200 1144 (Exod.
1223 1091 1344 1144 xxx,
1363 1076 1481 1148 24),
1508 1085 1563 1132 et
1590 1078 1920 1151 quandoque

314 1163 520 1224 tamen,
555 1157 798 1214 revelata
844 1160 1037 1231 gratia,
1084 1166 1325 1234 percussi
1371 1167 1660 1224 maxillam
1691 1169 1917 1226 alteram

307 1245 578 1317 jubentur
612 1246 854 1319 praebere
901 1249 1112 1319 (Matth.
1150 1271 1206 1322 v,
1259 1253 1374 1326 39).
1423 1256 1562 1324 Quia
1605 1256 1754 1313 enim
1794 1259 1918 1330 plus

312 1350 530 1406 semper
569 1334 650 1390 ira
681 1336 738 1390 in
772 1336 1019 1394 vindicta
1056 1341 1230 1413 exigit
1255 1359 1419 1416 quam
1452 1344 1660 1416 injuria
1686 1347 1916 1418 accepit,

313 1422 447 1480 dum
478 1423 702 1481 discunt
731 1426 874 1482 mala
921 1443 1033 1484 non
1063 1431 1432 1503 multiplicius
1460 1434 1708 1504 reddere,
1736 1451 1919 1508 quan-

310 1514 492 1589 doque
523 1517 800 1574 discerent
827 1534 890 1574 ea
921 1527 974 1576 et
1022 1522 1391 1594 multiplicata
1441 1533 1634 1597 sponte
1662 1527 1914 1586 tolerare.

310 1603 457 1664 Hinc
476 1614 562 1662 est
581 1605 729 1680 quod
757 1608 1011 1664 eumdem
1040 1610 1232 1669 rudem
1251 1614 1515 1684 populum
1539 1632 1570 1671 a
1587 1615 1916 1689 quibusdam

309 1699 626 1772 prohibuit,
659 1699 912 1772 quaedam
946 1717 1078 1758 vero
1107 1703 1158 1758 ei
1188 1703 1245 1758 in
1276 1720 1438 1761 usum
1470 1706 1765 1778 pristinum
1795 1725 1919 1764 ser-

2037 541 2233 609 valuit,
2265 544 2287 577 ⁴
2317 543 2446 615 quia
2473 543 2593 616 ejus
2623 544 2952 605 fortitudine
2977 551 3182 610 furoris
3209 559 3292 613 sui
3333 563 3629 620 terminum

2035 629 2282 686 clausum
2313 631 2548 689 invenit.
2580 634 2732 692 Unde
2759 646 2904 694 recte
2933 655 3030 712 per
3043 641 3370 716 Prophetam
3390 650 3627 710 dicitur:

2032 719 2185 777 Mare
2211 722 2366 788 vidit,
2388 730 2435 778 et
2449 723 2592 796 fugit
2606 728 2785 796 (Psal.
2805 745 2961 799 cxm,
2986 731 3065 804 3).
3091 732 3326 793 Possunt
3351 740 3517 798 etiam
3535 761 3633 816 per

2033 815 2173 870 ostia
2201 823 2400 887 apertae
2429 818 2708 888 passiones
2739 821 2856 893 ejus
2885 839 2995 880 non
3042 825 3498 889 inconvenienter
3534 815 3631 891 iii-

2031 905 2226 977 telligi.
2259 907 2470 974 Quibus
2497 923 2567 964 ex
2594 913 2812 968 occulto
2835 922 3047 971 vectem
3068 918 3269 989 posuit,
3296 921 3427 994 quia
3449 939 3537 980 eas
3562 941 3630 981 ex

2031 995 2302 1052 invisibili
2333 997 2626 1057 divinitate
2671 1001 2970 1062 roboravit.
3021 1007 3224 1066 Contra
3253 1027 3387 1084 quas
3432 1015 3628 1072 mundi

2030 1085 2230 1142 ﬂuctus
2271 1089 2524 1157 veniunt,
2553 1091 2648 1176 sed
2690 1092 2848 1150 fracti
2892 1095 3199 1168 dissiliunt,
3241 1101 3370 1174 quia
3403 1103 3627 1176 superbi

2030 1173 2052 1209 ⁵
2085 1191 2174 1229 eas
2200 1175 2442 1233 videndo
2467 1174 2798 1251 despisiunt,
2833 1186 2927 1242 sed
2956 1202 3143 1245 earum
3166 1173 3312 1248 vires
3342 1173 3627 1266 expc—rien-

2028 1263 2099 1319 do
2125 1267 2538 1337 pertimescunt.
2569 1272 2704 1327 Nam
2738 1273 2870 1332 dum
2901 1279 3180 1350 passiones
3209 1263 3484 1357 unigeniti
3513 1285 3630 1342 hu-

2028 1370 2252 1411 manum
2299 1374 2468 1430 genus
2516 1361 2669 1432 prius
2717 1363 2913 1432 irrisit,
2939 1371 3307 1440 .postmodum
3359 1376 3621 1448 expavit;

2027 1446 2183 1518 quasi
2211 1455 2406 1503 contra
2432 1451 2680 1522 opposita
2705 1455 2864 1522 ostia,
2899 1473 3048 1514 more
3081 1460 3325 1519 elidendi
3359 1446 3545 1535 maris,
3573 1473 3626 1522 et

2026 1542 2242 1593 tumore
2270 1538 2473 1595 elatum
2501 1541 2673 1611 venit,
2706 1552 2759 1600 et
2782 1545 3016 1603 fractum
3048 1549 3255 1608 virtute
3285 1552 3551 1612 dissiluit.

2099 1626 2202 1683 Sed
2232 1628 2360 1700 quia
2385 1628 2591 1688 idcirco
2618 1633 2723 1691 hoc
2752 1634 2820 1689 ad
2850 1636 3070 1694 beatum
3099 1639 3202 1696 Job
3231 1640 3458 1712 dicitur,
3477 1652 3539 1700 ut
3557 1644 3626 1701 de

2026 1722 2110 1772 tot
2139 1716 2440 1775 virtutibus
2465 1721 2647 1778 cordis
2677 1723 2793 1795 ejus
2821 1727 2996 1798 gloria
3027 1739 3387 1801 premeretur,
3413 1749 3480 1790 ne
3515 1733 3621 1791 sibi

309 1789 489 1857 vavit,
522 1789 617 1846 sed
646 1788 765 1847 hac
794 1789 912 1863 ipsa
958 1798 1143 1848 tamen
1175 1793 1232 1849 in
1278 1794 1524 1893 melioris
1573 1797 1700 1852 vitae
1742 1796 1918 1869 ﬁgura
1955 1817 2000 1876 Β
2029 1806 2254 1864 fortasse
2283 1808 2490 1867 tribuat
2514 1814 2535 1847 ⁸
2564 1788 2720 1886 quod
2741 1831 2796 1871 se
2821 1788 2968 1872 stare
2997 1788 3313 1879 sublimiter
3343 1788 3625 1894 noniigno;

306 1879 644 1950 composuit.
675 1881 844 1937 Bruta
863 1897 1101 1954 namque
1117 1883 1379 1940 animalia
1407 1885 1572 1942 idolis
1588 1886 1647 1941 in
1673 1887 1916 1960 ngypto

308 1968 646 2038 mactabam,
686 1970 843 2045 eique
889 1971 946 2028 in
994 1988 1155 2029 usum
1193 1974 1545 2046 postmodum
1591 1976 1914 2032 animalium

306 2057 699 2116 mactationem
729 2059 982 2116 retinuit.
1015 2061 1109 2118 sed
1140 2062 1414 2120 idolorum
1446 2065 1660 2122 cultum
1683 2064 1913 2132 vetavit,

305 2154 369 2202 ut
400 2147 537 2205 dum
567 2149 635 2206 de
662 2166 769 2206 usu
814 2166 916 2206 suo
962 2151 1172 2225 aliquid
1211 2154 1507 2223 amitteret,
1539 2155 1916 2212 consolaretur

303 2234 430 2308 ejus
463 2238 758 2296 inﬁrmitas
789 2256 885 2312 per
919 2240 1025 2298 hoc
1045 2243 1192 2315 quod
1219 2243 1286 2300 de
1315 2261 1422 2300 usu
1449 2262 1548 2301 suo
1579 2246 1790 2318 aliquid
1821 2245 1915 2301 ha-

300 2325 480 2384 beret.
517 2329 534 2362 ¹
556 2330 696 2386 Mira
730 2337 915 2386 autem
944 2330 1354 2404 dispensatione
1401 2334 1642 2404 consilii,
1675 2335 1822 2408 quod
1864 2334 1915 2390 ei

297 2419 584 2477 Dominus
612 2420 680 2477 de
728 2421 1128 2478 consuetudine
1171 2426 1376 2481 carnali
1429 2425 1680 2494 retinuit,
1721 2425 1827 2482 hoc
1857 2426 1914 2480 in

295 2509 548 2582 ﬁguram
571 2509 803 2580 spiritus
832 2511 1112 2580 potentius
1141 2515 1330 2570 vertit.
1371 2515 1520 2582 Quid
1548 2516 1696 2570 enim
1736 2515 1915 2571 sacri-

294 2598 442 2655 ﬁcia
472 2597 698 2653 illorum
727 2598 1051 2656 animalium
1083 2601 1191 2656 nisi
1219 2602 1494 2674 unigeniti
1523 2613 1752 2661 mortem
1779 2606 1912 2662 desi-

297 2683 536 2754 gnant?
564 2683 708 2750 Quid
737 2685 1008 2743 sacriﬁcia
1045 2687 1268 2744 illorum
1315 2691 1641 2747 animalium
1673 2693 1779 2749 nisi
1809 2711 1915 2751 ex-

292 2771 671 2828 stinctionem
699 2773 934 2831 carnalis
962 2783 1162 2833 nostrae
1201 2779 1327 2834 vitae
1369 2780 1727 2852 signiﬁcant?
1761 2784 1913 2840 Unde

293 2855 441 2933 ergo
466 2860 837 2917 imbecillitati
869 2866 1057 2937 populi
1088 2867 1242 2923 rudis
1269 2869 1750 2942 condescenditur,
1783 2874 1912 2930 inde

292 2951 345 3006 ei
376 2966 486 3023 per
514 2949 868 3007 obumbratae
895 2953 1279 3026 allegoriarum
1309 2960 1518 3032 species
1547 2961 1723 3034 major
1740 2963 1912 3019 .forti-

295 3039 442 3096 tudo
489 3038 717 3110 spiritus
764 3043 1073 3100 nuntiatur.
1126 3046 1290 3103 Recte
1335 3047 1525 3121 itaque
1566 3050 1802 3107 dicitur:
1840 3054 1914 3108 Et

293 3128 529 3202 caligine
559 3129 694 3184 illud
722 3131 879 3200 quasi
899 3134 1098 3204 pannis
1136 3134 1382 3206 infantia:
1406 3139 1750 3207 obvolverem,
1782 3143 1911 3214 quia

294 3216 453 3273 unde
480 3216 599 3289 ejus
626 3219 1017 3277 teneritudinis
1047 3223 1269 3280 inﬁrma
1294 3228 1542 3298 pertulit,
1562 3228 1583 3262 ³
1599 3229 1727 3286 inde
1743 3232 1907 3288 altam

295 3305 771 3380 signiﬁcationum
803 3310 1137 3381 spiritalium
1167 3315 1369 3372 nubem
1398 3317 1550 3377 fecit.

371 3435 522 3510 [νει.
555 3439 794 3513 XVIII.]
825 3437 914 3496 42.
947 3443 1318 3499 Immoderatis
1354 3445 1524 3501 animi
1549 3449 1775 3504 motibus
1808 3466 1912 3522 op—

291 3526 479 3598 posita
512 3544 657 3582 nocte
682 3529 804 3584 vitta
831 3539 1095 3603 prwcepta
1123 3536 1375 3605 exempl-is
1408 3537 1609 3592 Christi
1633 3539 1908 3596 roborata.

295 3646 368 3657 —
401 3614 579 3682 Quem
609 3618 736 3690 quia
777 3628 1172 3691 praeceptorum
1220 3622 1397 3678 limite
1438 3625 1505 3681 ab
1537 3625 1914 3684 immoderatis

298 3705 486 3762 animi
507 3707 917 3779 evagationibns
932 3709 1134 3778 cinxit,
1155 3719 1301 3768 recte
1314 3712 1431 3783 subj
1441 3713 1555 3769 icit:
1580 3716 1916 3772 Circumdedi

301 3795 452 3851 illud
480 3797 710 3853 terminis
744 3799 892 3856 meis.
945 3801 1018 3854 Et
1061 3801 1186 3873 quia
1231 3800 1399 3873 hujus
1440 3802 1670 3858 humani
1705 3807 1915 3877 generis

299 3893 493 3942 motus
523 3886 691 3944 misso
710 3888 1011 3945 Mediatore
1034 3891 1299 3959 coercuit,
1331 3900 1454 3964 apte
1494 3892 1814 3967 subjungit:
1842 3898 1916 3952 Et

293 3975 460 4047 posui
492 3983 678 4032 vectem
703 3984 750 4033 et
769 3979 924 4034 ostia.
959 3979 1183 4036 Vectem
1216 3981 1417 4055 quippe
1446 3990 1500 4038 et
1539 3983 1678 4038 ostia
1708 3985 1909 4056 posuit,

300 4065 436 4138 quia
463 4065 827 4140 Redemptore
848 4077 1035 4125 nostro
1056 4077 1246 4126 contra
1261 4073 1450 4144 culpas
1469 4073 1909 4146 delinquentium

302 4155 496 4224 misso,
546 4174 704 4213 novae
747 4158 877 4215 vitae
930 4159 1356 4232 prredicamenta
1401 4163 1664 4219 ﬁrmavit.
1716 4164 1914 4223 Clausa

299 4261 544 4318 namque
564 4246 704 4303 ostia
720 4247 970 4320 opposito
991 4258 1146 4306 vecte
1167 4251 1515 4309 roborantur.
1538 4255 1764 4311 Vectem
1786 4273 1912 4328 ergo

300 4336 450 4390 Deus
479 4336 758 4408 opposuit,
792 4338 922 4410 quia
951 4346 1142 4394 contra
1186 4338 1420 4397 lascivos
1468 4349 1652 4398 motus
1683 4343 1910 4400 humani

302 4423 520 4494 generis
567 4425 918 4498 unigenitum
969 4425 1145 4495 misit,
1177 4429 1272 4501 qui
1307 4437 1578 4502 praecepta
1619 4421 1909 4503 spiritalia,

2026 1909 2129 1968 rat,
2152 1917 2278 1957 cum
2311 1911 2513 1975 quanta
2543 1904 2658 1976 ejus
2688 1906 3050 1964 aedificatione
3080 1911 3192 1967 sint
3220 1913 3368 1970 dicta
3396 1931 3624 1987 perpen-

2026 1987 2229 2058 dimus,
2275 1995 2418 2054 915
2456 1993 2502 2049 si
2555 1993 2671 2051 haec
2716 1996 2883 2051 etiam
2931 1999 3218 2055 moraliter
3258 2001 3618 2062 disseramus.

2025 2087 2183 2144 Dicat
2205 2087 2388 2162 itaque
2412 2107 2424 2145 :

2613 2179 2840 2240 CAPUT
2880 2185 3030 2242 XIX.

2097 2265 2267 2324 Vens.
2295 2268 2348 2325 8.
2379 2299 2448 2311 —
2479 2270 2611 2337 Quis
2637 2274 2889 2329 conclusit
2916 2275 3064 2330 ostiis
3090 2277 3286 2332 mare?

2095 2355 2184 2413 43.
2221 2358 2328 2415 Cor
2353 2359 2641 2436 humanum
2668 2379 2816 2418 mare
2856 2363 3082 2433 ferum,
3127 2365 3268 2436 quod
3295 2367 3436 2422 Deus
3481 2369 3627 2425 solus

2025 2449 2166 2504 valet
2181 2465 2428 2506 coercere.
2443 2435 2516 2492 :-
2536 2450 2682 2519 Quid
2707 2459 2790 2508 est
2819 2468 2988 2523 mare,
3011 2453 3118 2510 nisi
3145 2435 3243 2512 cor
3262 2463 3512 2513 nostrum
3536 2457 3621 2513 fu-

2026 2555 2148 2594 rore
2163 2538 2468 2609 turbidum,
2482 2541 2622 2598 rixis
2638 2558 2906 2612 amarum,
2923 2545 3158 2602 elatione
3174 2546 3442 2618 superbiae
3459 2546 3623 2603 tumi-

2025 2628 2177 2699 dum,
2201 2630 2391 2687 fraude
2412 2632 2635 2688 malitiae
2656 2633 2950 2690 obscurum
2963 2635 2993 2690 ?
3013 2634 3166 2703 Quod
3191 2651 3338 2691 mare
3353 2644 3623 2709 quantum

2023 2717 2234 2789 saviat,
2269 2721 2502 2778 attendit
2533 2723 2784 2796 quisquis
2812 2726 2831 2758 ⁷
2864 2724 2922 2779 in
2953 2739 3009 2780 se
3045 2727 3288 2782 occultas
3321 2727 3624 2799 cogitatio—

2023 2827 2156 2866 num
2180 2813 2510 2869 tentationes
2538 2813 2816 2885 intelligit.
2848 2816 2990 2872 Ecce
3038 2817 3186 2872 enim
3211 2816 3327 2889 jam
3356 2834 3626 2890 perversa

2023 2901 2410 2973 relinquimus,
2437 2903 2551 2976 jam
2587 2903 2878 2960 desideriis
2920 2906 3085 2961 rectis
3120 2906 3475 2973 inhaeremus,
3503 2907 3619 2979 jam

2025 3007 2193 3061 prava
2220 3008 2384 3064 opera
2413 2993 2550 3049 foris
2578 2989 2954 3051 abscindimus
2978 3013 2990 3061 ;
3027 2995 3123 3051 sed
3168 3004 3352 3050 tamen
3383 2997 3620 3054 latenter

2024 3080 2173 3138 intus
2199 3097 2261 3137 ea
2290 3098 2416 3138 cum
2443 3099 2550 3154 qua
2580 3083 2688 3139 huc
2722 3084 2979 3139 venimus
3007 3085 3137 3141 vitae
3158 3085 3350 3142 viteris
3383 3088 3627 3160 procella

1941 3183 1984 3243 ο
2021 3169 2336 3243 fatigamur,
2355 3187 2518 3244 quam
2535 3172 2642 3228 nisi
2664 3180 2914 3244 respectu
2925 3172 3125 3246 judicii
3141 3181 3194 3231 et
3211 3177 3404 3232 aeterni
3425 3191 3630 3248 pavore

2019 3261 2282 3316 tormenti
2327 3261 2584 3318 immensi
2635 3261 2848 3319 timoris
2893 3263 3131 3321 claustra
3160 3266 3621 3350 constringerent,

2019 3361 2219 3410 cuncta
2247 3354 2304 3409 in
2337 3352 2496 3408 nobis
2528 3353 2749 3428 penitus
2778 3355 3196 3428 superaediﬁcati
3222 3359 3404 3430 operis
3432 3359 3626 3415 funda-

2021 3453 2205 3501 menta
2233 3446 2588 3503 corruissent.
2619 3447 2673 3504 Si
2713 3450 2863 3504 enim
2909 3450 3055 3522 quod
3092 3467 3189 3522 per
3217 3453 3624 3523 suggestionem

2021 3536 2178 3590 saevit
2203 3536 2556 3605 intrinsecus,
2594 3555 2690 3610 per
2719 3539 3170 3597 deliberationem
3203 3539 3348 3597 foras
3376 3557 3624 3615 erumpe-

2023 3630 2124 3690 ret,
2152 3624 2281 3680 vitaa
2312 3635 2512 3682 nostras
2541 3626 2748 3683 fabrica
2777 3629 3028 3685 funditus
3043 3646 3236 3685 eversa
3253 3628 3537 3701 jacuisset.
3563 3633 3622 3688 In

2026 3711 2316 3784 iniquitate
2343 3731 2578 3787 namque
2607 3717 2880 3787 concepti,
2902 3726 2956 3772 et
2977 3719 3032 3772 in
3052 3719 3258 3775 delicto
3288 3721 3422 3776 editi
3446 3722 3620 3791 (Psal.

2025 3818 2076 3868 1.,
2109 3802 2189 3871 7),
2221 3819 2316 3873 per
2354 3803 2536 3858 insitae
2564 3805 2935 3874 corruptionis
2955 3807 3234 3862 molestias
3265 3823 3500 3878 pugnam
3524 3825 3620 3862 no-

2023 3889 2237 3945 biscum
2269 3890 2380 3945 huc
2407 3890 2725 3958 deferimus,
2757 3908 2916 3964 quam
2940 3909 3065 3948 cum
3097 3893 3282 3948 labore
3309 3895 3620 3952 vincamus.

2023 3978 2176 4034 Unde
2206 3986 2260 4033 et
2282 3986 2428 4036 recte
2453 3979 2520 4034 de
2550 3979 2654 4036 hoc
2688 3981 2823 4035 mari
2854 3980 3089 4037 dicitur:
3124 3983 3350 4049 Quando
3383 3997 3616 4056 erumpe-

2023 4069 2127 4135 bat,
2157 4069 2312 4139 quasi
2330 4069 2394 4124 de
2419 4070 2578 4125 vulva
2602 4071 2905 4142 procedens.
2931 4072 3114 4130 Vulva
3143 4071 3289 4128 enim
3322 4089 3502 4146 pravae
3531 4092 3620 4132 co-

2023 4158 2304 4229 gitationis
2338 4159 2704 4217 adolescentia
2733 4169 2831 4218 est.
2872 4163 2951 4218 De
2992 4180 3099 4236 qua
3137 4179 3233 4236 per
3259 4164 3487 4237 Moysen
3515 4167 3621 4222 Do-

2022 4249 2206 4304 minus
2233 4247 2401 4305 dicit:
2437 4250 2628 4306 Sensus
2661 4250 2798 4306 enim
2824 4258 2872 4307 et
2899 4252 3141 4323 cogitatio
3185 4254 3403 4309 humani
3442 4257 3619 4311 cordis

2015 4354 2193 4408 prona
2219 4343 2294 4393 est
2319 4339 2378 4393 in
2414 4341 2614 4395 malum
2643 4341 2710 4395 ab
2739 4341 3089 4397 adolescentia
3117 4359 3215 4398 sua
3248 4343 3456 4415 (Genes.
3489 4361 3613 4412 vm,

2021 4428 2084 4483 2i
2096 4429 2136 4500 ).
2169 4427 2552 4500 Corruptionis
2569 4445 2805 4502 namque
2826 4431 3054 4500 malum,
3073 4431 3220 4504 quod
3235 4433 3616 4506 unusquisque

301 4528 425 4584 quae
449 4513 726 4586 loquendo
751 4514 964 4583 docuit,
996 4514 1204 4587 agendo
1233 4517 1515 4573 solidavit.
1550 4518 1697 4576 Bene
1725 4530 1907 4578 autem
1944 4538 1992 4596 ι)
2021 4525 2269 4572 nostrum
2320 4517 2387 4571 ab
2416 4525 2540 4572 ortu
2585 4518 2983 4575 desideriorum
3015 4521 3315 4577 carnalium
3355 4522 3610 4594 sumpsit,

303 4600 598 4656 subditur:
631 4605 705 4659 Et
730 4603 850 4658 dimi
869 4620 879 4658 :
923 4603 1200 4674 Hucusque
1229 4605 1419 4673 venies,
1451 4613 1630 4661 etnon
1661 4611 1910 4681 procedes

301 4692 559 4764 amplius,
591 4698 640 4749 et
672 4692 754 4748 hic
781 4691 1080 4763 confringes
1125 4698 1373 4748 tumentes
1399 4697 1590 4765 ﬂuctus
1633 4704 1766 4753 tuos.
1798 4701 1912 4756 Hoc

304 4779 509 4852 quippe
540 4795 687 4835 mare
715 4780 855 4836 ostia
874 4778 1059 4852 priora
1075 4782 1508 4853 transcenderat,
1527 4786 1656 4858 quia
1676 4787 1912 4842 claustra

305 4867 442 4940 legis
475 4869 740 4942 oppositae
769 4869 999 4926 humani
1039 4871 1273 4928 tumoris
1311 4874 1459 4930 unda
1490 4877 1511 4909 ³
1539 4875 1905 4933 transiliebat.

305 4959 379 5013 At
397 4966 692 5031 postquam
723 4959 963 5016 mundus
990 4961 1306 5032 oppositum
1327 4962 1435 5020 sibi
1457 4965 1807 5036 unigenitum
1829 4984 1909 5024 re-

385 5160 397 5191 ¹
434 5158 664 5240 ’ζῃτοηη
686 5156 960 5226 Laudun.,
993 5159 1217 5230 Pratel.,
1250 5162 1492 5218 miri.....
1526 5163 1910 5236 dispensatione

306 5233 537 5285 consilii.

379 5302 405 5339 ²
433 5301 696 5371 Vindoc.,
728 5301 950 5359 Ehroic.
984 5311 1036 5359 et
1063 5303 1159 5358 alii
1190 5305 1406 5369 Norm.,
1437 5305 1558 5359 inde
1586 5309 1827 5363 alteram.

383 5375 403 5406 ³
437 5373 696 5442 Vindoc.,
728 5373 926 5443 Laud.,
956 5373 1118 5431 Corb.
1155 5375 1366 5440 Germ.,
1405 5377 1628 5444 Pratel.,
1663 5379 1902 5434 saliebat.

384 5446 405 5477 ⁵
433 5444 930 5517 TuronLetCorb.
965 5445 1173 5517 Germ,
1210 5446 1336 5516 quia
1367 5446 1480 5516 ejus
1515 5447 1903 5517 fortitudinem.

310 5515 509 5590 Pratel.
552 5523 605 5571 et
636 5515 799 5572 Corb.
842 5517 1025 5572 Germ.
1076 5515 1277 5572 habent
1306 5515 1522 5574 clausus
1547 5520 1762 5590 invenit,
1796 5539 1906 5577 non

308 5589 708 5737 διαέυῗὶἔνῗᾲοῴ,
732 5657 1150 5737 Gerni_.,_haud._
1167 5659 1468 5737 _etAcodices
1496 5662 1562 5737 ad
1588 5680 1724 5737 quos
1750 5664 1907 5737 facta}

309 5738 446 5802 sunt
471 5733 618 5789 Edit.
671 5734 839 5789 Paris.
884 5731 1022 5788 1495
1046 5739 1099 5788 et
1132 5731 1287 5800 1518,
1317 5749 1379 5788 ac
1419 5731 1619 5802 Basil.,'
1656 5735 1810 5791 1514.
1844 5738 1906 5792 In

310 5801 484 5859 Gilot.
512 5811 566 5862 et
594 5805 718 5861 aliis
749 5811 944 5877 poster.
979 5802 1208 5876 legimus
1236 5804 1475 5873 vivendo,
1507 5801 1648 5864 sicut
1686 5808 1744 5864 in
1773 5809 1902 5865 Mss.

2024 4607 2044 4641 ³
2065 4607 2122 4660 in
2139 4612 2398 4678 provectu
2421 4605 2596 4663 atatis
2610 4616 2856 4675 exercet;
2890 4615 2945 4664 et
2961 4607 3068 4666 nisi
3093 4609 3198 4667 hoc
3221 4611 3386 4668 citius
3408 4611 3614 4667 divinae

2020 4695 2334 4752 formidinis
2373 4712 2568 4753 manus
2599 4697 2882 4768 reprimat,
2921 4715 3084 4755 omne
3126 4700 3362 4757 conditas
3400 4709 3611 4756 natura)

2019 4785 2224 4840 bonum
2257 4793 2476 4858 repente
2503 4787 2664 4859 culpa
2684 4787 2740 4842 in
2761 4787 3095 4860 profundum
3118 4797 3293 4844 vorat.
3321 4789 3491 4843 Nemo
3514 4787 3610 4858 igi-

2018 4880 2109 4928 tur
2136 4874 2240 4929 sibi
2257 4875 2651 4947 cogitationum
2673 4893 2894 4933 suarum
2922 4877 3211 4932 victoriam
3234 4874 3461 4941 tribuat,
3484 4891 3610 4932 cum

2019 4963 2235 5020 Veritas
2281 4964 2463 5020 dicat:
2520 4967 2649 5032 Quis
2690 4967 2942 5022 conclusit
2981 4964 3130 5020 ostiis
3180 4980 3349 5027 mare,
3397 4964 3611 5034 quando

2017 5164 2240 5248 Pratel.,
2271 5165 2422 5248 Utic.
2455 5166 2684 5248 aliisque
2709 5167 2894 5248 Diom}.
3185 5243 3195 5248 ᾗ
3387 5238 3399 5248 _
3421 5237 3456 5248 η

2090 5238 2110 5271 ⁶
2140 5237 2344 5293 Turon.
2378 5247 2430 5293 et
2477 5237 2673 5306 Laud,
2721 5239 2873 5304 Quod
2916 5255 2967 5291 se
3012 5254 3118 5292 non
3149 5243 3290 5292 stare
3316 5237 3611 5294 sublimiter

2018 5324 2123 5390 non
2163 5308 2393 5390 ignorat.
2435 5310 2764 5390 ‘Lectionenr
2798 5316 3062 5377 nostram,
3095 5318 3330 5390 qumﬁest‘
3355 5311 3607 5390 omnium

2018 5379 2332 5453 Editorum,
2361 5379 2564 5453 habent
2587 5381 2684 5436 alii
2712 5381 2864 5447 Mss.,
2888 5379 3188 5453 praesertim
3207 5381 3602 5453 Corb.iGerm.,

2018 5451 2240 5526 Pratel.,
2255 5452 2561 5526 _caeterique
2585 5453 2773 5526 Norm.
2793 5451 2926 5526 Eam
2951 5452 3242 5526 conﬁrmat
3258 5452 3404 5526 quod
3421 5453 3607 5526 iniﬁne

2019 5521 2184 5596 hujus
2214 5522 2339 5578 libri
2367 5521 2596 5596 legitur:
2630 5525 2826 5580 Beatus
2853 5524 3017 5596 igitur
3043 5525 3160 5592 Job,
3191 5541 3254 5579 ne
3273 5521 3382 5580 sibi
3410 5525 3608 5581 tribuat

2017 5595 2158 5664 quod
2184 5602 2368 5650 contra
2391 5595 2654 5666 procellas
2682 5596 2856 5651 cordis
2878 5595 3095 5666 fortiter
3122 5602 3245 5653 stat.
3278 5597 3409 5665 Quae
3438 5597 3605 5652 verba

2018 5673 2272 5722 evertunt
2296 5667 2587 5723 lectionem
2617 5669 2744 5724 Mss.
2778 5668 2946 5724 Laud.
2980 5677 3033 5724 et
3069 5670 3278 5724 Turon.

2089 5740 2109 5822 ἶ
2140 5739 2292 5822 haud
2300 5783 2309 5794 .
2322 5783 2336 5807 ,
2367 5741 2600 5822 occultas.
2624 5741 2787 5822 cogita
2796 5741 2973 5822 tio-nes.
3172 5819 3181 5822 _
3549 5811 3559 5822 ο

2089 5810 2110 5844 ⁸
2150 5810 2409 5880 Vindoc.,
2435 5811 2655 5871 Ebroic.
2682 5819 2736 5868 et
2765 5813 2861 5881 aL,
2892 5815 2946 5868 in
2971 5819 3309 5884 prooectu....
3334 5828 3387 5869 se
3412 5811 3600 5867 exerit.
