4152 6182
533 308 640 366 475

1736 305 1985 362 SANCTI
2030 306 2367 364 GREGORII
2405 307 2631 364 MAGNI

3729 311 3833 368 476

532 428 852 500 erumpebat,
901 428 1056 499 quasi
1106 428 1168 483 de
1207 429 1368 485 vulva
1393 429 1724 502 procedens?
1766 429 1907 496 Quia
1935 428 2039 484 nisi
2071 430 2215 504 abA
2243 431 2354 498 bet,
2387 432 2446 487 in
2475 431 2801 506 quibusdam
2833 449 2963 490 vero
3010 434 3136 492 illos
3181 435 3344 491 etiam
3395 452 3427 490 a
3471 434 3838 494 delectatione

533 518 652 591 ipso
706 517 1056 591 cogitationis
1112 519 1417 592 primordio
1463 519 1649 576 cordis
1703 518 1904 576 ﬂuctus
1960 521 2135 592 gratia

533 604 726 662 divina
754 607 1035 676 retineret,
1058 609 1427 664 tentationum
1443 608 1703 681 procellis
1729 624 1878 664 mare
1898 608 2132 666 saeviens

532 701 731 752 terram
763 696 954 768 procul
982 696 1154 752 dubio
1200 696 1454 753 humanae
1498 697 1698 753 mentis
1738 697 2032 767 obruisset,
2073 707 2134 754 ut

533 784 690 841 salsis
722 784 978 842 ﬂuctibus
1006 785 1226 858 perfusa
1271 792 1556 853 aresceret,
1589 785 1646 841 id
1695 793 1778 843 est
1807 787 2133 859 perniciosis

505 863 715 932 carnis
744 875 1122 947 voluptatibus
1159 875 1426 931 delectata
1467 875 1761 948 deperiret.
1813 877 1976 934 Solus
2005 894 2132 950 ergo

531 964 804 1022 Dominus
836 964 995 1020 ostiis
1022 981 1172 1020 mare
1199 964 1503 1032 concludit,
1548 965 1643 1037 qui
1676 965 1862 1037 pravis
1893 966 2134 1023 motibus

532 1055 715 1111 cordis
759 1057 995 1112 claustra
1042 1055 1322 1128 inspirata
1367 1055 1682 1112 formidinis
1729 1055 1944 1128 objicit.
1995 1057 2135 1124 Quia

537 1161 670 1201 vero
700 1160 762 1200 ea
808 1161 928 1217 qua
979 1143 1260 1200 cernimus
1303 1145 1456 1217 sequi
1505 1145 1884 1218 prohibemur,
1931 1147 2060 1220 quia
2103 1163 2134 1202 a

531 1251 914 1307 corporearum
936 1251 1120 1290 rerum
1151 1234 1513 1292 delectatione
1543 1235 1913 1303 retundimur,
1949 1237 1962 1269 ¹
1999 1235 2132 1291 libet

530 1323 695 1379 etiam
727 1323 797 1378 ad
844 1322 1155 1378 invisibilia
1199 1325 1388 1380 oculos
1419 1324 1620 1380 mentis
1665 1324 1938 1393 attollere,
1969 1332 2133 1397 atque

530 1410 650 1468 hac
675 1412 793 1484 ipsa
835 1429 956 1485 qua
1000 1412 1154 1484 sequi
1201 1413 1551 1485 pracipimur
1595 1413 1800 1468 videre.
1849 1412 1956 1469 Sed
1999 1411 2134 1485 quid

529 1500 743 1572 agimus
759 1502 786 1556 ‘l
815 1501 1057 1558 Inﬁrmis
1086 1501 1183 1557 illa
1201 1503 1484 1558 obtutibus
1505 1502 1740 1559 necdum
1763 1508 1968 1573 patent.
1990 1503 2133 1559 Ecce

530 1590 598 1648 ad
629 1608 818 1648 eorum
862 1609 1102 1649 amorem
1142 1609 1426 1660 vocamur,
1479 1593 1572 1648 sed
1618 1600 1802 1648 tamen
1841 1609 1872 1646 a
1919 1592 2133 1648 visione

528 1679 934 1750 restringimur,
968 1680 1097 1752 quia
1126 1689 1180 1736 et
1207 1681 1253 1736 si
1285 1679 1504 1753 quando
1543 1677 1758 1750 aliquid
1804 1677 1998 1733 furtim
2027 1695 2134 1749 pa-

530 1785 765 1843 rumque
794 1771 1118 1842 aspicimus,
1167 1772 1270 1827 sub
1316 1771 1530 1826 incerto
1588 1768 1756 1824 nimis
1798 1767 1978 1824 adhuc
2009 1769 2132 1824 visu

529 1858 847 1930 caligamus.
883 1859 1035 1916 Unde
1059 1866 1181 1931 apte
1206 1858 1561 1930 subjungitur
1587 1875 1599 1913 :

965 1974 1190 2032 CAPUT
1216 1976 1322 2031 xx
1355 1973 1493 2048 [Vet.
1518 1974 1697 2048 XIX].

602 2060 771 2119 Vnus.
795 2065 849 2119 9.
870 2094 942 2105 —
974 2067 1106 2122 Cum
1130 2083 1375 2137 ponerem
1403 2066 1590 2120 nubem
1617 2065 1972 2121 vesti-mentum
1993 2066 2127 2135 ejus,

529 2157 577 2206 et
603 2152 825 2223 caligine
851 2154 988 2209 illud
1016 2156 1172 2224 quasi
1194 2156 1390 2228 pan-uis
1413 2155 1658 2225 infantia
1675 2156 2017 2211 obvolverem.

599 2241 687 2297 44.
721 2244 831 2298 Hoc
857 2261 1004 2300 mare
1025 2245 1247 2301 tenebris
1273 2253 1320 2300 et
1345 2246 1567 2318 caligine
1594 2247 1995 2302 obootvitur.—
2013 2247 2130 2302 Hoc

530 2347 678 2388 mare
706 2333 1133 2403 tumultuosum,
1179 2335 1438 2392 videlicet
1483 2335 1914 2408 cogitationibus
1949 2336 1970 2369 ²
2015 2334 2129 2389 ﬂu-

529 2428 722 2478 ctuans
754 2439 850 2479 cor
877 2432 1128 2481 nostrum
1158 2424 1304 2481 nube
1333 2425 1586 2494 vestitur,
1610 2408 1739 2498 quia
1756 2441 1825 2482 ne
1855 2426 2127 2480 internam

529 2510 766 2583 quietem
800 2529 934 2584 pure
963 2514 1286 2587 conspiciat,
1319 2514 1724 2587 inquietudinis
1766 2531 1876 2570 sua
1921 2515 2129 2571 confu-

531 2600 686 2658 sione
713 2605 1050 2660 tenebratur.
1084 2607 1200 2662 Hoc
1217 2621 1365 2661 mare
1393 2606 1625 2676 caligine
1646 2605 1802 2677 quasi
1823 2604 2022 2675 pannis
2045 2604 2128 2660 in-

530 2692 717 2750 fantia
746 2693 1087 2763 obvolvitur,
1119 2696 1247 2767 quia
1267 2712 1298 2751 a
1326 2692 1766 2765 contemplandis
1795 2693 2127 2749 sublimibus

528 2779 710 2837 adhuc
738 2783 942 2839 teneris
971 2784 1222 2840 sensibus
1249 2801 1360 2840 sua
1393 2782 1734 2840 inﬁrmitatis
1762 2781 1981 2854 ligatur.
2017 2783 2129 2839 Vi-

529 2869 754 2928 deamus
782 2873 1012 2930 Paulum
1040 2873 1275 2946 quadam
1298 2874 1532 2945 caligine
1552 2871 1705 2945 quasi
1733 2871 1981 2926 infantia
1997 2887 2126 2942 pan-

527 2962 615 3018 nis
644 2962 993 3032 obvolutum,
1011 2964 1144 3020 dum
1175 2965 1282 3020 ait:
1326 2964 1566 3025 Videmus
1585 2979 1724 3016 nunc
1746 2978 1846 3033 per
1862 2963 2128 3032 speculum

525 3050 583 3105 in
606 3054 900 3125 anigmate,
950 3062 1073 3110 tunc
1113 3062 1286 3111 autem
1316 3055 1452 3126 facie
1495 3055 1567 3109 ad
1607 3053 1817 3124 faciem.
1852 3053 2007 3109 Nunc
2033 3068 2129 3105 co-

2161 1819 2208 1880 B

2243 521 2544 593 restringit,
2577 522 2842 578 nimirum
2873 524 3079 580 furenti
3107 523 3245 580 mari
3276 524 3544 580 terminos
3580 526 3838 599 imponit,

2243 619 2306 666 ut
2324 627 2665 685 nequaquam
2691 613 2747 667 in
2767 629 2928 685 opere
2947 621 3126 682 exeat,
3143 613 3236 669 sed
3259 613 3405 669 intra
3434 613 3619 669 sinum
3641 617 3840 672 mentis

2242 704 2605 760 tentationum
2649 704 3103 762 submurmurans
3151 721 3206 760 se
3254 704 3402 760 unda
3430 706 3675 762 collidat.
3709 707 3842 775 Qua

2243 792 2370 866 quia
2397 801 2532 849 tunc
2560 794 2805 849 valenter
2835 795 3210 867 restringitur,
3241 811 3367 850 cum
3397 794 3448 850 ei
3479 794 3841 854 delectatione

2241 885 2339 941 Dei
2367 894 2530 957 atque
2560 885 2840 958 inspiratis
2874 887 3179 944 virtutibus
3207 886 3486 956 obviatur,
3514 896 3660 946 recte
3700 890 3844 946 sub—

2237 973 2492 1047 jungitur
2509 993 2522 1031 :

2809 1065 3034 1124 CAPUT
3077 1066 3256 1122 XXII.

2314 1153 2482 1209 Vnus.
2519 1154 2606 1222 10,
2641 1155 2726 1212 ii.
2757 1185 2827 1197 —
2855 1158 2930 1212 Et
2945 1154 3102 1227 posui
3129 1161 3316 1210 vectem
3343 1160 3393 1209 et
3417 1154 3573 1221 ostia,
3604 1162 3654 1210 et
3682 1157 3799 1212 dixi
3828 1174 3842 1186 ·

2241 1242 2519 1314 Hucusque
2546 1245 2736 1314 venies,
2758 1252 2806 1300 et
2830 1263 2936 1300 non
2957 1245 3207 1317 procedes
3234 1245 3501 1316 amplius;
3533 1252 3582 1300 et
3599 1246 3681 1300 hic
3708 1263 3842 1302 con-

2241 1331 2440 1404 fringes
2473 1341 2720 1390 tumentes
2746 1339 2936 1406 ﬂuctus
2968 1342 3103 1391 tuos.

2312 1422 2400 1478 46.
2444 1425 2667 1482 Virtutes
2697 1426 2920 1497 dissipat
2954 1425 3094 1481 illud
3134 1441 3280 1480 mare
3308 1424 3541 1492 saviens,
3573 1426 3679 1480 nisi
3708 1428 3843 1481 cha-

2242 1510 2399 1565 ritate
2435 1514 2735 1583 ﬁrmentur.
2775 1545 2846 1556 —
2874 1514 3018 1582 Quid
3052 1513 3202 1569 enim
3242 1514 3526 1570 moraliter
3551 1530 3646 1586 per
3675 1513 3838 1582 ostia,

2241 1599 2349 1656 nisi
2373 1601 2634 1671 virtutes;
2669 1604 2806 1678 quid
2833 1621 2928 1678 per
2956 1613 3192 1674 vectem,
3224 1605 3332 1660 nisi
3363 1604 3530 1660 robur
3549 1604 3840 1661 charitatis

2240 1691 2591 1762 accipimus?
2629 1693 2756 1749 Hac
2798 1694 2979 1767 itaque
3009 1695 3168 1762 ostia,
3207 1693 3415 1751 scilicet
3455 1693 3840 1764 operationum

2241 1779 2639 1848 virtutes,illud
2653 1799 2800 1838 mare
2815 1800 2886 1839 sa
2895 1784 3047 1839 viens
3063 1781 3425 1855 dissipat,nisi
3438 1798 3526 1839 eas
3536 1799 3605 1838 ex
3621 1783 3845 1840 occulto

2241 1871 2440 1926 mentis
2455 1872 2704 1942 opposita
2719 1871 2958 1928 charitas
2972 1873 3257 1945 astringat.
3279 1874 3457 1930 Facile
3473 1881 3655 1929 autem
3676 1887 3845 1927 omne

2240 1958 2509 2015 virtutum
2538 1960 2744 2017 bonum
2774 1964 3076 2018 tentatione
3103 1963 3288 2020 cordis
3318 1965 3561 2019 irruente
3590 1963 3849 2019 destrui-

2239 2055 2348 2116 tur,
2378 2050 2488 2105 nisi
2515 2051 2583 2106 ab
2612 2051 2823 2108 intimis
2851 2052 2964 2107 ﬁxa
2991 2052 3258 2108 charitate
3287 2053 3576 2111 solidetur.
3599 2051 3754 2106 Unde
3784 2059 3851 2106 et

2238 2139 2439 2195 Paulus
2471 2140 2528 2195 in
2555 2141 2669 2197 suis
2697 2141 3180 2212 pradicationibus
3209 2142 3340 2197 dum
3371 2141 3622 2214 quadam
3658 2141 3848 2195 virtu-

2237 2234 2356 2282 tum
2403 2227 2541 2282 ostia
2573 2228 2710 2282 mari
2735 2229 3054 2285 tentationis
3092 2235 3412 2300 opponeret,
3447 2227 3600 2281 illico
3630 2226 3851 2282 eisdem

2238 2316 2394 2371 ostiis
2422 2317 2577 2388 quasi
2616 2318 2782 2374 robur
2831 2319 3005 2373 vectis
3049 2316 3327 2388 adjunxit,
3383 2315 3611 2370 dicens:
3671 2315 3852 2386 Super

2238 2406 2414 2460 omnia
2451 2413 2624 2462 autem
2652 2409 2756 2463 hac
2775 2408 3084 2463 charitatem
3109 2407 3370 2470 habentes,
3397 2404 3539 2475 quod
3563 2409 3637 2458 est
3663 2405 3850 2459 vincu-

2241 2498 2348 2552 lum
2370 2497 2708 2568 perfectionis
2741 2498 2970 2568 (Coloss.
3005 2513 3090 2563 ιιι,
3122 2497 3234 2566 ib).
3285 2492 3646 2550 Perfectionis
3689 2495 3847 2550 enim

2237 2588 2526 2645 vinculum
2554 2587 2796 2644 charitas
2839 2587 3066 2654 dicitur,
3098 2587 3227 2660 quia
3261 2603 3424 2642 omne
3454 2587 3660 2644 bonum
3691 2588 3846 2661 quod

2236 2677 2417 2748 agitur
2449 2675 2716 2732 nimirum
2748 2692 2842 2748 per
2864 2675 3014 2730 illam
3042 2692 3110 2730 ne
3141 2684 3324 2748 pereat
3354 2676 3574 2748 ligatur.
3595 2679 3641 2732 Α
3663 2684 3842 2732 tenta.-

2235 2772 2352 2820 tore
2385 2781 2621 2837 namque
2650 2766 2815 2822 citius
2835 2764 3122 2837 quodlibet
3148 2782 3284 2836 opus
3313 2766 3591 2832 evellitur,
3614 2765 3656 2819 si
3685 2766 3843 2820 solu-

2235 2865 2354 2912 tum
2383 2873 2415 2912 a
2448 2857 2674 2913 vinculo
2702 2855 2988 2912 charitatis
3031 2856 3346 2921 invenitur;
3380 2855 3423 2910 si
3463 2863 3640 2910 autem
3679 2871 3842 2911 mens

2236 2946 2334 3002 Dei
2364 2963 2427 3004 ac
2454 2946 2692 3019 proximi
2722 2945 3020 3002 dilectione
3047 2945 3464 3015 constringitur,
3491 2959 3613 2998 cum
3639 2949 3838 2998 tenta—

2236 3037 2452 3092 tionum
2483 3043 2665 3091 motus
2693 3035 2953 3108 qualibet
2981 3034 3032 3090 ei
3064 3033 3268 3106 injusta
3299 3032 3677 3106 suggesserim,
3711 3031 3836 3086 obi-

523 3121 727 3211 gnosw'
748 3161 813 3196 επ
835 3152 1012 3214 ριν.ιῶ
1047 3151 1166 3198 tum,
1193 3121 1368 3199 ante,"
1395 3121 1698 3213 οοθηοεάιηι
1735 3142 1934 3195 sicut“
1953 3141 2120 3210 609m;
2157 3177 2201 3236 Ο
2239 3140 2355 3236 cem
2380 3141 2436 3181 se
2467 3125 2580 3226 illis
2610 3125 2724 3196 ipsa
2755 3124 2981 3225 dilectio
3009 3121 3839 3236 opponitnet.prava-suasiouis

527 3236 609 3283 tus
636 3248 753 3284 sum
777 3233 833 3301 (Ι
863 3233 987 3287 Cor.
1015 3249 1139 3299 xm,
1173 3233 1284 3302 12).
1311 3231 1417 3298 Qui
1445 3231 1492 3285 si
1524 3247 1581 3283 se
1603 3233 1623 3264 ³
1654 3230 1720 3285 ad
1751 3230 2124 3303 comprehen-

521 3317 700 3374 denda
728 3320 971 3375 calestia
1019 3320 1287 3374 infantem
1341 3335 1451 3374 non
1492 3324 1760 3388 cerneret,
1809 3321 1986 3376 atatis
2013 3336 2125 3375 sua

523 3413 667 3472 916
696 3409 764 3464 ad
795 3408 911 3466 hac
941 3409 1406 3480 comparationem
1436 3408 1593 3464 nullo
1625 3409 1789 3466 modo
1820 3409 2126 3481 praemisis-

521 3516 622 3577 set,
644 3508 832 3564 dicens
855 3526 865 3563 :
905 3509 1038 3565 Cum
1062 3525 1220 3563 essem
1243 3509 1530 3579 parvulus,
1563 3509 1814 3580 loquebar
1840 3514 1898 3562 ut
1923 3523 2124 3577 parvu-

524 3600 626 3663 lus,
657 3597 922 3668 sapiebam
952 3603 1010 3652 ut
1046 3599 1334 3668 parvulus,
1382 3597 1675 3668 cogitabam
1728 3603 1786 3651 ut
1834 3597 2118 3667 parvulus.

521 3687 674 3743 Tunc
688 3701 817 3759 ergo
842 3687 910 3743 ad
932 3687 1102 3744 robur
1110 3686 1360 3758 juvenile
1379 3686 1824 3751 conscendimus,
1847 3700 1972 3740 cum
1991 3682 2123 3739 forti

519 3792 683 3832 sensu
711 3793 831 3833 eam
860 3777 928 3833 ad
957 3793 1119 3850 quam
1151 3776 1432 3832 tendimus
1460 3773 1632 3828 vitam
1663 3773 1946 3841 videmus;
1976 3791 2124 3833 nunc

519 3873 702 3922 autem
732 3865 1205 3939 quiaintentionis
1221 3871 1422 3920 nostra
1449 3861 1592 3918 acies
1619 3878 1715 3934 per
1744 3862 2122 3921 infirmitatem

519 3974 674 4013 suam
709 3957 778 4013 ab
812 3958 1032 4012 interna
1062 3956 1183 4011 luce
1213 3954 1550 4020 retunditur,
1569 3969 1723 4008 mens
1751 3955 2125 4026 nostraligata

522 4045 772 4100 infantia
801 4045 999 4114 pannis
1033 4051 1269 4098 tenetur.
1305 4041 1408 4096 Ubi
1439 4049 1563 4114 apte
1588 4041 1978 4114 subjuugitur:

1109 4133 1336 4190 CAPUT
1375 4136 1528 4192 XXI.

592 4224 764 4280 Vnus.
799 4224 883 4279 10.
914 4254 985 4264 -
1019 4223 1356 4280 Circumdedi
1384 4225 1519 4280 illud
1543 4225 1778 4280 terminis
1807 4224 1953 4279 meis.

593 4312 681 4368 45.
705 4311 810 4379 Qui
832 4312 1043 4367 termini
1069 4313 1188 4366 huic
1212 4313 1354 4368 mari
1378 4313 1561 4385 positi.
1586 4344 1655 4354 —
1682 4311 1956 4367 Terminis
1975 4310 2144 4366 enim.

521 4402 637 4457 suis
655 4400 926 4458 Dominus
954 4401 1060 4459 hoc
1087 4418 1234 4458 mare
1254 4403 1584 4470 circumdat,
1602 4401 1731 4474 quia
1750 4416 1845 4456 cor
1874 4407 2125 4455 nostrum

521 4490 704 4546 adhuc
721 4489 1092 4562 corruptionis
1111 4508 1221 4548 sua
1244 4492 1496 4548 molestia
1517 4498 1570 4545 et
1591 4506 1724 4546 cura
1742 4489 2123 4544 turbulentum

522 4580 624 4634 sub
656 4594 911 4635 mensura
933 4580 1418 4652 contemplationis
1448 4579 1732 4646 humiliat,
1755 4586 1816 4634 ut
1848 4579 1976 4634 licet
2003 4579 2127 4650 plus

522 4674 760 4740 appetat,
778 4669 925 4724 ultra
943 4676 1127 4724 tamen
1148 4685 1310 4740 quam
1329 4667 1434 4724 sibi
1456 4667 1779 4723 conceditur
1800 4683 1909 4722 non
1928 4683 2128 4723 ascen-

523 4757 634 4813 dat.
667 4757 770 4814 Vel
801 4765 946 4814 certe
975 4755 1228 4812 terminis
1257 4756 1372 4811 suis
1399 4757 1669 4812 Dominus
1699 4755 1805 4811 hoc
1833 4772 1982 4810 mare
2008 4755 2128 4828 cire

521 4847 764 4914 cumdat,
813 4847 943 4919 quia
987 4861 1082 4901 cor
1120 4851 1370 4899 nostrum
1408 4843 1808 4900 tentationibus
1848 4843 2124 4899 tumidum

521 4937 755 4993 occultis
801 4935 1073 4991 donorum
1124 4931 1614 4990 distributionibus
1667 4933 1903 5004 mitigat,
1963 4931 2124 4988 modo

521 5041 686 5097 agens
707 5011 786 5081 "ne
816 5039 983 5097 prava
1025 5021 1301 5094 suggestio
1348 5020 1416 5077 ad
1463 5020 1885 5080 delectationem
1917 5023 2123 5092 veniat,

525 5114 689 5171 modo
717 5129 784 5168 ne
816 5129 982 5185 prava
1009 5111 1302 5169 delectatio
1340 5126 1514 5183 usque
1543 5111 1614 5167 ad
1641 5128 1974 5168 consensum
2005 5129 2124 5184 pro-

523 5210 761 5275 rumpat.
795 5202 901 5269 Qui
946 5219 1073 5274 ergo
1106 5200 1329 5257 illicitos
1361 5208 1542 5256 motus
1571 5200 1755 5257 cordis
1793 5201 2038 5274 respicit,
2069 5209 2123 5258 et

525 5289 581 5346 in
610 5290 940 5362 quibusdam
969 5307 1060 5345 eos
1079 5306 1255 5362 usque
1275 5291 1343 5347 ad
1363 5307 1691 5347 consensum
1714 5291 1906 5347 venire
1939 5291 2124 5363 prohi-

604 5493 612 5564 ε
650 5490 812 5564 Corb.
847 5493 1031 5548 Germ.
1065 5501 1120 5548 et
1147 5494 1407 5561 Vindoc.,
1447 5495 1567 5550 libet
1586 5495 1725 5564 jam.

525 5633 559 5689 d
599 5563 619 5598 ³
648 5563 809 5618 Deest
837 5564 1100 5632 ﬂuctuans
1129 5565 1185 5620 in
1215 5566 1379 5622 Corb.
1420 5563 1629 5632 Germ.,
1663 5567 1862 5622 Pratel.
1897 5573 1950 5620 et
1983 5565 2129 5619 Vin-

563 5652 649 5689 oc.

563 5652 748 5763 0fita.
789 5707 1019 5772 TDI‘OD.,
1052 5705 1215 5762 Corb.
1269 5710 1477 5772 Germ.,
1539 5707 1733 5775 Laud,
1774 5708 1916 5764 Utic.
1950 5715 2005 5761 et
2033 5705 2128 5761 alii

2240 3217 2415 3272 undas
2431 3216 2700 3271 virtutum
2716 3215 2874 3270 ostiis
2904 3231 2970 3270 ac
2992 3223 3145 3271 vecte
3177 3214 3361 3269 intimi
3383 3212 3584 3268 amoris
3606 3212 3832 3284 frangit.

2237 3305 2373 3380 [Vet.
2406 3306 2550 3379 XX.]
2580 3306 2719 3372 Quia
2751 3321 2878 3376 ergo
2907 3304 3178 3360 Dominus
3205 3321 3302 3376 per
3329 3304 3607 3375 inspirata
3637 3303 3836 3360 chari-

2233 3397 2361 3451 tatis
2381 3394 2766 3451 fortitudinem
2798 3394 3083 3450 nascentia
3105 3395 3161 3450 in
3189 3393 3349 3449 corde
3380 3393 3520 3449 vitia
3560 3393 3834 3465 reprimit,

2236 3484 2567 3556 insurgentis
2585 3485 2749 3539 maris
2767 3483 3031 3554 impetum
3050 3499 3146 3554 per
3161 3481 3410 3538 obserata
3428 3483 3670 3538 claustra
3689 3499 3834 3538 com-

2235 3574 2424 3646 pescit.
2453 3575 2537 3630 Ira
2557 3573 2785 3630 fortasse
2806 3574 2864 3628 in
2886 3573 3102 3629 occulto
3119 3579 3436 3645 exasperat;
3465 3571 3561 3628 sed
3584 3589 3652 3628 ne
3681 3571 3835 3645 quies

2234 3679 2469 3737 superna
2498 3663 2774 3734 perdatur,
2809 3662 3209 3734 perturbationi
3239 3662 3437 3717 mentis
3467 3661 3710 3718 cilicium
3732 3661 3830 3716 lin-

2236 3768 2352 3824 gua
2375 3751 2740 3820 subtrahitur,
2772 3767 2840 3807 ne
2871 3767 3041 3824 usque
3070 3750 3136 3806 ad
3172 3767 3362 3807 vocem
3388 3757 3566 3817 exeat,
3598 3749 3745 3822 quod
3778 3750 3830 3803 in

2235 3840 2360 3895 sinu
2390 3841 2571 3897 cordis
2599 3842 3002 3896 tumultuosum
3022 3847 3199 3896 sonat.
3233 3840 3478 3896 Luxuria
3506 3839 3561 3892 in
3589 3838 3825 3893 occultis

2235 3929 2664 4000 cogitationibus
2695 3931 2716 3964 ‘
2745 3928 3100 3995 accenditur;
3131 3929 3224 3985 sed
3254 3946 3320 3985 ne
3350 3943 3633 4000 supernam
3656 3942 3826 3980 mun-

2235 4018 2428 4074 ditiam
2463 4036 2617 4075 mens
2649 4020 2885 4086 amittat,
2925 4027 3198 4091 concepta
3228 4019 3593 4076 immunditia
3619 4033 3680 4073 ea
3707 4033 3825 4089 qua

2234 4107 2490 4163 famulari
2520 4116 2771 4181 poterant
2800 4108 3048 4164 membra
3075 4110 3326 4182 castigat,
3348 4125 3416 4164 ne
3437 4124 3609 4180 usque
3629 4105 3696 4161 ad
3713 4121 3827 4160 cor-

2235 4198 2545 4269 ruptionem
2574 4198 2822 4269 corporis
2863 4197 3085 4254 exhalet
3113 4198 3255 4254 fetor
3292 4197 3494 4254 cordis.
3532 4199 3552 4231 ⁵
3584 4194 3831 4252 Avaritia

2234 4288 2500 4353 stimulat;
2520 4287 2613 4343 sed
2628 4305 2696 4343 ne
2713 4289 2921 4344 cmlesti
2934 4305 3101 4361 regno
3115 4296 3478 4367 mgnscareat,
3493 4293 3537 4351 9
3548 4295 3580 4348 1
3595 4294 3635 4348 7
3652 4290 3672 4321 δ
3687 4286 3833 4340 intra

2233 4387 2469 4442 claustra
2493 4403 2550 4442 se
2577 4385 2931 4458 parcimonia
2959 4394 3217 4443 contenta
3243 4386 3482 4458 propriis
3515 4385 3666 4456 ligat,
3688 4381 3830 4437 nein

2234 4492 2404 4548 pravo
2433 4492 2489 4531 se
2519 4492 2680 4548 opere
2718 4475 2930 4544 dilatet,
2963 4485 3016 4531 et
3049 4492 3221 4549 usque
3249 4475 3317 4531 ad
3349 4476 3649 4531 exteriores
3678 4479 3833 4528 actus

2236 4563 2464 4620 interna
2493 4565 2949 4636 concupiscentia
2980 4573 3143 4622 astus
3175 4565 3422 4621 exsudet.
3457 4562 3722 4636 Superbia
3754 4561 3830 4615 in-

2236 4653 2360 4722 flat;
2394 4654 2487 4712 sed
2509 4671 2576 4711 ne
2596 4672 2782 4712 veram
2812 4654 3192 4712 celsitudinem
3215 4655 3450 4723 amittat,
3469 4652 3835 4710 consideran-

2235 4743 2306 4798 do
2334 4745 2564 4818 quisque
2595 4746 2723 4818 quia
2751 4745 2936 4818 pulvis
2963 4752 3042 4800 est
3069 4745 3138 4800 ab
3161 4745 3453 4801 altitudine
3473 4762 3529 4800 se
3557 4751 3837 4815 concepta

2235 4833 2488 4890 elationis
2514 4833 2793 4902 humiliat,
2825 4842 3042 4890 certans
3071 4835 3336 4890 nimirum
3354 4851 3422 4891 ne
3451 4833 3599 4907 quod
3628 4833 3686 4888 in
3709 4848 3837 4902 sug-

2236 4924 2477 4994 gestione
2497 4923 2847 4995 cogitationis
2878 4925 3074 4980 tolerat
3093 4925 3150 4980 in
3167 4923 3620 4981 exercitationem
3651 4921 3837 4993 operis

2235 5020 2503 5085 erumpat.
2536 5013 2682 5068 Bene
2710 5029 2837 5085 ergo
2866 5013 3071 5070 dicitur
3095 5031 3105 5069 :
3140 5013 3303 5070 Posui
3327 5020 3514 5068 vectem
3532 5019 3579 5066 et
3598 5011 3760 5077 ostia,
3791 5016 3838 5065 et

2235 5103 2353 5159 diri
2373 5120 2388 5156 :
2416 5102 2694 5174 Hucusque
2722 5103 2911 5171 venies,
2942 5109 2990 5158 et
3017 5121 3120 5158 non
3144 5103 3390 5176 procedes
3414 5101 3668 5174 amplius,
3689 5106 3739 5154 et
3754 5100 3837 5155 hic

2234 5192 2533 5265 confringes
2577 5199 2820 5248 tumentes
2867 5196 3055 5264 [luctus
3100 5201 3234 5260 tuos,
3279 5194 3407 5268 quia
3447 5192 3580 5247 dum
3625 5192 3838 5248 electus

2234 5288 2463 5362 quisque
2493 5295 2547 5343 et
2575 5295 2816 5344 tentatur
2839 5288 3012 5356 vitiis,
3045 5296 3098 5343 et
3119 5297 3298 5344 tamen
3330 5287 3507 5344 facere
3537 5287 3679 5343 male
3701 5302 3838 5357 sug-

2237 5491 2433 5560 legitur
2458 5492 2530 5546 ad
2557 5492 2974 5562 contemplanda.

2310 5565 2327 5642 f
2361 5563 2522 5642 gorb.
2555 5563 2764 5642 Germ,
2791 5562 3040 5642 Laudun.
3074 5571 3127 5618 et
3149 5563 3380 5642 _P_ratel.,
3412 5561 3662 5618 accendit.

2308 5636 2328 5668 ⁵
2360 5634 2522 5691 Corb.
2555 5634 2765 5702 Germ.,
2798 5635 2973 5690 cordis
3001 5635 3253 5690 avaritia.

2309 5709 2329 5740 δ
2361 5705 2554 5773 Laud,
2584 5705 2728 5761 intra
2774 5709 3011 5763 claustra
3051 5706 3396 5777 parcimonia:
3422 5711 3657 5763 contenta
3701 5721 3836 5774 pro-

525 5780 739 5846 Norm.,
771 5777 972 5851 quibus
1001 5778 1276 5833 consentit
1313 5778 1462 5832 Edit.
1496 5779 1667 5834 Paris.
1702 5779 1860 5836 1495.
1907 5779 1968 5836 In
2007 5777 2131 5833 aliis
2231 5777 2371 5850 priis
2395 5777 2612 5848 liga-tur.
