4152 6182
361 292 467 351 477

1070 288 1442 349 MORALIUM
1479 289 1613 348 LIB.
1656 290 1870 349 XXIX.
1915 320 1979 335 --
2020 291 2093 350 IN
2129 291 2358 350 CAPUT
2394 291 2687 349 XXXVIII
2725 293 2787 349 B.
2829 293 2973 351 JOB.

3568 297 3675 355 478

356 400 504 493 gesta
529 417 809 485 renititur,
840 417 995 491 quasi
1031 433 1181 475 mare
1225 417 1472 475 clausum
1520 426 1756 475 tenetur.
1799 418 1959 486 Quod
1989 421 2042 482 Α
2072 419 2205 487 Quis
2246 418 2500 475 conclusit
2540 417 2689 473 ostiis
2732 434 2901 486 mare,
2931 422 3143 490 quando
3169 422 3489 497 erumpebat,
3519 417 3676 496 quasi

357 512 501 574 918
543 507 648 565 etsi
686 507 839 564 intus
867 506 1224 564 tumultuosis
1266 508 1660 581 cogitationum
1694 507 1954 565 ﬂuctibus

353 617 595 666 mentem
626 605 885 680 percutit,
909 614 1113 663 statuta
1133 615 1313 663 tamen
1342 607 1481 663 bene
1511 605 1737 663 vivendi
1767 606 1956 663 littora

354 715 466 757 non
484 694 724 753 excedit.
766 693 927 762 Quod
947 710 1096 750 mare
1115 694 1338 768 quidem
1360 695 1420 751 in
1442 704 1658 752 tumore
1686 710 1744 750 se
1767 694 1950 767 erigit,

349 787 446 846 sed
474 786 607 842 dum
638 784 751 840 ﬁxa
778 782 1175 842 deliberatione
1209 784 1397 841 cordis
1423 781 1683 851 illiditur,
1716 782 1953 840 fractum

350 876 514 934 redit.
548 876 749 932 Beatus
776 872 948 945 igitur
972 873 1075 930 Job
1104 890 1173 930 ne
1199 873 1307 930 sibi
1344 874 1554 931 tribuat
1580 873 1729 947 quod
1759 879 1954 929 contra

348 966 620 1040 procellas
645 962 828 1021 cordis
855 962 1073 1020 fortiter
1121 971 1250 1033 stat,
1281 978 1416 1021 voce
1470 962 1666 1020 divina
1711 961 1902 1019 audiat
1933 978 1947 1018 :

2061 507 2124 562 de
2149 510 2309 565 vulva
2330 507 2641 578 procedens,
2684 513 2740 562 et
2775 513 2990 564 cetera.
3031 509 3114 566 Ac
3149 510 3196 566 si
3224 511 3277 566 ei
3302 519 3487 583 aperte
3513 509 3674 568 dice—

2062 607 2213 655 retur
2244 616 2255 654 :
2290 600 2565 655 Incassum
2594 604 2648 654 te
2676 598 2921 654 exterius
2965 597 3025 652 in
3052 596 3216 653 bonis
3242 598 3501 669 operibus
3529 615 3674 672 pen-

2063 705 2167 757 sas,
2199 689 2247 744 si
2276 706 2389 746 non
2422 704 2508 745 me
2547 689 2806 757 interius,
2837 687 2934 761 qui
2964 687 3022 743 in
3058 695 3113 743 te
3145 685 3465 743 tentationis
3491 688 3672 745 undas

2061 794 2369 851 compesco,
2390 776 2723 834 consideras.
2760 778 2831 834 Ut
2857 776 3005 833 enim
3026 785 3086 833 tu
3106 774 3307 832 fluctus
3327 775 3469 832 ferre
3487 777 3670 848 possis

2060 865 2120 922 in
2149 882 2331 939 opere,
2365 881 2499 922 mea
2528 864 2754 923 virtutis
2780 874 2882 934 est,
2909 864 3005 938 qui
3035 864 3237 922 ﬂuctus
3256 864 3447 936 frango
3479 871 3670 921 tenta-

2061 957 2232 1015 tionis
2255 957 2314 1014 in
2343 956 2530 1015 corde.

1199 1243 1539 1331 LIBER
1641 1238 2249 1327 VIGESIMUS
2361 1236 2774 1325 NONUS.

341 1407 793 1488 Explicantur
817 1406 1052 1488 capitis
1083 1424 1314 1488 xxxviii
1343 1421 1569 1468 versus
1594 1403 1724 1488 duo
1746 1417 1955 1488 supra
2004 1400 2337 1488 Δτξζῖριιῐηιτξω
2373 1402 2443 1464 12
2472 1399 2561 1488 ad
2617 1397 2693 1488 3_3
2748 1397 3066 1488 inclusioe
3102 1399 3513 1488 ;__multaque
3563 1398 3671 1488 ao-

423 1477 682 1560 centur,
709 1477 1091 1569 prtesértimi
1106 1488 1182 1549 de
1213 1486 1491 1569 Satanae
1519 1483 1775 1546 artibus
1799 1477 1856 1543 et
1886 1477 2174 1559 insidiis,
2235 1480 2313 1542 de
2341 1481 2585 1559 gratia,
2619 1480 2697 1542 de
2721 1477 3322 1559 przdestinationc,
3357 1477 3665 1556 reproba-

430 1573 603 1634 tione
633 1567 1021 1647 occultisque
1058 1568 1166 1631 Dei
1185 1567 1487 1645 judiciis.

875 1701 1105 1761 CAPUT
1140 1701 1434 1759 PRIMUM.

420 1799 475 1854 1.
520 1795 616 1853 Dei
656 1794 831 1852 Filius
862 1794 919 1849 in
960 1800 1157 1850 aeterna
1202 1793 1478 1849 natisitate
1519 1790 1671 1846 nobis
1718 1790 1944 1861 ignotus,

344 1887 501 1942 nasci
518 1886 685 1942 voluit
708 1885 767 1940 in
794 1891 1038 1956 tempore,
1071 1890 1130 1939 ut
1146 1901 1200 1939 sc
1228 1884 1544 1939 imitandum
1567 1880 1846 1953 prtebcret.
1877 1908 1949 1920 —

338 1976 621 2032 Dominus
648 1976 792 2032 Deus
819 1983 1008 2031 noster
1036 1975 1192 2031 Iesus
1219 1972 1474 2031 Christus
1499 1972 1558 2027 in
1581 1987 1647 2026 eo
1667 1968 1817 2043 quod
1837 1967 1946 2022 vir-

2532 1692 2759 1750 CAPUT
2800 1694 2847 1750 11
2891 1692 3035 1767 (nec.
3088 1693 3196 1768 11].

2135 1777 2305 1834 Vens.
2342 1779 2426 1835 l2.
2459 1810 2530 1821 —
2558 1781 2818 1852 Nunquid
2845 1788 2963 1852 post
2986 1788 3165 1836 ortum
3198 1787 3346 1836 tuum
3368 1782 3670 1854 precepiin

2058 1867 2316 1934 diluculo,
2348 1873 2395 1922 et
2420 1868 2693 1924 ostendisti
2720 1886 2938 1924 aurorae
2969 1871 3141 1925 locum
3168 1886 3322 1924 suum
3347 1872 3375 1925 ?

2128 1964 2181 2020 2.
2219 1966 2347 2022 Orto
2379 1965 2627 2034 Domino,
2658 1966 2899 2022 Ecclesia
2931 1972 3187 2037 tanquam
3221 1962 3429 2022 aurora
3456 1984 3492 2020 a
3520 1971 3666 2021 tene-

339 2076 435 2123 tus
472 2073 526 2121 et
552 2065 821 2138 sapientia
848 2065 949 2121 Dei
976 2072 1058 2121 est
1086 2064 1145 2136 (Ι
1172 2064 1298 2121 Cor.
1330 2081 1370 2132 ι,
1395 2062 1508 2134 24),
1538 2061 1607 2118 de
1634 2061 1793 2116 Patre
1822 2065 1949 2113 ante
1980 2074 2027 2134 Β
2058 2053 2168 2109 bris
2198 2054 2254 2108 in
2285 2056 2443 2110 lucem
2472 2055 3000 2113 versa.—Subaudis
3021 2065 3084 2112 ut
3104 2073 3221 2129 ego.
3266 2056 3434 2113 Ortus
3461 2055 3665 2129 quippe

335 2163 592 2228 tempora
618 2164 781 2213 natus
802 2162 905 2223 est;
928 2156 1019 2211 vel
1045 2155 1230 2228 potius
1260 2153 1392 2227 quia
1426 2155 1442 2187 ¹
1466 2168 1569 2208 nec
1588 2150 1754 2222 coepit
1773 2147 1945 2213 nasci,

335 2261 446 2302 nec
466 2244 651 2314 desiit,
674 2244 928 2302 dicamus
956 2243 1141 2300 verius
1167 2259 1384 2315 semper
1403 2250 1582 2298 natus.
1614 2240 1736 2296 Non
1765 2244 1948 2294 autem

332 2350 637 2406 possumus
682 2334 865 2391 dicere
909 2348 1124 2405 semper
1164 2332 1432 2400 nascitur,
1480 2346 1549 2386 ne
1594 2327 1949 2401 imperfectus

332 2421 623 2479 videatur.
654 2423 729 2478 At
747 2438 882 2478 vero
901 2429 963 2477 ut
981 2431 1218 2479 aeternus
1240 2418 1513 2492 designari
1540 2418 1719 2474 valeat
1747 2424 1802 2471 et
1830 2429 1947 2487 per-

327 2510 547 2576 fectus,
565 2525 781 2581 semper
802 2508 1053 2566 dicamus
1071 2519 1126 2565 et
1145 2517 1325 2576 natus,
1347 2514 1618 2580 quatenus
1633 2513 1687 2561 et
1701 2510 1861 2559 natus
1878 2502 1947 2559 ad

331 2596 746 2669 perfectionem
776 2597 1065 2669 pertineat,
1082 2604 1138 2653 et
1160 2611 1376 2668 semper
1392 2594 1463 2651 ad
1482 2592 1862 2659 aeternitatem,
1884 2599 1946 2647 ut

331 2701 683 2759 quocunque
725 2686 893 2742 modo
921 2686 1019 2742 illa
1045 2686 1281 2743 essentia
1310 2685 1430 2741 sine
1462 2691 1706 2756 tempore
1732 2689 1941 2754 tempo-

328 2775 450 2832 rali
476 2774 657 2830 valeat
674 2774 947 2847 designari
962 2791 1232 2843 sermone;
1258 2774 1510 2848 quamvis
1532 2773 1636 2830 hoc
1657 2772 1774 2844 ipso
1794 2771 1942 2845 quod

329 2863 651 2939 perfectum
668 2864 1169 2933 dicimus,multum
1190 2864 1259 2920 ab
1280 2864 1432 2921 illius
1448 2862 1696 2919 veritatis
1715 2877 1939 2935 expres-

328 2956 498 3013 sione
526 2953 832 3022 deviamus,
855 2955 984 3027 quia
1001 2954 1151 3027 quod
1169 2954 1377 3012 factum
1404 2970 1516 3010 non
1538 2962 1618 3009 est
1632 2968 1746 3008 non
1762 2959 1940 3024 potest

328 3044 455 3102 dici
485 3043 809 3117 perfectum.
840 3044 912 3099 Et
939 3051 1123 3100 tamen
1155 3043 1498 3099 inﬁrmitatis
1526 3048 1727 3098 nostra:
1755 3042 1938 3098 verbis

330 3133 614 3192 Dominus
653 3131 1114 3201 condescendens,
1160 3131 1238 3187 ait
1266 3149 1279 3187 :
1311 3133 1499 3188 Estotc
1525 3130 1767 3202 perfecti,
1805 3132 1939 3187 sicut

330 3230 379 3279 et
403 3223 580 3279 Pater
605 3228 771 3278 vester
795 3222 1010 3278 catastis
1047 3221 1313 3294 perfectus
1357 3227 1435 3277 est
1469 3220 1688 3292 (Matth.
1720 3239 1776 3290 v,
1815 3221 1932 3293 48).

332 3313 394 3369 In
432 3311 531 3368 illa
559 3311 745 3385 itaque
768 3311 1054 3369 nativitate
1074 3311 1267 3369 divina
1287 3310 1356 3367 ab
1380 3309 1624 3367 humano
1640 3327 1835 3383 genere
1849 3326 1935 3367 co-

2060 2141 2372 2199 divinitatis
2395 2142 2513 2215 ejus
2536 2154 2662 2201 ante
2677 2152 2732 2201 et
2759 2153 2881 2216 post
2904 2162 3015 2201 non
3033 2144 3218 2201 habet.
3243 2144 3346 2203 Cui
3372 2144 3506 2201 dum
3527 2160 3664 2200 sem-

2058 2247 2157 2305 per
2175 2248 2290 2288 esse
2314 2239 2395 2288 est
2416 2248 2513 2304 per
2553 2241 2933 2302 aeternttatem,
2954 2233 3086 2290 dum
3109 2249 3270 2289 omne
3286 2233 3432 2307 quod
3461 2232 3664 2289 labitur

2059 2321 2484 2391 circumscribit,
2509 2323 2655 2379 intra
2673 2325 3025 2397 semetipsum
3047 2332 3359 2397 temporum
3380 2323 3664 2380 discursus

2058 2410 2284 2467 claudit.
2318 2412 2485 2469 Ortus
2513 2428 2643 2468 vera
2670 2411 3034 2469 humanitatis
3063 2411 3199 2485 ejus,
3233 2412 3362 2486 quia
3392 2419 3447 2468 et
3474 2412 3659 2484 cmpit,

2056 2508 2111 2556 et
2138 2501 2321 2571 desiit,
2372 2511 2427 2559 et
2472 2511 2597 2560 ante
2626 2514 2680 2562 et
2707 2512 2831 2577 post
2860 2503 3064 2561 habere
3096 2522 3128 2561 a
3157 2513 3401 2576 tempore
3430 2500 3659 2575 accepit.

2054 2590 2161 2647 Sed
2189 2593 2338 2666 quia,
2385 2592 2515 2649 dum
2562 2593 2678 2665 ipse
2721 2593 2945 2650 umbras
3001 2601 3200 2651 nostra:
3240 2590 3663 2665 temporalitatis

2053 2686 2313 2759 suscepit,
2347 2687 2531 2743 lumen
2562 2686 2723 2743 nobis
2752 2704 2867 2743 suae
2896 2686 3221 2744 aeternitatis
3242 2684 3471 2753 infudit,
3493 2685 3662 2741 ‘recte

2052 2785 2173 2849 post
2208 2776 2357 2833 hunc
2381 2786 2562 2833 ortum
2593 2794 2754 2851 quem
2784 2787 3001 2835 creator
3026 2776 3135 2834 sibi
3162 2776 3222 2832 in
3244 2784 3490 2848 tempore
3517 2791 3660 2829 con-

2050 2863 2195 2921 didit
2227 2866 2410 2922 locum
2458 2884 2616 2923 suum
2668 2867 2787 2923 sine
2826 2872 3074 2938 tempore
3126 2881 3324 2921 aurora
3377 2879 3578 2934 cognm
3595 2861 3657 2917 it.

2049 2954 2189 3021 Quia
2220 2956 2367 3010 enim
2397 2955 2705 3012 diluculum
2736 2956 2823 3012 vel
2852 2972 3050 3013 aurora
3087 2951 3381 3011 atenebris
3400 2952 3459 3007 in
3480 2950 3657 3008 lucem

2049 3047 2302 3115 vertitur,
2348 3064 2458 3103 non
2487 3048 2767 3105 immerito
2796 3048 3034 3104 diluculi
3071 3048 3162 3103 vel
3194 3062 3407 3110 aurorae
3434 3043 3660 3101 nomine

2047 3136 2229 3192 omnis
2259 3136 2560 3195 electorum
2590 3138 2839 3194 Ecclesia
2864 3136 3209 3211 designatur.
3257 3137 3380 3208 Ipsa
3421 3149 3661 3207 namque

2045 3225 2177 3282 dum
2220 3227 2288 3284 ab
2326 3226 2673 3283 inﬁdelitatis
2720 3234 2881 3285 nocte
2927 3227 2995 3283 ad
3040 3228 3220 3283 lucem
3255 3223 3382 3281 ﬁdei
3414 3222 3655 3289 ducitur,

2044 3315 2198 3371 velut
2240 3331 2450 3371 aurorae
2480 3332 2632 3372 more
2661 3317 2720 3373 in
2748 3316 2897 3373 diem
2929 3323 3051 3389 post
3082 3314 3330 3371 tenebras
3365 3310 3656 3385 splendore

334 3402 532 3476 gnosci
560 3419 671 3458 non
701 3409 948 3495 poterat;
981 3400 1213 3495 proinde
1241 3399 1300 3455 in
1331 3399 1673 3457 humanitate
1702 3400 1855 3456 venit
1874 3407 1936 3455 ut
1970 3434 2015 3495 Ο
2042 3420 2290 3477 supernae
2318 3405 2586 3464 claritatis
2614 3407 2884 3480 aperitur.
2926 3404 3084 3463 Unde
3128 3411 3185 3461 et
3229 3402 3368 3459 bene
3415 3401 3474 3458 in
3504 3400 3655 3458 Can-

334 3492 645 3560 videretur,
688 3490 868 3548 videri
914 3490 1093 3547 voluit
1130 3499 1192 3546 ut
1230 3490 1556 3547 imitaretur.
1596 3491 1728 3558 Quae
1756 3490 1937 3546 carnis
1979 3490 2014 3495 ⁷
2045 3493 2171 3548 ticis
2218 3495 2563 3552 canticorum
2609 3494 2816 3552 dicitur
2849 3514 2860 3550 :
2897 3496 3026 3562 Quae
3061 3499 3138 3550 est
3166 3493 3272 3547 ista
3299 3507 3416 3563 qua:
3436 3505 3653 3562 progre-

336 3582 606 3638 nativitas
632 3580 884 3653 despecta
912 3581 1033 3636 visa
1055 3587 1138 3635 est
1164 3578 1504 3651 sapientibus
1534 3578 1761 3646 mundi;
1794 3594 1938 3635 cou-

336 3676 682 3742 tempserunt
709 3684 949 3741 namque
991 3667 1214 3723 inﬁrma
1258 3667 1618 3724 humanitatis
1647 3666 1783 3738 ejus,
1824 3668 1938 3723 Deo

337 3759 465 3816 haec
492 3758 717 3831 indigna
736 3758 1068 3831 judicantes.
1088 3757 1191 3815 Cui
1212 3763 1367 3814 tanto
1400 3756 1572 3828 magis
1593 3755 1760 3811 homo
1787 3754 1937 3812 debi-

335 3857 429 3905 tor
456 3847 587 3916 fuit,
617 3855 825 3922 quanto
846 3864 945 3921 pro
964 3847 1062 3903 illo
1082 3848 1229 3903 Deus
1248 3843 1413 3901 etiam
1430 3843 1657 3917 indigna
1676 3844 1932 3915 suscepit.

336 3937 479 4005 Quia
503 3937 643 3992 enim
668 3953 775 3992 non
796 3936 1033 4008 cognovit
1054 3936 1280 3991 mundus
1289 3952 1390 4007 per
1406 3934 1718 4007 sapientiam
1747 3935 1933 4002 Deum,

247 4048 254 4067 ι
330 4026 541 4098 placuit
566 4026 676 4082 Deo
695 4042 795 4098 per
832 4026 1112 4082 stultitiam
1134 4024 1530 4097 pradicationis
1563 4026 1737 4080 salvos
1764 4023 1938 4094 facere

333 4118 599 4173 credentes
630 4116 689 4189 (Ι
725 4118 850 4174 Cor.
877 4134 915 4185 ι,
946 4116 1063 4189 21).
1091 4118 1172 4174 Ac
1199 4117 1246 4172 si
1268 4116 1479 4174 diceret
1509 4133 1522 4172 :
1559 4116 1699 4175 Cum
1734 4118 1932 4184 Deum,

335 4206 433 4279 qui
463 4214 545 4262 est
572 4205 860 4277 sapientia,
905 4221 1249 4278 nequaquam
1291 4222 1387 4278 per
1427 4206 1752 4278 sapientiam
1780 4222 1933 4261 suam

336 4294 581 4351 mundus
614 4293 908 4361 inveniret,
930 4294 1139 4365 placuit
1154 4302 1217 4349 ut
1234 4294 1409 4349 Deum
1430 4292 1712 4349 hominem
1728 4292 1933 4349 factum

338 4382 358 4416 ³
386 4398 487 4455 per
528 4381 891 4439 humanitatis
936 4381 1230 4439 stultitiam
1269 4389 1638 4453 cognosceret,
1669 4390 1936 4454 quatenus

335 4470 458 4542 ejus
485 4470 754 4544 sapientia
783 4472 805 4506 ³
839 4470 908 4527 ad
937 4479 1124 4527 nostra
1160 4470 1331 4527 stulta
1354 4469 1725 4538 descenderet,
1758 4479 1812 4527 et
1841 4471 1937 4525 lu-

336 4576 456 4615 cem
485 4576 735 4631 supernm
770 4559 1076 4632 prudentiae
1122 4558 1241 4615 luto
1275 4576 1386 4615 suae
1415 4559 1597 4617 carnis
1626 4559 1937 4616 illuminata

338 4658 527 4706 nostra
569 4650 785 4708 caecitas
810 4648 1042 4704 videret.
1088 4648 1259 4704 Natus
1303 4647 1472 4719 igitur
1520 4664 1591 4704 ex
1633 4649 1791 4704 Patre
1819 4648 1937 4704 sine

336 4744 604 4812 tempore,
654 4755 725 4795 ex
754 4745 926 4794 matre
954 4736 1106 4793 nasci
1134 4745 1216 4793 est
1261 4736 1516 4808 dignatus
1561 4736 1620 4793 in
1669 4744 1935 4814 tempore,

337 4836 398 4885 ut
431 4845 531 4902 per
558 4828 664 4887 hoc
691 4827 840 4902 quod
869 4835 1054 4884 ortum
1092 4843 1255 4884 suum
1301 4825 1448 4883 inter
1475 4826 1700 4884 initium
1728 4828 1938 4885 ﬁnem-

337 4933 443 4990 que
471 4918 844 4986 concluderet,
884 4916 1139 4973 humana:
1170 4916 1371 4974 mentis
1398 4915 1576 4975 oculis
1602 4924 1808 4987 ortum,
1838 4918 1936 4992 qui

340 5022 440 5065 nec
478 5006 644 5064 initio
695 5006 961 5074 sumitur,
1003 5021 1105 5070 nec
1144 5004 1253 5063 ﬁne
1292 5013 1634 5079 angustatur,
1674 5008 1930 5080 aperiret.

342 5096 494 5153 Unde
520 5096 659 5153 bene
688 5112 837 5154 nunc
855 5095 925 5152 ad
955 5095 1175 5152 beatum
1205 5095 1306 5152 Job
1331 5095 1539 5153 dicitur
1569 5113 1580 5152 :

416 5280 428 5312 ¹
464 5278 721 5346 Vindoc.,
754 5294 843 5348 nec
857 5277 1014 5348 recepit
1039 5294 1161 5331 esse.

412 5350 433 5415 ³
462 5350 632 5406 Laud.
664 5356 719 5405 et
748 5347 907 5405 Corb.
930 5345 1146 5413 Germ.,
1172 5364 1271 5415 per
1298 5345 1649 5402 humanitatis
1677 5348 1858 5404 stulta.

411 5421 432 5454 ³
463 5420 543 5477 Ita
580 5421 809 5488 Turon.,
861 5418 1116 5484 Vindoc.,
1173 5416 1448 5488 Laudun.,
1502 5416 1665 5476 Corb.
1721 5418 1930 5485 Germ.,

341 5488 559 5548 Ebroic.
625 5491 829 5559 aliique
893 5490 1123 5554 Norm.;
1199 5487 1380 5547 Editis
1452 5488 1803 5559 habentibus,
1863 5491 1934 5545 ad

343 5568 578 5618 nostram
639 5562 939 5618 stultitiam.

414 5634 437 5707 ἦ
464 5634 554 5691 Sic
581 5633 871 5707 legendum
913 5630 1144 5707 probant
1178 5639 1292 5707 tum
1325 5634 1455 5707 Mss.
1480 5634 1705 5707 Anglic.
1740 5641 1795 5690 et
1823 5650 1934 5689 no-

344 5703 466 5777 stri,
505 5713 624 5761 tum
641 5703 769 5777 ipse
797 5703 1214 5777 contextuslob
1242 5704 1338 5776 qui
1368 5703 1694 5777 explanatur
1729 5724 1739 5761 :
1784 5722 1934 5777 nun-

344 5775 470 5845 quid
478 5783 599 5849 post
612 5774 808 5833 ortum.
828 5777 888 5832 In
911 5774 1186 5831 veretibus
1204 5774 1389 5832 tamen
1407 5774 1558 5833 Edit.
1582 5778 1640 5833 in
1658 5776 1938 5833 Gilotiana

2045 3581 2193 3636 ditur
2224 3583 2382 3653 quasi
2408 3601 2619 3639 aurora
2646 3601 2964 3655 consurgens
2996 3583 3181 3655 (Cant.
3221 3598 3298 3649 vr,
3329 3579 3431 3652 9)?
3457 3579 3655 3637 Sancta

2045 3670 2194 3725 enim
2215 3672 2464 3728 Ecclesia
2482 3672 2722 3729 caelestis
2749 3672 2878 3727 vita;
2908 3671 3135 3743 praemia
3154 3676 3435 3741 appetens,
3459 3681 3656 3723 aurora

2046 3767 2239 3815 vocata
2284 3770 2386 3828 est,
2421 3762 2552 3833 quia
2594 3760 2725 3815 dum
2760 3768 3110 3832 peccatorum
3140 3756 3392 3813 tenebras
3430 3753 3650 3820 deserit,

2039 3845 2271 3918 justitize
2300 3849 2425 3904 luce
2459 3849 2733 3920 lulgescit.

2120 3935 2259 4010 [Vet.
2284 3936 2394 4011 ΙΙ.]
2427 3936 2480 3993 3.
2515 3937 2765 4004 Quandiu
2791 3936 3035 4005 vivimus,
3065 3949 3273 3990 aurora
3293 3937 3387 4001 est,
3412 3948 3520 3986 non
3534 3948 3655 4003 per-

2042 4025 2208 4097 fectus
2238 4026 2444 4082 dies.—
2459 4025 2737 4082 Habemus
2766 4034 2951 4082 tamen
2980 4022 3243 4083 subtilius
3263 4020 3477 4095 aliquid
3506 4019 3654 4093 quod

2042 4114 2393 4173 considerata
2421 4115 2687 4188 qualitate
2712 4114 2947 4172 diluculi
2978 4115 3065 4169 vel
3094 4127 3307 4170 aurorae
3337 4125 3649 4183 pensemus.

2044 4204 2259 4261 Aurora
2291 4221 2529 4277 namque
2556 4206 2645 4261 vel
2674 4204 2990 4263 diluculum
3021 4209 3239 4261 noctem
3267 4202 3492 4276 quidem
3521 4217 3654 4274 pra:-

2042 4294 2255 4352 teriisse
2284 4296 2566 4363 nuntiant,
2599 4310 2701 4352 nec
2716 4303 2904 4351 tamen
2924 4293 3037 4350 diei
3060 4293 3364 4351 claritatem
3385 4292 3651 4364 integram

2044 4391 2353 4450 ostentant;
2401 4385 2497 4440 sed
2529 4383 2659 4440 dum
2691 4384 2845 4439 illam
2875 4384 3113 4455 pellunt,
3146 4381 3289 4438 hanc
3316 4380 3647 4453 suscipiunt,

2045 4470 2222 4528 lucem
2254 4471 2492 4528 tenebris
2515 4472 2833 4544 permistam
2859 4478 3067 4528 tenent.
3083 4469 3229 4540 Quid
3247 4472 3433 4544 itaque
3464 4470 3522 4525 in
3548 4468 3651 4524 hac

2047 4560 2162 4616 vita
2184 4577 2375 4616 omnes
2406 4560 2501 4634 qui
2532 4560 2825 4616 veritatem
2865 4560 3169 4633 sequimur,
3200 4559 3310 4617 nisi
3337 4576 3535 4615 aurora
3563 4558 3649 4613 vel

2044 4647 2357 4705 diluculum
2386 4665 2578 4705 sumus
2601 4648 2629 4704 ‘l
2656 4648 2786 4722 quia
2831 4656 2886 4705 et
2926 4649 3182 4724 quaedam
3218 4648 3334 4721 jam
3363 4664 3484 4721 quae
3510 4646 3651 4703 lucis

2048 4746 2177 4795 sunt
2200 4737 2433 4810 agimus,
2466 4745 2521 4794 et
2546 4746 2729 4794 tamen
2759 4738 2817 4794 in
2847 4739 3182 4812 quibusdam
3202 4739 3384 4795 adhuc
3403 4734 3648 4791 tenebra-

2047 4846 2171 4886 rum
2186 4830 2436 4905 reliquiis
2456 4847 2568 4886 non
2583 4830 2959 4887 caremus.Per
2973 4829 3300 4900 Prophetam
3319 4824 3521 4898 quippe
3536 4825 3648 4879 Deo

2042 4919 2287 4987 dicitur;
2320 4921 2442 4978 Non
2477 4919 2867 4992 justiﬁcabitur
2910 4918 2970 4973 in
3024 4921 3299 4988 conspectu
3356 4919 3443 4968 tuo
3480 4913 3649 4967 omnis

2041 5008 2217 5063 vivens
2233 5007 2419 5079 (Psal.
2455 5023 2626 5076 exui,
2664 5007 2744 5079 2).
2774 5008 3123 5078 Rursumque
3151 5002 3418 5073 scriptum
3447 5008 3528 5057 est
3551 5018 3562 5056 :
3583 5002 3649 5057 In

2038 5097 2220 5152 multis
2256 5095 2564 5165 offendimus
2592 5112 2766 5151 omnes
2793 5094 2939 5165 (Jac.
2969 5109 3053 5161 III,
3086 5091 3164 5164 2).
3194 5087 3398 5146 Paulus
3426 5104 3646 5163 quoque

2042 5275 2308 5333 Vaticana
2335 5283 2397 5346 get
2443 5275 2737 5341 Gussanv.,
2788 5271 2990 5346 quibus
3035 5269 3388 5346 favetuCorb,
3454 5270 3638 5346 Germ.

2041 5348 2191 5415 Mss,
2242 5345 2441 5417 legitur
2478 5351 2608 5400 recte
2632 5362 2729 5417 per
2756 5341 2893 5417 hunc
2928 5350 3133 5417 ortum,
3158 5343 3262 5400 Ubi
3290 5341 3420 5417 satis
3453 5341 3643 5397 mirari

2041 5435 2153 5490 non
2178 5413 2505 5490 possumus
2530 5413 2750 5490 acerbas
2787 5416 3019 5490 Alamezii
3048 5413 3332 5490 adversus
3369 5414 3645 5471 Romanos

2042 5485 2298 5569 Editores
2323 5487 2588 5569 querelas.
2615 5488 2762 5555 Quis,
2783 5485 2967 5569 inquit
2995 5486 3065 5544 ad
3079 5486 3242 5569 hunc
3262 5486 3464 5568 locum,
3488 5501 3643 5569 excu-

2042 5578 2161 5643 sare
2183 5556 2379 5643 poterit
2405 5556 3051 5643 extremmsupitiitaten}
3069 5556 3498 5643 ῌοηιρῳιεέηξίιιητ³
3530 5562 3641 5643 etc.

2043 5626 2207 5701 Quasi
2252 5648 2382 5687 vero
2425 5630 2747 5703 prioresita
2774 5626 3142 5703 scripserint;
3177 5628 3446 5703 eteadem
3464 5626 3643 5703 lectio

2043 5697 2154 5760 non
2184 5697 2486 5768 reperiatur
2507 5702 2565 5757 in
2586 5701 2735 5758 Edit.
2770 5697 2933 5758 Basil.
2982 5701 3118 5760 1503
3139 5710 3193 5757 et
3215 5700 3370 5768 1514,
3392 5699 3449 5754 in
3464 5697 3637 5754 Paris.

2050 5775 2207 5845 1488,
2241 5774 2397 5845 1495,
2431 5774 2569 5831 1518
2597 5782 2652 5829 et
2683 5774 2839 5844 157i,
2872 5780 2976 5831 etc.
