4152 6182
501 290 606 348 479

1728 309 1980 369 SANCTI
2018 315 2355 376 GREGORII
2392 322 2618 382 MAGNl

3712 345 3832 404 480

499 417 575 470 ait
590 432 619 514 ⁸ε
664 415 816 514 Video
842 417 1014 474 aliam
1045 422 1202 494 legem
1221 425 1283 525 in
1311 429 1554 485 membris
1581 430 1707 485 meis
1740 445 2115 506 repugnantem
2148 446 2199 504 Α
2229 443 2564 505 desiderium
2587 449 2788 510 habere
2818 471 2875 513 se
2888 457 3096 516 diceret
3113 460 3363 532 dissolvi,
3381 474 3438 522 θι
3463 483 3588 524 cum
3613 469 3833 530 Christo

502 502 602 574 legi
626 504 812 561 mentis
839 521 984 575 mete,
1015 517 1065 566 et
1090 513 1357 585 captivum
1377 534 1454 574 me
1473 519 1739 576 ducentem
1769 502 1826 578 in
1857 502 1961 597 lege
1981 543 2112 599 pec—

496 594 623 664 cati,
653 611 770 666 qum
795 604 871 654 est
890 599 948 654 in
975 603 1220 659 membris
1239 607 1368 662 meis
1386 609 1567 676 (Rom.
1589 626 1687 678 vu,
1713 611 1831 684 23).
1857 594 1961 672 Ubi
1981 594 2108 690 ergo

498 683 590 741 lex
610 687 818 759 peccati
849 695 994 754 919
1023 709 1149 750 cum
1172 695 1290 768 lcge
1311 698 1511 753 mentis
1531 683 1837 772 contendit,
1863 683 2107 776 profecto

497 785 680 845 adhuc
706 803 904 846 aurora
933 799 1034 859 est,
1057 792 1189 865 quia
1205 793 1302 848 lux
1323 811 1444 867 quas
1454 794 1569 867 jam
1593 800 1840 870 emicuit,
1868 805 2102 861 necdum

497 884 886 948 praetereuntes
931 881 1185 938 funditus
1226 884 1480 942 tenebras
1517 890 1732 958 pressit.
1768 891 1967 950 Adhuc
1997 912 2104 951 au-

497 980 622 1022 rora
651 976 751 1036 est,
785 970 916 1041 quia
961 969 1092 1026 dum
1135 973 1224 1028 lex
1253 975 1435 1031 carnis
1468 977 1641 1048 legem
1674 983 1896 1051 mentis,
1928 991 1982 1040 et
2014 986 2103 1041 lex

497 1058 696 1114 mentis
727 1059 898 1130 legem
931 1060 1113 1114 carnis
1142 1061 1397 1131 percutit,
1419 1063 1564 1122 inter
1587 1084 1643 1123 se
1665 1069 1912 1128 vicissim
1932 1075 2028 1129 lux
2049 1083 2102 1131 et

495 1146 692 1202 umbra
720 1147 989 1219 confligit.
1026 1149 1179 1206 Unde
1209 1167 1426 1208 rursum
1459 1154 1659 1213 Paulus
1688 1176 1813 1216 cum
1845 1161 2052 1221 diceret
2085 1182 2095 1220 :

494 1234 618 1290 No.1:
639 1235 909 1306 prwcessit
938 1237 1113 1307 (Rom.
1147 1255 1272 1308 xm,
1305 1242 1417 1314 l2),
1448 1259 1792 1320 nequaquam
1829 1252 2097 1323 subdidit,

492 1323 620 1380 Dies
641 1324 812 1391 venit,
845 1325 940 1382 sed
969 1328 1096 1383 Dies
1127 1337 1303 1386 autem
1330 1336 1805 1406 appropinquavit.
1825 1340 1928 1408 Qui
1951 1345 2098 1399 enim

493 1418 616 1482 post
643 1411 946 1470 discessum
978 1417 1156 1474 noctis
1174 1417 1289 1489 jam
1322 1437 1431 1476 non
1465 1423 1679 1480 venisse
1695 1426 1789 1481 sed
1805 1432 2098 1503 appmpin-

493 1515 688 1573 quassa
729 1501 874 1560 diem
920 1505 1187 1574 insinuat,
1247 1525 1361 1565 esse
1410 1527 1466 1566 se
1511 1515 1702 1583 procul
1752 1515 1923 1574 dubio
1972 1501 2098 1577 ante

492 1591 664 1648 solem
690 1601 809 1664 post
837 1595 1088 1652 tenebras
1118 1595 1302 1654 adhuc
1332 1599 1388 1655 in
1420 1616 1617 1657 aurora
1646 1602 2009 1666 demonstrat.

561 1733 614 1791 4.
647 1735 774 1791 Dies
802 1738 921 1806 erit,
954 1755 1071 1794 cum
1099 1741 1263 1796 nulla:
1285 1745 1483 1814 peccati
1516 1747 1732 1804 tenebra:
1759 1761 2092 1822 supererunt.

2219 548 2353 590 esse.
2399 537 2468 593 Et
2498 556 2715 598 rursum
2747 545 2887 602 Mihi
2915 566 3033 605 vere
3068 551 3310 609 Christus
3348 561 3440 624 est,
3491 565 3542 613 et
3585 563 3728 618 mori
3757 565 3833 620 lu-

2217 640 2362 720 crum
2391 628 2622 720 (Philip.
2648 650 2686 700 ι,
2720 635 2836 706 21).
2871 638 2944 693 Et
2973 655 3197 697 rursum
3234 661 3246 698 :
3277 645 3487 703 Scimus
3512 653 3772 720 quoniam
3787 657 3833 712 si

2218 711 2480 774 terrestris
2505 721 2690 777 domus
2713 733 2900 782 nostra
2913 729 3080 800 hujus
3099 733 3451 791 habitationis
3479 711 3829 814 dissolvatur,

2215 807 2354 874 quod
2381 810 2776 880 aediﬁcationem
2802 833 2868 872 ea:
2893 819 3000 874 Deo
3030 821 3293 892 habemus,
3341 826 3558 882 domum
3586 847 3694 885 non
3719 807 3831 888 ma:

2213 895 2507 968 nufactam,
2536 908 2788 960 wternam
2809 906 2866 960 in
2886 909 3026 964 cretis
3055 912 3151 981 (II
3170 914 3370 982 Cor.v,
3398 915 3634 987 l).Bene
3647 929 3830 978 autem

2213 995 2336 1055 post
2363 997 2546 1046 ortum
2568 1008 2729 1050 suum
2763 996 2946 1054 locum
2981 1017 3116 1073 prop
3135 1002 3278 1059 rium
3302 1021 3511 1062 aurorae
3527 1011 3828 1070 ostendisse

2211 1090 2269 1129 se
2299 1077 2567 1148 perhibet,
2593 1085 2721 1156 quia
2749 1086 2951 1145 futurae
2997 1091 3380 1151 retributionis
3408 1095 3822 1172 beatitudinem,

2212 1167 2530 1242 priusquam
2565 1190 2661 1245 per
2689 1192 2888 1249 corpus
2932 1181 3056 1252 ipse
3101 1182 3494 1256 innotesceret,
3526 1190 3583 1245 in
3613 1208 3828 1263 pauco-

2210 1271 2331 1313 rum
2358 1259 2643 1319 intellectu
2671 1267 2976 1324 continuit.
3008 1268 3145 1327 Cum
3183 1288 3316 1329 vero
3347 1259 3822 1338 humanas-nativi'

2209 1347 2336 1402 tatis
2383 1349 2606 1407 inﬁrma
2651 1358 2914 1428 suscepit,
2981 1367 3229 1416 ventura
3277 1363 3543 1423 claritatis
3568 1370 3820 1426 notitiam

2209 1442 2354 1501 920
2384 1441 2404 1474 ⁵
2437 1440 2497 1495 in
2529 1443 2913 1508 multitudinis
2962 1449 3265 1510 innumerae
3319 1471 3504 1513 amore
3547 1461 3819 1518 dilatavit.

2207 1535 2312 1592 Sed
2350 1555 2477 1595 cum
2513 1540 2693 1599 divini
2745 1548 2925 1617 operis
2955 1552 3286 1622 mysterium
3331 1554 3409 1612 sic
3447 1559 3818 1617 misericordia

2207 1635 2445 1699 peragat,
2483 1637 2544 1686 ut
2574 1639 2756 1690 tamen
2789 1643 2843 1690 et
2881 1637 2962 1693 ira
2995 1641 3310 1713 comitetur,
3345 1655 3610 1719 quatenus
3636 1652 3818 1720 occul-

2206 1721 2295 1770 tus
2331 1717 2539 1774 arbiter
2581 1723 2722 1780 alios
2763 1727 3068 1798 respiciens
3097 1717 3534 1802 redimat,lalios
3565 1739 3819 1797 deserens

489 1852 560 1866 —
588 1824 742 1882 Tunc
771 1833 951 1883 autem
983 1829 1141 1902 plene
1169 1806 1355 1888 sancta
1383 1835 1682 1893 electorum
1705 1806 1954 1898 Ecclesia
2130 1819 2176 1880 Β
2206 1806 2417 1877 perdat’
2437 1809 2565 1882 quia
2583 1814 2950 1885 OOgnovimus
2971 1823 3249 1892 quamOdo
3266 1840 3359 1896 per
3381 1825 3813 1886 incarnationem

491 1913 616 1982 erit,
639 1932 765 1972 cum
782 1916 832 1979 ei
853 1917 1091 1975 admista
1112 1923 1317 1992 peccati
1343 1923 1538 1980 umbra
1546 1924 1662 1998 jam
1685 1945 1796 1985 non
1811 1932 2098 1993 erit.Tunc

492 2003 649 2075 plene
679 2004 796 2060 dies
822 2007 946 2075 erit,
980 2011 1200 2082 quando
1230 2011 1432 2068 interni
1468 2015 1695 2074 luminis
1718 2021 1962 2091 perfecto
1992 2024 2098 2080 fer-

491 2109 620 2149 vore
650 2097 927 2152 claruerit.
962 2097 1117 2155 Tunc
1148 2101 1304 2172 plene
1335 2101 1452 2159 dies
1473 2105 1596 2172 erit,
1633 2109 1851 2180 quando
1884 2112 2094 2168 nullam

492 2181 763 2239 malorum
792 2202 1016 2241 suorum
1032 2194 1335 2246 tentantem
1358 2194 1681 2251 memoriam
1701 2197 1961 2267 tolerans,
1982 2217 2094 2257 om-

489 2287 585 2328 nes
614 2289 645 2328 a
672 2290 728 2329 se
749 2274 1098 2333 tenebrarum
1127 2280 1291 2336 etiam
1325 2283 1586 2356 reliquias
1602 2286 1915 2346 abscondet.
1943 2292 2095 2348 Unde

493 2370 548 2419 et
577 2363 716 2422 bene
747 2365 865 2424 hac
894 2385 1090 2425 aurora
1118 2371 1272 2442 quasi
1297 2372 1479 2431 adhuc
1508 2374 1565 2430 in
1595 2378 1830 2435 transitu
1856 2380 2094 2438 demon-

487 2459 711 2523 stratur,
735 2472 860 2513 cum
879 2457 1184 2516 diciturzEt
1201 2462 1472 2518 ostendisti
1491 2481 1708 2522 aurorae
1727 2469 1896 2525 locum
1916 2489 2088 2530 suum.

487 2542 588 2600 Cui
622 2545 770 2600 enim
803 2547 956 2603 locus
987 2565 1118 2603 suus
1148 2549 1480 2622 ostenditur,
1513 2556 1757 2624 profecto
1788 2575 1856 2614 ex
1889 2561 1997 2617 alio
2024 2561 2091 2616 ad

485 2633 636 2689 aliud
667 2643 913 2692 vocatur.
938 2636 1081 2706 Quid
1102 2646 1182 2694 est
1211 2639 1358 2696 enim
1381 2642 1534 2700 locus
1563 2661 1794 2716 aurora,
1827 2650 1937 2705 nisi
1965 2669 2088 2723 per-

485 2721 627 2777 fecta
655 2724 873 2781 claritas
900 2727 915 2760 ί
946 2727 1179 2784 visionis
1208 2737 1420 2788 aeternae
1445 2732 1473 2788 ?
1502 2733 1587 2789 Ad
1617 2751 1778 2808 quem
1810 2754 1936 2794 cum
1967 2721 2088 2812 per-

483 2811 651 2868 ducta
680 2814 909 2884 venerit,
937 2813 1051 2888 jam
1080 2817 1146 2874 de
1174 2825 1460 2877 transactis
1477 2824 1655 2879 noctis
1670 2825 1910 2882 tenebris
1941 2811 2087 2885 nihil

483 2900 671 2959 habet.
702 2903 860 2962 Nunc
888 2913 1070 2962 autem
1102 2906 1283 2966 adhuc
1302 2910 1668 2967 tentationum
1696 2915 1975 2974 molestias
1995 2935 2087 2974 su-

481 2993 715 3063 stinens,
750 2995 879 3067 quia
901 3013 996 3069 per
1011 2997 1375 3055 intentionem
1401 3001 1582 3057 cordis
1603 3002 1670 3058 ad
1692 3004 1842 3061 aliud
1860 3005 2090 3064 festinat

480 3081 744 3152 Ecclesia,
763 3084 830 3141 ad
848 3085 1030 3143 locum
1061 3105 1219 3144 suum
1255 3089 1430 3147 tendit
1459 3109 1674 3150 aurora.
1700 3094 1872 3163 Quem
1905 3096 2085 3154 locum

2207 1916 2362 1956 suam
2405 1904 2605 1962 electos
2663 1908 2962 1982 illuminet,
3021 1918 3314 1977 audiamus
3353 1938 3502 1980 nunc
3540 1925 3815 1997 quomodo

2207 1993 2466 2064 reprobos
2495 1996 2736 2056 damnet.
2770 2002 3032 2076 Sequitur
3066 2025 3078 2062 :

2676 2089 2903 2149 CAPUT
2931 2095 3006 2150 ΙΙΙ
3041 2095 3186 2170 [Rec.
3219 2100 3357 2174 III].

2277 2171 2446 2231 Vens.
2480 2175 2565 2232 13.
2595 2206 2665 2220 -
2692 2181 2949 2252 Nunquid
2994 2187 3206 2242 tenuisti
3245 2171 3540 2246 concutiens
3578 2199 3815 2250 extrema

2206 2268 2378 2333 terrm,
2409 2273 2458 2321 et
2483 2271 2755 2327 excussisti
2780 2272 2968 2346 impios
3000 2295 3066 2331 ea:
3094 2295 3156 2334 ea
3175 2282 3202 2335 ?

2273 2353 2326 2408 5.
2368 2354 2630 2413 Dominus
2657 2359 2886 2429 abjectos
2921 2369 2970 2418 et
2997 2365 3221 2422 humiles
3249 2369 3418 2440 elegit.
3450 2398 3521 2410 —-
3553 2370 3812 2430 Extrema

2200 2448 2359 2500 terrae
2388 2447 2658 2504 Dominus
2705 2453 2908 2521 tenuit,
2958 2455 3089 2527 quia
3138 2456 3195 2512 in
3226 2457 3336 2514 ﬁne
3365 2461 3695 2518 saeculorum
3744 2465 3809 2520 ad

2201 2531 2518 2591 destitutam
2543 2536 2657 2608 jam
2674 2546 2729 2594 et
2749 2541 3071 2614 alienigenis
3087 2546 3306 2617 regibus
3339 2548 3622 2609 subditam
3654 2569 3808 2626 syna-

2201 2637 2394 2693 gogam
2434 2625 2604 2693 venit;
2633 2633 2798 2701 atque
2826 2645 2895 2685 ex
2924 2630 3020 2687 illa
3049 2631 3250 2706 impios
3277 2638 3542 2706 excussit,
3558 2625 3691 2712 quia
3705 2643 3806 2714 spio

2200 2709 2384 2766 ritalia
2411 2712 2539 2771 ﬁdei
2569 2716 2993 2787 praedicamenta
3007 2735 3318 2794 renuentes,
3338 2727 3502 2783 etiam
3519 2745 3551 2785 a
3568 2732 3806 2787 carnalis

2199 2800 2455 2856 sacriﬁcii
2486 2804 2664 2876 gloria
2694 2808 2915 2878 repulit.
2952 2810 3052 2866 Vel
3083 2821 3228 2870 certe
3255 2823 3504 2872 extrema
3541 2826 3698 2876 terra;
3730 2828 3806 2877 te-

2199 2891 2341 2958 nuit,
2367 2891 2498 2963 quia
2525 2909 2595 2948 ex
2624 2895 2812 2952 Iudaea
2841 2913 3043 2969 paucos
3072 2901 3315 2974 abjectos
3347 2914 3398 2961 et
3425 2905 3660 2964 humiles
3690 2910 3801 2965 ele-

2198 2979 2294 3050 git.
2327 2980 2591 3038 Extrema
2627 2992 2787 3041 terrae
2818 2989 3016 3057 tenuit,
3051 2992 3181 3061 quia
3212 2993 3346 3065 legis
3375 2994 3619 3052 doctores
3647 2996 3802 3055 dese-

2197 3084 2342 3138 rens,
2371 3069 2673 3142 piscatores
2722 3077 2991 3149 assumpit
3047 3080 3258 3149 (Matth.
3317 3101 3394 3152 1v,
3461 3084 3571 3158 18).
3630 3087 3806 3156 Dum-

483 3169 529 3223 si
564 3180 745 3226 mente
765 3188 877 3226 non
907 3183 1173 3242 cerneret,
1207 3176 1263 3230 in
1296 3177 1462 3247 hujus
1493 3181 1619 3235 vitae
1650 3190 1810 3238 nocte
1847 3200 2086 3242 remane-
2126 3196 2170 3256 α
2196 3175 2301 3256 que
2331 3169 2454 3256 eius,
2477 3169 2726 3256 exn-NP?
2753 3171 2936 3256 bene“,
2967 3184 3036 3223 ex
3079 3185 3142 3225 ⁸³
3172 3187 3370 3244 ¹Ῑ¹Ψ¹⁰³
3402 3182 3639 3243 “cum:
3674 3195 3808 3250 (1³³³

483 3263 582 3311 ret.
605 3257 747 3312 ’Sed
776 3274 902 3315 cum
931 3261 1181 3334 quotidie
1202 3265 1486 3321 contendit
1506 3268 1715 3338 perﬁci,
1745 3277 1798 3326 et
1824 3272 1882 3327 in
1908 3274 2082 3332 lucem

479 3344 728 3418 quotidie
749 3349 956 3418 augeri,
992 3349 1176 3406 locum
1207 3367 1365 3407 suum
1389 3351 1504 3424 jam
1536 3359 1825 3429 conspicit,
1843 3371 1897 3418 et
1925 3364 2082 3435 plene

477 3433 584 3490 sibi
622 3434 919 3492 clarescere
965 3437 1135 3493 solem
1174 3441 1390 3512 quaarit.
1448 3442 1653 3500 Locum
1691 3464 1855 3506 suum
1886 3433 2083 3510 aurora

475 3523 804 3593 considerat,
827 3525 1048 3598 quando
1077 3535 1263 3585 sancta
1287 3530 1471 3587 anima
1500 3533 1566 3590 ad
1600 3539 2078 3611 contemplandam

475 3611 777 3668 conditoris
813 3614 900 3670 sui
930 3616 1168 3688 speciem
1192 3617 1402 3691 ﬂagrat.
1435 3622 1521 3679 Ad
1552 3625 1734 3681 locum
1765 3643 1924 3682 suum
1963 3646 2077 3701 per-

473 3700 682 3773 tingere
710 3718 908 3762 aurora
933 3707 1229 3780 satagebat,
1253 3726 1377 3766 cum
1407 3712 1584 3768 David
1618 3714 1826 3772 diceret
1853 3733 1865 3770 ε
1902 3700 2079 3775 Sitivit

467 3791 648 3848 anima
679 3811 794 3850 mea
819 3797 892 3851 ad
919 3796 1088 3869 Deum
1116 3798 1291 3854 vivum
1320 3803 1549 3875 quando}
1569 3805 1792 3874 veniam,
1827 3813 1873 3861 et
1906 3824 2077 3879 appa-

472 3880 590 3936 rebo
618 3889 738 3938 ante
765 3883 959 3954 faciem
983 3887 1082 3942 Dei
1104 3887 1276 3960 (Psal.
1304 3906 1415 3958 xm,
1442 3891 1534 3963 3)?
1562 3892 1768 3950 Locum
1795 3911 1954 3951 suum
1987 3913 2075 3954 ve-

473 3967 606 4025 ritas
633 3987 843 4028 aurorae
875 3976 1232 4044 monstrabat,
1266 3994 1390 4033 cum
1423 3996 1520 4050 per
1547 3980 1897 4037 Salomonem
1929 3985 2073 4042 dice-

469 4065 553 4113 ret
586 4075 598 4112 :
630 4060 770 4126 Quid
797 4061 946 4117 habet
971 4065 1202 4136 amplius
1231 4067 1440 4136 sapiens
1469 4085 1504 4121 a
1524 4069 1702 4138 stulto;
1723 4076 1770 4124 et
1797 4071 1928 4141 quid
1942 4091 2072 4144 pau-

463 4164 561 4218 per
595 4148 703 4205 nisi
742 4157 801 4206 ut
843 4161 1032 4226 pergat
1082 4155 1212 4210 illuc
1250 4154 1338 4208 ubi
1380 4161 1458 4210 est
1495 4156 1604 4211 vita.
1631 4159 1834 4227 (Eccle.
1868 4177 1946 4230 vr,
1980 4164 2072 4236 8)?

467 4236 638 4305 Quem
670 4242 913 4313 profecto
943 4245 1124 4299 locum
1155 4243 1320 4298 etiam
1353 4245 1791 4316 praecedentibus
1821 4250 2069 4309 incarna-

464 4326 670 4384 tionem
721 4347 877 4387 suam
929 4331 1190 4404 patribus
1214 4340 1337 4404 post
1390 4341 1574 4392 ortum
1607 4352 1766 4394 suum
1798 4341 2068 4400 Dominus

463 4417 726 4485 ostendit,
759 4420 889 4494 quia
912 4421 1020 4479 nisi
1050 4438 1146 4495 per
1168 4421 1470 4495 prophetia
1490 4425 1748 4497 spiritum
1779 4428 2067 4486 incarnan-

463 4503 595 4561 dum
626 4522 874 4577 supernae
895 4511 1082 4582 patriae
1113 4527 1291 4584 regem
1319 4524 1730 4586 cognoscerent,
1753 4517 1897 4574 bona
1927 4519 2064 4593 ejus-

463 4591 587 4648 dem
616 4594 805 4664 patrias
838 4613 1000 4668 quam
1032 4609 1211 4656 essent
1230 4601 1618 4661 desiderabilia
1648 4623 1758 4662 non
1804 4591 2071 4667 viderent.

462 4679 668 4736 Locum
701 4697 861 4738 suum
892 4685 1094 4742 veritas
1127 4703 1338 4745 aurorae
1369 4693 1661 4764 patefecit,
1695 4710 1820 4750 cum
1853 4695 2067 4754 Patrem

460 4785 641 4826 coram
688 4769 974 4844 discipulis
1022 4773 1200 4848 petiit,
1249 4778 1474 4836 dicens:
1506 4783 1686 4849 Pater,
1719 4799 1850 4853 quos
1880 4785 2070 4845 dedisti

462 4860 610 4928 mihi,
653 4862 770 4917 volo
801 4870 858 4918 ut
887 4865 976 4921 ubi
1001 4883 1088 4938 ego
1117 4884 1233 4922 sum
1264 4871 1284 4905 ³
1314 4877 1360 4924 et
1390 4871 1476 4925 illi
1512 4870 1618 4924 sint
1644 4888 1840 4926 mecum
1875 4875 2064 4944 (Joan.

460 4969 598 5017 xvu,
628 4953 737 5026 24).
776 4955 983 5014 Locum
1014 4976 1175 5015 suum
1206 4977 1417 5016 aurorre
1449 4961 1797 5030 monstravit,
1821 4981 1952 5020 cum
1987 4966 2067 5022 di-

456 5050 602 5099 ceret
632 5061 643 5098 :
681 5045 983 5119 Ubicunque
1007 5047 1174 5119 fuerit
1199 5066 1409 5121 corpus,
1432 5049 1582 5105 ‘illic
1613 5054 2067 5129 congregabantur

459 5139 508 5186 et
531 5134 727 5204 aquila:
754 5137 971 5206 (Matth.
1002 5155 1162 5206 xxxv,
1193 5139 1309 5210 28).
1344 5139 1429 5195 Ad
1474 5139 1623 5198 hunc
1666 5143 1847 5199 locum
1901 5162 2062 5218 quem

458 5234 790 5297 cognoverat
821 5229 1103 5299 pervenire
1134 5247 1330 5286 aurora
1360 5231 1670 5300 festinabat,
1694 5251 1819 5291 cum
1851 5237 2052 5310 Paulus

536 5453 558 5532 ¹.
591 5451 820 5532 'l‘uron_.,
865 5453 1029 5511 Corb.
1094 5456 1304 5525 Germ.,
1349 5456 1570 5525 Pratel.,
1621 5459 1793 5515 Laud.
1839 5471 1893 5517 et
1934 5463 2051 5532 alii,

461 5522 678 5614 visjo'uis
709 5523 940 5614 interrae.
970 5599 983 5614 ‘
1237 5601 1248 5611 .
1957 5605 1967 5614 -

531 5595 553 5629 ³
581 5594 813 5675 Turon.,
835 5599 922 5675 sed
949 5599 1075 5675 dum
1091 5601 1333 5675 quotidie
1361 5603 1544 5673 augeri
1573 5605 1740 5658 locum
1767 5621 1916 5658 suum
1937 5605 2056 5675 jam

456 5667 726 5746 conspicit,
759 5674 806 5722 et
828 5668 977 5746 plene
1001 5667 1411 5746 sibi—clarescere
1433 5667 1594 5728 solem.
1627 5676 1837 5746 quaerit.

530 5739 550 5771 ³
577 5738 772 5806 Laud.,
794 5738 841 5794 et
870 5739 980 5794 illic
1006 5741 1110 5794 sint
1143 5759 1355 5797 mecum.

531 5811 550 5842 ‘
579 5808 745 5867 Corb.
793 5812 1004 5878 Germ.,
1053 5812 1272 5879 Pratel.,
1320 5814 1460 5869 Utic.
1506 5821 1559 5868 et
1622 5817 1719 5884 al.,
1763 5817 1892 5872 illuc
1924 5835 2058 5872 ron-

2193 3247 2326 3304 dum
2359 3249 2611 3308 infirmos
2640 3251 2830 3310 fideles
2860 3255 3101 3326 roborat,
3135 3259 3303 3316 fortes
3333 3262 3390 3317 in
3423 3262 3520 3319 illa
3548 3247 3799 3323 infideles

2195 3339 2441 3396 damnat.
2472 3343 2636 3398 Recte
2665 3358 2796 3400 vero
2845 3346 3010 3402 etiam
3052 3352 3345 3406 concutiens
3391 3353 3629 3425 addidit,
3674 3357 3802 3429 quia

2193 3445 2288 3502 per
2315 3429 2615 3488 adventum
2641 3449 2801 3489 suum
2835 3436 2856 3470 θ
2888 3434 3156 3494 immensa
3180 3441 3479 3499 formidine
3507 3443 3672 3500 etiam
3705 3462 3802 3501 re-

2191 3519 2490 3592 proborum
2519 3520 2685 3578 corda
2713 3525 3033 3582 commovit.
3054 3526 3319 3586 Concussi
3350 3533 3554 3606 quippe
3584 3536 3802 3594 fuerant

2190 3612 2284 3685 qui
2323 3611 2580 3668 dicebant
2626 3631 2637 3668 :
2687 3615 2837 3670 Nihil
2874 3617 3206 3688 proficimus,
3251 3639 3358 3678 ecce
3398 3630 3539 3680 totus
3573 3627 3803 3683 mundus

2189 3702 2208 3735 ⁷
2225 3707 2350 3771 post
2375 3717 2492 3756 eum
2529 3701 2662 3757 abiit
2693 3703 2994 3776 (Joan.xn,
3031 3707 3144 3778 19).
3181 3708 3285 3767 Res
3314 3720 3495 3768 autem
3527 3730 3648 3786 quae
3676 3733 3801 3773 cou-

2187 3794 2403 3851 cucitur
2431 3793 2543 3850 huc
2573 3795 2813 3870 illucque
2849 3796 3015 3854 ducta
3053 3798 3332 3872 fatigatur.
3367 3802 3638 3861 Concussa
3667 3823 3797 3879 ergo

2185 3882 2371 3938 Iudaea
2385 3883 2580 3950 fuerat,
2600 3900 2721 3955 quae
2743 3884 2809 3939 de
2829 3884 3050 3942 Christo
3095 3904 3190 3958 per
3223 3890 3362 3947 alios
3393 3890 3626 3948 dicebat.
3655 3894 3798 3959 Quia

2185 3969 2348 4026 bonus
2377 3977 2450 4026 est
2481 3973 2659 4042 (Joan.
2689 3988 2786 4038 vn,
2825 3974 2938 4046 l2).
2971 3975 3044 4030 Et
3073 3992 3169 4048 per
3198 3978 3335 4034 alios
3366 3981 3666 4049 resistebat,
3702 3981 3792 4038 di-

2183 4078 2309 4118 cens
2333 4079 2347 4118 :
2381 4063 2500 4118 Non
2530 4063 2635 4131 sed,
2655 4063 2850 4118 seducit
2880 4066 3064 4121 turbas
3095 4068 3321 4140 (Ibid).
3354 4070 3456 4126 Per
3483 4073 3624 4129 alios
3650 4072 3795 4129 dice-

2180 4151 2272 4207 bat
2296 4169 2306 4206 :
2334 4151 2452 4207 Nisi
2478 4151 2560 4206 hic
2587 4158 2713 4207 esset
2738 4170 2774 4208 a
2789 4153 2918 4220 Deo,
2942 4173 3049 4210 non
3072 4164 3284 4228 poterat
3299 4159 3478 4230 facere
3497 4163 3794 4235 quidquam

2179 4241 2366 4308 (Joan,
2391 4256 2467 4310 ιχ,
2502 4239 2617 4312 33).
2651 4244 2833 4315 Atque
2861 4243 2929 4300 ad
2951 4253 3265 4304 extremum
3287 4265 3384 4321 per
3406 4251 3545 4307 alios
3566 4253 3794 4308 clamat:

2181 4329 2241 4384 Si
2269 4345 2375 4383 non
2402 4336 2529 4385 esset
2555 4331 2636 4385 hic
2662 4331 2993 4402 malefactor,
3013 4353 3120 4390 non
3137 4337 3231 4392 tibi
3252 4340 3657 4397 tradidissemus
3680 4359 3795 4398 eum

2181 4419 2362 4490 (Joan.
2394 4437 2558 4490 xvm,
2591 4420 2706 4494 30).
2741 4421 3007 4480 Concussi
3041 4426 3286 4498 quidem,
3337 4430 3432 4487 sed
3477 4447 3588 4486 non
3628 4448 3794 4504 pros-

2184 4508 2313 4564 trati
2355 4516 2484 4564 sunt
2537 4509 2777 4582 reprobi,
2816 4526 2941 4567 cum
2990 4512 3156 4569 modo
3213 4516 3480 4574 miracula
3537 4518 3791 4591 obstupe-

2186 4607 2396 4655 scentes
2422 4607 2725 4668 cernerent,
2758 4600 2924 4657 modo
2945 4601 3286 4661 inﬁrmitatis
3325 4607 3624 4680 opprobria
3657 4609 3793 4665 des-

2183 4688 2448 4759 picientes
2495 4689 2808 4747 irriderent.
2867 4691 3066 4748 Annon
3115 4694 3370 4752 concussi
3421 4696 3660 4766 fuerant,
3695 4701 3789 4771 qui

2178 4775 2468 4834 dicebant:
2505 4779 2784 4849 Quousque
2811 4779 3046 4835 animam
3094 4789 3332 4839 nostram
3364 4787 3505 4842 tollis
3524 4789 3552 4842 7
3579 4788 3627 4842 si
3657 4794 3712 4841 tu
3737 4806 3790 4844 es

2182 4866 2445 4935 Christus,
2476 4867 2559 4923 die
2587 4868 2734 4923 nobis
2775 4871 2958 4940 palam
3006 4871 3190 4942 (Joan.
3240 4889 3297 4941 x,
3332 4875 3448 4948 24).
3505 4876 3603 4932 Vel
3636 4885 3788 4935 certe

2175 4963 2420 5012 extrema
2447 4963 2606 5012 terrae
2634 4959 2913 5014 concussit
2943 4967 2997 5016 et
3030 4962 3229 5031 tenuit,
3261 4964 3393 5037 quia
3411 4981 3538 5022 cum
3563 4965 3788 5022 infirma

2175 5047 2340 5103 corda
2369 5046 2666 5102 humilium
2713 5048 2805 5120 pio
2834 5049 3033 5108 timore
3065 5053 3278 5122 terruit,
3330 5071 3678 5129 nequaquam
3719 5073 3786 5112 ea

2169 5138 2382 5211 judicio
2401 5137 2654 5196 districto
2674 5140 2990 5216 dereliquit.
3021 5145 3152 5201 Inde
3173 5145 3323 5201 enim
3346 5148 3648 5204 multitudo
3667 5165 3782 5204 cre-

2163 5230 2414 5287 dentium
2445 5230 2502 5286 in
2531 5232 2705 5287 Deum
2726 5232 3006 5291 robustius
3035 5236 3206 5304 stetit,
3241 5236 3388 5293 unde
3405 5238 3462 5294 in
3483 5255 3541 5295 se
3572 5237 3780 5294 humi-

2200 5458 2544 5512 reaabuntur.

2217 5475 2228 5488 ο
2400 5476 2430 5511 η
2459 5475 2544 5512 ur.

2165 5475 2214 5529 9’
2471 5571 2485 5596 ,
2517 5546 2574 5582 in
2593 5530 2951 5586 multitudines
2973 5531 3279 5588 innumeras
3297 5551 3480 5590 amore
3498 5535 3772 5591 dilatavit.

2239 5603 2260 5636 δ
2289 5598 2514 5674 Ebroic.
2543 5608 2596 5655 et
2624 5601 2694 5656 al.
2719 5603 2928 5674 Norm.,
2960 5603 3208 5658 immensa
3237 5604 3575 5674 fortitudine.
3601 5605 3770 5664 Corb.

2167 5672 2375 5738 Germ.,
2401 5671 2457 5743 in
2496 5671 2748 5728 immensa
2778 5673 3082 5743 formidine.

2239 5746 2257 5777 ⁷
2292 5742 2460 5798 Laud.
2496 5750 2549 5799 et
2579 5744 2740 5802 Corb.
2775 5742 2980 5812 Germ.,
3008 5752 3129 5819 post
3156 5763 3274 5802 eum
3296 5749 3463 5806 vadit.
