4152 6182
293 255 392 312 481

983 259 1355 320 MORALIUM
1393 264 1526 324 LIB.
1570 265 1782 325 XXIX.
1824 299 1896 313 —-
1933 271 2005 327 IN
2043 271 2268 330 CAPUT
2307 277 2598 334 XXXVIII
2637 280 2698 335 Β,
2741 281 2882 336 JOB.

3486 289 3590 347 482

294 369 427 474 liata
447 369 759 474 trepidavit.
789 373 926 430 Nam
955 375 1084 474 quia
1110 392 1236 434 eum
1256 379 1402 474 Deus
1438 395 1602 474 quem
1631 384 1880 440 concutit
1910 388 1963 448 Α
1994 388 2090 444 tati
2116 391 2484 448 renuerint.—
2501 391 2642 459 Quia
2669 392 2804 449 dum
2834 393 3056 452 credere
3083 398 3304 456 veritati
3335 411 3596 474 renuunt,

293 467 450 526 tenet,
481 459 730 517 insinuat
756 477 853 534 per
880 464 1226 537 prophetam,
1255 468 1445 525 dicens
1479 488 1491 526 :
1537 471 1708 544 Super
1734 492 1886 546 quem

290 549 564 620 requiescet
591 549 815 622 spiritus
842 571 1007 623 meus,
1049 554 1157 611 nisi
1186 574 1345 630 super
1377 559 1627 616 humilem
1654 569 1702 617 et
1728 564 1885 634 quie—

291 643 413 702 tum,
439 644 488 694 et
529 645 826 696 trementem
863 660 1128 700 sermones
1155 663 1295 703 meos
1321 649 1484 716 (Isai.
1519 666 1673 719 wa,
1705 652 1758 720 2,
1786 670 1883 708 sec.

289 728 492 800 LXX)?
540 728 680 796 Quia
703 746 830 787 eum
861 748 1022 805 quem
1053 736 1300 793 concutit
1330 745 1498 808 tenet,
1546 742 1561 775 ¹
1593 741 1885 800 Salomone

289 825 576 874 attestante
605 817 922 890 intimatur,
948 824 1075 896 quia
1101 825 1211 882 ait:
1248 828 1445 884 Beatus
1463 830 1550 885 vir
1569 831 1660 901 qui
1685 849 1887 905 semper

287 913 354 961 est
372 907 605 978 pavidus
620 925 642 973 ;
671 908 766 978 qui
790 917 964 967 aute-m
991 916 1176 970 mentis
1194 918 1449 987 estdurw,
1478 921 1683 974 corruit
1700 922 1757 976 in
1775 941 1886 978 ma-

291 1001 387 1054 lum
418 999 610 1070 (Prov.
643 1016 854 1067 xxvm,
887 1003 998 1075 14).
1049 1007 1225 1078 Igitur
1253 1009 1382 1081 quia
1413 1019 1659 1068 extrema
1685 1014 1886 1071 ludam

288 1092 554 1146 Dominus
574 1089 633 1145 in
655 1093 920 1163 apostolis
948 1095 1146 1165 tenuit,
1179 1105 1341 1170 atque
1371 1115 1439 1154 ex
1469 1101 1563 1156 illa
1590 1102 1808 1161 Scribas
1832 1111 1886 1160 et

285 1179 585 1236 Pharismos
613 1197 678 1236 ac
708 1182 996 1253 pontifices
1042 1185 1345 1258 impietatis
1387 1206 1498 1245 suae
1528 1193 1727 1249 merito
1756 1194 1888 1250 exi-

284 1277 432 1340 gente
462 1270 806 1342 reprobavit,
840 1273 976 1346 quid
1003 1275 1183 1335 adhuc
1211 1277 1279 1334 de
1307 1294 1497 1336 eorum
1529 1281 1886 1341 damnatione

283 1358 544 1417 subdatur
569 1359 880 1419 audiamus.
909 1363 1169 1439 Sequitur
1196 1386 1208 1424 :

897 1481 1125 1538 CAPUT
1166 1484 1260 1541 IV.

346 1566 518 1625 Vens.
550 1566 636 1624 14.
666 1599 739 1610 -
765 1569 1092 1628 Restituetur
1131 1579 1191 1630 ut
1235 1574 1403 1629 lutum
1444 1574 1796 1646 signaculum,
1840 1585 1890 1635 et

281 1657 429 1714 stabit
455 1657 597 1712 sicut
621 1658 997 1717 vestimentum.

1995 478 2364 548 cognitionem
2394 481 2528 553 legis
2548 481 2606 536 in
2628 490 2951 554 perpetuum
2977 488 3270 557 amittunt;
3303 497 3358 546 et
3377 489 3509 548 dum
3530 491 3599 550 de

1995 576 2217 640 accepta
2261 570 2377 642 lege
2409 570 2758 643 superbiunt,
2806 572 3075 630 nimirum
3110 576 3176 632 de
3214 579 3456 638 scientiae
3484 599 3599 640 sua

1996 655 2167 727 gloria
2195 668 2486 717 caecantur.
2539 661 2815 734 Scriptum
2849 663 3051 736 quippe
3079 673 3160 721 est
3193 685 3205 722 ;
3245 669 3602 728 Obscurentur

1995 745 2134 802 oculi
2159 764 2361 816 eorum,
2391 767 2456 805 ne
2482 750 2694 806 videant
2720 753 2901 823 (Psal.
2926 769 3126 822 vam,
3157 755 3272 827 2h).
3323 756 3601 815 Rursum—
3659 824 3664 829 ,

1996 851 2101 907 que
2129 835 2399 910 scriptum
2428 847 2542 897 est:
2577 843 2804 898 Earcaica
2835 860 2926 898 cor
2949 843 3136 914 populi
3158 843 3344 914 hujus,
3373 852 3420 900 et
3443 863 3600 902 aures

1995 923 2111 993 ejus
2133 943 2369 998 aggrava
2397 930 2561 1000 (Isat.
2584 948 2662 1000 vr,
2700 932 2812 1003 10).
2839 932 2912 986 Et
2931 949 3151 988 rursum
3181 933 3448 1006 scriptum
3481 945 3596 992 est:

1996 1013 2062 1068 In
2093 1015 2363 1083 judicium
2399 1036 2486 1090 ego
2533 1019 2602 1073 in'
2630 1020 2766 1074 hunc
2804 1022 3062 1076 mundum
3089 1022 3228 1087 veni,
3273 1029 3331 1077 ut
3374 1023 3468 1094 qui
3496 1041 3602 1078 non

1996 1100 2193 1168 vident,
2210 1105 2460 1172 videant;
2479 1115 2527 1162 et
2548 1109 2641 1179 qui
2660 1110 2856 1179 vident,
2878 1110 2997 1166 caeci
3015 1111 3148 1182 ﬁant
3170 1112 3351 1183 (Joan.
3384 1129 3466 1180 ix,
3482 1112 3598 1184 39).

1995 1190 2067 1246 Et
2097 1193 2226 1264 quia
2247 1197 2571 1269 semetipsos
2598 1199 2667 1255 de
2698 1200 2832 1273 legis
2860 1200 3122 1273 Operibus
3141 1209 3332 1259 contra
3351 1201 3600 1261 condito-

1995 1297 2110 1338 rem
2143 1283 2277 1357 legis
2305 1289 2645 1358 extulerunt,
2681 1299 2803 1362 apte
2831 1292 3091 1348 subditur
3123 1311 3136 1351 :

2627 1398 2855 1455 CAPUT
2894 1401 2988 1457 VI.

2075 1490 2213 1545 IBID.
2242 1517 2312 1528 —
2340 1488 2415 1543 Et
2442 1485 2713 1542 brachium
2742 1489 3000 1544 excelsum
3029 1495 3343 1548 conteretur.

2064 1578 2119 1634 9.
2155 1577 2393 1649 Superba
2428 1576 2550 1647 legis
2579 1575 2872 1632 observatio
2901 1579 3204 1649 reprobata.
3223 1579 3601 1638 —Excelsum

1998 1667 2200 1740 quippe
2238 1666 2527 1723 brachium
2561 1669 2883 1737 conteritur,
2934 1670 3175 1742 quando,
3221 1672 3514 1744 pradicata
3544 1672 3604 1730 li-

344 1750 396 1807 6.
440 1751 623 1807 Judaei
649 1751 717 1808 ab
747 1752 982 1808 lateritio
1011 1771 1166 1826 opere
1189 1754 1351 1827 prius
1381 1755 1611 1825 liberati,
1643 1758 1771 1814 dum
1795 1764 1893 1813 ter-
1922 1757 1968 1818 B
1997 1756 2085 1813 dei
2119 1756 2314 1828 gratia,
2359 1757 2591 1828 superba
2641 1759 2777 1831 legis
2807 1761 3055 1832 operatio
3102 1762 3445 1835 reprobatur,
3477 1778 3604 1818 cum

280 1857 408 1898 rem
458 1842 694 1914 sapiunt,
737 1843 933 1898 iterum
977 1844 1050 1899 ad
1098 1845 1287 1901 lateres
1329 1846 1620 1904 redierunt.
1650 1879 1721 1890 —
1749 1848 1896 1916 Quid

280 1931 433 1987 aliud
463 1932 738 1990 Dominus
764 1932 982 2004 plebem
1005 1935 1362 1994 Israeliticam
1392 1936 1503 1994 nisi
1533 1938 1710 1995 lutum
1744 1953 1892 2010 repe-

284 2021 378 2089 rit,
419 2038 584 2095 quam
629 2022 909 2098 obsequiis
951 2025 1243 2098 gentilium
1285 2026 1528 2084 deditam
1561 2029 1619 2083 in
1648 2027 1893 2101 Egypto

287 2113 615 2171 servientem
641 2115 907 2172 lateribus
927 2116 1145 2174 invenit
1160 2117 1188 2174 ?
1208 2117 1383 2186 Quam
1404 2117 1537 2174 dum
1559 2125 1642 2174 tot
1657 2118 1891 2175 miracu-

285 2203 346 2258 lis
372 2202 442 2260 ad
473 2212 672 2262 terram
706 2207 1168 2280 repromissionis
1197 2209 1360 2265 duxit
1402 2210 1606 2281 (Exod.
1641 2227 1697 2287 v,
1730 2225 1832 2279 seq.
1842 2210 1889 2280 ),

281 2291 410 2350 dum
443 2296 764 2368 perductam
812 2297 1151 2370 cognitionis
1198 2316 1309 2356 suae
1343 2299 1576 2357 scientia
1612 2297 1886 2371 implevit,

279 2383 410 2440 dum
435 2392 521 2442 tot
549 2402 747 2444 arcana
777 2395 1112 2444 secretorum
1133 2389 1184 2445 ei
1204 2405 1300 2461 per
1323 2389 1667 2462 prophetiam
1699 2393 1888 2445 contu-

280 2472 375 2542 lit;
409 2475 548 2549 quid
577 2491 698 2532 eam
729 2477 880 2532 aliud
899 2494 1060 2549 quam
1083 2479 1340 2534 servandi
1371 2478 1622 2550 mysterii
1641 2477 1890 2548 signacu-

277 2562 398 2618 lum
429 2563 611 2620 iecit?
660 2566 682 2598 ²
714 2566 837 2635 Ipsa
873 2566 1074 2637 quippe
1111 2565 1303 2622 divina
1331 2567 1618 2639 prophetia
1644 2567 1891 2622 clausum

281 2649 575 2707 continuit
603 2649 877 2722 quidquid
907 2651 974 2707 de
1005 2666 1061 2707 se
1090 2651 1309 2709 Veritas
1339 2657 1476 2716 921
1513 2652 1571 2707 in
1601 2652 1710 2708 ﬁne
1738 2668 1888 2708 reve-

277 2747 445 2803 lavit.
481 2746 589 2803 Sed
618 2746 749 2803 dum
779 2755 902 2820 post
930 2757 1011 2806 tot
1039 2749 1232 2807 divina
1259 2758 1481 2820 secreta,
1513 2759 1634 2824 post
1663 2759 1744 2808 tot
1773 2768 1890 2824 per-

277 2843 440 2910 cepta
463 2837 734 2895 miracula
755 2838 810 2894 in
833 2839 1211 2911 Redemptoris
1229 2842 1311 2897 sui
1334 2841 1597 2911 adventu,
1628 2845 1753 2916 plus
1784 2851 1891 2898 ter-

282 2943 396 2983 ram
429 2942 597 3000 quam
630 2926 919 2983 veritatem
949 2925 1168 2996 dilexit,
1197 2945 1291 3002 per
1318 2929 1626 2988 sacerdotes
1656 2931 1846 2989 dicens
1873 2949 1885 2989 :

285 3021 339 3078 Si
375 3021 702 3077 dimittimus
730 3037 845 3077 eum
874 3022 968 3091 sic,
1019 3039 1194 3078 omnes
1229 3025 1437 3080 credent
1462 3026 1521 3080 in
1549 3042 1687 3094 eum,
1720 3031 1766 3080 et
1796 3043 1890 3080 ve-

2001 1846 2206 1902 dicitur
2231 1864 2241 1902 :
2268 1848 2357 1901 Ex
2376 1847 2622 1917 operibus
2641 1849 2764 1920 legis
2782 1866 2888 1903 non
2892 1849 3281 1922 justiﬁcabitur
3296 1852 3464 1907 omnis
3478 1867 3604 1907 caro

2003 1935 2178 2007 (Rom.
2210 1952 2292 2002 ιη,
2324 1934 2438 2007 20).

2073 2025 2156 2080 10.
2202 2027 2463 2080 Extrema
2503 2026 2750 2082 Ecclesiae
2777 2028 2870 2098 qui
2908 2029 3048 2085 Deus
3076 2035 3125 2085 et
3153 2035 3321 2086 teneat
3349 2035 3396 2088 et
3421 2047 3604 2086 concu-

2002 2116 2120 2172 tiat.
2137 2145 2208 2156 —
2228 2114 2438 2172 Cuncta
2464 2123 2649 2172 tamen
2677 2116 2794 2173 haec
2824 2118 3058 2191 intelligi
3085 2127 3139 2176 et
3162 2120 3324 2176 aliter
3351 2129 3602 2194 possunt.

2000 2206 2221 2262 Terram
2251 2205 2452 2279 quippe
2479 2206 2766 2278 Scriptura
2785 2224 2937 2266 sacra
2968 2225 3166 2266 vocare
3193 2211 3482 2266 consuevit
3502 2212 3608 2269 Ec-

2000 2296 2242 2354 clesiam.
2262 2295 2525 2352 Extrema
2550 2295 2722 2368 igitur
2747 2305 2903 2353 terrae
2925 2298 3195 2355 Dominus
3222 2305 3372 2355 tenet
3399 2307 3454 2354 et
3478 2315 3605 2356 con-

1999 2387 2158 2457 cutit,
2189 2387 2320 2459 quia
2341 2385 2600 2443 Ecclesiae
2629 2404 2741 2443 suae
2770 2387 2967 2445 ultima
2996 2405 3090 2460 per
3118 2388 3418 2444 adventum
3447 2389 3604 2446 Anti-

1999 2475 2194 2534 christi
2225 2475 2609 2550 persecutione
2641 2476 3040 2534 immanissima
3067 2477 3282 2534 turbari
3311 2477 3604 2550 permittit,

2002 2583 2103 2623 nec
2124 2575 2307 2623 tamen
2330 2567 2700 2640 permittendo
2720 2567 2941 2623 deserit.
2966 2568 3118 2624 Hanc
3137 2575 3336 2623 terram
3353 2568 3605 2641 aliquan-

2003 2656 2073 2713 do
2094 2657 2364 2714 Dominus
2390 2665 2560 2726 tenet,
2593 2665 2646 2713 et
2675 2673 2787 2712 non
2818 2657 3097 2725 concutit;
3131 2656 3430 2731 aliquando
3459 2666 3607 2714 tenet

2002 2754 2054 2804 et
2075 2748 2344 2817 concutit,
2377 2748 2507 2822 quia
2528 2746 2694 2803 modo
2715 2763 2833 2803 eam
2853 2747 3156 2820 tranquilla
3183 2763 3314 2820 pace
3337 2747 3465 2803 ﬁdei
3485 2764 3606 2820 pos-

2001 2837 2162 2904 sidet,
2195 2838 2360 2895 modo
2389 2838 2728 2894 commoveri
2757 2838 2968 2910 impetu
2997 2837 3395 2910 persecutionis
3424 2837 3603 2910 jubet.

2072 2929 2157 2982 11.
2191 2929 2256 2983 In
2281 2928 2527 2983 Ecclesia:
2550 2927 3005 2998 persecutionibus
3031 2927 3163 2996 falsi
3192 2927 3487 2984 Christiani
3514 2943 3603 2981 ea:-

1998 3015 2272 3071 cutiuntur
2299 3016 2437 3070 sicut
2471 3017 2749 3086 palece.—
2779 3016 2923 3071 Bene
2966 3024 3149 3071 autem
3184 3029 3310 3072 cum
3359 3015 3564 3072 diceret
3593 3035 3606 3074 :

283 3111 423 3166 πίεηι
465 3111 720 3180 Romani,
775 3118 823 3166 ει
869 3113 1052 3167 tollent
1100 3119 1336 3168 nostrum
1396 3116 1565 3170 locum
1612 3121 1658 3170 ει
1694 3121 1886 3186 gentem
1917 3124 1960 3186 ο
1997 3106 2256 3176 Nunquid
2286 3105 2497 3160 tenuisti
2530 3105 2824 3159 concutiens
2857 3110 3093 3160 extrema
3129 3109 3304 3174 terra,
3337 3103 3490 3162 illico
3518 3105 3608 3161 ad-

288 3197 465 3270 (Joan.
495 3213 576 3264 x1,
600 3196 717 3268 48),
752 3199 905 3271 quasi
937 3199 1005 3256 ad
1025 3216 1118 3256 eos
1146 3215 1282 3273 quos
1303 3200 1360 3255 in
1387 3201 1630 3274 Egypto
1659 3202 1892 3275 relique-

285 3295 362 3343 ret
389 3287 594 3343 lateres
622 3286 825 3355 rediit;
859 3295 915 3344 et
944 3305 1062 3363 quae
1091 3289 1238 3346 facta
1263 3291 1378 3362 jam
1410 3291 1510 3346 Dei
1542 3291 1888 3363 signaculum

286 3379 484 3447 fuerat,
526 3377 593 3434 ad
624 3377 730 3434 hoc
775 3395 830 3434 se
862 3379 1059 3436 iterum
1094 3381 1241 3454 quod
1282 3382 1593 3440 deseruerat
1638 3383 1891 3452 inﬂexit;

288 3469 580 3542 lutumque
601 3484 655 3524 se
678 3477 801 3541 post
820 3469 1163 3541 signaculum
1186 3471 1244 3526 in
1265 3472 1443 3528 oculis
1462 3472 1714 3529 veritatis
1741 3471 1895 3527 exhi-

287 3560 424 3629 buit,
451 3577 584 3616 cum
611 3575 707 3634 per
728 3561 1032 3633 impietatis
1050 3561 1318 3618 malitiam
1353 3563 1561 3634 accepti
1593 3562 1748 3618 verbi
1779 3578 1897 3634 my-

289 3653 456 3709 steria
474 3651 738 3724 perdidit,
762 3660 818 3710 et
844 3654 966 3710 sola
993 3660 1210 3711 terrena
1235 3671 1421 3726 sapere
1453 3671 1572 3729 quae
1601 3653 1898 3728 inquinant

290 3743 477 3815 elegit.

364 3862 411 3917 7.
449 3859 568 3918 Soli
590 3861 779 3917 littera:
795 3857 1078 3916 servientes
1096 3858 1205 3915 Deo
1220 3874 1321 3930 per
1340 3857 1646 3915 charitatem
1671 3859 1901 3916 adhaere-

292 3970 346 4007 re
363 3953 677 4008 noluerunt.
695 3983 766 3994 —
786 3951 890 4008 Ubi
911 3957 1034 4024 apte
1064 3949 1450 4023 subjungitur:
1483 3953 1557 4008 Et
1583 3953 1742 4008 stabit
1767 3952 1904 4008 sicut

296 4043 672 4098 vestimentum.
699 4041 957 4114 Impolita
977 4056 1215 4114 namque
1235 4048 1289 4097 et
1309 4042 1580 4114 grossiora
1609 4041 1900 4098 vestimen-

297 4139 346 4187 ta
363 4134 535 4190 etiam
563 4149 690 4190 cum
715 4130 909 4188 induta
939 4131 1166 4200 fuerint,
1186 4131 1316 4204 quia
1336 4131 1619 4189 induentis
1639 4131 1902 4189 membris

295 4221 426 4280 bene
457 4223 737 4297 applicata
767 4237 878 4277 non
910 4220 1202 4290 inhaerent,
1232 4229 1378 4279 stare
1407 4222 1682 4279 feruntur.
1716 4223 1904 4279 Iudaea

299 4311 460 4384 igitur
512 4313 661 4369 circa
708 4311 959 4368 veritatis
1010 4311 1266 4366 notitiam
1316 4313 1483 4368 etiam
1530 4331 1657 4372 cum
1697 4313 1903 4370 servire

301 4400 598 4471 videretur,
648 4403 792 4458 sicut
826 4400 1216 4456 vestimentum
1247 4401 1417 4468 stetit,
1463 4402 1592 4473 quia
1620 4419 1714 4474 per
1743 4411 1905 4458 exte-

301 4497 438 4553 riora
470 4495 733 4552 mandata
760 4494 967 4551 servire
988 4509 1043 4549 se
1063 4493 1304 4550 Domino

301 4603 412 4643 rere
440 4587 497 4642 ei
523 4588 544 4622 ³
578 4602 674 4660 per
702 4583 988 4642 charitatis
1016 4582 1438 4654 intelligentiam
1471 4583 1670 4640 noluit.
1705 4585 1726 4619 ‘
1754 4586 1897 4642 Dum

303 4677 468 4734 solam
494 4675 553 4731 in
570 4673 857 4748 praeceptis
877 4673 974 4730 Dei
1005 4673 1242 4728 litteram
1265 4672 1462 4740 tenuit,
1485 4681 1538 4728 et
1557 4689 1898 4747 nequaquam

305 4782 357 4822 se
384 4783 481 4840 per
511 4765 768 4838 spiritum
790 4762 1042 4821 sensibus
1072 4761 1285 4818 intimis
1307 4760 1519 4834 junxit,
1553 4763 1707 4835 quasi
1736 4763 1782 4818 ei
1806 4764 1901 4837 qui

305 4872 358 4912 se
386 4857 646 4916 induerat
674 4873 786 4914 non
813 4854 1063 4913 adhaesit.
1097 4852 1198 4910 Ubi
1228 4859 1281 4909 et
1309 4861 1433 4926 apte
1465 4852 1817 4928 subjungitur
1849 4873 1861 4911 :

925 4943 1153 5001 CAPUT
1194 4942 1263 5001 V.

378 5035 549 5095 Vens.
584 5039 670 5096 15.
701 5067 772 5079 -
797 5034 1088 5105 Auferetur
1115 5031 1181 5090 ab
1209 5031 1387 5106 impiis
1422 5034 1518 5090 tua;
1544 5051 1662 5091 sua.

376 5128 430 5186 8.
468 5129 826 5202 Cognitionem
855 5126 979 5198 legis
1007 5125 1318 5194 amiserunt,
1347 5125 1486 5197 quod
1520 5125 1726 5182 credere
1757 5125 1905 5182 veri-

388 5339 402 5375 ¹
447 5336 609 5398 Corb.
659 5338 867 5406 Germ.,
927 5334 1187 5402 Vindoc.,
1239 5333 1436 5406 Laud.,
1480 5333 1704 5404 Pratel.,
1743 5336 1906 5392 Salo-

312 5427 462 5467 mone
484 5417 758 5467 attestante
784 5405 880 5464 nos
908 5408 1128 5463 instruit
1154 5405 1245 5477 qui
1273 5406 1370 5461 ait.

386 5483 408 5518 ²
445 5483 535 5539 Sic
583 5482 744 5540 Corb.
803 5481 1014 5544 Germ.,
1078 5476 1308 5544 Turon.,
1363 5476 1600 5534 Vindoc.
1659 5484 1713 5532 et
1766 5495 1908 5536 unus

317 5553 537 5611 Ebroic.
567 5556 629 5611 In
659 5552 828 5610 Laud.
863 5550 1063 5622 legitur
1085 5567 1098 5622 ς
1132 5549 1189 5602 in
1211 5549 1328 5622 ipsa
1359 5549 1549 5620 quippe
1577 5549 1758 5605 divina
1782 5567 1908 5622 pro-

313 5626 508 5695 phetia.
529 5628 591 5682 In
613 5625 833 5692 Pratel.,
858 5621 1098 5695 Uticensi
1118 5627 1172 5695 et
1192 5621 1261 5676 al.
1285 5621 1499 5695 Norm.,
1521 5637 1657 5694 quos
1675 5637 1908 5695 sequun~

319 5691 410 5776 tur
433 5697 601 5776 Editi,
634 5697 751 5776 ipsa
778 5691 968 5776 quippe
996 5693 1088 5776 diu
1118 5691 1492 5776 iit-prophetia.

390 5714 408 5751 ι’
434 5714 601 5764 manu,
633 5714 751 5823 ipsa
778 5714 968 5776 quippe
996 5714 1088 5748 aut
1118 5714 1172 5773 ut
1195 5714 1492 5774 propneua.
1606 5763 1616 5774 Ο

390 5769 411 5801 ³
455 5769 604 5824 Alter
659 5767 874 5835 ibi-010.,
903 5783 996 5838 per
1022 5765 1296 5821 charitatis
1327 5763 1720 5833 mdulgenttam.

2003 3195 2194 3268 junxit
2226 3214 2236 3252 :
2271 3198 2345 3253 Et
2371 3195 2650 3250 excussisti
2677 3195 2868 3267 impios
2896 3213 2961 3252 ea:
2990 3199 3095 3254 ea?
3121 3200 3429 3254 Attestante
3459 3197 3608 3252 enim

2005 3287 2196 3355 Paulo,
2233 3286 2480 3359 plerique
2515 3286 2573 3341 i-n
2604 3301 2665 3342 ea
2703 3294 2832 3342 sunt
2874 3286 2964 3359 qui
3003 3287 3339 3344 conﬁtentur
3367 3303 3422 3343 se
3452 3301 3611 3343 nosse

2005 3378 2202 3446 Deum,
2234 3377 2395 3433 factis
2421 3386 2602 3432 autem
2634 3383 2836 3448 negant
2864 3377 3005 3449 (Tit.
3031 3394 3069 3446 ι,
3105 3378 3218 3451 16).
3254 3375 3456 3449 lmpios
3483 3392 3611 3448 ergo

2005 3484 2075 3523 ex
2101 3483 2162 3523 ea
2185 3466 2456 3523 Dominus
2485 3467 2716 3535 excutit,
2749 3467 2879 3540 quia
2899 3466 2956 3522 hi
2979 3483 3116 3539 quos
3135 3485 3284 3524 nunc
3312 3467 3509 3522 intima
3530 3466 3611 3521 vi-

2005 3555 2084 3610 tia
2103 3555 2407 3628 possident,
2438 3563 2573 3612 tunc
2599 3556 2659 3610 in
2689 3555 3007 3628 voraginem
3038 3565 3237 3629 apertae
3269 3555 3613 3613 inﬁdelitatis

2007 3643 2236 3711 cadent;
2269 3653 2432 3717 atque
2460 3643 2519 3698 in
2551 3659 2807 3700 acervum
2837 3645 3116 3716 palearum
3147 3654 3454 3714 transeunt,
3485 3661 3611 3702 cum

2007 3734 2329 3792 tentationis
2362 3734 2516 3790 illius
2545 3750 2678 3790 aura
2704 3743 3145 3793 commoventur.
3176 3738 3247 3792 Et
3276 3737 3529 3809 quamvis
3557 3752 3615 3792 se

2010 3840 2159 3880 nunc
2188 3823 2289 3878 sub
2318 3823 2498 3895 specie
2526 3822 2655 3878 ﬁdei
2686 3823 2833 3878 intra
2862 3839 2998 3880 areae
3027 3825 3211 3880 sinum
3242 3831 3449 3896 tegant,
3481 3833 3614 3880 tunc

2011 3913 2277 3970 nimirum
2295 3919 2452 3968 extra
2471 3928 2764 3983 granorum
2788 3913 3071 3969 cumulum
3088 3911 3327 3968 districti
3343 3911 3616 3969 examinis

2012 4003 2322 4061 ventilabro
2352 4001 2618 4058 resilient.

2086 4095 2229 4170 [Rea
2262 4090 2388 4166 IV.]
2420 4096 2564 4156 922
2601 4091 2686 4149 i2.
2718 4093 2786 4150 In
2811 4091 2926 4150 illis
2949 4092 3282 4165 signaculum
3310 4090 3433 4165 ﬁdei
3459 4091 3616 4148 verti-

2015 4200 2103 4249 tur
2130 4193 2188 4247 in
2219 4192 2404 4248 lutum.
2424 4190 2662 4248 —Unde
2691 4200 2746 4248 et
2774 4199 2898 4264 apte
2927 4190 3313 4264 subjungitur:
3345 4191 3618 4248 Restitue—

2015 4291 2103 4339 tur
2122 4289 2179 4338 ut
2201 4285 2369 4340 lutum
2391 4283 2744 4356 signaculum.
2765 4287 2848 4339 Ac
2874 4282 2921 4338 si
2950 4290 3136 4356 aperte
3156 4282 3397 4340 diceret:
3431 4281 3501 4338 Hi
3523 4283 3619 4356 qui

2013 4393 2162 4433 nunc
2182 4374 2442 4431 videntur
2463 4375 2519 4429 in
2543 4374 2804 4430 Ecclesiae
2825 4375 2951 4430 sinu
2974 4374 3341 4448 signaculum,
3365 4381 3500 4434 tunc
3525 4389 3619 4429 an-

1326 4463 1584 4562 ost'en'dit,
1609 4463 1703 4549 sled
1724 4494 1902 4551 ωδε,
1932 4499 1982 4558 D
2015 4474 2067 4522 te
2096 4465 2286 4522 oculos
2599 4463 2962 4562 restituentur
2990 4471 3051 4519 ut
3074 4464 3284 4562 lutum,
3316 4463 3496 4562 idest,
3525 4478 3619 4562 ne-

2015 4572 2287 4632 quaquam
2313 4553 2524 4626 judicia
2546 4552 2835 4609 hominum
2867 4553 2935 4610 de
2965 4555 3304 4627 professione
3333 4553 3620 4625 religionis

2009 4648 2232 4713 fallunt,
2264 4646 2285 4679 5
2317 4643 2409 4700 sed
2440 4644 2589 4717 quod
2619 4651 2836 4700 terrena
2866 4645 3100 4718 sapiant,
3144 4645 3615 4702 demonstrantur.

2011 4737 2158 4793 Solet
2187 4734 2335 4790 enim
2365 4734 2649 4806 Scriptura
2678 4751 2829 4790 sacra
2858 4751 2956 4807 pro
2990 4734 3096 4790 ﬁde
3128 4735 3401 4807 appellare
3429 4733 3620 4802 signa-

2010 4828 2218 4895 culum,
2248 4842 2346 4898 pro
2376 4825 2670 4898 iniquitate
2698 4826 2898 4881 lutum.
2943 4826 3079 4882 Nam
3111 4824 3259 4878 illius
3282 4821 3475 4893 junior
3501 4819 3618 4892 qui,

2010 4928 2336 4991 consumpta
2357 4916 2682 4986 substantia,
2703 4916 2770 4973 ad
2794 4925 3000 4989 patrem
3024 4912 3188 4968 rediit
3211 4912 3362 4984 (Luc.
3381 4927 3479 4976 xv,
3501 4909 3619 4982 22),

2012 5008 2070 5064 in
2107 5024 2333 5064 munere
2363 5007 2629 5063 annulum
2660 5006 2890 5077 accepit.
2916 5001 3153 5061 Gentilis
3182 4999 3329 5056 enim
3363 4999 3618 5070 populus,

2013 5097 2128 5169 qui,
2163 5095 2577 5153 immortalitate
2603 5094 2836 5168 perdita,
2870 5092 2941 5149 ad
2969 5094 3142 5148 Deum
3174 5086 3492 5162 paenitendo
3526 5103 3622 5146 re-

2087 5332 2106 5366 ⁴
2146 5331 2206 5385 In
2234 5330 2360 5385 Mss.
2403 5328 2615 5394 Norm.,
2667 5326 2783 5381 haec
2824 5323 2896 5380 ad
2936 5322 3276 5396 superiorem
3325 5320 3617 5396 periodum

2014 5400 2526 5479 pertinentpsicque
2550 5397 2750 5479 legitur
2775 5396 2906 5479 :‘sed
2931 5394 3204 5479 adhcerere
3230 5396 3279 5479 ei
3299 5394 3617 5479 per‘chari-

2017 5467 2138 5529 latis
2159 5467 2555 5542 intelligentiam
2579 5467 2700 5541 (aL,
2725 5467 3153 5541 indulgentiam)
3176 5467 3367 5542 noluit,
3391 5467 3513 5542 dum
3536 5482 3620 5542 so-

2020 5547 2216 5602 lam....
2264 5538 2373 5599 lect.
2411 5538 2597 5598 tenuit.
2633 5542 2709 5598 Et
2734 5538 3072 5612 nequaquam
3102 5538 3219 5597 se...
3253 5539 3460 5610 jumrit,
3491 5538 3621 5608 quia

2017 5618 2086 5682 ei,
2119 5625 2222 5673 etc.

2089 5691 2110 5722 δ
2151 5687 2312 5746 Corb.
2345 5687 2552 5754 Germ.,
2602 5683 2798 5753 Laud.,
2847 5683 3044 5742 Pratel.
3078 5693 3132 5742 et
3163 5684 3235 5741 al.
3279 5683 3498 5753 Norm.,
3527 5679 3619 5740 sed

2017 5777 2178 5832 quam
2209 5766 2417 5818 terrena
2449 5776 2544 5830 sap
2552 5758 2682 5815 iant.
