4152 6182
497 261 606 319 483

495 485 700 542 sponso
730 483 830 523 suo
863 467 1124 523 Ecclesiae
1149 465 1385 523 dicitur:
1420 468 1562 522 Pone
1587 483 1668 520 me
1690 472 1750 520 ut
1772 467 2104 537 signaculum

495 575 654 629 super
673 575 764 612 cor
786 565 931 612 tuum
956 557 1141 628 (Cant.
1163 573 1287 624 vui,
1305 556 1386 628 6).
1420 555 1632 612 Idcirco
1661 572 1899 628 namque
1926 556 2104 629 signa-

492 647 682 702 culum
710 647 873 702 rebus
902 646 1152 718 ponitur,
1175 663 1245 702 ne
1265 662 1369 719 qua
1394 644 1774 716 diripientium
1805 662 2103 718 praesump-

493 735 643 791 tione
673 743 1031 792 temerentur.
1064 735 1310 806 Sponsus
1339 751 1468 805 ergo
1503 737 1518 768 ¹
1563 733 1622 789 in
1649 735 1815 791 corde
1839 736 2103 807 signacu-

497 826 611 880 lum
643 826 872 898 ponitur
905 824 1128 896 quando
1159 822 1286 878 ﬁdei
1317 821 1436 893 ejus
1464 823 1789 893 mysterium
1819 823 1876 878 in
1907 831 2102 879 custo-

493 912 584 967 dia
615 921 815 968 nostrae
850 910 1206 982 cogitationis
1236 909 1596 980 imprimitur,
1633 919 1695 966 ut
1740 912 1833 967 ille
1861 912 2102 969 inﬁdelis

494 1017 703 1069 servus,
727 1000 1000 1056 nimirum
1021 1006 1206 1054 noster
1226 998 1595 1067 adversarius,
1618 1017 1744 1056 cum
1765 1001 1976 1073 signata
1994 1001 2101 1058 ﬁde

491 1093 658 1148 corda
684 1091 1017 1158 considerat,
1046 1088 1316 1145 tentando
1346 1106 1409 1146 ea
1431 1090 1735 1162 irrumpere
1755 1108 1866 1147 non
1887 1109 2102 1163 praesu-

494 1189 625 1236 mat.
659 1183 679 1216 ⁸
707 1182 810 1236 Per
832 1181 1008 1235 lutum
1040 1193 1176 1234 vero
1195 1185 1413 1234 terrena
1440 1179 1694 1251 contagia
1723 1179 2100 1237 demonstran-

495 1280 602 1338 tur,
625 1277 856 1325 attestan
865 1276 916 1324 te
937 1267 1229 1324 Psalmista
1249 1269 1345 1341 qui
1366 1269 1444 1326 ait
1469 1287 1480 1325 :
1515 1270 1774 1326 Eduaisti
1791 1289 1872 1326 me
1899 1273 1961 1326 de
1984 1274 2101 1328 lacu

488 1359 735 1423 miseriae,
757 1364 806 1412 et
833 1358 894 1412 de
917 1358 1026 1412 luto
1055 1357 1203 1428 facis
1233 1359 1458 1430 (Psalm.
1488 1376 1648 1429 xxxx,
1669 1359 1749 1432 3).
1773 1360 1914 1426 Quia
1933 1359 2101 1431 igitur

489 1446 655 1502 multi
681 1447 740 1501 in
770 1447 1004 1502 terrenis
1037 1447 1308 1519 contagiis
1338 1448 1574 1517 inventi,
1606 1447 1859 1519 perducti
1888 1448 1956 1503 ad
1984 1451 2101 1504 Eo-

489 1536 733 1604 clesiam,
779 1537 1015 1592 coelestis
1041 1536 1171 1592 ﬁdei
1201 1545 1544 1593 sacramento
1587 1537 1897 1608 signantur,
1929 1547 1982 1593 et
2009 1545 2103 1593 ta-

490 1643 616 1682 men
648 1627 715 1681 ab
743 1627 952 1699 iniquis
982 1628 1241 1700 operibus
1269 1644 1382 1683 non
1425 1627 1710 1694 recedunt,
1760 1644 1925 1700 seque
1954 1645 2102 1686 nunc

1714 255 1962 312 SANCTI
2000 254 2337 312 GREGORII
2374 256 2600 314 MAGNI

499 382 753 447 vertitur,
804 394 902 450 per
942 375 1072 433 ﬁdei
1099 348 1445 450 signaculum
1489 377 1757 433 munitur.
1803 377 1957 433 Unde
1987 387 2042 433 et
2068 395 2096 434 a
2126 387 2176 445 Α

2800 380 3026 439 CAPUT
3065 381 3185 438 VII.

2284 470 2454 527 Vens.
2490 471 2573 526 15.
2605 501 2672 512 —
2703 471 2993 541 Auferetur
3019 472 3085 527 ab
3105 471 3284 542 impiis
3309 472 3406 526 tua:
3431 487 3550 526 sua.

2287 559 2369 614 14.
2406 561 2745 616 Credentibus
2772 567 2821 616 et
2843 563 2980 617 male
3005 561 3295 616 viventibus
3322 559 3444 631 ﬁdei
3471 560 3643 615 lumen
3664 560 3812 631 aufe-

2213 655 2378 715 retur,
2427 651 2658 705 maxime
2696 649 3071 722 persecutionis
3111 648 3424 704 Antichristi
3465 655 3709 722 tempore.
3741 683 3812 694 —

2209 739 2394 811 Neque
2423 739 2570 794 enim
2600 755 2692 794 eos
2722 756 2869 796 nunc
2907 740 3005 796 Dei
3036 739 3220 794 lumen
3249 738 3510 806 illustrat,
3542 744 3687 802 923
3715 743 3812 814 qui

2212 836 2525 908 iniquitatis
2553 853 2663 892 suae
2691 837 2959 892 malitiam
2989 836 3116 892 ﬁdei
3140 837 3364 892 nomine
3384 836 3631 908 palliant.
3667 836 3807 911 [Vet.

2210 929 2322 991 III,
2353 929 2471 983 Hec.
2515 927 2600 1001 V.]
2645 928 2781 983 Nam
2830 927 2959 982 dum
3005 927 3164 998 juxta
3207 925 3648 999 praedicationem
3680 927 3810 984 ﬁdei

2212 1015 2398 1070 vivere
2442 1017 2747 1088 negligant,
2813 1025 2866 1072 et
2903 1025 3085 1072 tamen
3120 1016 3366 1072 eamdem
3418 1016 3582 1071 ﬁdem
3629 1017 3809 1088 specie

2210 1113 2372 1160 tenus
2404 1113 2760 1173 venerantur,
2782 1105 3046 1161 honorem
3068 1105 3196 1160 vitae
3225 1105 3508 1177 prasentis
3536 1122 3606 1160 ex
3633 1105 3808 1160 nomi-

2211 1210 2279 1249 ne
2323 1195 2609 1265 religionis
2652 1204 2929 1268 quaarunt,
2988 1195 3200 1266 hocque
3255 1193 3334 1248 eis
3375 1209 3446 1249 ex
3490 1193 3596 1249 ﬁde
3643 1194 3806 1261 lucet,

2211 1283 2357 1356 quod
2387 1299 2478 1339 eos
2509 1283 2646 1340 ﬁdes
2674 1300 2860 1340 coram
2890 1283 3211 1339 hominibus
3240 1282 3469 1338 refovet.
3511 1283 3651 1339 Sunt
3679 1298 3811 1337 vero

2211 1373 2490 1441 nonnulli,
2523 1373 2617 1446 qui
2639 1382 2841 1430 aeterna
2870 1390 2991 1445 quae
3012 1372 3244 1428 audiunt
3264 1373 3533 1430 veraciter
3556 1371 3808 1438 credunt,

2211 1469 2265 1516 et
2287 1468 2469 1516 tamen
2490 1461 2667 1517 eidem
2694 1478 2859 1534 quam
2879 1469 3068 1518 tenent
3097 1461 3225 1517 ﬁdei
3248 1461 3389 1517 male
3411 1461 3650 1517 vivendo
3677 1477 3807 1516 con-

2211 1550 2512 1608 tradicunt.
2563 1551 2779 1607 Habent
2826 1551 2883 1606 hi
2928 1567 3145 1624 quoque
3177 1553 3198 1586 ‘
3246 1550 3305 1605 in
3353 1549 3593 1606 tenebris
3627 1550 3804 1605 lucem

2210 1655 2388 1706 suam,
2422 1641 2553 1714 quia
2583 1641 2715 1697 dum
2755 1657 3011 1714 perversa
3055 1649 3243 1714 agunt,
3294 1650 3347 1697 et
3374 1649 3553 1696 tamen
3595 1641 3661 1696 de
3690 1642 3804 1695 Deo

488 1715 617 1814 Πάξδξ
639 1716 909 1814 "f’lamine
925 1725 1244 1814 °_°megum.
1262 1717 1359 1814 fied
1373 1733 1498 1772 cum
1524 1724 1736 1814 ῑθωριιξο
1756 1716 2092 1814 invenerim:
2126 1753 2173 1814 Β
2209 1739 2352 1786 recta
2380 1733 2649 1797 sentiunt,
2677 1748 2746 1787 ne
2779 1734 3160 1790 tenebrescant
3188 1732 3458 1800 funditus,
3478 1747 3548 1786 ex
3568 1729 3802 1802 quadam

487 1804 623 1877 quid
648 1805 760 1878 sint
792 1807 1060 1862 veraciter
1087 1806 1407 1875 ostendunt,
1440 1813 1584 1861 recte
1615 1805 1820 1862 dicitur
1856 1825 1866 1862 :
1909 1808 2094 1863 Resti-

488 1901 664 1949 tuetu-r
690 1895 745 1948 in
776 1896 944 1949 lutum
975 1895 1327 1966 signaculum.
1377 1896 1525 1963 Quos
1553 1894 1702 1950 enim
1733 1911 1882 1951 nunc
1907 1895 2096 1952 ﬁdeles

485 1990 785 2056 credimus,
845 1991 994 2063 ipsos
1040 1999 1173 2064 tunc
1200 1988 1334 2045 ﬁdei
1375 1987 1560 2044 hostes
1605 1988 1993 2056 inveniemus;
2043 1997 2097 2044 et

486 2080 740 2153 quamvis
786 2087 1086 2152 appareant
1134 2094 1248 2134 non
1290 2077 1487 2132 tentati
1533 2078 1904 2148 signaculum,
1934 2087 2095 2134 erunt

486 2171 679 2240 procul
727 2168 900 2224 dubio
931 2169 1128 2225 tentati
1159 2170 1360 2224 lutum.
1393 2167 1549 2224 Unde
1589 2176 1645 2223 et
1677 2174 1822 2222 recte
1865 2167 2094 2236 dicitur,

484 2259 825 2325 Restituetur,
861 2258 992 2329 quia
1023 2257 1203 2330 qualis
1234 2272 1425 2312 eorum
1451 2256 1789 2313 conscientia
1817 2273 1931 2312 esse
1968 2264 2094 2312 ante

487 2347 649 2402 tidem
689 2348 894 2419 potuit,
947 2350 967 2382 ³
1001 2348 1138 2402 tales
1165 2362 1258 2402 eos
1288 2353 1410 2418 post
1451 2346 1677 2403 modum
1723 2346 1953 2418 reproba
1982 2347 2095 2402 vita

485 2437 786 2492 convincit.
811 2437 889 2491 De
915 2435 1120 2508 quibus
1137 2441 1261 2507 apte
1287 2433 1640 2509 subjungitur
1663 2454 1673 2491 :
1693 2437 1768 2492 Et
1785 2435 1944 2490 stabit
1961 2436 2096 2490 sicut

489 2526 863 2580 restimentum.

557 2618 642 2673 15.
683 2617 870 2676 Multis
897 2633 1034 2670 nunc
1062 2616 1216 2686 quasi
1236 2615 1550 2670 uestimentis
1579 2622 1809 2670 ornatur
1831 2615 2090 2683 Ecclesia,

488 2707 697 2777 quibus,
723 2708 983 2776 ﬂagrante
1006 2703 1384 2774 persecutione,
1414 2703 1795 2758 nudabitur.—-
1817 2703 1920 2758 Tot
1945 2719 2092 2758 nunc

486 2795 641 2868 quasi
665 2793 910 2849 vestibus
928 2799 1116 2848 sancta
1130 2792 1377 2848 Ecclesia
1397 2791 1668 2859 induitur,
1689 2799 1821 2863 quot
1841 2790 2090 2846 ﬁdelium

486 2886 841 2942 veneratione
860 2885 1169 2942 decoratur.
1195 2883 1350 2940 Unde
1363 2893 1416 2939 et
1432 2883 1482 2939 ei
1502 2882 1736 2939 ostensis
1767 2881 2087 2954 gentilibus,

485 2993 516 3031 a
560 2976 799 3032 Domino
850 2991 946 3047 per
992 2973 1321 3045 Pr0phetam
1357 2973 1561 3028 dicitur
1594 2989 1607 3027 :
1653 2972 1776 3030 Vivo
1804 2989 1917 3043 ego,
1963 2971 2094 3026 dicit

486 3067 764 3134 Dominus,
794 3065 923 3136 quia
966 3063 1206 3118 omnibus
1250 3063 1330 3117 his
1358 3064 1498 3118 uelut
1521 3069 1825 3118 ornamento
1854 3061 2089 3117 vestieris

2206 1828 2357 1891 parte
2400 1820 2614 1890 fulgore
2663 1821 2891 1876 luminis
2937 1822 3306 1878 illustrantur.
3356 1821 3462 1888 Qui
3505 1820 3641 1875 dum
3682 1819 3808 1889 plus

2207 1918 2420 1965 terrena
2449 1926 2613 1981 quam
2642 1911 2906 1979 coelestia,
2947 1913 3072 1983 plus
3111 1930 3231 1985 quae
3262 1911 3454 1967 vident
3481 1924 3646 1982 quam
3688 1923 3809 1979 qua:

2204 1998 2457 2066 audiunt,
2491 2000 2511 2033 ⁵
2542 1998 2804 2070 diligunt,
2838 2001 3092 2071 pulsante
3121 1999 3521 2071 persecutionis
3549 1995 3806 2062 articulo,

2204 2087 2351 2159 quod
2372 2095 2581 2143 rectum
2614 2088 2836 2144 credere
2859 2088 3192 2144 videbantur
3215 2088 3502 2142 amittunt.
3529 2084 3687 2151 Quod
3707 2085 3808 2139 illo

2205 2176 2444 2232 maxime
2473 2184 2715 2248 tempore
2747 2175 3110 2248 multiplicius
3137 2175 3338 2247 agitur,
3382 2173 3628 2246 quando,
3669 2189 3808 2228 sur-

2204 2274 2362 2338 gente
2391 2266 2508 2338 ipso
2538 2267 2862 2339 iniquorum
2891 2265 3091 2337 capite,
3128 2265 3185 2320 in
3217 2271 3466 2320 sanctam
3500 2261 3808 2316 Ecclesiam

2204 2355 2582 2426 persecutione
2603 2355 3018 2424 ultima,liberis
3037 2353 3153 2410 suis
3164 2353 3385 2408 .viribus
3400 2349 3520 2421 ejus
3540 2349 3808 2406 fortitudo

2204 2451 2495 2516 grassatur.
2529 2445 2611 2499 Ibi
2635 2452 2768 2501 tunc
2787 2461 2881 2500 cor
2899 2441 3339 2513 uniuscujusque
3359 2437 3692 2506 ostenditur,
3713 2438 3806 2494 ubi

2204 2533 2476 2606 quidquid
2519 2532 2577 2586 in
2620 2532 2854 2588 occultis
2876 2530 3084 2586 latebat
3125 2530 3400 2601 aperitur;
3452 2535 3508 2582 et
3537 2527 3632 2598 qui
3662 2543 3806 2584 nunc

2203 2641 2295 2679 ore
2325 2631 2458 2679 sunt
2486 2623 2587 2694 pii,
2629 2631 2684 2679 et
2711 2622 2874 2679 corde
2904 2629 3035 2677 sunt
3064 2621 3244 2692 impii,
3281 2618 3562 2692 publicata
3600 2618 3805 2673 malitia

2201 2719 2490 2780 corruunt,
2521 2719 2573 2766 et
2595 2712 2773 2767 lucem
2803 2709 2934 2766 ﬁdei
2960 2726 3124 2782 quam
3145 2709 3323 2782 specie
3342 2716 3503 2764 tenus
3525 2716 3806 2764 tenuerant

2201 2803 2457 2875 perdunt.
2503 2800 2610 2857 Sed
2639 2801 2787 2856 inter
2827 2801 2946 2856 haec
2985 2815 3204 2855 necesse
3233 2807 3313 2855 est
3341 2807 3402 2854 ut
3432 2798 3805 2870 unusquisque

2200 2900 2449 2948 nostrum
2478 2890 2548 2946 ad
2591 2889 2776 2946 cordis
2806 2890 2893 2945 sui
2929 2898 3204 2946 secretum
3243 2889 3442 2957 redeat,
3485 2895 3540 2942 et
3566 2885 3805 2942 actionis

2200 2998 2310 3038 sua:
2339 2981 2540 3037 damna
2567 2980 2940 3052 pertimescat,
2971 2996 3060 3048 ne,
3079 2977 3424 3052 exigentibus
3447 2976 3676 3041 meritis,
3699 2992 3797 3047 per

2199 3071 2504 3129 districtam
2531 3070 2805 3141 justitiam
2829 3070 3170 3142 judiciorum
3198 3069 3297 3127 Dei
3318 3069 3376 3125 in
3407 3068 3597 3124 talium
3620 3066 3800 3122 homi-

488 3157 642 3227 (Isai.
679 3133 834 3220 xmx,
873 3153 986 3224 18).
1027 3151 1219 3207 Multis
1247 3159 1432 3208 tamen
1462 3151 1620 3225 quasi
1648 3151 1907 3207 ﬁdelibus
1938 3167 2086 3207 nunc
2125 3133 2168 3194 CI
2199 3179 2331 3217 num
2361 3133 2652 3217 numei-um
2680 3133 2946 3217 ίιιοωῖιοδι,

484 3244 665 3317 specie
689 3250 848 3297 tenus
870 3239 1143 3310 induitur,
1175 3241 1270 3296 sed
1291 3242 1540 3314 pulsante
1564 3240 1962 3313 persecutionis
1982 3241 2086 3296 im-

484 3341 636 3407 petu,
668 3340 801 3388 tunc
823 3331 901 3387 eis
929 3338 1098 3386 exuta
1119 3331 1446 3398 nudabitur;
1481 3331 1546 3386 de
1567 3347 1800 3403 quorum
1831 3338 1975 3386 sorte
1995 3331 2089 3389 hic

483 3424 689 3481 dicitur
723 3441 733 3478 :
785 3425 861 3479 Et
886 3422 1045 3477 stabit
1073 3422 1207 3476 sicut
1235 3422 1612 3477 vestimentum.
1645 3422 1797 3476 Stare
1825 3436 1955 3476 vero
1982 3420 2087 3477 hoc

485 3519 604 3574 loco
649 3517 874 3590 ponitur
912 3516 971 3570 in
1008 3522 1229 3587 peccato
1272 3514 1578 3586 persistere.
1622 3514 1777 3571 Unde
1817 3514 2085 3586 scriptum

481 3615 564 3663 est
597 3627 607 3663 :
642 3609 716 3662 Et
742 3607 799 3660 in
827 3595 917 3660 via
942 3611 1271 3676 peccato-rum
1297 3622 1404 3659 non
1432 3607 1570 3660 stetit
1595 3604 1767 3676 (Psal.
1799 3621 1839 3673 1,
1877 3606 1952 3676 1).
1983 3604 2084 3661 Vel

482 3704 626 3754 certe
649 3695 914 3768 reprobus
935 3694 1167 3769 quisque
1195 3693 1340 3750 sicut
1368 3695 1759 3750 vestimentum
1786 3701 1930 3750 stare
1949 3692 2082 3751 dici-

483 3795 594 3856 tur,
626 3794 818 3842 utnon
845 3800 1002 3858 posse
1022 3791 1165 3840 stare
1187 3791 1543 3852 monstretur,
1574 3784 1704 3856 quia
1729 3785 1875 3840 sicut
1889 3784 2084 3841 induta

483 3877 650 3934 vestis
680 3877 740 3932 in
782 3875 1017 3932 visionis
1061 3891 1174 3931 suae
1212 3875 1390 3947 specie
1437 3890 1533 3947 per
1574 3890 1772 3948 corpus
1812 3875 2080 3945 tenditur,

482 3977 647 4023 exuta
667 3975 849 4022 autem
872 3967 1045 4022 fracta
1067 3965 1449 4036 complicatur,
1480 3965 1558 4020 ita
1582 3966 1957 4038 unusquisque
1985 3966 2082 4038 qui

481 4073 511 4111 a
540 4061 742 4110 sanctae
791 4054 1053 4109 Ecclesiae
1085 4061 1220 4107 tunc
1262 4059 1408 4107 statu
1451 4055 1754 4122 recesserit,
1803 4062 1990 4110 tensus
2017 4069 2081 4111 ac

483 4145 712 4200 decorus
741 4142 899 4216 quasi
927 4142 1062 4198 dum
1091 4140 1418 4199 indueretur
1438 4143 1568 4213 fuit,
1593 4145 1688 4200 sed
1707 4152 1906 4201 exutus
1935 4150 2078 4217 post-

483 4231 728 4298 modum,
781 4232 1094 4288 confractus
1123 4238 1285 4304 atque
1314 4231 1558 4304 abjectus
1583 4232 1806 4302 jacebit.
1860 4233 1916 4288 Si
1948 4249 2078 4288 vero

480 4332 620 4378 stare
649 4321 1012 4392 intelligimus
1040 4321 1354 4393 perdurare,
1382 4322 1525 4378 sicut
1554 4321 1944 4377 vestimentum
1973 4329 2080 4378 stat

479 4415 710 4488 quisque
757 4414 1022 4485 reprobus
1057 4414 1154 4486 qui
1191 4414 1251 4470 in
1281 4413 1384 4470 hac
1411 4415 1526 4470 vita
1555 4430 1718 4487 quam
1749 4412 1934 4486 diligit
1959 4411 2075 4469 bre-

2269 3251 2411 3325 [Rec.
2455 3249 2571 3324 VL]
2628 3251 2711 3306 15.
2745 3251 2866 3304 Jam
2897 3250 2953 3302 in
2991 3248 3235 3304 membris
3274 3249 3386 3302 suis
3414 3248 3546 3303 vivit
3570 3253 3618 3302 et
3645 3247 3796 3302 secuit

2195 3340 2832 3396 Autichristus.-Nemo
2861 3347 3046 3394 autem
3073 3338 3180 3394 sibi
3209 3338 3428 3395 incaute
3456 3337 3795 3405 blandiatur,

2194 3436 2248 3483 et
2279 3427 2483 3485 idcirco
2506 3430 2526 3464 δ
2557 3444 2613 3484 se
2641 3444 2673 3483 a
2700 3427 2800 3482 tali
2831 3443 2961 3483 casu
2989 3434 3314 3483 extraneum
3344 3426 3550 3496 credat,
3574 3426 3703 3500 quia
3730 3425 3799 3482 ad

2195 3519 2347 3575 illius
2367 3519 2707 3592 tempestatis
2738 3519 3037 3592 procellam
3069 3520 3356 3591 pervenire
3383 3534 3440 3574 se
3469 3535 3580 3573 non
3610 3517 3796 3573 existi-

2195 3618 2328 3666 mat.
2373 3610 2416 3666 Ο
2449 3608 2641 3682 quanti
2672 3609 2825 3665 illius
2854 3609 3177 3665 tentationis
3215 3617 3463 3682 tempora
3492 3624 3604 3664 non
3633 3607 3798 3662 vide-

2193 3705 2344 3767 runt,
2377 3706 2430 3754 et
2457 3705 2641 3754 tamen
2662 3698 2720 3754 in
2749 3697 2867 3770 ejus
2887 3698 3208 3754 tentationis
3227 3699 3468 3770 procella
3489 3703 3792 3753 versantur.

2192 3787 2328 3846 Cain
2357 3796 2574 3861 tempus
2603 3788 2939 3846 Antichristi
2969 3805 3079 3844 non
3112 3788 3274 3856 vidit,
3322 3796 3375 3843 et
3405 3795 3582 3843 tamen
3611 3805 3755 3842 mem
3776 3817 3797 3828 -

2189 3877 2350 3934 brum
2382 3877 2713 3934 Antichristi
2743 3894 2838 3950 per
2859 3877 3118 3933 meritum
3139 3876 3247 3932 fuit
3271 3876 3595 3947 (Genes.1v).
3622 3874 3792 3931 ludas

2187 3967 2460 4024 saevitiam
2489 3967 2892 4039 persecutionis
2935 3966 3090 4022 illius
3131 3965 3428 4038 ignoravit,
3477 3967 3494 4000 ⁷
3529 3972 3580 4020 et
3608 3973 3788 4020 tamen

2189 4057 2404 4113 viribus
2420 4055 2765 4113 crudelitatis
2777 4058 2918 4130 ejus,
2937 4057 3174 4112 avaritia
3193 4056 3478 4125 suadente,
3497 4052 3788 4113 succubuit

2191 4148 2401 4219 (Matth.
2428 4163 2585 4214 xxvx,
2611 4147 2720 4218 15).
2746 4147 2938 4202 Simon
2959 4147 3171 4203 divisus
3191 4147 3349 4218 longe
3370 4145 3438 4202 ab
3461 4145 3791 4202 Antichristi

2187 4236 2532 4308 temporibus
2561 4236 2796 4304 exstitit,
2830 4244 2884 4292 et
2911 4244 3096 4292 tamen
3125 4235 3242 4309 ejus
3271 4251 3327 4292 se
3354 4234 3640 4308 superbiae,
3673 4235 3791 4289 mi-

2190 4327 2503 4383 raculorum
2533 4327 2839 4399 potentiam
2871 4343 3124 4400 perverse
3151 4325 3477 4398 appetendo,
3500 4325 3792 4398 conjunxit

2189 4416 2330 4487 (Act.
2364 4433 2489 4486 VIII,
2524 4417 2639 4489 19).
2689 4417 2780 4473 Sic
2819 4417 3076 4490 iniquum
3119 4433 3318 4489 corpus
3347 4433 3448 4472 suo
3475 4415 3664 4488 capiti,
3711 4414 3791 4472 sic

481 4504 622 4560 viter
649 4501 832 4560 durat.
865 4503 1019 4560 Unde
1049 4511 1102 4559 et
1130 4519 1226 4575 per
1253 4503 1581 4576 Pr0phetam
1610 4504 1853 4561 dicitur:
1889 4503 2080 4560 Omnia
2109 4495 2158 4554 D
2191 4506 2457 4563 membris
2487 4506 2735 4562 membra
2777 4506 3112 4579 junguntur,
3152 4523 3276 4564 cum
3310 4515 3364 4562 et
3391 4505 3706 4577 cognitione
3733 4519 3789 4560 se

479 4595 612 4649 sicut
633 4592 991 4647 vestimentum
1012 4599 1346 4662 veterascent,
1385 4602 1432 4648 et
1450 4594 1581 4648 sicut
1619 4594 1944 4666 opertorium
1962 4612 2074 4650 mu-

481 4685 614 4741 tabis
641 4700 724 4749 ea,
767 4690 814 4738 et
838 4683 1186 4738 mutabuntur
1225 4685 1405 4752 (Psal.
1439 4701 1514 4752 c1,
1545 4684 1661 4755 27).
1713 4685 1840 4740 Haec
1868 4684 2074 4757 itaque,

478 4792 598 4851 quae
629 4774 1013 4848 allegoriamm
1044 4773 1192 4830 nube
1239 4780 1389 4829 recta
1441 4775 1652 4844 intulit,
1699 4791 1848 4832 nunc
1893 4775 2074 4833 verbis

477 4865 841 4942 apertioribus
869 4864 1184 4934 innotescit,
1213 4861 1450 4920 subdens
1483 4882 1495 4920 :

551 5035 567 5067 ¹
602 5034 772 5092 Iidem
802 5031 962 5100 Cod.,
990 5031 1047 5086 in
1076 5047 1166 5085 cor
1193 5029 1538 5101 signaculum.

548 5102 575 5138 ²
601 5105 798 5162 Pratel.
833 5115 886 5162 et
911 5103 1074 5162 Corb.
1109 5102 1319 5170 Germ.,
1344 5118 1442 5173 per
1474 5102 1639 5156 lutum
1666 5118 1788 5158 vero
1818 5102 1943 5174 quia
1976 5109 2074 5159 ter-

475 5191 603 5229 rena
637 5179 873 5247 contagia
903 5177 1350 5240 demonstrantur,
1381 5179 1660 5228 attestatur
1684 5175 1873 5245 proph.

551 5248 572 5279 ³
615 5247 776 5303 Corb.
812 5249 995 5303 Germ.
1027 5254 1080 5301 et
1095 5247 1290 5314 Laud.,
1319 5247 1445 5301 tales
1470 5263 1648 5300 eorum
1677 5253 1722 5300 et
1740 5247 2074 5318 postmodum

551 5318 760 5374 orabata
786 5326 913 5375 vita.

475 5328 1020 5510 figitﬁ'ggimu
1052 5390 1311 5461 Vindoc.,
1344 5392 1567 5460 Pratel.,
1612 5390 1779 5458 Utic.,
1823 5391 1960 5446 inter
1993 5397 2076 5446 te-

550 5473 683 5512 oras.

550 5529 582 5605 ξε.
611 5527 858 5605 Luxatus
876 5530 993 5605 hic
1018 5535 1172 5590 locus
1213 5537 1512 5592 amissione
1554 5534 1707 5590 verbi
1736 5535 1982 5605 diligunt,
2013 5534 2071 5588 in

481 5598 850 5680 Edit._Gilot.,
876 5601 1052 5680 Yatic.
1077 5612 1130 5680 ει
1153 5607 1282 5680 aliis
1310 5623 1420 5663 non
1451 5608 1659 5678 paucis,
1682 5598 1966 5680 restitutgs
1993 5612 2074 5680 est

475 5671 728 5800 233213.
755 5671 969 5742 Anglic.
995 5681 1048 5728 et
1070 5673 1337 5735 Gallican.
1362 5671 1576 5736 necnon
1599 5671 1708 5734 vet.
1732 5677 1882 5734 Edit.
1899 5676 2066 5732 Paris.

2187 4597 2462 4664 nesciunt,
2502 4605 2555 4653 et
2584 4604 2768 4653 tamen
2812 4613 2981 4669 prava
3018 4597 3124 4653 sibi
3174 4597 3389 4654 actione
3436 4596 3784 4668 copulantur.

2183 4686 2367 4758 Neque
2397 4687 2545 4742 enim
2576 4687 2870 4760 Pergamus
2905 4688 3124 4743 Balaam
3170 4687 3340 4744 libros
3367 4692 3460 4742 aut
3489 4684 3656 4740 verba
3684 4700 3787 4738 co-

2183 4785 2468 4850 gnoverat,
2505 4785 2559 4833 et
2585 4785 2771 4833 tamen
2801 4775 2920 4849 ejus
2950 4776 3251 4850 nequitiam
3296 4791 3549 4849 sequens,
3599 4775 3620 4809 ⁸
3653 4788 3788 4830 voce

2182 4883 2430 4940 supernae
2465 4865 2859 4939 increpationis
2888 4865 3148 4924 audiebat
3182 4884 3193 4923 :
3226 4866 3397 4924 Habes
3423 4864 3536 4922 illis
3566 4868 3788 4920 tenentes

2255 5035 2276 5068 ⁸
2314 5034 2395 5087 Ita
2424 5029 2586 5087 Corb.
2607 5029 2816 5100 Germ.,
2839 5029 3098 5097 Vindoc.,
3121 5028 3343 5085 Ebroic.
3368 5027 3572 5100 aliique
3591 5025 3778 5100 Nora}.

2182 5119 2246 5160 ac
2258 5110 2369 5158 vet.
2387 5101 2540 5156 Edit.
2566 5101 2736 5156 Paris.
2759 5096 2895 5157 1488
2912 5110 2965 5157 et
2979 5096 3136 5157 1495.
3163 5102 3224 5156 1n
3243 5099 3394 5156 Edit.
3423 5096 3594 5154 Paris.
3622 5096 3780 5166 1518,

2181 5182 2234 5231 et
2263 5175 2319 5229 in
2351 5173 2516 5229 Basil.
2553 5173 2688 5228 1503
2717 5189 2779 5229 ac
2818 5173 2972 5240 1514,
3025 5173 3224 5244 legitur
3251 5170 3576 5243 simpliciter
3607 5187 3620 5225 :
3667 5185 3721 5222 se
3747 5186 3783 5222 a

2183 5246 2279 5301 tali
2307 5252 2614 5300 extraneum
2653 5245 2848 5301 credat.
2899 5245 2962 5300 In
2986 5243 3190 5301 recent.
3223 5243 3390 5300 habes
3431 5258 3636 5311 occasu,
3682 5255 3783 5312 pro

2180 5333 2468 5445 cmlullorb.
2496 5388 2702 5461 Germ.,
2722 5388 2941 5444 Ebroic.
2979 5388 3184 5461 aliique
3210 5387 3651 5461 Norm._et_vetus
3668 5381 3777 5461 E31.

2180 5461 2376 5528 Paris.,
2405 5467 2453 5514 et
2485 5467 2653 5516 tamen
2671 5455 2793 5528 juri
2820 5455 3214 5516 crudelitatis...
3246 5459 3534 5515 succubuit.
3579 5455 3779 5528 Laud”

2179 5539 2228 5587 et
2441 5530 2568 5600 jure
2599 5525 2925 5606 crudelitatis
2953 5531 3065 5600 ejus
3092 5532 3330 5588 avaritia
3359 5528 3630 5587 suadentis
3657 5525 3780 5582 sub-

2181 5604 2575 5756 cugmiiindocu
2605 5675 2802 5745 Laud.,
2831 5675 3056 5747 Pratel..,
3077 5685 3206 5747 etc.,
3225 5693 3400 5733 uocem
3425 5689 3668 5746 superna:
3696 5671 3778 5727 in-

2178 5752 2514 5820 crepationis.
