4152 6182
306 264 418 325 ειὸὃ

982 264 1361 325 MOBALIUM
1402 266 1537 325 LIB.
1577 266 1790 325 XXIX.
1843 295 1915 310 -
1955 264 2027 324 IN
2071 264 2300 325 CAPUT
2340 264 2636 324 XXXVIII
2677 267 2738 323 B.
2780 267 2922 324 IOB.

316 390 610 446 doctrinam
638 390 888 459 Balaam,
915 390 1010 462 qui
1035 390 1247 448 docebat
1272 391 1444 465 Balac
1470 391 1679 447 mittere
1698 392 1917 448 scanda-
1947 395 2000 456 Α
2032 390 2101 449 de
2120 391 2464 451 confessione
2478 390 2706 460 Christi,
2728 390 2823 448 sed
2842 391 2910 449 de
2933 360 3169 465 justirtim
3186 394 3417 453 veritate
3444 400 3626 470 requi-

318 483 422 537 lum
450 496 632 536 coram
656 479 786 551 ﬁliis
816 481 1010 547 Israel,
1052 480 1201 536 edere
1229 486 1277 536 et
1321 479 1593 551 forﬁicari
1625 481 1815 553 (Apoc.
1847 498 1910 551 ιι,

319 573 427 645 ιιι).
459 570 742 643 Thyatirae
784 587 1003 644 quoque
1047 571 1337 629 ecclesiam
1380 588 1413 628 a
1459 571 1675 629 Iezabel
1716 573 1919 629 notitia

318 665 330 697 ¹
362 668 415 719 et
443 667 698 733 tempora
736 667 789 716 et
817 660 938 717 loca
974 659 1334 729 dividebant;
1385 661 1482 718 sed
1513 662 1644 735 quia
1670 677 1790 718 eam
1821 677 1917 734 par

315 752 443 808 vitae
485 757 671 807 reatus
708 749 1062 818 astrinxerat,
1112 749 1290 807 inesse
1329 750 1380 808 ei
1422 750 1638 807 Iezabel
1685 750 1915 820 dicitur,

312 850 478 915 atque
504 838 767 913 operibus
793 839 1066 912 perversis
1085 839 1359 909 insistere,
1382 842 1576 914 angelo
1603 848 1915 911 attestante,

313 931 403 1004 qui
434 931 514 986 ait
546 948 557 986 :
609 929 786 1007 Habeo
821 930 1076 985 adversus
1110 936 1165 986 te
1211 931 1440 1001 aliqua;
1484 931 1614 1002 quia
1654 931 1917 1003 permittis

313 1019 588 1075 mulierem
643 1019 893 1087 Iezabel,
951 1036 1068 1089 qua:
1130 1036 1182 1075 se
1238 1019 1365 1075 dicit
1423 1022 1751 1093 propheten,
1812 1021 1918 1077 do-

310 1126 421 1164 cere
438 1115 490 1164 et
514 1108 757 1163 seducere
785 1124 962 1164 servos
983 1125 1142 1178 meos,
1162 1107 1432 1179 fornicari
1450 1116 1499 1166 et
1516 1111 1838 1166 manducare
1856 1110 1920 1165 de

311 1196 622 1267 idolothytis
653 1195 843 1268 (Ibid,
866 1195 981 1268 20).
1005 1197 1148 1253 Ecce
1175 1198 1308 1270 quia
1334 1199 1562 1272 reperiri
1595 1204 1916 1270 potuerunt,

309 1287 403 1360 qui
435 1285 651 1343 Iezabel
683 1286 854 1342 vitam
886 1284 1119 1358 reproba
1146 1286 1362 1347 actione
1400 1288 1577 1346 secuti
1623 1296 1771 1357 sunt,
1819 1287 1920 1344 Ie-

309 1376 463 1433 zabel
488 1377 606 1433 illic
626 1377 855 1433 inventa
874 1383 1231 1448 memoratur,
1256 1378 1387 1451 quia
1404 1377 1668 1435 videlicet
1686 1393 1917 1450 pravum

309 1483 512 1539 corpus
542 1464 830 1538 conjuncti
859 1482 1040 1523 mores
1068 1483 1243 1523 unum
1273 1466 1512 1536 faciunt,
1542 1468 1711 1524 etiam
1737 1466 1787 1523 si
1815 1464 1921 1521 hoc

313 1558 432 1613 loca
455 1556 545 1612 vel
573 1563 825 1628 tempora
849 1555 1132 1613 scindunt.
1166 1555 1322 1613 Unde
1354 1555 1418 1612 ﬁt
1454 1564 1516 1612 ut
1555 1556 1613 1611 in
1646 1554 1920 1627 perversis

310 1645 425 1701 suis
456 1643 834 1701 imitatoribus
854 1652 909 1701 et
938 1644 1166 1718 iniquus
1186 1645 1418 1718 quisque
1448 1653 1668 1701 maneat
1687 1644 1782 1718 qui
1804 1642 1919 1716 jam

310 1734 601 1808 praeteriit,
639 1742 693 1790 et
739 1734 799 1790 in
842 1734 958 1790 suis
1011 1734 1395 1807 operatoribus
1434 1734 1551 1806 ipse
1596 1732 1918 1805 iniquorum
1946 1765 1994 1826 Β

308 1840 510 1889 auctor
531 1829 647 1904 jam
677 1838 955 1903 appareat,
991 1827 1138 1886 924
1167 1830 1263 1904 qui
1292 1829 1529 1888 necdum
1559 1830 1733 1887 venit.
1778 1829 1922 1884 llinc

310 1922 555 1979 Ioannes
572 1922 650 1978 ait
668 1940 680 1977 :
702 1922 854 1979 Nunc
867 1921 1186 1977 Antichristi
1209 1921 1367 1977 multi
1385 1920 1517 1991 facti
1538 1926 1663 1975 sunt
1693 1918 1917 1990 (IJoan.

314 2030 380 2081 ιι,
416 2013 532 2086 18),
565 2013 693 2085 quia
719 2011 902 2086 iniqui
934 2028 1127 2069 omnes
1166 2010 1282 2084 jam
1326 2010 1446 2083 ejus
1493 2009 1742 2066 membra
1768 2014 1920 2076 sunt,

311 2118 438 2174 quas
453 2101 667 2158 scilicet
685 2117 940 2174 perverse
954 2100 1103 2177 edita
1122 2108 1290 2174 caput
1318 2116 1483 2157 suum
1513 2098 1656 2154 male
1677 2095 1923 2153 vivendo

312 2199 722 2264 praevenerunt.
760 2193 907 2249 Hinc
931 2192 1133 2249 Paulus
1163 2191 1278 2247 ait:
1319 2191 1384 2248 Ut
1421 2190 1683 2246 reveletur
1719 2188 1778 2242 in
1826 2203 1922 2241 suo

310 2288 584 2355 tempore;
624 2299 751 2339 nam
791 2281 1102 2353 mysterium
1147 2280 1267 2351 jam
1313 2285 1574 2352 operatur
1623 2276 1924 2349 iniquitatis

312 2374 405 2445 (ΙΙ
426 2374 605 2429 Thess.
626 2388 690 2440 ιι,
711 2372 768 2441 6,
791 2372 872 2444 7).
902 2373 982 2430 Ac
1011 2371 1059 2427 si
1086 2370 1329 2428 diceret:
1365 2370 1520 2426 Tunc
1540 2366 1925 2425 Antichristus

307 2460 651 2517 manifestus
679 2459 994 2529 videbitur;
1040 2476 1168 2516 nam
1212 2460 1269 2515 in
1299 2459 1561 2518 cordibus
1604 2457 1922 2529 iniquorum

306 2558 533 2608 secreta
558 2566 662 2606 sua
683 2548 797 2620 jam
828 2565 980 2605 nunc
1008 2548 1261 2605 occultus
1289 2554 1566 2619 operatur.
1597 2546 1670 2601 Ut
1690 2546 1838 2602 enim
1860 2545 1927 2601 de

306 2637 698 2710 apertioribus
726 2635 1057 2694 criminibus
1084 2644 1314 2705 taceam,
1347 2651 1473 2693 ecce
1508 2635 1650 2691 alius
1680 2635 1839 2691 fratri
1868 2634 1926 2691 in

309 2724 492 2782 corde
523 2740 625 2780 suo
649 2726 849 2782 tacitus
876 2723 1113 2794 invidet,
1136 2733 1190 2782 et
1219 2726 1266 2781 si
1296 2722 1640 2782 occasionem
1668 2724 1925 2797 reperiat,

304 2830 450 2871 eum
480 2815 836 2887 supplantare
850 2815 1154 2881 contendit;
1188 2814 1347 2888 cujus
1366 2816 1596 2873 alterius
1615 2815 1924 2873 membrum

304 2911 422 2972 est,
457 2903 569 2958 nisi
618 2902 736 2975 ejus
764 2904 832 2959 de
876 2920 984 2977 quo
1015 2903 1282 2977 scriptum
1312 2912 1429 2961 est:
1464 2905 1684 2962 Invidia
1724 2905 1927 2963 diaboli

305 3008 463 3048 mors
490 2992 716 3047 intravit
744 2992 801 3046 in
829 2993 1006 3048 orbem
1035 2999 1305 3048 terrarum
1334 2992 1490 3064 (Sap.
1515 3009 1580 3061 ιι,
1601 2992 1694 3065 24)
1714 2993 1743 3049 ‘l
1769 2992 1927 3048 Alius

307 3080 505 3152 magni
539 3079 724 3136 meriti
754 3097 869 3137 esse
896 3097 954 3138 se
983 3082 1284 3150 aestimans,
1315 3097 1414 3153 per
1441 3089 1716 3137 tumorem
1740 3081 1924 3137 cordis

307 3172 535 3230 cunctis
580 3189 637 3228 se
686 3173 1005 3244 praeferens,
1054 3189 1248 3230 omnes
1294 3172 1589 3245 semetipso
1635 3171 1923 3229 inferiores

308 3262 533 3329 credit;
585 3261 745 3334 cujus
774 3262 1004 3320 alterius
1042 3262 1353 3320 membrum
1393 3270 1494 3330 est,
1550 3262 1659 3319 nisi
1700 3263 1818 3336 ejus
1856 3262 1924 3319 de

311 3368 430 3424 quo
447 3351 716 3423 scriptum
736 3360 817 3407 est
837 3370 849 3407 :
874 3353 1036 3408 Omne
1053 3352 1276 3407 sublime
1297 3352 1455 3417 videt,
1481 3351 1503 3385 ³
1522 3357 1571 3406 et
1599 3351 1800 3423 ipseest
1824 3369 1925 3407 rea:

312 3457 481 3513 super
506 3440 780 3495 universos
820 3441 960 3512 ﬁlios
1001 3441 1259 3513 superbia:
1290 3440 1409 3513 (Job
1440 3457 1555 3508 xm,
1588 3440 1680 3512 25)
1699 3441 1728 3496 ‘l
1766 3440 1925 3496 Alius

315 3530 518 3588 mundi
548 3530 718 3605 hujus
749 3534 1054 3604 potentiam
1080 3532 1301 3606 quaerit,
1321 3548 1435 3588 non
1455 3547 1564 3604 quo
1584 3531 1710 3587 aliis
1729 3531 1923 3602 prosit,

316 3622 422 3678 sed
450 3636 559 3694 quo
588 3622 701 3693 ipse
731 3620 889 3677 alteri
929 3622 1187 3678 subditus
1215 3638 1329 3677 non
1363 3623 1473 3687 sit;
1509 3618 1669 3692 cujus
1697 3619 1926 3677 alterius

321 3707 635 3765 membrum
665 3717 767 3779 est,
810 3709 920 3765 nisi
953 3708 1072 3781 ejus
1100 3708 1167 3765 de
1204 3726 1313 3782 quo
1356 3709 1625 3781 scriptum
1655 3715 1738 3764 est
1773 3726 1785 3763 :
1824 3708 1928 3775 Qui

322 3798 467 3854 dixit
488 3814 508 3853 .·
544 3798 729 3854 Sedebo
757 3799 815 3855 in
840 3804 1014 3855 monte
1039 3797 1352 3864 testamenti,
1381 3797 1441 3853 in
1473 3796 1726 3852 lateribus
1754 3796 1926 3867 Aqui-

324 3887 462 3944 lonis
475 3905 499 3953 ;
516 3889 792 3945 ascendam
820 3905 978 3959 super
996 3886 1332 3944 altitudinem
1350 3886 1604 3952 nubium;
1632 3886 1822 3942 similis
1841 3903 1929 3943 ero

322 3978 603 4036 Altissimo
626 3979 782 4051 (Isai.
801 3995 921 4047 xiv,
945 3975 1033 4046 13,
1053 3976 1142 4051 14)
1162 3977 1191 4035 ?
1210 3978 1370 4035 Solus
1389 3977 1592 4051 quippe
1610 3976 1931 4034 Altissimus

325 4069 396 4125 ita
424 4067 754 4125 dominatur
784 4084 947 4141 super
975 4067 1182 4136 omnia,
1231 4074 1293 4124 ut
1345 4066 1507 4123 alteri
1550 4065 1774 4124 subesse
1820 4083 1932 4124 non

326 4159 521 4230 possit.
553 4156 727 4226 Quem
757 4157 1013 4215 diabolus
1044 4157 1253 4214 imitari
1289 4173 1543 4229 perverse
1572 4156 1773 4226 voluit,
1806 4170 1931 4214 cum

325 4261 488 4304 suum
512 4246 826 4303 dominium
849 4262 1122 4320 quaerens,
1144 4247 1195 4302 ei
1225 4245 1449 4303 subesse
1478 4247 1774 4303 recusavit.
1808 4246 1937 4303 Imi-

329 4344 481 4394 tatur
492 4354 625 4411 ergo
638 4336 925 4393 diabolum
941 4335 1193 4411 quisquis
1209 4335 1417 4392 idcirco
1436 4343 1761 4407 potestatem
1781 4352 1937 4392 suam

331 4428 566 4501 appetit,
615 4427 747 4500 quia
789 4426 841 4482 ei
894 4425 990 4499 qui
1030 4424 1138 4482 sibi
1175 4430 1258 4483 est
1303 4440 1540 4498 superna
1585 4423 1938 4482 ordinatione

335 4515 664 4591 prapositus
701 4513 922 4571 subesse
955 4513 1188 4571 fastidit.

334 4722 546 4789 negant.
568 4746 640 4758 —
668 4715 808 4772 Sunt
850 4720 1113 4788 praeterea
1154 4711 1393 4784 plurima
1431 4728 1552 4785 qua;
1584 4712 1850 4785 quosdam
1880 4712 1939 4768 in

338 4805 457 4878 ipsa
485 4822 617 4879 pace
645 4804 906 4863 Ecclesiae
931 4802 1265 4861 constitutos
1295 4798 1547 4856 inﬁdeles
1580 4815 1697 4857 esse
1726 4814 1941 4856 renun-

342 4896 502 4952 tient.
526 4895 704 4953 Video
731 4909 969 4968 namque
998 4892 1296 4950 nonnullos
1326 4891 1403 4947 ita
1431 4905 1720 4964 personam
1753 4896 1941 4962 poten-

342 4986 415 5042 tis
442 4986 713 5058 accipere,
743 4992 806 5041 ut
836 4982 1088 5059 requisiti
1116 4981 1186 5039 ab
1214 4998 1301 5052 eo,
1336 4997 1436 5055 pro
1465 4980 1653 5037 favore
1681 4978 1801 5052 ejus
1828 4994 1941 5035 non

343 5073 600 5131 dubitent
620 5075 679 5130 in
707 5090 868 5131 causa
898 5072 1137 5147 proximi
1168 5072 1457 5129 veritatem
1487 5085 1702 5143 negare.
1729 5070 1800 5124 Et
1819 5068 1944 5142 quis

345 5172 429 5221 est
453 5165 676 5233 veritas,
699 5163 806 5221 nisi
836 5163 930 5220 ille
959 5164 1053 5237 qui
1082 5162 1263 5218 dixit:
1290 5164 1405 5233 Ego
1434 5177 1551 5216 sum
1579 5160 1691 5226 via,
1722 5159 1942 5225 veritas,

347 5260 397 5312 et
421 5256 532 5313 cita
564 5256 745 5329 (Joan.
769 5272 891 5321 xxv,
911 5254 968 5323 6)
987 5254 1016 5310 7
1044 5254 1229 5326 Neque
1258 5253 1406 5309 enim
1435 5251 1672 5307 Joannes
1700 5248 1948 5322 Baptista

428 5459 445 5529 ἲ
474 5457 675 5527 Laud.,
707 5464 942 5529 tempora
964 5456 1121 5523 longa
1139 5450 1460 5529 dividebant.

280 5603 284 5607 θ
425 5528 448 5565 ³
476 5529 625 5611 Idem
646 5522 868 5597 Cod.,'et
898 5526 1007 5599 ipse
1031 5522 1105 5579 est
1132 5540 1229 5578 res:
1256 5522 1532 5595 superbire,
1562 5539 1723 5595 super
1741 5522 1950 5579 univer-

464 5600 714 5753 ἠῐέῗιῗᾷιι.)
737 5671 809 5728 sic
828 5670 1092 5753 occultum.
1102 5668 1269 5750 locum
1291 5666 1432 5725 dedit
1452 5666 1651 5724 timori.
1668 5664 1950 5734 Laudun.,

355 5742 432 5797 sic
457 5745 650 5801 occulte
686 5745 852 5799 locum
881 5742 1021 5798 dedit
1051 5742 1251 5797 timori.

1954 3125 1999 3188 C

2025 482 2165 541 situs
2191 480 2453 541 occubuit
2474 481 2668 554 (Marc.
2699 499 2780 550 v1,
2810 480 2905 554 28)
2929 499 2943 550 ;
2976 484 3072 540 sed
3099 485 3232 556 quia
3261 484 3517 543 Christus
3541 496 3627 545 est

2026 575 2253 643 veritas,
2280 574 2350 629 ad
2383 581 2616 630 mortem
2645 589 2819 648 usque
2846 572 3055 631 idcirco
3088 591 3187 646 pro
3217 576 3461 649 Christo,
3497 581 3628 653 quia

2025 663 2285 720 videlicet
2314 678 2412 736 pro
2441 664 2694 732 veritate,
2726 662 2997 736 pervenit.
3032 663 3311 720 Ponamus
3339 680 3471 737 ergo
3498 675 3627 726 ante

2026 753 2217 811 oculos
2246 751 2394 825 quod
2420 753 2624 826 aliquis
2651 759 3044 824 percunctatus
3066 766 3356 824 personam
3387 757 3628 826 potentis

2024 843 2255 914 accepit,
2281 849 2336 898 et
2364 858 2434 898 ne
2453 841 2610 898 verbi
2638 843 2832 899 saltem
2866 841 3127 914 injuriam
3159 848 3457 913 pateretur,
3485 844 3627 900 veri-

2025 939 2192 989 tatem
2224 933 2464 1004 negavit.
2497 931 2646 1000 Quid
2674 948 2807 1005 rogo
2836 931 2940 988 iste
2967 931 3173 989 faceret
3211 932 3271 987 in
3301 930 3489 989 dolore
3518 949 3628 1006 pce.

2026 1038 2244 1091 narum,
2282 1022 2380 1095 qui
2418 1020 2703 1080 Christum
2746 1022 2970 1080 erubuit
3010 1023 3156 1078 inter
3183 1021 3401 1095 ﬂagella
3435 1022 3628 1079 verbo—

2027 1122 2148 1162 rum
2170 1106 2198 1161 ?
2222 1107 2365 1162 Ecce
2384 1114 2440 1162 et
2470 1114 2593 1178 post
2622 1106 2739 1164 haec
2767 1115 2893 1164 ante
2913 1108 3104 1164 oculos
3134 1107 3422 1163 hominum
3443 1106 3630 1164 adhuc

2028 1195 2376 1254 Christianus
2403 1203 2509 1265 est,
2540 1205 2594 1252 et
2621 1204 2807 1253 tamen
2835 1197 2883 1253 si
2913 1213 3041 1254 eum
3079 1197 3353 1254 Dominus
3381 1195 3630 1253 districts

2028 1286 2306 1359 disposuit
2326 1285 2598 1357 judicare,
2624 1284 2741 1357 jam
2770 1302 2883 1343 non
2912 1292 3015 1343 est.

2102 1378 2187 1433 17.
2219 1378 2294 1432 Et
2347 1375 2441 1447 qui
2488 1376 2775 1446 corrigere,
2826 1391 2946 1430 cum
2994 1381 3292 1440 teneantur,
3340 1375 3628 1446 negligant.

2028 1466 2148 1523 Non
2176 1466 2360 1521 desunt
2386 1465 2444 1520 in
2469 1481 2599 1537 pace
2617 1464 2866 1521 Ecclesiae
2881 1463 3201 1520 Antichristi
3221 1469 3633 1519 tentamenta.--

2028 1553 2207 1611 Video
2260 1562 2445 1611 autem
2496 1554 2652 1622 alios,
2703 1553 2905 1626 quibus
2948 1568 3048 1625 per
3097 1553 3279 1609 locum
3332 1550 3634 1623 magisterii

2028 1642 2363 1699 exhortandi
2403 1650 2534 1700 sunt
2562 1643 2747 1700 oﬁicia
2774 1641 3151 1715 arguendique
3191 1642 3504 1710 commissa,
3537 1639 3634 1714 qui

2028 1731 2224 1788 vident
2252 1731 2466 1805 aliquid
2499 1732 2759 1789 illicitum
2789 1731 3030 1800 admitti,
3058 1739 3114 1787 et
3140 1738 3326 1788 tamen
3347 1730 3481 1787 dum
3501 1744 3635 1803 quo-

2030 1821 2285 1878 rumdam
2326 1830 2615 1893 potentum
2644 1822 2922 1879 offendere
2969 1823 3199 1893 gratiam
3242 1828 3520 1890 metuunt,
3550 1835 3634 1876 ar-

2032 1926 2195 1984 guere
2222 1927 2332 1967 non
2363 1920 2724 1984 praesumunt.
2759 1912 3024 1984 Quisquis
3051 1911 3155 1968 iste
3182 1919 3285 1980 est,
3316 1909 3453 1984 quid
3481 1908 3636 1966 aliud

2030 2000 2183 2069 facit,
2215 2000 2324 2056 nisi
2355 2000 2511 2057 videt
2542 2002 2733 2074 lupum
2756 2002 3095 2070 venientem,
3114 2008 3169 2057 et
3192 2000 3337 2072 fugit
3368 2000 3550 2072 (Joan.
3573 2016 3633 2068 x,

2034 2091 2124 2163 l2)
2139 2091 2167 2147 ‘l
2196 2092 2380 2164 Fugit,
2403 2091 2531 2164 quia
2546 2091 2737 2160 tacuit;
2769 2091 2964 2163 tacuit,
2989 2092 3139 2163 quia,
3163 2090 3420 2163 despecta
3433 2097 3635 2147 eterna

2033 2179 2226 2252 gratia,
2260 2180 2617 2251 temporalem
2657 2179 2886 2251 gloriam
2918 2179 3043 2251 plus
3079 2179 3306 2234 amavit.
3340 2178 3481 2234 Ecce
3509 2184 3634 2233 ante

2033 2269 2278 2342 potentis
2304 2270 2503 2326 faciem
2534 2271 2682 2326 intra
2707 2269 2795 2326 sui
2823 2285 2881 2325 se
2907 2268 3142 2324 latebras
3169 2266 3380 2323 silentii
3409 2266 3634 2323 abscon-

2032 2357 2137 2427 dit,
2155 2365 2210 2414 et
2231 2358 2377 2416 sicut
2395 2358 2768 2432 persecutioni
2794 2356 3051 2430 publicai,
3072 2358 3093 2393 ³
3113 2357 3195 2413 sic
3213 2354 3432 2412 occulto
3450 2355 3633 2412 locum

2034 2446 2189 2503 dedit
2227 2446 2437 2503 timori.
2487 2447 2632 2504 Bene
2672 2447 2740 2503 de
2780 2445 2984 2503 talibus
3029 2445 3236 2502 dicitur
3267 2461 3280 2500 :
3315 2443 3634 2499 Dilexerunt

2033 2537 2267 2608 gloriam
2311 2537 2583 2592 hominum
2608 2536 2778 2608 magis
2817 2552 2981 2607 quam
3019 2534 3120 2591 Dei
3157 2534 3346 2607 (Joan.
3378 2549 3485 2601 xu,
3512 2530 3631 2604 43).

2034 2626 2296 2700 Quisquis
2326 2625 2498 2699 igitur
2522 2626 2650 2682 talis
2669 2632 2771 2694 est,
2802 2625 2850 2681 si
2879 2624 2999 2682 haec
3016 2624 3266 2681 districts
3287 2621 3632 2695 judicantur,

2034 2727 2136 2783 etsi
2165 2728 2477 2800 persecutio
2510 2726 2732 2800 publica
2764 2724 2964 2794 defuit,
3008 2731 3190 2781 tamen
3220 2722 3452 2781 tacendo
3490 2718 3636 2777 925

2035 2817 2321 2875 Christum
2345 2819 2586 2891 negavit.
2609 2818 2731 2874 Non
2745 2832 2875 2889 ergo
2891 2814 3092 2871 desunt
3107 2814 3196 2869 vel
3222 2814 3279 2869 in
3300 2827 3431 2885 pace
3449 2812 3634 2869 Eccle-

2035 2908 2131 2964 siae
2154 2908 2493 2965 Antichristi
2524 2914 2882 2963 tentamenta.
2911 2906 3084 2962 Nemo
3112 2904 3299 2976 itaque
3328 2903 3427 2958 illa
3456 2917 3636 2973 perse-

2036 2998 2278 3053 cutionis
2306 3006 2569 3053 extremae
2595 3004 2844 3067 tempora
2877 2993 3034 3067 quasi
3078 2992 3195 3049 sola
3236 2991 3632 3063 perhorrescat.

2035 3085 2198 3157 Apud
2221 3086 2441 3158 iniquos
2460 3100 2698 3157 namque
2713 3082 2961 3156 quotidie
2980 3096 3067 3137 res
3078 3078 3410 3136 Antichristi
3430 3080 3635 3151 agitur,

2033 3175 2162 3247 quia
2191 3174 2250 3230 in
2276 3190 2467 3231 eorum
2497 3172 2758 3231 cordibus
2788 3170 3114 3244 mysterium
3145 3184 3307 3224 suum
3340 3166 3457 3239 jam
3486 3184 3637 3225 nunc

2032 3262 2285 3319 occultus
2303 3269 2582 3334 operatur.
2611 3262 2684 3317 Et
2712 3259 2759 3315 si
2787 3258 2951 3315 multi
2979 3274 3127 3315 nunc
3154 3257 3334 3330 specie
3361 3265 3523 3314 tenus
3553 3256 3638 3312 in.

2033 3359 2118 3408 tra
2154 3352 2458 3409 Ecclesiam
2488 3349 2779 3409 constituti
2816 3347 3084 3405 simulant
3113 3363 3172 3403 se
3200 3361 3316 3403 esse
3343 3346 3493 3419 quod
3521 3361 3634 3402 non

2037 3450 2186 3510 sunt,
2209 3442 2269 3497 in
2284 3441 2528 3499 adventu
2546 3448 2731 3497 tamen
2747 3436 2957 3511 judicis
2977 3436 3280 3510 prodentur
3288 3435 3446 3508 quod
3466 3442 3597 3491 sunt
3617 3451 3631 3491 :

2040 3530 2108 3586 de
2136 3531 2338 3604 quibus
2363 3531 2504 3588 bene
2546 3530 2803 3585 Salomon
2842 3527 2954 3582 ait:
3006 3526 3124 3584 Vidi
3165 3526 3356 3596 impios
3382 3524 3638 3596 sepultos,

2040 3620 2133 3690 qui
2164 3619 2322 3675 etiam
2348 3636 2466 3675 cum
2490 3619 2663 3674 adhuc
2680 3619 2934 3682 viverent,
2960 3615 3021 3670 in
3049 3616 3158 3672 loco
3186 3620 3365 3670 sancto
3394 3617 3570 3679 erant,
3590 3615 3643 3665 et

2042 3709 2400 3765 laudabantur
2413 3709 2472 3764 in
2488 3707 2721 3775 civitate,
2741 3706 2897 3777 quasi
2913 3704 3188 3774 justorum
3202 3720 3421 3775 operum
3438 3701 3635 3773 (Eccle.

2039 3813 2173 3852 vm;
2209 3797 2323 3870 10).
2382 3796 2557 3869 Igitur
2585 3802 2877 3868 postquam
2918 3794 2987 3849 de
3030 3791 3242 3865 iniquis
3293 3790 3506 3846 dictum
3534 3796 3640 3855 est,

2039 3882 2362 3942 Restituetur
2388 3888 2449 3938 ut
2473 3883 2645 3937 lutum
2672 3880 3024 3953 signaculum,
3052 3885 3101 3934 et
3127 3875 3285 3931 stabit
3317 3874 3451 3929 sicut
3476 3873 3643 3928 vesti-

2040 3979 2291 4039 mentum,
2321 3977 2371 4028 et
2395 3968 2674 4041 auferetur
2691 3969 2756 4026 ab
2785 3966 2963 4040 impiis
2994 3967 3091 4023 tua:
3118 3981 3239 4034 sua,
3270 3960 3418 4035 quod
3448 3961 3641 4035 utique

2045 4066 2103 4121 in
2134 4061 2231 4118 illa
2258 4068 2339 4118 est
2358 4056 2691 4117 Antichristi
2717 4055 3095 4143 persecutione
3123 4050 3462 4122 faciendum,
3489 4066 3643 4143 mox,

2042 4153 2111 4210 de
2154 4150 2401 4225 ejusdem
2429 4140 2808 4207 Antichristi‘
2838 4143 3150 4219 perditione
3196 4158 3299 4200 nos
3326 4140 3643 4208 consolans,

2045 4243 2125 4301 ait
2159 4261 2170 4298 :
3100 4294 3105 4299 .

2575 4301 2586 4313 ’
2639 4327 2868 4389 CAPUT
2898 4327 3045 4387 vm.

2118 4430 2291 4489 Vnus.
2326 4429 2413 4486 15.
2443 4458 2515 4471 -
2537 4429 2612 4486 Et
2638 4427 2913 4484 brachium
2937 4426 3196 4482 excelsum
3222 4428 3538 4481 conteretur.

1966 4497 2016 4556 D
2121 4521 2206 4578 18.
2237 4518 2561 4577 Antichristi
2587 4517 2836 4589 superbia
2863 4523 2913 4573 et
2956 4533 3127 4573 casus.
3159 4516 3396 4589 Angelus
3425 4522 3474 4572 et
3498 4515 3650 4570 homo

404 4620 551 4699 [Vet.
583 4622 710 4697 1ν.]
744 4622 829 4679 16.
875 4620 1216 4694 Inﬁdslitatis
1241 4619 1325 4676 rei
1359 4625 1502 4689 sunt,
1534 4620 1628 4692 qui
1666 4622 1939 4677 ceritatem
2051 4611 2210 4682 lapsi,
2240 4608 2368 4681 quia
2387 4608 2494 4665 Deo
2515 4606 2731 4699 similes
2743 4623 2849 4699 esse
2867 4623 2968 4679 per
2979 4606 3294 4699 potentiam,
3310 4623 3424 4699 non
3447 4621 3546 4699 per
3559 4600 3650 4671 ju-

2048 4703 2266 4771 stitiam,
2298 4697 2849 4766 voluerunt—Quid
2891 4714 3129 4773 namque
3176 4696 3332 4753 aliud
3372 4693 3650 4753 excelsum

2048 4791 2339 4849 brachium
2356 4789 2645 4862 accipitur,
2658 4788 2770 4844 nisi
2780 4787 3017 4861 superba
3029 4785 3366 4844 Antichristi
3382 4775 3653 4862 celsitudo

2050 4899 2170 4957 quae
2210 4897 2372 4954 super
2415 4861 2673 4953 reprobas
2703 4884 2913 4933 mentes
2956 4876 3250 4932 hominum
3282 4872 3429 4926 fastu
3462 4861 3652 4940 gloria

2050 4971 2328 5030 saecularis
2355 4970 2607 5043 erigitur,
2641 4970 2719 5026 ita
2747 4975 2809 5023 ut
2855 4966 3023 5022 homo
3052 4969 3324 5036 peccator,
3368 4966 3423 5015 et
3467 4963 3654 5031 tamen

2052 5060 2313 5117 aestimari
2344 5058 2513 5114 homo
2551 5056 2880 5130 despiciens,
2916 5057 3092 5111 Deum
3121 5067 3178 5106 se
3208 5063 3371 5121 super
3400 5045 3654 5103 homines

2055 5149 2354 5205 mentiatur
2374 5148 2401 5205 (ἱ
2431 5147 2583 5204 Unde
2603 5155 2658 5202 et
2680 5145 2883 5202 Paulus
2903 5139 3185 5216 apostolus
3207 5137 3343 5195 dicit
3365 5156 3376 5193 :
3403 5138 3490 5194 Ita
3510 5132 3569 5189 ut
3593 5135 3655 5193 in

2057 5240 2245 5311 templo
2273 5238 2374 5295 Dei
2400 5239 2594 5303 sedeat,
2623 5233 2895 5292 ostendens
2923 5248 2976 5287 se
3019 5236 3272 5302 tanquam
3306 5229 3376 5286 sit
3397 5228 3538 5286 Deus
3562 5224 3659 5296 (II

2131 5450 2151 5483 ‘
2185 5449 2247 5504 In
2268 5445 2438 5503 Gilot.
2470 5442 2621 5500 Edit.
2653 5458 2718 5498 ac
2745 5440 2817 5495 al.
2853 5446 3083 5505 recent.,
3112 5435 3501 5505 persecutione;
3530 5432 3656 5505 for-

2060 5503 2207 5577 tasse
2221 5516 2368 5591 quod
2398 5515 2763 5591 incongruum
2786 5503 3301 5591 judicarent'Deum
3331 5523 3436 5591 nos
3455 5505 3522 5591 d'e‘
3535 5503 3647 5591 An:

2062 5576 2289 5649 tichristi
2320 5576 2616 5661 perditione
2655 5576 2942 5661 consolari.
2978 5582 3084 5640 Sed
3128 5595 3317 5661 sensus
3340 5584 3445 5661 _est
3479 5576 3655 5661 Deum

2063 5646 2225 5722 nobis
2252 5646 2681 5719 cohsolationem
2701 5655 2917 5724 afferre,
2947 5652 3316 5729 praenuntiata
3334 5649 3522 5707 futura
3543 5646 3656 5704 An-

2063 5734 2310 5795 tichristi
2340 5730 2670 5808 perditione.
