4152 6182
439 221 541 286 487
1631 222 1879 278 SANCTI
1918 224 2260 280 GREGORII
2331 222 2556 278 MAGNI

465 345 650 401 Thess.
674 359 734 410 ιι,
759 343 840 414 li).
871 339 1043 414 Cujus
1077 349 1139 399 ut
1165 349 1438 400 tumorem
1481 343 1697 416 plenius
1728 346 2059 418 ostenderet,
2088 348 2139 407 A

444 432 714 505 pramisit
741 451 753 488 :
778 433 882 500 Qui
895 433 1215 489 adversatur
1225 441 1275 490 et
1287 435 1564 491 extollitur
1577 452 1737 508 super
1746 453 1893 491 mune
1907 438 2047 508 quod

441 521 644 577 dicitur
660 522 820 590 Deus,
847 524 1100 594 autquod
1127 525 1321 581 colitur
1341 525 1555 598 (1bid.).
1586 527 1731 582 Deus
1758 527 1906 582 enim
1933 525 2046 582 dici

444 611 746 684 aliquando
767 618 822 667 et
851 611 1020 668 homo
1042 621 1240 686 potest,
1263 613 1425 685 juxta
1445 613 1592 687 quod
1609 614 1677 670 ad
1704 616 1929 688 Moysen
1949 615 2047 671 di—

443 701 590 758 citur
615 720 626 758 :
662 704 796 758 Ecce
823 702 1071 758 constitui
1102 710 1146 758 te
1173 703 1339 760 Deum
1368 705 1671 761 Pharaonis
1697 706 1908 777 (Exod.
1941 722 2042 770 vn,

450 793 524 863 1).
552 794 700 850 Deus
720 808 852 849 vero
873 793 980 850 coli
1012 809 1182 866 purus
1201 793 1369 851 homo
1396 811 1508 851 non
1535 804 1730 868 potest.
1755 795 1894 864 Quia
1917 811 2046 851 vero

445 898 501 937 se
538 881 913 940 Antichristus
953 892 1007 939 et
1057 899 1220 956 super
1248 891 1465 941 sanctos
1495 901 1737 958 quosque
1772 884 2042 952 homines,

449 978 502 1026 et
542 987 705 1044 super
747 972 921 1044 ipsius
964 973 1265 1044 potentiam
1311 973 1622 1030 divinitatis
1659 973 1912 1038 extollit,
1952 989 2048 1043 per

449 1068 708 1116 exactum
738 1060 844 1116 sibi
876 1077 1077 1116 nomen
1109 1061 1316 1133 gloria,
1347 1071 1400 1118 et
1428 1061 1534 1119 hoc
1561 1061 1708 1134 quod
1738 1063 1882 1116 Deus
1912 1060 2046 1117 dici-

454 1156 562 1216 tur,
595 1157 650 1204 et
702 1149 808 1206 hoc
853 1149 1000 1222 quod
1044 1151 1190 1206 Deus
1235 1151 1459 1221 colitur,
1515 1152 1747 1208 transire
1795 1158 2043 1206 conatur.

456 1239 772 1294 Notandum
792 1255 921 1296 vero
943 1248 1023 1296 est
1051 1241 1109 1296 in
1131 1250 1389 1315 quantam
1419 1242 1687 1316 superbia
1717 1242 1933 1298 foveam
1963 1257 2048 1297 ce-

449 1327 607 1397 cidit,
638 1328 734 1401 qui
773 1328 832 1384 in
864 1346 1122 1387 mensura
1150 1331 1325 1388 ruina
1351 1349 1460 1405 qua
1493 1334 1674 1404 lapsus
1692 1339 1775 1388 est
1796 1346 1908 1386 non
1930 1345 2047 1402 per-

449 1418 672 1474 mansit.
710 1417 977 1475 Diabolus
1007 1421 1209 1494 quippe
1233 1422 1320 1477 vel
1352 1421 1518 1478 homo
1546 1437 1577 1476 a
1605 1428 1752 1477 statu
1778 1419 2048 1476 conditio-

448 1507 536 1564 nis
560 1508 795 1581 propria
823 1509 966 1564 elata
995 1517 1176 1564 mente
1207 1520 1554 1576 corruerunt,
1584 1518 1646 1565 ut
1674 1511 1761 1564 vel
1791 1509 1884 1564 ille
1906 1508 2049 1564 dice-

449 1585 534 1655 ret
558 1618 568 1654 :
603 1600 897 1655 Ascendam
926 1615 1084 1671 super
1111 1600 1444 1654 altitudinem
1472 1600 1710 1665 nubium,
1743 1599 1932 1654 similis
1958 1615 2046 1653 ero

3665 228 3773 284 ’t88

2782 347 3012 405 CAPUT
3062 348 3162 404 IX.

2226 436 2395 492 Vnus.
2431 436 2516 493 13.
2540 437 2888 508 —Nunquid
2931 438 3146 492 tenuisti
3185 439 3482 496 concutiens
3533 445 3770 498 extrema

2156 531 2328 595 terra,
2359 533 2407 582 et
2433 527 2707 582 excussisti
2742 527 2930 598 impios
2959 545 3024 582 ea
3053 545 3112 583 ea
3142 529 3170 584 φ

2225 619 2312 676 20.
2346 622 2486 676 Deus
2514 621 2770 676 hominem
2792 638 2900 676 non
2927 622 3139 690 deserit,
3163 628 3211 676 et
3229 621 3286 677 in
3305 625 3558 679 extremis
3579 625 3768 683 electos

2155 709 2434 765 sollicitius
2459 717 2675 782 purgat.
2695 711 2884 767 —Per
2903 718 3106 768 terram
3140 711 3343 786 quippe
3373 711 3546 770 homo
3579 714 3775 772 inﬁma

2155 800 2371 871 sapiens
2400 799 2740 871 designatur,
2770 800 2858 857 cui
2903 801 3150 873 peccanti
3182 800 3392 857 dictum
3423 810 3506 859 est
3535 821 3546 859 :
3601 805 3772 862 Terra

2155 907 2226 956 es,
2267 897 2316 945 et
2353 891 2411 944 in
2454 897 2656 946 terram
2697 891 2798 945 ibis
2827 893 3042 963 (Genes.
3080 909 3164 961 ιιι,
3200 892 3310 964 19).
3345 893 3450 949 Sed
3479 895 3608 968 quia
3647 897 3770 969 plus

2156 979 2411 1036 conditor
2430 981 2704 1037 facturam
2734 997 2889 1037 suam
2922 998 3033 1037 non
3054 981 3274 1048 deserit,
3303 983 3446 1038 mala
3471 983 3763 1040 hominum

2160 1069 2180 1103 ²
2237 1078 2289 1125 et
2344 1085 2440 1142 per
2493 1086 2647 1126 suam
2693 1070 3020 1143 sapientiam
3062 1071 3280 1141 tolerat,
3327 1083 3380 1128 et
3425 1089 3523 1145 per
3574 1091 3763 1132 eorum

2159 1158 2486 1232 quandoque
2513 1160 2932 1216 conversionem
2964 1161 3192 1216 relaxat.
3219 1160 3356 1218 Cum
3389 1171 3571 1219 autem
3595 1163 3764 1220 duras

2157 1259 2318 1322 atque
2350 1249 2700 1306 insensibiles
2730 1260 2942 1307 mentes
2986 1249 3228 1322 respicit,
3263 1250 3429 1308 modo
3458 1269 3548 1308 eas
3579 1253 3764 1322 minis,

2159 1338 2323 1394 modo
2344 1339 2687 1407 verberibus,
2713 1339 2878 1396 modo
2899 1338 3333 1396 revelationibus
3353 1348 3542 1408 terret,
3563 1350 3625 1398 ut
3647 1359 3765 1415 qua

2159 1429 2395 1500 pessima
2423 1429 2720 1486 securitate
2741 1431 2762 1466 ³
2799 1429 3122 1499 duruerant,
3153 1429 3360 1486 salubri
3394 1430 3594 1487 timore
3625 1431 3759 1487 mol-

2159 1521 2388 1588 lescant,
2433 1532 2706 1593 quatenus
2734 1521 2821 1578 vel
2867 1539 2986 1579 sero
3024 1522 3272 1591 redeant,
3319 1530 3372 1579 et
3425 1522 3530 1580 hoc
3580 1524 3760 1596 ipsum

2157 1610 2373 1678 saltem,
2424 1611 2574 1684 quod
2612 1611 2709 1668 diu
2756 1613 3054 1685 exspectati
3103 1622 3232 1669 sunt
3272 1613 3612 1669 erubescant.
3671 1613 3761 1670 Sic

448 1688 723 1744 Altissimo
751 1689 914 1756 (Isai.
949 1705 1068 1757 xxv,
1094 1687 1218 1760 lli);
1253 1689 1338 1744 vel
1371 1688 1473 1745 iste
1501 1689 1729 1745 audiens
1757 1687 2000 1746 crederet
2030 1705 2041 1743 :
2083 1716 2130 1776 Β
2159 1698 2307 1754 enim
2339 1701 2609 1756 Dominus
2636 1701 2764 1774 quia
2797 1710 3044 1758 extrema
3065 1703 3193 1759 vim
3223 1711 3418 1760 ηοειτω
3448 1703 3570 1774 plus
3596 1702 3761 1775 indi-

449 1779 776 1850 Aperith
794 1777 933 1834 oculi
953 1780 1135 1845 vestri,
1153 1786 1199 1835 et
1216 1781 1364 1836 eritis
1383 1781 1519 1835 sicut
1537 1781 1614 1834 dii
1635 1781 1842 1852 (Genes.
1865 1797 1947 1847 In,
1964 1780 2045 1850 5).

452 1867 666 1924 Idcirco
705 1884 834 1940 ergo
876 1877 1103 1942 uterque
1132 1869 1357 1936 cecidit,
1399 1871 1528 1942 quia
1564 1885 1680 1926 esse
1708 1871 1821 1926 Deo
1851 1868 2051 1925 similis

451 1973 562 2014 non
609 1974 706 2030 per
748 1956 1044 2030 justitiam,
1087 1959 1182 2015 sed
1229 1975 1326 2031 per
1359 1960 1661 2032 potentiam
1707 1958 2044 2030 concupivit.

456 2049 562 2104 Sed
591 2049 758 2106 homo
788 2065 883 2122 per
908 2049 1136 2122 gratiam
1166 2049 1449 2118 liberatus,
1479 2050 1574 2125 qui
1601 2049 1701 2104 Dei
1731 2047 2048 2104 similitudi-

455 2153 580 2193 nem
610 2154 863 2209 perverse
891 2137 1196 2210 appetendo
1220 2138 1510 2206 ceciderat,
1542 2138 1600 2193 in
1624 2144 1777 2194 reatu
1797 2137 2050 2194 criminis

452 2226 536 2282 sui
571 2227 730 2299 longe
759 2228 871 2283 Deo
901 2227 1164 2299 imparem
1205 2243 1262 2283 se
1299 2243 1415 2283 esse
1443 2244 1776 2300 cognoscens
1805 2229 2004 2284 clamat
2032 2245 2043 2283 :

455 2316 695 2385 Domine,
715 2317 837 2387 quis
851 2316 1043 2372 similis
1067 2317 1159 2372 tibi
1181 2318 1354 2387 (Psal.
1372 2335 1648 2386 Lxxxvm,
1666 2318 1767 2391 9)?
1787 2316 2050 2373 Diabolus

454 2407 658 2464 veroin
688 2407 844 2480 lapsu
872 2407 957 2464 sui
988 2407 1239 2464 criminis
1261 2406 1396 2479 justi
1416 2408 1770 2476 dimissus,in
1795 2424 2050 2463 mensura

455 2498 632 2554 ruina
661 2515 772 2554 sua
802 2498 1030 2554 minime
1059 2498 1377 2569 permansit;
1402 2499 1496 2556 sed
1518 2507 1723 2571 quanto
1753 2497 1963 2554 diutius
1983 2497 2050 2553 ab

459 2587 855 2662 omnipotentis
885 2589 1056 2660 gratia
1085 2589 1281 2658 defuit,
1312 2597 1468 2646 tanto
1498 2591 1668 2662 magis
1706 2597 1914 2646 reatum
1947 2590 2052 2646 cri-

463 2679 628 2736 minis
649 2679 974 2735 cumulavit.
998 2679 1133 2736 Nam
1151 2679 1246 2752 qui
1268 2679 1390 2736 ideo
1407 2679 1627 2744 cecidit,
1645 2679 1776 2752 quia
1798 2696 2052 2750 perverso

465 2767 664 2824 ordine
700 2767 814 2824 Deo
840 2783 958 2824 esse
999 2768 1198 2823 similis
1226 2767 1427 2834 voluit,
1464 2784 1528 2823 eo
1557 2782 1729 2840 usque
1760 2766 2053 2838 perductus

2160 1797 2265 1857 cat,
2291 1798 2345 1845 et
2373 1789 2582 1846 idcirco
2609 1792 2812 1848 electos
2842 1809 2968 1848 suos
3000 1793 3057 1848 in
3080 1794 3188 1849 ﬁne
3217 1792 3512 1856 sollicitius
3544 1800 3762 1865 purgat.

2159 1879 2434 1951 Scriptum
2466 1881 2666 1952 quippe
2695 1889 2814 1937 est:
2853 1881 2995 1936 Deus
3024 1881 3293 1951 judicabit
3337 1883 3466 1954 ﬁnes
3514 1888 3672 1936 terra
3706 1880 3770 1953 (Ι

2157 1969 2280 2040 Reg.
2307 1986 2368 2037 ιι,
2394 1969 2505 2041 10).
2527 1971 2700 2025 Tanto
2722 1985 2850 2041 ergo
2880 1971 3185 2042 impensius
3208 1971 3423 2026 ultimis
3451 1971 3659 2027 nostris
3685 1970 3766 2027 in-

2158 2058 2371 2131 vigilat,
2395 2066 2600 2132 quanto
2630 2057 2685 2113 in
2718 2058 2854 2131 ipsis
2874 2059 3111 2132 pendere
3143 2059 3303 2115 initia
3321 2059 3451 2115 vita
3481 2061 3766 2132 sequentis

2159 2158 2368 2222 pensat.
2393 2148 2549 2217 Quod
2570 2149 2699 2222 quia
2720 2148 3152 2205 misericorditer
3167 2149 3318 2217 facit,
3349 2149 3555 2221 pietate
3585 2165 3687 2204 sua
3708 2149 3767 2204 in

2160 2241 2400 2298 medium
2431 2240 2684 2310 deducta,
2716 2256 2823 2313 qua
2851 2240 3017 2297 etiam
3048 2256 3168 2296 sero
3197 2255 3494 2296 conversos
3521 2247 3768 2311 peccato-

2159 2350 2243 2390 res
2270 2333 2486 2404 recipit,
2507 2331 2651 2388 beati
2674 2331 2777 2387 Iob
2794 2329 3071 2402 justitiam
3092 2329 3298 2398 erudit,
3327 2328 3519 2385 dicens
3548 2348 3558 2384 :
3601 2331 3767 2386 Nun-

2160 2423 2291 2494 quid
2329 2423 2540 2478 tenuisti
2579 2423 2875 2477 concutiens
2906 2427 3142 2476 eatrema
3175 2427 3351 2488 terra,
3384 2426 3433 2475 et
3498 2422 3769 2477 excussisti

2160 2513 2351 2584 impios
2379 2529 2444 2568 ex
2473 2529 2532 2567 ea
2554 2513 2582 2567 ἵ
2607 2509 2883 2566 Subaudis
2909 2517 2972 2565 ut
3000 2526 3148 2582 ergo,
3180 2509 3275 2583 qui
3307 2509 3365 2564 in
3397 2508 3514 2565 suis
3557 2510 3767 2566 ultimis

2161 2616 2303 2672 sape
2332 2608 2643 2672 peccatores
2676 2597 2930 2654 terrendo
2960 2599 3237 2666 concutio,
3273 2599 3646 2655 convertenda
3676 2607 3765 2655 te-

2162 2706 2286 2758 neo,
2323 2697 2485 2762 atque
2514 2689 2582 2745 ab
2612 2705 2802 2745 eorum
2834 2687 3095 2744 cordibus
3127 2687 3327 2760 impios
3369 2689 3764 2760 cogitationum

2164 2787 2344 2835 motus
2374 2779 2570 2834 evello.
2599 2778 2670 2832 Et
2699 2784 2844 2833 recte
2871 2775 3032 2832 beato
3065 2776 3168 2832 Job
3192 2776 3457 2832 Dominus
3485 2777 3763 2849 quomodo

458 2867 560 2928 est,
605 2866 667 2916 ut
710 2858 768 2914 in
798 2859 1202 2916 Antichristum
1232 2859 1478 2928 veniens,
1507 2859 1683 2915 videri
1715 2860 1826 2914 Deo
1854 2858 2056 2913 similis
2158 2867 2318 2940 juxta
2362 2867 2526 2923 ﬁnem
2575 2874 2889 2939 peccatores
2936 2873 3224 2922 convertat
3277 2864 3534 2921 insinuat.
3595 2866 3675 2922 Ac
3714 2866 3764 2922 si

460 2951 806 3024 dedignatur,
836 2961 999 3026 atque
1028 2968 1153 3008 eum
1185 2967 1345 3025 quem
1375 2951 1574 3006 habere
1603 2966 1714 3005 non
1743 2949 1924 3021 potuit
1952 2965 2056 3004 su—

2163 2964 2346 3030 aperte
2375 2957 2557 3013 dicat:
2590 2954 2982 3013 Misericordia
3014 2971 3147 3010 mea
3191 2954 3488 3027 potentiam
3529 2953 3764 3026 respice,

463 3041 667 3114 perbus
692 3043 979 3115 aqualem,
1024 3042 1317 3099 damnatus
1363 3041 1678 3098 inferiorem
1710 3047 1887 3112 putet.
1917 3041 2052 3096 Nam
2086 3079 2130 3141 Ο
2163 3054 2218 3102 et
2245 3054 2353 3103 tua
2377 3045 2608 3118 justitia
2637 3045 2933 3101 elationem
2976 3059 3178 3117 preme.
3212 3043 3342 3112 Qua
3380 3051 3626 3099 extrema
3653 3041 3769 3098 ho-

457 3147 582 3186 cum
598 3131 666 3186 de
689 3132 788 3187 illo
810 3131 914 3188 hoc
933 3131 1079 3203 quod
1103 3131 1216 3200 jam
1249 3131 1644 3202 pramissimus
1671 3129 1878 3186 dicitur
1904 3148 1914 3184 :
1940 3131 2056 3185 Ex-

459 3221 642 3275 tollens
667 3236 720 3273 se
747 3235 912 3290 supra
939 3235 1090 3274 omne
1110 3219 1250 3289 quod
1278 3219 1476 3273 dicitur
1494 3221 1654 3285 Deus,
1685 3227 1782 3276 aut
1809 3222 1948 3292 quod
1975 3239 2056 3275 co-

461 3311 592 3366 litur
615 3310 704 3381 (ΙΙ
737 3311 909 3365 Thess.
942 3327 1006 3377 ιι,
1033 3310 1114 3380 4),
1147 3317 1331 3382 aperte
1364 3319 1703 3367 monstratur
1732 3313 1862 3385 quia
1899 3328 2056 3383 appe-

458 3399 626 3456 tendo
654 3399 864 3456 dudum
895 3399 994 3456 Dei
1023 3399 1471 3470 similitudinem,
1504 3401 1659 3474 quasi
1691 3400 1852 3472 juxta
1881 3403 2055 3456 Deum

458 3491 663 3563 erigere
692 3506 748 3546 se
777 3490 976 3559 voluit,
1025 3489 1120 3547 sed
1148 3490 1207 3546 in
1248 3491 1518 3564 superbia
1548 3492 1711 3564 culpa
1739 3490 2056 3561 crescendo,

452 3578 567 3652 jam
594 3597 650 3637 se
679 3597 843 3654 supra
870 3598 1034 3640 omne
1063 3581 1210 3656 quod
1239 3584 1386 3640 Deus
1415 3583 1620 3640 dicitur
1649 3589 1702 3637 et
1733 3581 1938 3637 colitur
1966 3599 2057 3638 ex-

458 3673 625 3730 tollit.
656 3673 797 3742 Quia
825 3690 954 3747 ergo
983 3674 1102 3732 hac
1132 3674 1250 3747 ejus
1296 3673 1552 3748 superbia
1576 3671 1817 3729 districti
1852 3671 2060 3744 judicis

460 3764 567 3820 erit
592 3763 835 3821 adventu
866 3764 1133 3835 ferienda,
1153 3766 1297 3824 sicut
1325 3765 1593 3838 scriptum
1614 3769 1696 3819 est
1723 3779 1733 3817 :
1772 3763 1934 3830 Quem
1955 3763 2058 3819 Do-

461 3867 635 3923 minus
654 3866 804 3925 Iesus
823 3867 1096 3942 interficiet
1115 3868 1313 3942 spiritu
1331 3868 1442 3923 oris
1463 3871 1569 3940 sui,
1600 3861 1746 3926 926
1767 3877 1813 3925 et
1833 3869 2063 3924 destruet

2165 3137 2332 3192 minis
2361 3137 2510 3209 quia,
2541 3137 2707 3192 etiam
2738 3153 2861 3192 cum
2895 3135 3240 3191 convertitur
3278 3151 3372 3208 per
3402 3135 3586 3191 carnis
3626 3149 3768 3189 mor-

2165 3235 2296 3296 tem,
2315 3227 2408 3283 illa
2437 3226 2676 3300 antiqua
2697 3226 2870 3298 culpa
2887 3225 3136 3283 vindicta
3162 3226 3480 3295 comitatur,
3514 3225 3769 3298 protinus

2169 3317 2431 3384 insinuat,
2463 3333 2589 3373 cum
2619 3314 2775 3373 dicit.

2787 3413 3016 3471 CAPUT
3053 3413 3125 3469 X.
3688 3462 3694 3468 .

2237 3505 2408 3562 Vnus.
2444 3504 2621 3561 14.-
2648 3504 2968 3560 Restituetur
2994 3509 3054 3558 ut
3102 3503 3268 3559 lutum
3318 3503 3672 3575 signaculum,
3721 3507 3768 3557 et

2168 3597 2326 3652 stabit
2349 3597 2485 3651 sicut
2511 3597 2892 3652 vestimentum.

2237 3688 2326 3746 2i.
2356 3690 2522 3745 Homo
2544 3689 2642 3745 Dei
2669 3689 3000 3761 signaculum
3021 3695 3067 3743 et
3094 3688 3326 3760 imagino
3359 3688 3418 3743 in
3438 3705 3644 3760 plenam
3675 3707 3769 3745 su-

2164 3781 2381 3855 perbia,
2419 3799 2519 3853 per
2545 3785 2764 3835 mortem
2805 3780 2864 3850 ﬁt
2911 3785 3053 3834 terra
3090 3783 3136 3832 et
3183 3779 3335 3834 cinis.
3369 3810 3438 3819 —
3467 3779 3765 3835 Hominem

2171 3872 2371 3944 quippe
2386 3870 2674 3938 Dominus,
2705 3884 2868 3940 quem
2889 3867 2957 3925 ad
2979 3885 3133 3925 suam
3164 3869 3581 3925 similitudinem
3621 3884 3767 3924 con-

462 3957 820 4013 illustratio-ne
836 3960 1093 4014 adventus
1113 3960 1196 4013 sui
1223 3958 1414 4029 (Ibid.,
1435 3958 1518 4031 8),
1548 3969 1691 4016 recte
1721 3959 1932 4017 dicitur
1953 3975 1964 4013 :
1990 3958 2066 4012 Et
2170 3962 2333 4030 didit,
2356 3961 2512 4033 quasi
2532 3958 2807 4032 quoddam
2830 3975 2942 4015 sua
2966 3960 3227 4031 potentia
3253 3960 3591 4034 signaculum
3612 3957 3764 4014 fecit.

459 4043 732 4099 brachium
763 4047 1020 4100 excelsum
1048 4052 1360 4101 conteretur.

534 4229 619 4287 l9.
662 4229 814 4288 Verbi
840 4231 1029 4296 divini,
1057 4249 1160 4302 quo
1187 4233 1309 4302 plus
1341 4231 1552 4296 teritur,
1573 4232 1745 4286 uirtus
1763 4233 1938 4303 magis
1966 4251 2060 4287 au-

459 4325 630 4391 getur.
655 4349 725 4360 —
745 4317 954 4377 Cuncta
984 4332 1163 4379 tamen
1198 4322 1334 4391 hac,
1372 4339 1491 4396 qua
1521 4321 1607 4378 bis
1636 4322 1881 4380 discussa
1908 4332 2058 4392 sunt,

2171 4051 2327 4120 Quod
2356 4058 2538 4108 tamen
2563 4057 2623 4104 ut
2669 4050 2848 4105 lutum
2877 4050 3216 4120 restituetur,
3249 4052 3380 4125 quia
3406 4050 3536 4107 licet
3568 4057 3771 4105 aterna

2171 4139 2438 4212 supplicia
2468 4155 2562 4210 per
2590 4139 3004 4195 conversionem
3035 4138 3232 4212 fugiat,
3261 4139 3318 4194 in
3349 4139 3563 4196 ultione
3586 4146 3769 4193 tamen

2172 4236 2488 4301 perpetrata
2511 4227 2778 4300 superbia
2799 4229 2979 4285 carnis
3001 4237 3175 4284 morte
3197 4228 3509 4286 damnatur.
3539 4230 3624 4285 Ex
3655 4229 3771 4284 luto

2171 4317 2372 4391 quippe
2413 4317 2580 4373 homo
2610 4317 2887 4386 conditus,
2932 4325 2986 4373 et
3029 4318 3228 4374 mentis
3264 4327 3487 4391 accepta
3530 4318 3766 4386 ratione,

461 4408 642 4467 adhuc
691 4409 924 4483 intelligi
969 4421 1022 4470 et
1073 4414 1234 4470 aliter
1265 4422 1511 4486 possunt.
1545 4411 1726 4471 Verba
1767 4414 1914 4470 enim
1960 4415 2059 4470 Dei
2088 4451 2138 4510 D
2170 4406 2535 4464 similitudine
2551 4406 2755 4464 divina
2784 4407 3038 4478 imaginis
3057 4407 3367 4476 decoratus,
3385 4408 3623 4464 elatione
3653 4423 3771 4463 cor-

461 4499 618 4573 quasi
649 4499 926 4571 pigmenta
947 4505 1196 4576 quadam
1228 4505 1401 4561 nostri
1433 4512 1562 4560 sunt
1582 4503 1864 4577 adjutorii.
1889 4506 1961 4561 Et
1990 4504 2060 4561 si-

462 4597 556 4646 cut
577 4588 919 4663 pigmentum
944 4601 1150 4665 quanto
1171 4595 1295 4665 plus
1318 4593 1536 4662 teritur,
1556 4602 1711 4650 tanto
1732 4595 1854 4666 plus
1885 4595 1940 4649 in
1963 4611 2053 4666 po-

460 4679 586 4736 culo
630 4678 748 4751 ejus
776 4678 954 4736 virtus
996 4689 1244 4752 augetur,
1300 4680 1375 4736 ita
1417 4681 1607 4737 divina
1648 4683 1910 4755 eloquia1
1947 4699 2055 4755 quo

463 4771 636 4844 magis
666 4771 993 4843 exponendo
1020 4770 1376 4840 conterimus,
1414 4789 1477 4828 eo
1505 4772 1792 4828 audientes
1821 4774 2057 4844 amplius

463 4861 618 4934 quasi
649 4859 898 4918 bibentes
921 4861 1201 4934 juvamus.
1237 4859 1374 4935 [Vet.
1417 4861 1502 4936 V.]
1533 4862 1671 4929 Quia
1702 4861 1870 4934 igitur
1900 4861 2057 4919 mise-

464 4950 638 5007 ricors
666 4951 944 5008 Deus'diu
984 4959 1203 5024 peccata
1244 4949 1534 5007 hominum
1571 4952 1789 5020 tolerat,
1835 4959 1889 5008 et
1931 4969 2056 5010 cum

458 5037 572 5112 jam
603 5041 852 5098 vicinum
883 5041 1047 5099 ﬁnem
1078 5040 1320 5114 respicit,
1353 5041 1672 5114 plerumque
1697 5050 1904 5098 mentes
1924 5059 2060 5115 pec-

462 5131 711 5189 cautium
744 5132 1020 5202 immutat,
1053 5141 1197 5190 recte
1216 5131 1282 5188 de
1311 5148 1389 5200 se,
1407 5132 1521 5187 vim
1542 5139 1707 5189 tanta
1729 5131 1948 5206 pietatis
1976 5132 2060 5190 in-

466 5217 710 5290 sinuans,
744 5221 820 5278 ait
854 5239 864 5278 :

544 5421 560 5456 ¹
592 5419 940 5498 _Gussanvill.
973 5438 1037 5481 ac
1066 5425 1320 5482 nonnulli
1365 5424 1539 5494 Edit.,
1571 5442 1672 5497 quo
1700 5426 1867 5498 magis
1894 5442 2064 5498 expc:-

469 5493 1036 5567 ncndo_conteruntur,
1071 5513 1127 5550 eo
1173 5493 1555 5553 audientes.....
1577 5493 1870 5567 ﬁrmantur.
1906 5493 2064 5566 Quod

2169 4495 2254 4552 dis
2305 4497 2696 4565 intumescens,
2767 4495 2913 4570 quod
2957 4496 3024 4552 de
3073 4496 3280 4553 infimis
3333 4497 3602 4553 formatus
3649 4511 3765 4551 esse

2164 4586 2370 4642 oblitus
2393 4594 2491 4642 est.
2515 4585 2669 4642 Unde
2703 4585 2843 4640 mira
2871 4585 3174 4642 conditoris
3211 4585 3431 4658 justitia
3472 4593 3654 4642 actum
3690 4592 3774 4640 est

2164 4688 2225 4735 ut
2271 4679 2398 4752 quia
2437 4696 2534 4752 per
2579 4695 2799 4734 sensum
2842 4678 3128 4747 intumuit,
3179 4696 3340 4753 quem
3380 4678 3768 4736 rationabilem

2164 4771 2394 4842 accepit,
2426 4785 2614 4824 rursus
2642 4776 2784 4824 terra
2828 4785 2924 4841 per
2986 4776 3216 4826 mortem
3250 4769 3423 4838 ﬁeret,
3462 4786 3624 4842 quam
3655 4783 3772 4825 esse

2166 4877 2221 4917 se
2260 4859 2603 4918 considerare
2647 4858 2934 4915 humiliter
2977 4859 3183 4927 noluit;
3221 4867 3274 4917 et
3315 4860 3446 4933 quia
3488 4857 3769 4932 peccando

2167 4952 2265 5010 Dei
2304 4949 2728 5008 similitudinem
2761 4950 3019 5022 perdidit,
3052 4951 3338 5007 moriendo
3369 4967 3500 5006 vero
3532 4950 3598 5006 ad
3647 4950 3770 5005 limi

2168 5041 2254 5098 sui
2284 5039 2568 5096 materiam
2600 5039 2761 5108 redit,
2793 5047 2938 5096 recte
2969 5039 3174 5096 dicitur
3200 5058 3211 5096 :
3244 5041 3568 5097 Restituetur
3592 5047 3645 5093 ut
3679 5041 3771 5093 lu—

2171 5141 2280 5189 tum
2309 5131 2656 5204 signaculum.
2680 5131 2752 5186 Et
2775 5129 2904 5204 quia
2929 5130 2994 5186 de
3017 5147 3242 5205 corpore
3262 5131 3395 5187 dum
3425 5131 3656 5203 spiritus
3677 5145 3771 5186 vo-

2170 5233 2345 5293 catur,
2377 5223 2613 5297 quodam
2645 5221 2798 5296 quasi
2829 5221 3119 5280 involucro
3149 5240 3262 5280 sua
3309 5221 3493 5281 carnis
3520 5221 3768 5289 exuitur,

2171 5426 2244 5481 At
2273 5425 2423 5481 Editi
2454 5441 2579 5481 cum
2608 5423 2707 5481 Ms.
2742 5423 2903 5481 Corb.
2938 5423 3147 5494 Germ.,
3178 5431 3225 5496 et
3254 5440 3352 5496 per
3380 5439 3534 5479 suam
3550 5421 3774 5496 patient

2175 5497 2301 5570 tiam
2369 5498 2574 5570 tolerat.
2636 5496 2906 5570 Fortasse
2954 5493 3352 5570 perpendentes
3419 5493 3646 5570 tolerare
3701 5493 3771 5549 ad

469 5565 887 5641 emendavimus
935 5583 1004 5624 ex
1050 5567 1178 5624 Mss.
1212 5569 1454 5641 Anglic,
1493 5565 1780 5639 Norman.,
1812 5565 1980 5625 Laud.
2011 5575 2064 5624 et
2167 5568 2480 5641 patientiam
2535 5567 2716 5641 potius
2772 5565 3244 5641 pertinere'quam
3289 5567 3357 5622 ad
3410 5566 3771 5639 sapientiam

471 5637 633 5696 Corb.
667 5641 853 5697 Germ.

543 5713 562 5745 ²
593 5714 670 5768 lta
690 5712 929 5781 Vindoc,
947 5712 1193 5776 Ebroic.,
1215 5712 1417 5784 aliique
1434 5713 1644 5779 Norm.,
1663 5711 1938 5779 Laudun.,
1957 5717 2060 5768 etc.

2172 5638 2363 5696 vocem
2394 5638 2546 5695 hanc
2566 5639 2622 5694 in
2653 5638 2878 5694 alteram
2911 5638 3226 5696 mutandam
3257 5638 3621 5696 censuerunt.

2244 5713 2264 5745 ³
2305 5710 2581 5779 Laudun.,
2611 5711 2955 5768 duraverant.
