4152 6182
343 291 447 356 489

332 529 470 586 sicut
523 535 900 594 vestimentum.
961 538 1164 597 Lutum
1216 529 1741 620 namque'nostrum
1795 557 1938 613 sicut

335 620 731 680 vestimentum
764 635 906 683 stare
933 637 1014 687 est
1044 648 1214 706 usque
1243 633 1310 690 ad
1340 643 1761 700 resurrectionis
1785 652 1938 701 tem-

331 725 436 781 pus
501 711 664 769 inane
720 725 1060 792 exutumque
1100 722 1410 794 perdurare.
1463 728 1566 785 Sed
1615 733 1745 805 quia
1792 733 1934 792 hanc

333 815 552 870 poenam
578 804 850 875 superbiae
881 823 982 864 nec
1012 809 1092 866 illi
1123 819 1426 884 transeunt,
1461 819 1554 891 qui
1585 804 1646 875 et
1685 822 1931 878 eamdem

329 888 647 960 superbiam
679 892 920 953 vivendo
949 897 1236 958 humiliter
1263 888 1532 975 vincunt;
1566 926 1685 982 quae
1727 912 1799 967 sit
1831 929 1932 968 su-

334 978 706 1051 perbientium
741 984 998 1056 specialis
1027 1005 1204 1061 paena,
1239 993 1522 1069 subjungit
1551 978 1739 1056 dicens
1771 1019 1782 1056 :

971 1076 1199 1137 CAPUT
1229 1083 1326 1140 XI.

398 1159 574 1218 Vnus.
613 1161 698 1219 15.
731 1193 802 1205 —
827 1164 1119 1235 Auferetur
1155 1173 1220 1227 ab
1249 1173 1428 1246 impiis
1459 1177 1554 1234 tua:
1581 1196 1702 1245 sua,
1731 1187 1779 1235 et
1808 1179 1926 1235 bra-

325 1249 500 1306 chium
531 1253 790 1308 excelsum
815 1254 1194 1330 confringetur.

395 1340 484 1397 22.
518 1341 666 1399 Mors
699 1360 816 1413 quae
843 1346 1025 1402 electos
1056 1349 1165 1406 luci
1189 1355 1440 1424 restituit,
1472 1367 1711 1435 reprobis
1740 1370 1924 1439 lucem,

321 1431 579 1486 nimirum
605 1434 882 1504 praesentis
897 1437 1018 1493 vita
1041 1441 1271 1512 gloriam
1303 1450 1458 1506 tollit.
1492 1431 1563 1495 -έ
1589 1456 1736 1514 Mors
1777 1431 1926 1516 enim

321 1519 524 1588 carnis,
557 1537 678 1594 quae
708 1523 907 1581 electos
937 1526 1049 1585 luci
1095 1548 1206 1590 sua;
1255 1537 1518 1609 restituit,
1551 1543 1729 1602 lucem
1773 1566 1924 1604 suam

324 1611 575 1682 reprobis
605 1613 770 1669 tollit.
800 1615 921 1672 Lux
971 1634 1207 1695 namque
1253 1629 1620 1698 superbientis
1649 1645 1729 1692 est
1755 1638 1928 1709 gloria

277 1761 286 1766 η
323 1699 455 1755 vitae
485 1702 790 1773 praesentis.
830 1703 960 1772 Quae
991 1707 1040 1763 ei
1086 1710 1181 1767 lux
1210 1721 1342 1772 tunc
1387 1719 1751 1793 subtrahitur,
1798 1743 1924 1782 cum

320 1805 418 1860 per
455 1798 637 1847 carnis
661 1798 947 1851 interitum
983 1798 998 1830 ¹
1033 1798 1100 1854 ad
1129 1804 1560 1866 retributionum
1592 1829 1815 1870 suarum
1848 1824 1923 1872 te-
1958 1825 2005 1886 B

319 1967 738 2044 fringitur,quia
757 1973 1026 2031 celsitudo
1048 1980 1231 2038 cordis
1254 1983 1399 2041 ultra
1425 1998 1635 2046 natura;
1669 1992 1927 2050 ordinem

316 2059 595 2117 violenter
648 2073 860 2136 arrepta
916 2069 1278 2140 opprimentis
1334 2091 1390 2131 se
1432 2076 1638 2136 divinae
1693 2082 1927 2154 justitize

315 2148 462 2204 mole
491 2149 804 2224 dissipatur,
830 2164 891 2211 ut
920 2157 1049 2229 quia
1079 2175 1136 2215 se
1169 2177 1421 2232 perverse
1451 2167 1508 2223 in
1528 2169 1682 2226 brevi
1726 2189 1928 2231 erexe-

317 2245 419 2307 rat,
461 2256 556 2312 per
583 2243 798 2313 pondus
841 2243 1041 2316 judicii
1085 2249 1144 2304 in
1191 2258 1457 2311 aeternum
1511 2259 1684 2317 fracta
1713 2280 1927 2336 cogno-

312 2334 446 2384 scat.
505 2330 703 2388 Nullus
759 2341 941 2390 autem
1010 2345 1259 2396 nostrum
1317 2345 1451 2416 quid
1517 2360 1637 2420 post
1690 2330 1923 2412 mortem

310 2427 633 2492 sequeretur
661 2435 996 2496 agnosceret,
1029 2430 1137 2486 nisi
1174 2433 1301 2489 vitae
1349 2447 1550 2495 nostrae
1579 2443 1834 2500 conditor
1854 2446 1922 2502 ad

308 2523 532 2578 penam
561 2525 734 2582 usque
755 2516 953 2571 mortis
979 2525 1180 2574 nostrae
1209 2523 1442 2580 veniret.
1475 2527 1594 2582 Nisi
1624 2532 1774 2587 enim
1809 2532 1921 2605 ipse

305 2599 751 2655 misericorditer
796 2601 989 2660 inﬁma
1015 2617 1242 2678 peteret,
1276 2627 1617 2688 nequaquam
1659 2636 1760 2677 nos
1801 2632 1921 2694 post

303 2702 479 2741 suam
510 2686 805 2760 imaginem
836 2692 1076 2763 perditos
1098 2695 1246 2768 juste
1287 2701 1355 2758 ad
1382 2686 1600 2765 summa
1619 2723 1914 2772 revocaret.

307 2773 479 2831 Unde
510 2784 566 2832 et
593 2785 740 2836 recte
767 2780 1122 2855 subjungitur
1148 2804 1160 2841 :

743 2895 972 2953 CAPUT
998 2900 1103 2958 ΧΠ
1128 2900 1271 2975 [Rec.
1315 2907 1463 2984 VII].

380 2979 552 3038 Vnus.
590 2982 674 3039 16.
706 3013 777 3025 —
804 2985 1060 3057 Nunquid
1080 2989 1344 3063 ingressus
1364 2979 1775 3070 es—profundum
1802 3022 1912 3062 ma-

308 3070 416 3139 ris,
450 3077 499 3125 et
523 3071 582 3126 in
604 3073 908 3130 novissimis
934 3076 1109 3149 abyssi
1137 3081 1487 3141 deambulasti
1502 3089 1530 3144 ?

1059 310 1430 380 MORALIUM
1468 319 1599 384 LIB.
1643 323 1851 391 XXIX.
1892 360 1907 373 -

2021 334 2073 393 ΪΝ
2109 332 2335 397 CAPUT
2374 343 2663 406 XXXVIII
2704 353 2765 409 B.
2807 350 2947 414 JOIl.

419 431 568 496 927
595 441 736 514 Apte
765 439 831 499 de
867 445 1055 504 eodem
1095 450 1208 508 luto
1251 455 1606 531 subjungitur
1634 480 1646 519 :
1681 464 1756 520 Et
1786 464 1942 522 stabit
1975 463 2026 523 A

3554 374 3657 436 490

2131 462 2269 568 ξγει.
2314 469 2429 545 VL]
2450 473 2561 568 .24.
2603 476 2669 568 In
2698 476 2909 568 inferno
2963 483 3338 564 deambulavit,
3369 497 3496 568 quia
3528 501 3657 558 liber

2045 551 2118 606 ad
2138 554 2325 625 ligatos
2347 560 2497 617 venit.
2521 593 2585 604 —-
2603 563 2868 636 Vigilanti
2891 586 3020 627 vero
3036 583 3118 631 est
3137 593 3269 636 cura

2047 643 2192 714 quod
2223 647 2243 679 ³
2275 647 2331 701 in
2356 649 2659 709 novissimo
2685 655 2868 728 abySsi
2886 658 3266 724 deambulasse
3379 643 3649 745 perhibet.

2045 737 2406 797 Deambulare
2447 745 2649 819 quippe
2693 765 2803 806 non
2848 756 3155 827 constricti,
3202 762 3297 817 sed
3337 737 3497 822 liberi
3547 737 3649 829 est.

2045 829 2214 896 Quem
2263 834 2410 890 enim
2469 839 2694 897 vincula
2749 845 3046 919 stringunt,
3103 850 3220 922 ejus
3276 857 3652 923 nihilominus

2045 935 2262 990 gressus
2289 924 2618 998 impediunt.
2655 933 2774 1000 Qua
2817 935 2990 1008 igitur
3017 942 3288 1003 Dominus
3331 949 3483 1005 nulla
3513 968 3650 1024 pec-

2042 1010 2149 1064 cati
2183 1012 2405 1071 vincula
2431 1020 2678 1088 pertulit,
2711 1021 2770 1077 in
2800 1024 3019 1085 inferno
3046 1030 3441 1096 deambulavit.
3483 1010 3650 1100 Liber

2039 1099 2240 1172 quippe
2268 1103 2338 1157 ad
2369 1104 2563 1194 ligatos
2595 1111 2766 1167 venit.
2812 1113 2966 1174 Unde
2997 1119 3264 1194 scriptum
3293 1135 3376 1183 est
3409 1145 3420 1184 :
3453 1131 3649 1189 Factus

2041 1203 2159 1241 sum
2204 1190 2339 1245 sicut
2367 1193 2518 1248 homo
2567 1197 2678 1252 sine
2722 1203 3020 1276 adjutorio,
3051 1209 3190 1267 inter
3221 1224 3459 1276 mortuos
3518 1223 3648 1280 liber

2038 1276 2219 1345 (Psal.
2255 1296 2510 1352 Lxxxvn,
2569 1286 2652 1357 5).
2685 1291 2746 1344 In
2776 1295 3098 1356 novissimis
3149 1319 3276 1376 ergo
3314 1306 3498 1380 abyssi
3540 1314 3646 1369 D0-

2039 1367 2190 1422 mino
2219 1367 2568 1429 deambulare
2598 1386 2676 1434 est
2705 1379 2763 1435 in
2794 1382 2914 1440 loco
2943 1386 3312 1452 damnationis
3344 1399 3485 1456 nihil
3532 1419 3644 1460 sua:

2039 1457 2368 1514 retentionis
2398 1461 2670 1534 invenire,
2721 1477 3012 1530 attestante
3041 1478 3220 1550 Petro,
3258 1486 3352 1556 qui
3387 1489 3466 1544 ait
3504 1457 3642 1547 {s31

2041 1543 2163 1598 tutis
2206 1546 2479 1604 dolor-ibus
2534 1552 2750 1624 inferni,
2791 1559 2958 1629 juxta
2999 1569 3139 1636 quod
3165 1543 3482 1643 iritpbssibile
3507 1543 3644 1636 erat

2039 1635 2200 1736 teneri
2229 1638 2382 1736 illum
2410 1641 2474 1695 ab
2501 1660 2557 1698 eo
2595 1645 2744 1716 (Act.
2777 1668 2839 1719 ιι,
2858 1653 2972 1725 24).
3009 1656 3109 1713 Vel
3130 1635 3275 1717 certe
3291 1665 3420 1736 quia
3444 1635 3642 1725 deam?

2035 1720 2283 1782 bulando
2312 1746 2414 1786 nos
2443 1749 2568 1788 cum
2614 1735 2680 1793 de
2715 1739 2836 1796 loco
2867 1720 3010 1807 928
3040 1747 3109 1804 ad
3150 1720 3330 1808 locum

2036 1818 2129 1877 hic
2157 1822 2382 1898 illicque
2426 1841 2716 1900 praesentes
2772 1838 3122 1912 invenimur;
3173 1847 3552 1910 deambulasse
3580 1857 3639 1912 in

2040 1907 2258 1967 inferno
2279 1915 2549 1975 Dominus
2568 1920 2794 1993 dicitur,
2825 1935 2886 1982 ut
2913 1931 3102 1988 electis
3121 1935 3409 1995 animabus
3428 1942 3486 1996 in
3501 1943 3640 2000 locis

2040 1997 2274 2070 singulis
2326 2019 2422 2075 per
2472 2006 2784 2067 divinitatis
2838 2020 3140 2087 potentiam
3189 2041 3427 2096 praesens
3466 1997 3637 2088 fuisse

2039 2097 2453 2150 monstraretur.
2489 2096 2644 2154 Unde
2692 2110 2745 2157 et
2803 2105 3031 2176 spiritus
3073 2113 3355 2184 sapientia)
3413 2119 3636 2177 mobilis

2038 2175 2368 2236 describitur
2402 2183 2555 2256 (Sap.
2589 2205 2689 2256 vn,
2721 2175 2918 2263 24),7ut
2947 2212 3042 2267 per
3060 2175 3166 2256 hoc
3191 2202 3338 2273 quod
3364 2175 3633 2277 nusquam

2036 2264 2208 2336 deest,
2238 2269 2444 2343 ubique
2473 2274 2636 2332 nobis
2664 2264 2963 2339 occurreret
2981 2264 3316 2359 designetur.
3340 2291 3513 2358 Quam
3544 2295 3636 2350 de-

2035 2357 2375 2416 scensionem
2409 2377 2562 2419 suam
2579 2365 2849 2426 Dominus
2881 2380 3034 2430 tanto
3055 2357 3366 2435 mirabilem
3388 2384 3630 2454 respicit,

2033 2454 2240 2518 quanto
2297 2465 2416 2507 eam
2476 2454 2761 2531 redempto
2793 2459 3012 2520 homini
3067 2467 3315 2528 crebrius
3361 2471 3628 2532 infundit.

2031 2535 2166 2591 Eam
2196 2555 2432 2614 namque
2456 2543 2638 2604 adhuc
2672 2551 2942 2621 replicans
2973 2555 3162 2616 subdit
3193 2577 3205 2617 :

2621 2635 2850 2697 CAPUT
2880 2643 3030 2703 XIII.

2100 2715 2269 2776 Vnus.
2301 2720 2462 2778 I7.—
2481 2725 2738 2816 Nunquid
2765 2741 2964 2804 aperta:
2990 2745 3118 2795 sunt
3148 2741 3244 2798 tibi
3266 2747 3442 2816 porta:
3470 2764 3628 2807 mor-

2030 2806 2118 2873 tis,
2151 2815 2199 2864 et
2223 2811 2360 2868 ostia
2381 2815 2651 2874 tenebrosa
2670 2820 2902 2880 vidisti?

2098 2897 2184 2953 25.
2217 2899 2414 2957 Portas
2439 2907 2649 2974 mortis,
2671 2909 2765 2965 hoc
2787 2920 2861 2968 est
2885 2922 3167 2985 potestates
3196 2923 3450 2980 adversas
3477 2944 3625 3000 supe-

2023 2986 2184 3040 ravit.
2203 3017 2274 3028 —
2294 2990 2471 3047 Portae
2501 2995 2649 3050 enim
2672 3001 2866 3056 mortis
2894 3015 3330 3078 suntpotestates
3357 3012 3619 3073 adversae.

2023 3075 2167 3144 Quas
2195 3079 2530 3142 descendens
2557 3088 2826 3148 Dominus
2855 3098 3089 3167 aperuit,
3119 3101 3250 3172 quia
3298 3118 3483 3160 earum
3515 3107 3622 3164 for-

382 3159 467 3216 23.
499 3159 760 3216 Dominus
786 3181 892 3218 ηοη
918 3168 1090 3223 solum
1117 3169 1174 3224 ίη
1203 3173 1478 3244 mundum,
1523 3179 1611 3233 sed
1643 3181 1804 3238 etiam
1852 3183 1911 3239 ίη
1943 3187 1987 3248 C
2020 3165 2330 3266 titudinem-
2386 3177 2674 3235 moriendo
2721 3187 3016 3256 superavit.
3070 3189 3200 3256 Quae
3257 3195 3622 3266 appellatione

304 3249 578 3320 infernum
601 3269 705 3322 pro
734 3253 885 3309 nobis
914 3255 1191 3316 descendit.
1223 3292 1295 3303 —
1320 3264 1401 3320 Ac
1429 3265 1474 3321 si
1497 3266 1674 3326 dicat:
1698 3272 1766 3328 Ut
1786 3287 1904 3345 ego,

303 3339 401 3410 qui
447 3357 558 3396 non
587 3342 768 3398 solum
815 3359 985 3413 mare,
1026 3346 1081 3402 id
1112 3357 1195 3405 est
1234 3353 1522 3422 saeculum,
1553 3374 1649 3430 per
1685 3376 1908 3418 assum-

298 3437 450 3500 ptam
509 3429 806 3487 humanam
855 3450 1075 3491 carnem
1131 3445 1293 3511 amne
1333 3429 1575 3502 animam
1620 3451 1776 3520 petii,
1809 3452 1904 3508 sed

295 3519 465 3574 etiam
495 3536 593 3591 per
627 3536 748 3576 eam
779 3532 973 3593 sponte
1009 3524 1067 3579 in
1112 3536 1289 3584 morte
1318 3532 1572 3603 positam,
1606 3519 1777 3610 usque
1832 3541 1901 3597 ad

294 3608 496 3664 ultima
525 3610 748 3678 inferni,
781 3612 936 3684 quasi
985 3613 1053 3669 ad
1084 3617 1252 3672 maris
1298 3621 1573 3689 profunda
1616 3608 1894 3687 descendi.

293 3697 358 3753 Si
381 3697 533 3750 enim
564 3713 726 3768 mare,
759 3717 910 3756 more
940 3701 1121 3757 divini
1160 3707 1386 3776 eloquii,
1429 3712 1690 3769 saeculum
1737 3715 1899 3774 debet

291 3785 556 3859 intelligi,
581 3789 719 3846 nihil
746 3791 1006 3863 prohibet
1036 3793 1311 3865 profunda
1327 3800 1718 3858 marisinferni
1749 3807 1895 3862 clau-

287 3887 406 3935 stra
433 3881 645 3939 sentiri.
666 3882 824 3951 Quod
854 3884 1190 3957 profundum
1221 3890 1388 3946 maris
1413 3892 1685 3951 Dominus
1712 3899 1890 3968 petiit,

287 3988 415 4027 cum
448 3972 652 4028 inferni
697 3974 1021 4045 novissima,
1069 3977 1370 4035 electorum
1408 3997 1632 4040 suorum
1681 3987 1892 4045 animas

285 4071 596 4135 erepturus,
630 4064 877 4120 intravit.
913 4065 1067 4121 Unde
1095 4075 1150 4123 et
1173 4084 1269 4140 per
1296 4070 1619 4143 prophetam
1648 4073 1885 4136 dicitur:

285 4153 523 4207 Posuisti
542 4152 878 4224 profundum
899 4156 1068 4211 maris
1098 4157 1259 4224 viam,
1277 4166 1337 4214 ut
1365 4163 1654 4221 transirent
1679 4167 1888 4224 liberati

288 4241 444 4312 (Isai.
479 4261 553 4312 ιι,
588 4244 704 4316 10).
742 4244 856 4302 Hoc
886 4263 1128 4321 namque
1162 4251 1497 4322 profundum
1551 4259 1717 4315 maris
1758 4270 1884 4317 ante

281 4331 668 4405 Redemptoris
717 4334 1014 4398 adventum
1057 4355 1167 4395 non
1225 4342 1333 4411 via,
1379 4345 1469 4400 sed
1519 4363 1704 4405 carcer
1752 4351 1877 4420 fuit,

280 4422 413 4493 quia
443 4423 499 4479 in
534 4441 591 4480 se
620 4427 784 4482 etiam
813 4426 1085 4484 bonorum
1116 4431 1346 4500 animas,
1381 4438 1633 4508 quamvis
1680 4456 1790 4496 non
1823 4443 1879 4497 in

2018 3273 2235 3333 quoque
2261 3262 2368 3319 alia
2393 3266 2682 3326 tenebrosa
2719 3273 2858 3329 ostia
2879 3286 3168 3349 vocantur,
3205 3262 3345 3355 quia
3366 3283 3501 3342 dum
3524 3301 3622 3358 per

2017 3350 2404 3411 occultationis
2450 3373 2563 3414 suae
2610 3358 2842 3420 insidias
2895 3382 3007 3422 non
3056 3369 3338 3443 videntur,
3370 3373 3615 3449 deceptis

2014 3439 2292 3498 mentibus
2323 3445 2470 3502 viam
2493 3449 2687 3506 mortis
2701 3453 2974 3524 aperiunt.
3003 3456 3134 3524 Quae
3157 3462 3446 3520 tenebrosa
3466 3465 3614 3522 ostia

2011 3525 2280 3587 Dominus
2310 3535 2483 3602 videt,
2514 3539 2643 3610 quia
2679 3542 3093 3604 immundorum
3121 3551 3418 3622 spirituum
3451 3553 3614 3612 frau-

2010 3613 2294 3676 dulentam
2324 3625 2594 3683 malitiam
2624 3637 2678 3684 et
2718 3634 2945 3705 respicit
2972 3646 3026 3692 et
3073 3613 3292 3710 premit.
3325 3641 3474 3709 Quos
3503 3645 3613 3702 nisi

2008 3703 2124 3775 ipse
2174 3709 2335 3767 nobis
2365 3715 2738 3774 nescientibus
2786 3703 3026 3780 videndo
3073 3703 3413 3799 prohiberet,
3447 3740 3502 3787 et
3530 3733 3611 3788 nil

2007 3789 2074 3845 de
2103 3792 2322 3852 insidiis
2351 3815 2541 3857 eorum
2572 3821 2727 3862 mens
2758 3816 2945 3864 nostra
2990 3823 3359 3883 cognosceret,
3393 3825 3447 3872 et
3492 3819 3609 3874 eis-

2005 3877 2129 3935 dem
2161 3881 2381 3942 insidiis
2407 3897 2567 3961 capta
2595 3892 2888 3965 deperiret.
2922 3877 3386 3965 Quae'tenebrosa
3434 3906 3602 3964 etiam

2001 3985 2102 4029 nos
2154 3976 2296 4033 ostia
2345 3981 2642 4053 cernimus,
2698 3987 2919 4059 quando
2948 4005 3200 4063 supernae
3244 3994 3385 4051 lucis
3432 3997 3603 4056 radiis

2001 4059 2363 4124 illustramur.
2399 4068 2552 4128 Unde
2571 4083 2624 4131 et
2653 4090 2750 4148 per
2777 4059 3102 4151 prophetam
3139 4081 3348 4141 dicitur
3376 4103 3388 4140 :
3421 4087 3603 4145 Domi-

1997 4168 2096 4207 nus
2155 4155 2287 4212 mihi
2330 4159 2555 4231 adjutor
2583 4170 2676 4232 est,
2704 4172 2753 4222 et
2802 4185 2890 4240 ego
2940 4170 3122 4227 videbo
3167 4173 3414 4232 inimicos
3461 4196 3602 4236 meos

1999 4240 2172 4315 (Psal.
2217 4263 2390 4319 cxvrr,
2438 4252 2514 4323 7).
2562 4255 2758 4314 Hostes
2813 4258 2984 4332 igitur
3028 4273 3246 4323 nostros
3288 4267 3405 4341 ipse
3449 4271 3601 4330 videt

1993 4333 2087 4404 qui
2117 4351 2218 4391 suo
2247 4353 2339 4394 eos
2369 4356 2596 4400 munere
2622 4347 2783 4404 nobis
2814 4349 3066 4409 visiblies
3122 4353 3276 4414 facit.
3305 4357 3406 4416 Vel
3453 4371 3599 4419 certe

1989 4423 2281 4482 tenebrosa
2325 4435 2458 4486 tunc
2512 4434 2652 4490 ostia
2680 4437 2952 4496 Dominus
2997 4441 3161 4512 vidit,
3193 4462 3315 4503 cum
3359 4449 3596 4508 claustra

277 4510 418 4569 locis
473 4514 802 4586 pmnalibus,
850 4518 1066 4574 clausit.
1098 4518 1257 4586 Quod
1309 4529 1493 4578 tamen
1539 4527 1876 4597 profundum
1905 4553 1953 4612 Β
1990 4511 2194 4612 inferni
2225 4527 2535 4612 penetrans,
2553 4523 2803 4612 crudeles
2836 4528 3069 4599 spiritus
3101 4535 3358 4604 perculit,
3377 4546 3431 4594 et
3451 4557 3592 4596 mor-

279 4601 429 4656 viam
486 4603 755 4662 Dominus
793 4607 997 4678 posuit,
1030 4609 1159 4681 quia
1210 4610 1345 4669 illuc
1394 4615 1640 4684 veniens,
1681 4618 1881 4678 electos

277 4707 407 4747 suos
437 4709 468 4748 a
497 4694 750 4751 claustris
781 4697 982 4752 inferni
1011 4696 1079 4753 ad
1109 4698 1350 4756 caalestia
1379 4705 1612 4760 transire
1647 4723 1881 4765 conces—

274 4781 371 4836 sit.
405 4782 562 4839 Unde
589 4793 645 4840 et
674 4796 796 4858 apte
828 4787 943 4843 illic
971 4786 1176 4844 dicitur
1208 4806 1219 4844 :
1261 4791 1323 4847 Ut
1355 4793 1643 4849 transirent
1674 4797 1882 4855 liberati

277 4871 614 4946 (Ibid.,10).
677 4875 834 4943 Quod
877 4893 1006 4933 vero
1061 4879 1396 4950 profundum
1443 4884 1609 4941 maris
1640 4883 1874 4957 dixerat,

273 4958 402 5030 hoc,
437 4963 560 5018 aliis
591 4965 775 5021 verbis
796 4966 1082 5040 replicans,
1106 4968 1290 5041 abyssi
1313 4973 1677 5032 novissimum
1692 4987 1869 5046 vocat,

274 5051 404 5121 quia
460 5053 604 5110 sicut
649 5071 914 5128 aquarum
967 5057 1195 5130 abyssus
1242 5061 1394 5118 nulla
1441 5073 1627 5121 nostra
1659 5067 1870 5123 visione

271 5141 782 5213 comprehenditur,
823 5145 899 5202 ita
940 5147 1152 5204 occulta
1199 5147 1400 5206 inferni
1446 5154 1602 5209 nullo
1645 5171 1676 5210 a
1707 5157 1868 5214 nobis

268 5229 294 5267 ²
321 5232 657 5303 cognitionis
687 5251 850 5293 sensu
881 5246 1249 5310 penetrantur.
1275 5240 1381 5308 Qui
1411 5241 1559 5298 enim
1593 5243 1725 5301 hinc
1741 5245 1866 5304 sub-

267 5320 566 5381 trahantur
596 5327 894 5398 cernimus,
924 5328 1018 5386 sed
1064 5347 1184 5403 quae
1232 5330 1360 5388 illos
1397 5331 1560 5403 juxta
1607 5335 1863 5394 meritum

266 5414 566 5473 retributio
591 5419 985 5492 suppliciorum
1017 5429 1252 5490 maneat,
1281 5437 1392 5479 non
1417 5423 1688 5482 videmus.

345 5633 361 5671 ί
393 5635 487 5694 Sic
513 5637 744 5714 Turon.,
765 5639 988 5714 Ebroic.
1007 5638 1230 5714 aliique
1249 5640 1507 5701 Norman.
1539 5663 1665 5704 cum
1685 5648 1857 5708 Laud.

265 5706 809 5800 Ero‘ret‘ributionum
835 5706 1208 5800 Editiohabe‘nt
1221 5715 1528 5800 ‘ratiouum.
1541 5719 1695 5800 .Ipsis
1713 5706 1860 5779 favet.

266 5775 432 5838 Corb.
457 5781 666 5852 Germ.,
701 5783 757 5839 in
784 5801 890 5857 quo
923 5785 1074 5857 prius
1103 5785 1382 5860 legebatur
1409 5775 1728 5847 orationum;

561 5879 797 5939 PATROL.
840 5883 1088 5943 LXXVI.

1991 4607 2064 4664 tis
2087 4607 2408 4678 praepositos
2440 4611 2725 4670 moriendo
2739 4615 3044 4676 damnavit.
3076 4622 3235 4691 Quod
3271 4627 3478 4686 idcirco
3500 4629 3592 4687 hic

1990 4716 2100 4757 non
2132 4702 2312 4759 adhuc
2349 4701 2416 4759 de
2449 4702 2658 4772 futuro,
2693 4706 2789 4764 sed
2803 4706 2920 4780 jam
2950 4710 3016 4768 de
3047 4716 3325 4786 praeterito
3358 4718 3587 4786 dicitur,

1989 4793 2118 4864 quia
2147 4793 2254 4852 hoc
2283 4794 2429 4868 quod
2458 4795 2704 4856 facturus
2733 4808 2849 4856 erat
2877 4802 2936 4858 in
2966 4820 3150 4876 opere,
3179 4806 3445 4862 nimirum
3471 4808 3587 4878 jam

1987 4880 2186 4938 fecerat
2233 4883 2291 4938 in
2322 4885 2821 4956 praedestinatione.
2868 4891 3007 4960 Quia
3043 4910 3172 4949 vero
3203 4901 3326 4965 post
3355 4903 3584 4954 mortem

1983 4975 2545 5049 resurrectionemque
2593 4977 2709 5050 ejus
2759 4981 2933 5036 crevit
2991 4984 3256 5051 Ecclesia,
3305 4991 3466 5057 atque
3524 4988 3581 5043 in

1980 5063 2194 5118 cunctis
2222 5073 2302 5119 est
2332 5066 2586 5135 gentibus
2614 5066 2860 5136 dilatata,
2893 5080 3016 5142 apte
3047 5070 3409 5144 subjungitur
3443 5093 3456 5130 :

2392 5152 2619 5212 CAPUT
2649 5156 2778 5215 XIV
2811 5157 2947 5234 [Vet.
2996 5159 3130 5225 VII].

2048 5239 2220 5297 Vsus.
2282 5242 2366 5300 18.
2416 5276 2486 5288 -
2543 5221 2830 5317 Nunquid~
2860 5221 3206 5307 considerasti
3250 5221 3579 5319 latitudinem

1979 5335 2132 5385 terra:
2147 5329 2176 5388 ?

2044 5421 2132 5479 26.
2157 5424 2327 5482 Morte
2349 5425 2550 5483 Christi
2575 5429 2737 5486 crevit
2751 5429 3007 5489 Ecclesia.
3031 5433 3304 5508 Tanquam
3331 5437 3572 5499 Samson.

2043 5651 2065 5738 ξ
2092 5651 2287 5738 Laud,
2317 5653 2539 5738 Ehroic.
2580 5661 2637 5738 et
2665 5658 2759 5714 alii
2788 5659 3001 5738 N_orm.,
3024 5663 3358 5738 cogitationis
3393 5675 3568 5738 sensu,

2041 5725 2061 5758 ³
2094 5723 2266 5782 Laud.
2294 5732 2349 5780 et
2377 5724 2540 5784 Corb.
2574 5727 2781 5800 Germ.,
2816 5731 2873 5787 in
2911 5723 3215 5797 nouissima.

3248 5911 3316 5968 46
