4152 6182
513 237 612 294 491

1725 233 1976 289 SANCTI
2021 234 2061 289 G
2080 232 2368 289 REGORII
2407 233 2630 288 MAGNI

3727 234 3834 292 492

505 371 688 444 plures
717 365 941 420 hostium
971 364 1194 419 morie-ns
1215 362 1473 419 exstinxit
1487 379 1649 433 quam
1663 362 1858 418 vivens.
1876 393 1947 404 --
1971 365 2114 418 Dum
2145 365 2195 426 Α
2225 362 2574 418 deambulasti
2593 364 2621 419 .9
2650 362 2672 396 ⁴
2692 360 2828 429 Quae
2852 360 3000 417 enim
3032 368 3114 418 est
3141 359 3394 434 abyssus,
3420 361 3528 418 nisi
3557 379 3712 420 mens
3730 362 3832 420 hu-

513 454 659 512 enim
680 452 949 509 Dominus
969 453 1248 525 angustias
1265 452 1458 508 mortis
1479 450 1656 524 petiit,
1690 451 1855 515 ﬁdem
1877 467 2031 506 suam
2058 450 2115 510 in

513 543 765 617 gentibus
792 541 1066 611 dilatavit,
1090 549 1252 615 atque
1283 539 1351 598 ad
1372 541 1666 597 innumera
1696 540 1863 596 corda
1889 541 2116 598 creden-

511 633 651 689 tium
673 641 916 690 sanctam
936 633 1238 690 Ecclesiam
1262 630 1530 687 extendit.
1550 629 1651 687 Cui
1674 647 1770 702 per
1790 631 2113 704 prophetam

511 723 742 781 dicitur:
775 724 961 780 Dilata
992 725 1159 778 locum
1190 721 1400 777 tentorii
1431 721 1528 786 tui,
1551 727 1598 776 et
1613 722 1777 792 pelles
1809 721 2113 776 tabernacu-

512 814 688 870 lorum
718 820 928 868 tuorum
955 813 1192 876 extende,
1213 829 1276 866 ne
1298 827 1513 882 parcas,
1548 811 1725 881 longos
1742 809 1830 880 fac
1844 809 2114 880 funiculos

514 910 648 971 tuos,
679 909 727 958 et
752 903 928 958 clavos
958 907 1072 957 tuos
1101 900 1372 956 consolida
1388 918 1410 967 ;
1431 900 1502 955 ad
1521 900 1794 955 dexteram
1823 900 1959 953 enim
1980 905 2026 954 et
2044 899 2117 954 ad

514 993 698 1048 torvam
739 991 1058 1064 penetrabis,
1093 996 1144 1046 et
1182 1008 1351 1046 semen
1395 996 1540 1045 tuum
1579 997 1746 1061 gentes
1787 989 2117 1046 haereditabit

512 1082 668 1156 (Isai.
703 1098 813 1150 LIV,
843 1081 898 1146 2,
922 1080 1001 1153 3).
1024 1080 1156 1148 Quae
1173 1080 1408 1135 latitudo
1430 1087 1596 1135 terrae
1627 1079 1869 1151 profecto
1889 1096 2000 1134 non
2021 1079 2113 1134 fie-

509 1179 612 1240 ret,
635 1170 741 1226 nisi
768 1171 883 1242 ipse
903 1168 1057 1242 prius
1077 1176 1130 1225 et
1155 1169 1326 1225 vitam
1356 1185 1522 1242 quam
1545 1168 1804 1224 novimus
1825 1166 2112 1224 moriendo

509 1262 831 1335 despiceret,
856 1270 909 1318 et
937 1262 1111 1318 vitam
1152 1279 1312 1336 quam
1345 1279 1455 1317 non
1489 1261 1749 1318 novimus
1779 1261 2112 1333 resurgendo

511 1359 862 1408 monstraret.
882 1354 943 1408 In
959 1360 1135 1408 morte
1152 1352 1353 1424 quippe
1369 1368 1466 1407 sua
1481 1360 1682 1407 nostrae
1704 1352 1892 1407 oculos
1909 1351 2111 1406 mentis

509 1441 744 1514 aperuit,
776 1449 830 1496 et
870 1459 991 1515 quae
1020 1449 1158 1498 esset
1188 1441 1302 1496 vita
1336 1457 1457 1514 qua
1495 1448 1815 1513 sequeretur
1844 1439 2106 1496 ostendit.

511 1531 664 1588 Unde
675 1540 729 1588 et
745 1531 894 1588 hunc
914 1533 971 1586 in
994 1531 1295 1602 Evangelio
1315 1530 1568 1586 ordinem
1585 1537 1797 1599 tenens,
1822 1530 2110 1603 discipulis

510 1620 666 1676 dicit:
697 1621 782 1677 Sic
809 1621 1078 1693 oportebat
1097 1621 1365 1676 Christum
1387 1619 1524 1690 pati,
1544 1625 1595 1674 et
1607 1636 1927 1692 resurgerea
1955 1638 2112 1675 mor-

2226 468 2406 522 mana,
2425 469 2544 525 quae
2569 451 2700 509 dum
2731 451 3086 524 semetipsam
3116 451 3580 524 comprehendere
3601 469 3713 508 non
3742 470 3832 510 va-

2226 545 2319 610 let,
2351 559 2466 599 sese
2499 542 2558 598 in
2605 558 2768 598 omne
2805 540 2956 614 quod
2983 548 3085 610 est,
3133 542 3286 598 velut
3321 542 3548 599 obscura
3579 544 3830 616 abyssus,

2225 634 2397 690 latet?
2426 633 2582 690 Unde
2597 632 2735 690 bene
2751 649 2847 705 per
2871 631 3202 704 prophetam
3225 632 3431 689 dicitur
3455 651 3467 689 :
3499 634 3657 690 Dedit
3684 635 3833 706 abys-

2224 740 2313 777 sus
2345 739 2517 778 vocem
2545 739 2716 791 suam,
2744 723 2809 778 ab
2837 722 3124 778 altitudine
3141 722 3440 794 phantasia:
3469 741 3573 779 sua:
3606 725 3830 796 (Habac.

2224 831 2309 882 IIl,
2343 814 2457 886 10),
2489 814 2618 887 quia
2665 813 2797 871 dum
2845 813 3204 885 semetipsam
3252 829 3407 870 mens
3436 813 3677 872 humana
3717 832 3828 871 non

2225 911 2492 977 penetrat,
2522 921 2591 960 ex
2622 903 3031 976 comparatione
3077 903 3184 973 sui,
3234 902 3441 960 divina:
3482 914 3689 962 naturae
3719 923 3830 978 po-

2223 995 2451 1051 tentiam
2483 1011 2647 1068 quam
2675 992 3148 1066 comprehendere
3178 1010 3288 1050 non
3320 992 3522 1051 sufficit
3559 995 3830 1051 humilius

2224 1083 2430 1140 laudat.

2293 1173 2380 1231 28.
2413 1176 2478 1230 In
2505 1173 2802 1229 novissimis
2839 1173 3016 1244 abyssi
3045 1173 3365 1242 deambulat,
3409 1191 3528 1229 cum
3567 1174 3824 1246 nequissi-

2221 1283 2429 1320 morum
2457 1265 2619 1320 corda
2647 1265 2917 1320 convertit.
2939 1297 3008 1307 —
3038 1265 3101 1320 In
3130 1264 3450 1322 novissimis
3479 1281 3607 1338 ergo
3636 1264 3820 1339 abyssi

2222 1357 2334 1410 Deo
2363 1353 2714 1410 deambulare
2741 1363 2822 1410 est
2851 1354 3017 1410 etiam
3048 1355 3513 1428 nequissimorum
3535 1356 3701 1412 corda
3727 1353 3824 1411 ho-

2222 1445 2436 1500 minum
2466 1452 2807 1510 convertere,
2837 1453 2890 1500 et
2910 1444 3221 1518 desperatas
3250 1453 3460 1502 mentes
3489 1445 3825 1503 visitationis

2221 1551 2331 1591 sum
2361 1535 2608 1608 vestigiis
2653 1534 2927 1606 tangendo
2959 1535 3288 1592 mirabiliter
3316 1535 3632 1592 reformare.
3679 1535 3818 1592 Cum

2221 1625 2369 1681 enim
2401 1635 2524 1697 post
2554 1625 2820 1681 immensa
2848 1626 3072 1695 scelera,
3095 1627 3469 1701 unusquisque
3498 1625 3819 1698 compungi-

506 1709 610 1763 tuis
630 1713 786 1764 tertia
809 1710 912 1774 die,
934 1709 1279 1781 etprcedicari
1297 1709 1354 1763 in
1373 1707 1583 1763 nomine
1602 1709 1714 1779 ejus
1725 1710 1868 1781 paeni
1874 1711 2108 1777 tentiam,
2143 1736 2188 1797 B
2223 1724 2332 1782 tur,
2354 1713 2488 1788 quid
2506 1714 2656 1770 aliud
2681 1731 2843 1786 quam
2862 1714 2920 1769 in
2937 1715 3255 1771 novissimis
3269 1714 3449 1787 abyssi
3475 1715 3617 1772 Deus
3636 1712 3817 1769 deam-

503 1804 551 1853 ει
569 1799 924 1854 remissionem
938 1806 1269 1872 peccatorum
1284 1816 1381 1872 per
1395 1815 1571 1855 omnes
1585 1805 1754 1871 gentes
1779 1800 1928 1872 (Luc.
1948 1817 2109 1870 xxrv,

503 1895 592 1961 46,
627 1894 741 1967 47).
774 1895 940 1952 Pauci
973 1896 1121 1951 enim
1151 1911 1221 1951 ex
1249 1894 1404 1967 plebe
1434 1894 1736 1951 Israelitica
1764 1893 1883 1967 ipso
1912 1894 2108 1968 pradi-

503 1991 661 2041 cante
686 1985 1070 2052 crediderunt;
1114 1985 1392 2041 innumeri
1441 2001 1572 2042 vero
1621 1983 1867 2057 gentium
1916 1985 2109 2056 populi

504 2075 651 2130 viam
672 2076 800 2130 vitae
821 2075 1088 2132 moriente
1105 2075 1202 2131 illo
1222 2075 1395 2132 secuti
1414 2083 1563 2132 sunt.
1582 2073 1857 2147 Superbos
1873 2091 2108 2147 namque

503 2163 636 2219 dum
683 2164 864 2220 adhuc
893 2164 1166 2237 passibilis
1196 2163 1408 2220 viveret
1446 2163 1694 2237 pertulit,
1733 2163 1749 2197 ¹
1800 2180 1831 2218 a
1858 2163 2107 2236 passibili

505 2272 635 2313 vero
664 2256 779 2312 vita
808 2264 1058 2313 mortuus
1083 2255 1297 2312 stravit.
1327 2255 1486 2323 Quod
1514 2254 1652 2310 bene
1675 2255 1908 2311 Samson
1939 2256 1997 2311 in
2029 2272 2108 2312 se-

503 2346 736 2421 metipso
765 2345 975 2403 dudum
997 2346 1301 2420 ﬁguraliter
1327 2346 1617 2420 expressit,
1641 2345 1733 2420 qui
1758 2361 1960 2418 paucos
1989 2345 2108 2418 qui-

505 2439 629 2495 dem
668 2437 800 2494 dum
845 2438 1058 2494 viveret
1087 2437 1405 2505 interemit;
1439 2436 1718 2492 destructo
1749 2444 1930 2492 autem
1960 2443 2110 2492 tem-

506 2529 616 2602 plo,
643 2528 828 2584 hostes
851 2527 1174 2582 innumeros
1197 2543 1323 2582 cum
1357 2534 1661 2582 moreretur
1680 2525 1884 2582 occidit
1907 2526 2105 2598 (Judic.

504 2635 624 2686 xVI,
642 2617 758 2690 30),
777 2617 905 2690 quia
920 2615 1184 2671 nimirum
1207 2616 1475 2671 Dominus
1495 2616 1562 2670 ab
1582 2615 1818 2670 elatione
1840 2616 2107 2687 superbiae

507 2722 706 2779 paucos
762 2721 887 2761 cum
941 2704 1176 2772 viveret,
1231 2705 1416 2777 plures
1469 2721 1600 2759 vero
1653 2721 1780 2760 cum
1837 2707 2106 2776 templum

507 2802 652 2860 929
681 2796 766 2852 sui
787 2795 1032 2869 corporis
1063 2796 1388 2864 solveretur,
1407 2793 1678 2851 exstinxit
1707 2794 2104 2867 (Joan.n,19);

505 2903 668 2970 atque
697 2895 897 2951 electos
944 2910 1016 2950 ex
1059 2894 1312 2966 gentibus
1359 2910 1496 2967 quos
1534 2891 1773 2949 vivendo
1820 2891 2106 2960 sustinuit,

506 2985 672 3042 simul
729 3000 921 3042 omnes
983 2985 1271 3041 moriendo
1326 2984 1643 3058 prostravit.
1705 2984 1870 3040 Recte
1926 2983 2110 3055 itaque

509 3086 798 3151 postquam
830 3077 1046 3132 inferna
1080 3084 1388 3147 penetrasse
1419 3093 1474 3131 se
1503 3074 1709 3142 docuit,
1744 3073 2111 3130 consideran-

508 3166 633 3222 dam
678 3181 809 3220 mox
857 3172 1014 3220 terrae
1067 3165 1418 3220 latitudinem
1476 3163 1800 3234 subjunxit:
1851 3162 2108 3233 Nunquid

506 3253 853 3310 considerasti
896 3252 1229 3308 latitudinem
1266 3253 1461 3307 terrae?
1499 3255 1581 3307 Ac
1618 3252 1664 3306 si
1693 3251 1965 3323 ﬂagellato
1995 3250 2110 3306 bo-

508 3341 646 3399 mini
674 3341 915 3398 diceret:
950 3340 1226 3413 Perpende
1257 3339 1390 3413 quid
1421 3339 1646 3410 pertuli,
1679 3347 1734 3394 et
1764 3355 1933 3412 pensa
1962 3339 2109 3412 quod

507 3432 648 3500 emi;
672 3447 772 3488 nec
811 3429 1058 3505 queraris
1079 3429 1194 3502 ipse
1223 3428 1290 3484 de
1318 3426 1568 3496 verbere,
1611 3427 1746 3484 dum
1777 3428 1959 3485 nescis
1988 3445 2110 3502 quae

508 3530 562 3580 te
591 3523 815 3596 praemia
843 3527 1099 3578 maneant
1119 3520 1176 3576 in
1208 3517 1593 3577 retributione.
1617 3519 1768 3576 Inter
1788 3518 1905 3577 haec
1926 3519 2111 3594 itaque

508 3613 675 3670 verba
700 3614 960 3672 creatoris
988 3628 1164 3686 operae
1195 3611 1434 3684 pretium
1465 3617 1620 3684 puto,
1651 3611 1697 3666 si
1727 3625 1759 3666 a
1784 3608 1931 3666 bono
1965 3627 2111 3666 com-

507 3703 667 3760 muni
698 3720 760 3761 ac
790 3702 1016 3777 publico
1037 3718 1331 3776 parumper
1358 3701 1548 3760 oculos
1574 3698 1869 3769 ﬂectimus,
1901 3707 1956 3756 et
1977 3698 2112 3773 quid

507 3792 565 3849 in
621 3791 856 3866 singulis
911 3791 1072 3850 nobis
1124 3791 1358 3850 latenter
1415 3799 1538 3864 agat
1597 3790 1901 3848 intuemur.
1960 3787 2113 3846 Dicit

507 3881 656 3939 enim
683 3900 694 3939 :

939 3972 1167 4028 CAPUT
1196 3973 1302 4028 xv
1324 3970 1467 4045 [Rec.
1503 3970 1682 4044 VIII].

579 4057 752 4115 VERS.
789 4060 873 4115 16.
891 4091 962 4102 -
986 4062 1244 4130 Nunquid
1271 4062 1538 4132 ingressus
1568 4078 1619 4114 es
1643 4057 1979 4130 profundum
2000 4075 2108 4114 ma-

507 4145 627 4206 ris?

581 4236 669 4292 27.
701 4234 872 4293 Maris
895 4234 1228 4306 profundum
1255 4235 1398 4290 Deus
1425 4235 1746 4306 ingreditur,
1783 4253 1903 4291 cum
1932 4253 2110 4308 pecca-

513 4325 643 4382 toris
660 4330 878 4380 mentem
889 4325 1088 4382 visitat.
1106 4356 1177 4366 —
1189 4325 1336 4382 Mare
1351 4326 1554 4398 quippe
1569 4333 1651 4382 est
1672 4342 1826 4382 mens
1846 4324 2109 4398 humana,

509 4416 670 4489 cujus
687 4415 960 4489 profunda
975 4418 1119 4473 Deus
1148 4416 1458 4490 ingreditur
1476 4417 1696 4492 quando
1719 4434 1814 4490 per
1841 4417 2107 4490 cognitio-

510 4523 636 4563 nem
667 4523 818 4562 suam
849 4505 916 4564 ad
947 4506 1184 4565 lamenta
1213 4509 1548 4582 pcnniteutiae
1569 4508 1637 4565 ab
1665 4507 1880 4566 intimis
1909 4507 2109 4580 cogita-

511 4595 756 4653 tionibus
783 4597 1152 4668 perturbatur,
1181 4600 1400 4672 quando
1427 4600 1627 4672 prioris
1665 4601 1795 4656 vitae
1834 4598 2108 4672 nequitias

510 4687 579 4744 ad
610 4686 929 4743 memoriam
960 4686 1193 4756 reducit,
1209 4696 1261 4744 et
1285 4689 1640 4745 ﬂuctuantem
1664 4689 1760 4745 ’in
1783 4688 2107 4745 confusione

511 4795 609 4835 sua
635 4776 881 4834 animum
913 4777 1175 4834 concutit.
1209 4778 1552 4834 Profundum
1584 4778 1751 4834 maris
1779 4780 1925 4834 Deus
1948 4794 2107 4850 pene-

511 4877 640 4940 trat,
667 4867 886 4942 quando
907 4868 1071 4925 etiam
1101 4867 1384 4941 desperata
1412 4867 1578 4923 corda
1612 4875 1904 4939 permutat.
1937 4869 1958 4902 ³
1989 4868 2109 4940 Ipse

511 4961 658 5017 enim
691 4977 839 5017 mare
860 4959 1027 5016 intrat
1051 4959 1272 5034 quando
1300 4975 1394 5016 cor
1413 4959 1672 5016 saeculare
1692 4958 1969 5028 humiliat,
1988 4975 2108 5032 pro-

509 5049 745 5106 fundum
760 5051 925 5107 maris
936 5050 1244 5124 ingreditur
1253 5049 1472 5124 quando
1485 5049 1708 5107 visitare
1723 5059 1930 5106 mentes
1944 5050 2108 5107 etiam

512 5157 724 5217 pressas
768 5144 1065 5201 sceleribus
1111 5161 1224 5201 non
1273 5142 1619 5216 dedignatur.
1661 5143 1816 5200 Unde
1863 5151 1918 5199 et
1957 5150 2105 5201 recte

512 5235 927 5308 percunctando
969 5234 1350 5310 subiungitur:
1381 5235 1458 5292 Et
1496 5234 1555 5290 in
1593 5234 1892 5292 novissimis
1932 5235 2109 5310 abyssi

589 5445 606 5481 ¹
638 5446 718 5502 Ita
747 5443 1008 5516 Vindoc.,
1058 5439 1220 5503 COrb.
1267 5446 1476 5515 Germ.,
1507 5443 1734 5510 Pratel.,
1774 5444 1917 5502 Utic.
1952 5444 2108 5502 Con—

514 5518 682 5574 sentit
709 5518 984 5587 Laudun.,
1011 5518 1125 5591 nisi
1141 5519 1287 5591 quod
1311 5534 1408 5591 pro
1436 5524 1677 5591 mortuus
1706 5516 1964 5591 mendose
1981 5516 2108 5591 legi-

514 5598 606 5662 tur
631 5596 886 5647 mortuos.
920 5592 994 5648 At
1023 5589 1200 5658 Editl,
1229 5609 1263 5645 a
1305 5589 1551 5662 possibili
1595 5605 1718 5644 vero
1765 5589 1874 5644 vita
1919 5589 2110 5643 multos

513 5658 639 5719 dum
666 5670 961 5720 moreretur
987 5661 1197 5717 stravit.

586 5738 608 5771 ²
636 5736 858 5794 Ebroic.
889 5743 943 5791 et
970 5733 1065 5789 alii
1095 5733 1308 5798 Norm.,
1329 5733 1383 5785 in
1405 5733 1723 5800 confessio-ne
1750 5748 1847 5787 sua
1875 5732 2109 5788 animum

2136 4469 2186 4528 D

2223 1805 2418 1860 bulans
2446 1803 2666 1860 videtur
2686 1804 2714 1859 (ἲ
2736 1803 2901 1872 Quasi
2919 1806 2978 1860 in
2994 1805 3195 1878 abysso
3215 1822 3452 1880 namque
3468 1807 3612 1861 Deus
3640 1803 3822 1860 deam-

2218 1895 2392 1963 bulat,
2425 1911 2548 1951 cum
2581 1893 2877 1950 obscurum
2895 1912 2990 1952 cor
3013 1906 3328 1968 penetrans,
3351 1895 3550 1952 ﬂuctus
3567 1893 3818 1950 invisibi-

2220 1987 2295 2040 les
2325 1985 2589 2040 vitiorum
2631 1985 2824 2040 calcat.
2858 1985 3194 2058 Plerumque
3225 1987 3372 2041 enim
3405 1987 3687 2058 preterita
3714 1986 3820 2042 alia

2219 2075 2546 2148 plangimus,
2577 2081 2631 2130 et
2675 2073 2800 2130 aliis
2839 2073 3200 2146 prasentibus
3230 2090 3510 2146 urgemur,
3555 2084 3616 2131 ut
3654 2076 3824 2132 modo

2219 2165 2491 2237 superbia.
2542 2165 2706 2221 modo
2755 2163 2855 2236 ira,
2907 2162 3072 2220 modo
3119 2163 3360 2232 luxuria,
3392 2164 3557 2220 modo
3586 2165 3823 2221 avaritia

2220 2261 2464 2310 tentante
2490 2251 2805 2326 fatigamur.
2845 2251 2949 2309 Sed
2978 2269 3106 2308 cum
3154 2261 3350 2310 cuncta
3397 2251 3519 2310 haec
3569 2254 3628 2308 in
3657 2253 3820 2309 corde

2219 2357 2405 2404 nostro
2434 2346 2706 2404 Dominus
2734 2347 2960 2405 occultae
2991 2345 3330 2402 visitationis
3360 2362 3470 2400 suae
3501 2345 3699 2401 timore
3727 2363 3817 2402 re-

2219 2438 2429 2510 primit,
2464 2435 2598 2510 quid
2627 2436 2782 2493 aliud
2812 2453 2974 2510 quam
3019 2437 3079 2491 in
3125 2435 3324 2508 abysso
3356 2451 3573 2506 gressus
3621 2437 3819 2509 ponit?

2219 2527 2367 2595 Quos
2397 2542 2612 2598 gressus
2641 2536 2825 2582 mente
2853 2524 3244 2596 conspicimus,
3280 2524 3503 2596 quando
3533 2533 3718 2581 contra
3737 2527 3816 2581 in-

2219 2617 2499 2688 surgentia
2529 2615 2666 2670 vitia
2696 2613 2975 2688 quomodo
3009 2611 3377 2684 timoris,ejus
3416 2611 3642 2669 obvient
3676 2614 3815 2672 dona

2218 2723 2530 2778 pensamus.
2567 2706 2677 2764 Hos
2707 2722 2943 2779 namque
2971 2721 3187 2778 gressus
3223 2703 3496 2778 PrOpheta
3524 2723 3816 2780 conspexe-

2218 2804 2322 2864 rat,
2353 2813 2479 2852 cum
2509 2795 2762 2853 dicebat:
2806 2796 2915 2854 Visi
2945 2802 3070 2850 sunt
3101 2795 3359 2866 ingressus
3404 2795 3502 2860 tui,
3531 2796 3693 2865 Deus,
3723 2798 3820 2852 in-

2218 2905 2424 2958 gressus
2470 2888 2567 2943 Dei
2614 2886 2733 2954 mei,
2789 2885 2928 2957 regis
2971 2885 3074 2940 mei
3117 2884 3210 2955 qui
3243 2890 3319 2939 est
3351 2884 3406 2938 in
3438 2890 3616 2939 sancto
3645 2887 3819 2955 ipsius

2223 2977 2396 3049 (Psal.
2425 2993 2602 3044 van,
2631 2977 2748 3048 25).
2770 2975 2876 3044 Qui
2905 2975 3054 3032 enim
3089 2973 3425 3030 inordinatos
3445 2981 3624 3028 motus
3638 2974 3818 3031 animi

2219 3065 2539 3122 divinorum
2556 3064 2897 3137 judiciorum
2921 3065 3186 3121 memoria
3211 3065 3269 3119 in
3284 3080 3341 3119 se
3355 3063 3577 3136 reprimi
3598 3065 3817 3137 conspi-

2218 3158 2315 3222 cit,
2348 3159 2507 3230 quasi
2536 3157 2946 3213 deambulantis
2976 3157 3034 3212 in
3063 3172 3118 3211 se
3149 3171 3362 3228 gressus
3389 3153 3612 3211 Domini
3644 3155 3817 3214 videt.

2219 3247 2446 3302 Dicatur
2463 3263 2590 3318 ergo
2606 3246 2764 3301 beato
2785 3246 2886 3301 Job
2911 3263 2922 3302 :
2957 3246 3214 3318 Nunquid
3233 3247 3501 3317 ingressus
3518 3261 3570 3300 es
3594 3245 3821 3317 profun-

2219 3336 2346 3391 dum
2372 3335 2563 3402 maris,
2593 3340 2642 3389 et
2665 3334 2724 3388 in
2751 3335 3053 3389 novissimis
3077 3334 3252 3406 abyssi
3281 3334 3632 3389 deambulasti
3649 3335 3677 3390 i‘
3706 3334 3820 3391 Su-

2218 3424 2416 3482 baudis
2447 3433 2508 3481 ut
2531 3441 2650 3497 ego,
2677 3423 2772 3498 qui
2803 3424 2942 3480 mira
2971 3423 3352 3480 misericordia
3376 3424 3433 3480 in
3464 3432 3815 3496 peccatorum

2221 3514 2478 3573 cordibus
2489 3513 2652 3571 modo
2670 3513 2999 3584 iram,modo
3011 3515 3314 3583 luxuriam,
3329 3514 3495 3571 modo
3506 3514 3815 3583 avaritiam,

2222 3604 2385 3661 modo
2440 3612 2752 3678 surgentem
2816 3602 3128 3677 superbiam
3198 3604 3370 3662 calco.
3433 3610 3577 3668 930
3633 3605 3713 3662 Ac
3773 3605 3818 3661 si

2221 3702 2270 3759 ei
2327 3711 2511 3776 aperte
2559 3702 2868 3761 diceretur:
2927 3703 2984 3759 Si
3040 3703 3268 3760 latentia
3316 3703 3500 3761 cordis
3548 3703 3687 3760 vitia
3735 3719 3818 3759 me

2220 3794 2402 3850 solum
2444 3795 2741 3868 reprimere
2782 3793 3077 3867 conspicis,
3118 3802 3180 3850 tu
3226 3796 3421 3852 extolli
3475 3794 3541 3850 de
3596 3795 3820 3866 propria

2215 3883 2612 3956 justiﬁcatione
2655 3883 2908 3941 cessabis.
2963 3881 3103 3955 [νει.
3175 3883 3356 3960 VIII.]
3387 3885 3455 3941 Et
3508 3884 3637 3956 quia
3686 3900 3817 3939 cum

2221 3973 2494 4030 divinitus
2509 3973 2802 4030 visitamur
2830 3972 2996 4030 etiam
3027 3973 3095 4030 de
3123 3975 3357 4033 occultis
3388 3984 3442 4031 et
3460 3972 3669 4030 illicitis
3701 3990 3816 4029 mo-

2220 4064 2369 4122 tibus
2398 4064 2599 4121 mentis
2627 4063 2698 4121 ad
2740 4064 3144 4124 confessionem
3193 4063 3472 4135 ducimur,
3505 4071 3651 4121 recte
3689 4063 3818 4120 sub-

2215 4155 2468 4228 jungitur
2491 4173 2503 4210 :

2815 4244 3044 4303 CAPUT
3075 4244 3224 4302 XVI.

2291 4334 2462 4392 Vnus.
2487 4333 2573 4391 17.
2586 4365 2656 4377 -
2676 4333 2934 4406 Nunquid
2946 4341 3146 4407 apertae
3158 4340 3281 4390 sunt
3302 4333 3396 4390 tibi
3409 4338 3582 4406 porta:
3591 4332 3819 4390 mortis?

2290 4427 2378 4484 29.
2410 4427 2590 4483 Portis
2614 4429 2803 4482 mortis
2829 4433 2953 4482 sunt
2967 4427 3301 4499 cogitationes
3324 4443 3526 4499 prava,
3547 4443 3683 4498 quas
3710 4425 3820 4482 Deo

2213 4533 2313 4588 per
2353 4515 2718 4586 confectionem
2764 4517 3070 4588 pandimus.
3105 4548 3177 4560 —
3219 4517 3396 4574 Porta;
3444 4516 3593 4572 enim
3628 4515 3819 4572 mortis

2216 4615 2345 4664 sunt
2373 4607 2729 4680 cogitationes
2752 4623 2950 4680 pravae,
2971 4623 3104 4680 quas
3134 4609 3246 4663 Deo
3263 4606 3578 4680 pandimus,
3597 4603 3820 4678 quando

2217 4713 2306 4753 eas
2333 4699 2390 4753 in
2421 4697 2744 4771 poenitentia
2773 4697 2953 4754 ﬂendo
2983 4696 3329 4753 conﬁtemur.
3355 4697 3498 4764 Quas
3517 4696 3684 4751 etiam
3707 4710 3818 4750 nou

2217 4789 2490 4846 confessas
2536 4789 2800 4855 intuetur,
2846 4787 2941 4844 sed
2982 4787 3258 4844 confessas
3287 4786 3616 4860 ingreditur.
3664 4785 3819 4840 Tunc

2218 4876 2419 4949 quippe
2445 4876 2590 4930 viam
2623 4876 2726 4932 sibi
2770 4878 2827 4932 in
2873 4877 3047 4951 portis
3090 4878 3284 4933 mortis
3325 4877 3520 4948 aperit,
3572 4873 3815 4948 quando,

2218 4967 2415 5023 solutis
2427 4969 2610 5040 pravis
2621 4968 3067 5041 cogitationibus,
3080 4971 3148 5027 ad
3163 4987 3260 5026 nos
3276 4978 3398 5042 post
3413 4967 3816 5026 confessionem

2218 5060 2390 5115 venit.
2423 5059 2553 5128 Quae
2583 5069 2751 5134 portae
2794 5060 2986 5118 mortis
3017 5061 3222 5119 idcirco
3253 5069 3458 5118 vocatae
3505 5066 3652 5127 sunt,
3686 5057 3819 5130 quia

2214 5149 2459 5224 profecto
2481 5151 2570 5206 via
2589 5151 2658 5207 ad
2682 5151 2964 5210 interitum
2983 5169 3078 5225 per
3097 5152 3316 5225 iniquas
3333 5153 3353 5186 ⁵
3377 5165 3594 5222 semper
3608 5146 3818 5219 cogita-

2214 5242 2395 5299 tiones
2405 5242 2670 5316 aperitur.
2685 5241 2843 5310 Quod
2857 5241 3038 5300 adhuc
3050 5242 3368 5316 replicatur,
3389 5256 3514 5300 cum
3533 5235 3813 5296 subditur:

2216 5447 2484 5519 convertit.
2518 5445 2579 5500 In
2611 5442 2850 5519 Yindoc,
2880 5461 3095 5518 quoque
3123 5443 3324 5519 legitur
3350 5440 3629 5519 convertit.

2289 5519 2310 5551 ³
2334 5516 2568 5572 Vindoc.
2580 5559 2594 5585 ,
2615 5516 2786 5573 Laud.
2797 5560 2812 5586 ,
2830 5515 3025 5573 Pratel:
3037 5562 3050 5586 ,
3065 5527 3168 5574 etc.
3178 5515 3198 5586 ξ
3207 5518 3282 5572 sic
3293 5517 3432 5572 enim
3448 5533 3594 5574 utare
3615 5515 3814 5568 intrat.

2217 5587 2379 5645 Corb.
2411 5588 2618 5656 Germ.,
2648 5589 2695 5642 si
2722 5589 2878 5645 enim.

2289 5661 2309 5694 ‘
2337 5659 2559 5716 Ebroic.
2595 5667 2648 5716 et
2675 5660 2793 5726 alii,
2827 5661 2956 5726 quid
2983 5661 3119 5717 enim
3144 5667 3236 5717 est.

2288 5734 2308 5766 ⁵
2340 5729 2508 5789 Abest
2535 5749 2734 5806 semper
2763 5748 2794 5788 a
2823 5727 3019 5791 Pratel.
3068 5741 3122 5790 et
3151 5732 3457 5792 nonnullis.
3490 5731 3631 5789 Sane
3661 5727 3821 5802 abji-
