  <div class='ocr_page' id='page_1' title='image "/cluster/home/n/w/nwhite01/storage/ocr_20150623/76/hvd.32044052772456/254.png"; bbox 0 0 4152 6182; ppageno 0'>
   <div class='ocr_carea' id='block_1_1' title="bbox 319 257 425 315">
    <p class='ocr_par' dir='ltr' id='par_1_1' title="bbox 319 257 425 315">
     <span class='ocr_line' id='line_1_1' title="bbox 319 257 425 315; baseline 0 -1"><span class='ocrx_word' id='word_1_1' title='bbox 319 257 425 315; x_wconf 79' lang='grc'><strong>493</strong></span> 
     </span>
    </p>
   </div>
   <div class='ocr_carea' id='block_1_2' title="bbox 379 384 1408 454">
    <p class='ocr_par' dir='ltr' id='par_1_2' title="bbox 379 384 1408 454">
     <span class='ocr_line' id='line_1_2' title="bbox 379 384 1408 454; baseline 0.012 -14"><span class='ocrx_word' id='word_1_2' title='bbox 379 384 512 440; x_wconf 77' lang='lat' dir='ltr'><strong>Iern.</strong></span> <span class='ocrx_word' id='word_1_3' title='bbox 544 413 618 427; x_wconf 92' lang='lat'><strong>—-</strong></span> <span class='ocrx_word' id='word_1_4' title='bbox 644 386 715 440; x_wconf 86' lang='lat' dir='ltr'><strong>Et</strong></span> <span class='ocrx_word' id='word_1_5' title='bbox 738 386 874 443; x_wconf 87' lang='lat' dir='ltr'><strong>ostia</strong></span> <span class='ocrx_word' id='word_1_6' title='bbox 893 391 1158 449; x_wconf 81' lang='lat' dir='ltr'><strong>tenebrosa</strong></span> <span class='ocrx_word' id='word_1_7' title='bbox 1183 394 1364 450; x_wconf 82' lang='lat' dir='ltr'><strong>vidisti</strong></span> <span class='ocrx_word' id='word_1_8' title='bbox 1379 398 1408 454; x_wconf 70' lang='lat' dir='ltr'><strong><em>f</em></strong></span> 
     </span>
    </p>
   </div>
   <div class='ocr_carea' id='block_1_3' title="bbox 377 471 1898 553">
    <p class='ocr_par' dir='ltr' id='par_1_3' title="bbox 377 471 1898 553">
     <span class='ocr_line' id='line_1_3' title="bbox 377 471 1898 553; baseline 0.014 -22"><span class='ocrx_word' id='word_1_9' title='bbox 377 471 462 531; x_wconf 85' lang='lat'><strong>30.</strong></span> <span class='ocrx_word' id='word_1_10' title='bbox 538 474 827 534; x_wconf 79' lang='lat' dir='ltr'><strong>Tenebrosa</strong></span> <span class='ocrx_word' id='word_1_11' title='bbox 879 496 1104 553; x_wconf 86' lang='lat' dir='ltr'><strong>namque</strong></span> <span class='ocrx_word' id='word_1_12' title='bbox 1129 485 1267 542; x_wconf 88' lang='lat' dir='ltr'><strong>ostia</strong></span> <span class='ocrx_word' id='word_1_13' title='bbox 1295 495 1419 544; x_wconf 86' lang='lat' dir='ltr'><strong>sunt</strong></span> <span class='ocrx_word' id='word_1_14' title='bbox 1448 490 1668 550; x_wconf 88' lang='lat' dir='ltr'><strong>latentia</strong></span> <span class='ocrx_word' id='word_1_15' title='bbox 1709 495 1898 553; x_wconf 86' lang='lat' dir='ltr'><strong>mentis</strong></span> 
     </span>
    </p>
   </div>
   <div class='ocr_carea' id='block_1_4' title="bbox 304 562 1898 645">
    <p class='ocr_par' dir='ltr' id='par_1_4' title="bbox 304 562 1898 645">
     <span class='ocr_line' id='line_1_4' title="bbox 304 562 1898 645; baseline 0.015 -26"><span class='ocrx_word' id='word_1_16' title='bbox 304 562 852 623; x_wconf 85' lang='lat' dir='ltr'><strong>mala.-Tenebrosa</strong></span> <span class='ocrx_word' id='word_1_17' title='bbox 868 585 1106 645; x_wconf 80' lang='lat' dir='ltr'><strong>namque</strong></span> <span class='ocrx_word' id='word_1_18' title='bbox 1134 575 1272 631; x_wconf 89' lang='lat' dir='ltr'><strong>ostia</strong></span> <span class='ocrx_word' id='word_1_19' title='bbox 1299 586 1429 636; x_wconf 87' lang='lat' dir='ltr'><strong>sunt</strong></span> <span class='ocrx_word' id='word_1_20' title='bbox 1452 579 1678 639; x_wconf 89' lang='lat' dir='ltr'><strong>latentia</strong></span> <span class='ocrx_word' id='word_1_21' title='bbox 1698 586 1898 643; x_wconf 90' lang='lat' dir='ltr'><strong>mentis</strong></span> 
     </span>
    </p>
   </div>
   <div class='ocr_carea' id='block_1_5' title="bbox 303 653 1897 743">
    <p class='ocr_par' dir='ltr' id='par_1_5' title="bbox 303 653 1897 743">
     <span class='ocr_line' id='line_1_5' title="bbox 303 653 1897 743; baseline 0.016 -35"><span class='ocrx_word' id='word_1_22' title='bbox 303 653 465 722; x_wconf 86' lang='lat' dir='ltr'><strong>mala,</strong></span> <span class='ocrx_word' id='word_1_23' title='bbox 517 670 638 728; x_wconf 72' lang='lat' dir='ltr'><strong>quae</strong></span> <span class='ocrx_word' id='word_1_24' title='bbox 666 663 721 713; x_wconf 90' lang='lat' dir='ltr'><strong>et</strong></span> <span class='ocrx_word' id='word_1_25' title='bbox 749 654 943 737; x_wconf 81' lang='lat' dir='ltr'><strong>haberi</strong></span> <span class='ocrx_word' id='word_1_26' title='bbox 971 660 1305 725; x_wconf 80' lang='lat' dir='ltr'><strong>intrinsecus</strong></span> <span class='ocrx_word' id='word_1_27' title='bbox 1346 680 1597 743; x_wconf 90' lang='lat' dir='ltr'><strong>possunt,</strong></span> <span class='ocrx_word' id='word_1_28' title='bbox 1633 681 1689 731; x_wconf 92' lang='lat' dir='ltr'><strong>et</strong></span> <span class='ocrx_word' id='word_1_29' title='bbox 1714 683 1897 733; x_wconf 88' lang='lat' dir='ltr'><strong>tamen</strong></span> 
     </span>
    </p>
   </div>
   <div class='ocr_carea' id='block_1_6' title="bbox 303 743 1900 824">
    <p class='ocr_par' dir='ltr' id='par_1_6' title="bbox 303 743 1900 824">
     <span class='ocr_line' id='line_1_6' title="bbox 303 743 1900 824; baseline 0.014 -24"><span class='ocrx_word' id='word_1_30' title='bbox 303 743 369 800; x_wconf 85' lang='lat' dir='ltr'><strong>ab</strong></span> <span class='ocrx_word' id='word_1_31' title='bbox 396 743 571 801; x_wconf 86' lang='lat' dir='ltr'><strong>altero</strong></span> <span class='ocrx_word' id='word_1_32' title='bbox 613 744 795 803; x_wconf 88' lang='lat' dir='ltr'><strong>videri</strong></span> <span class='ocrx_word' id='word_1_33' title='bbox 831 762 946 806; x_wconf 88' lang='lat' dir='ltr'><strong>non</strong></span> <span class='ocrx_word' id='word_1_34' title='bbox 975 764 1222 824; x_wconf 89' lang='lat' dir='ltr'><strong>possunt.</strong></span> <span class='ocrx_word' id='word_1_35' title='bbox 1256 755 1387 824; x_wconf 66' lang='lat' dir='ltr'><strong>Quae</strong></span> <span class='ocrx_word' id='word_1_36' title='bbox 1416 769 1596 819; x_wconf 89' lang='lat' dir='ltr'><strong>tamen</strong></span> <span class='ocrx_word' id='word_1_37' title='bbox 1629 765 1900 822; x_wconf 81' lang='lat' dir='ltr'><strong>Dominus</strong></span> 
     </span>
    </p>
   </div>
   <div class='ocr_carea' id='block_1_7' title="bbox 300 835 1895 924">
    <p class='ocr_par' dir='ltr' id='par_1_7' title="bbox 300 835 1895 924">
     <span class='ocr_line' id='line_1_7' title="bbox 300 835 1895 924; baseline 0.013 -31"><span class='ocrx_word' id='word_1_38' title='bbox 300 835 494 903; x_wconf 84' lang='lat' dir='ltr'><strong>cernit,</strong></span> <span class='ocrx_word' id='word_1_39' title='bbox 527 836 751 909; x_wconf 78' lang='lat' dir='ltr'><strong>quando</strong></span> <span class='ocrx_word' id='word_1_40' title='bbox 796 854 859 896; x_wconf 86' lang='lat' dir='ltr'><strong>ea</strong></span> <span class='ocrx_word' id='word_1_41' title='bbox 902 844 1119 901; x_wconf 89' lang='lat' dir='ltr'><strong>occulto</strong></span> <span class='ocrx_word' id='word_1_42' title='bbox 1148 857 1397 920; x_wconf 83' lang='lat' dir='ltr'><strong>respectu</strong></span> <span class='ocrx_word' id='word_1_43' title='bbox 1435 853 1608 924; x_wconf 90' lang='lat' dir='ltr'><strong>gratia</strong></span> <span class='ocrx_word' id='word_1_44' title='bbox 1637 853 1895 915; x_wconf 77' lang='lat' dir='ltr'><strong>destruit.</strong></span> 
     </span>
    </p>
   </div>
   <div class='ocr_carea' id='block_1_8' title="bbox 300 924 1897 1015">
    <p class='ocr_par' dir='ltr' id='par_1_8' title="bbox 300 924 1897 1015">
     <span class='ocr_line' id='line_1_8' title="bbox 300 924 1897 1015; baseline 0.013 -32"><span class='ocrx_word' id='word_1_45' title='bbox 300 924 572 999; x_wconf 77' lang='lat' dir='ltr'><strong>Scriptum</strong></span> <span class='ocrx_word' id='word_1_46' title='bbox 604 927 807 1001; x_wconf 89' lang='lat' dir='ltr'><strong>quippe</strong></span> <span class='ocrx_word' id='word_1_47' title='bbox 834 938 917 987; x_wconf 90' lang='lat' dir='ltr'><strong>est</strong></span> <span class='ocrx_word' id='word_1_48' title='bbox 950 949 963 989; x_wconf 92' lang='lat'><strong>:</strong></span> <span class='ocrx_word' id='word_1_49' title='bbox 994 935 1110 991; x_wconf 77' lang='lat' dir='ltr'><strong>Rea:</strong></span> <span class='ocrx_word' id='word_1_50' title='bbox 1145 937 1237 1008; x_wconf 97' lang='lat' dir='ltr'><strong>qui</strong></span> <span class='ocrx_word' id='word_1_51' title='bbox 1264 940 1403 996; x_wconf 85' lang='lat' dir='ltr'><strong>sedet</strong></span> <span class='ocrx_word' id='word_1_52' title='bbox 1444 940 1499 996; x_wconf 87' lang='lat' dir='ltr'><strong>in</strong></span> <span class='ocrx_word' id='word_1_53' title='bbox 1526 943 1659 1000; x_wconf 86' lang='lat' dir='ltr'><strong>solio</strong></span> <span class='ocrx_word' id='word_1_54' title='bbox 1679 943 1897 1015; x_wconf 85' lang='lat' dir='ltr'><strong>judicii,</strong></span> 
     </span>
    </p>
   </div>
   <div class='ocr_carea' id='block_1_9' title="bbox 299 1015 1900 1108">
    <p class='ocr_par' dir='ltr' id='par_1_9' title="bbox 299 1015 1900 1108">
     <span class='ocr_line' id='line_1_9' title="bbox 299 1015 1900 1108; baseline 0.016 -40"><span class='ocrx_word' id='word_1_55' title='bbox 299 1015 520 1108; x_wconf 79' lang='lat' dir='ltr'><strong>dissipat</strong></span> <span class='ocrx_word' id='word_1_56' title='bbox 565 1033 714 1072; x_wconf 83' lang='lat' dir='ltr'><strong>omne</strong></span> <span class='ocrx_word' id='word_1_57' title='bbox 759 1021 962 1078; x_wconf 88' lang='lat' dir='ltr'><strong>malum</strong></span> <span class='ocrx_word' id='word_1_58' title='bbox 996 1022 1193 1082; x_wconf 77' lang='lat' dir='ltr'><strong>intuitu</strong></span> <span class='ocrx_word' id='word_1_59' title='bbox 1229 1045 1325 1085; x_wconf 89' lang='lat' dir='ltr'><strong>suo</strong></span> <span class='ocrx_word' id='word_1_60' title='bbox 1371 1030 1557 1102; x_wconf 83' lang='lat' dir='ltr'><strong>(Prov.</strong></span> <span class='ocrx_word' id='word_1_61' title='bbox 1588 1050 1688 1103; x_wconf 79' lang='lat' dir='ltr'><strong>xx,</strong></span> <span class='ocrx_word' id='word_1_62' title='bbox 1718 1034 1800 1108; x_wconf 92' lang='lat'><strong>8).</strong></span> <span class='ocrx_word' id='word_1_63' title='bbox 1828 1037 1900 1093; x_wconf 90' lang='lat' dir='ltr'><strong>Et</strong></span> 
     </span>
    </p>
   </div>
   <div class='ocr_carea' id='block_1_10' title="bbox 298 1107 1899 1188">
    <p class='ocr_par' dir='ltr' id='par_1_10' title="bbox 298 1107 1899 1188">
     <span class='ocr_line' id='line_1_10' title="bbox 298 1107 1899 1188; baseline 0.015 -26"><span class='ocrx_word' id='word_1_64' title='bbox 298 1107 420 1182; x_wconf 84' lang='lat' dir='ltr'><strong>quia</strong></span> <span class='ocrx_word' id='word_1_65' title='bbox 449 1123 620 1166; x_wconf 91' lang='lat' dir='ltr'><strong>omne</strong></span> <span class='ocrx_word' id='word_1_66' title='bbox 646 1110 851 1168; x_wconf 77' lang='lat' dir='ltr'><strong>vitium</strong></span> <span class='ocrx_word' id='word_1_67' title='bbox 882 1124 1154 1188; x_wconf 79' lang='lat' dir='ltr'><strong>angustat,</strong></span> <span class='ocrx_word' id='word_1_68' title='bbox 1186 1120 1370 1179; x_wconf 90' lang='lat' dir='ltr'><strong>omnis</strong></span> <span class='ocrx_word' id='word_1_69' title='bbox 1396 1138 1529 1181; x_wconf 90' lang='lat' dir='ltr'><strong>vero</strong></span> <span class='ocrx_word' id='word_1_70' title='bbox 1556 1125 1736 1184; x_wconf 86' lang='lat' dir='ltr'><strong>virtus</strong></span> <span class='ocrx_word' id='word_1_71' title='bbox 1757 1107 1899 1185; x_wconf 84' lang='lat' dir='ltr'><strong>ani-</strong></span> 
     </span>
    </p>
   </div>
   <div class='ocr_carea' id='block_1_11' title="bbox 291 1373 1900 1475">
    <p class='ocr_par' dir='ltr' id='par_1_11' title="bbox 291 1373 1900 1475">
     <span class='ocr_line' id='line_1_11' title="bbox 291 1373 1900 1475; baseline 0.015 -34"><span class='ocrx_word' id='word_1_72' title='bbox 291 1385 467 1475; x_wconf 80' lang='lat' dir='ltr'><strong>virtus</strong></span> <span class='ocrx_word' id='word_1_73' title='bbox 495 1388 748 1446; x_wconf 88' lang='lat' dir='ltr'><strong>animum</strong></span> <span class='ocrx_word' id='word_1_74' title='bbox 777 1390 1052 1464; x_wconf 78' lang='lat' dir='ltr'><strong>dilataret,</strong></span> <span class='ocrx_word' id='word_1_75' title='bbox 1083 1373 1427 1475; x_wconf 59' lang='lat' dir='ltr'><strong>nelluaqnam</strong></span> <span class='ocrx_word' id='word_1_76' title='bbox 1457 1404 1662 1461; x_wconf 80' lang='lat' dir='ltr'><strong>Paulus</strong></span> <span class='ocrx_word' id='word_1_77' title='bbox 1690 1373 1900 1464; x_wconf 56' lang='lat' dir='ltr'><strong>Corin;</strong></span> 
     </span>
    </p>
   </div>
   <div class='ocr_carea' id='block_1_12' title="bbox 292 1474 1897 1569">
    <p class='ocr_par' dir='ltr' id='par_1_12' title="bbox 292 1474 1897 1569">
     <span class='ocr_line' id='line_1_12' title="bbox 292 1474 1897 1569; baseline 0.014 -36"><span class='ocrx_word' id='word_1_78' title='bbox 292 1474 416 1535; x_wconf 84' lang='lat' dir='ltr'><strong>thiis</strong></span> <span class='ocrx_word' id='word_1_79' title='bbox 467 1477 716 1537; x_wconf 85' lang='lat' dir='ltr'><strong>diceret:</strong></span> <span class='ocrx_word' id='word_1_80' title='bbox 749 1481 1067 1542; x_wconf 85' lang='lat' dir='ltr'><strong>Dilatamini</strong></span> <span class='ocrx_word' id='word_1_81' title='bbox 1092 1495 1141 1545; x_wconf 92' lang='lat' dir='ltr'><strong>et</strong></span> <span class='ocrx_word' id='word_1_82' title='bbox 1174 1474 1295 1561; x_wconf 74' lang='lat' dir='ltr'><strong>vos,</strong></span> <span class='ocrx_word' id='word_1_83' title='bbox 1318 1499 1368 1549; x_wconf 91' lang='lat' dir='ltr'><strong>et</strong></span> <span class='ocrx_word' id='word_1_84' title='bbox 1384 1494 1545 1551; x_wconf 91' lang='lat' dir='ltr'><strong>nolite</strong></span> <span class='ocrx_word' id='word_1_85' title='bbox 1573 1494 1759 1569; x_wconf 81' lang='lat' dir='ltr'><strong>iugum</strong></span> <span class='ocrx_word' id='word_1_86' title='bbox 1784 1497 1897 1554; x_wconf 88' lang='lat' dir='ltr'><strong>du-</strong></span> 
     </span>
    </p>
   </div>
   <div class='ocr_carea' id='block_1_13' title="bbox 288 1576 1891 1664">
    <p class='ocr_par' dir='ltr' id='par_1_13' title="bbox 288 1576 1891 1664">
     <span class='ocr_line' id='line_1_13' title="bbox 288 1576 1891 1664; baseline 0.016 -37"><span class='ocrx_word' id='word_1_87' title='bbox 288 1589 393 1664; x_wconf 77' lang='lat' dir='ltr'><strong>cere</strong></span> <span class='ocrx_word' id='word_1_88' title='bbox 417 1591 542 1631; x_wconf 86' lang='lat' dir='ltr'><strong>cum</strong></span> <span class='ocrx_word' id='word_1_89' title='bbox 558 1576 865 1650; x_wconf 77' lang='lat' dir='ltr'><strong>infidelibus</strong></span> <span class='ocrx_word' id='word_1_90' title='bbox 886 1580 978 1653; x_wconf 89' lang='lat' dir='ltr'><strong>(II</strong></span> <span class='ocrx_word' id='word_1_91' title='bbox 994 1582 1121 1641; x_wconf 87' lang='lat' dir='ltr'><strong>Cor.</strong></span> <span class='ocrx_word' id='word_1_92' title='bbox 1144 1601 1223 1657; x_wconf 80' lang='lat' dir='ltr'><strong>vr,</strong></span> <span class='ocrx_word' id='word_1_93' title='bbox 1248 1586 1335 1658; x_wconf 84' lang='grc'><strong>13,</strong></span> <span class='ocrx_word' id='word_1_94' title='bbox 1362 1588 1475 1664; x_wconf 69' lang='lat' dir='ltr'><strong>Ib).</strong></span> <span class='ocrx_word' id='word_1_95' title='bbox 1499 1589 1740 1650; x_wconf 90' lang='lat' dir='ltr'><strong>Solerter</strong></span> <span class='ocrx_word' id='word_1_96' title='bbox 1759 1609 1891 1652; x_wconf 88' lang='lat' dir='ltr'><strong>vero</strong></span> 
     </span>
    </p>
   </div>
   <div class='ocr_carea' id='block_1_14' title="bbox 289 1662 1191 1744">
    <p class='ocr_par' dir='ltr' id='par_1_14' title="bbox 289 1662 1191 1744">
     <span class='ocr_line' id='line_1_14' title="bbox 289 1662 1191 1744; baseline 0.013 -24"><span class='ocrx_word' id='word_1_97' title='bbox 289 1662 620 1724; x_wconf 86' lang='lat' dir='ltr'><strong>intuendum</strong></span> <span class='ocrx_word' id='word_1_98' title='bbox 649 1675 732 1726; x_wconf 87' lang='lat' dir='ltr'><strong>est</strong></span> <span class='ocrx_word' id='word_1_99' title='bbox 761 1669 910 1744; x_wconf 90' lang='lat' dir='ltr'><strong>quod</strong></span> <span class='ocrx_word' id='word_1_100' title='bbox 939 1670 1148 1731; x_wconf 91' lang='lat' dir='ltr'><strong>dicitur</strong></span> <span class='ocrx_word' id='word_1_101' title='bbox 1177 1697 1191 1733; x_wconf 90' lang='lat'><strong>:</strong></span> 
     </span>
    </p>
   </div>
   <div class='ocr_carea' id='block_1_15' title="bbox 881 1789 1312 1851">
    <p class='ocr_par' dir='ltr' id='par_1_15' title="bbox 881 1789 1312 1851">
     <span class='ocr_line' id='line_1_15' title="bbox 881 1789 1312 1851; baseline 0.014 -6"><span class='ocrx_word' id='word_1_102' title='bbox 881 1789 1110 1849; x_wconf 81' lang='lat' dir='ltr'><strong>CAPUT</strong></span> <span class='ocrx_word' id='word_1_103' title='bbox 1138 1792 1312 1851; x_wconf 82' lang='lat' dir='ltr'><strong>XVII.</strong></span> 
     </span>
    </p>
   </div>
   <div class='ocr_carea' id='block_1_16' title="bbox 353 1871 1759 1948">
    <p class='ocr_par' dir='ltr' id='par_1_16' title="bbox 353 1871 1759 1948">
     <span class='ocr_line' id='line_1_16' title="bbox 353 1871 1759 1948; baseline 0.013 -18"><span class='ocrx_word' id='word_1_104' title='bbox 353 1871 533 1931; x_wconf 69' lang='lat' dir='ltr'><strong>Vnus.</strong></span> <span class='ocrx_word' id='word_1_105' title='bbox 565 1875 650 1932; x_wconf 76' lang='grc'><strong>18.</strong></span> <span class='ocrx_word' id='word_1_106' title='bbox 684 1906 755 1919; x_wconf 93' lang='grc'><strong>-</strong></span> <span class='ocrx_word' id='word_1_107' title='bbox 791 1876 1151 1938; x_wconf 83' lang='lat' dir='ltr'><strong>Considerasti</strong></span> <span class='ocrx_word' id='word_1_108' title='bbox 1186 1884 1518 1943; x_wconf 87' lang='lat' dir='ltr'><strong>latitudinem</strong></span> <span class='ocrx_word' id='word_1_109' title='bbox 1554 1892 1759 1948; x_wconf 66' lang='lat' dir='ltr'><strong>terrae?</strong></span> 
     </span>
    </p>
   </div>
   <div class='ocr_carea' id='block_1_17' title="bbox 360 1960 1901 2050">
    <p class='ocr_par' dir='ltr' id='par_1_17' title="bbox 360 1960 1901 2050">
     <span class='ocr_line' id='line_1_17' title="bbox 360 1960 1901 2050; baseline 0.014 -32"><span class='ocrx_word' id='word_1_110' title='bbox 360 1960 450 2020; x_wconf 80' lang='grc'><strong>31.</strong></span> <span class='ocrx_word' id='word_1_111' title='bbox 486 1965 663 2021; x_wconf 84' lang='lat' dir='ltr'><strong>Sancti</strong></span> <span class='ocrx_word' id='word_1_112' title='bbox 689 1967 815 2023; x_wconf 88' lang='lat' dir='ltr'><strong>dum</strong></span> <span class='ocrx_word' id='word_1_113' title='bbox 841 1969 1072 2027; x_wconf 69' lang='lat' dir='ltr'><strong>exterius</strong></span> <span class='ocrx_word' id='word_1_114' title='bbox 1099 1975 1361 2045; x_wconf 87' lang='lat' dir='ltr'><strong>angustiis</strong></span> <span class='ocrx_word' id='word_1_115' title='bbox 1382 1986 1722 2050; x_wconf 83' lang='lat' dir='ltr'><strong>premuntur,</strong></span> <span class='ocrx_word' id='word_1_116' title='bbox 1754 1981 1901 2039; x_wconf 85' lang='lat' dir='ltr'><strong>intus</strong></span> 
     </span>
    </p>
   </div>
   <div class='ocr_carea' id='block_1_18' title="bbox 284 2054 1898 2139">
    <p class='ocr_par' dir='ltr' id='par_1_18' title="bbox 284 2054 1898 2139">
     <span class='ocr_line' id='line_1_18' title="bbox 284 2054 1898 2139; baseline 0.011 -30"><span class='ocrx_word' id='word_1_117' title='bbox 284 2054 397 2110; x_wconf 86' lang='lat' dir='ltr'><strong>dita</strong></span> <span class='ocrx_word' id='word_1_118' title='bbox 406 2060 950 2118; x_wconf 85' lang='lat' dir='ltr'><strong>tantur.—Latitudo</strong></span> <span class='ocrx_word' id='word_1_119' title='bbox 982 2079 1218 2139; x_wconf 85' lang='lat' dir='ltr'><strong>namque</strong></span> <span class='ocrx_word' id='word_1_120' title='bbox 1238 2067 1253 2101; x_wconf 88' lang='grc'>¹</span> <span class='ocrx_word' id='word_1_121' title='bbox 1271 2065 1543 2125; x_wconf 87' lang='lat' dir='ltr'><strong>bonorum</strong></span> <span class='ocrx_word' id='word_1_122' title='bbox 1566 2070 1898 2127; x_wconf 89' lang='lat' dir='ltr'><strong>interiorum</strong></span> 
     </span>
    </p>
   </div>
   <div class='ocr_carea' id='block_1_19' title="bbox 284 2150 1893 2228">
    <p class='ocr_par' dir='ltr' id='par_1_19' title="bbox 284 2150 1893 2228">
     <span class='ocr_line' id='line_1_19' title="bbox 284 2150 1893 2228; baseline 0.009 -26"><span class='ocrx_word' id='word_1_123' title='bbox 284 2159 631 2219; x_wconf 88' lang='lat' dir='ltr'><strong>nequaquam</strong></span> <span class='ocrx_word' id='word_1_124' title='bbox 652 2150 1159 2224; x_wconf 87' lang='lat' dir='ltr'><strong>comprehenditur,</strong></span> <span class='ocrx_word' id='word_1_125' title='bbox 1177 2156 1287 2212; x_wconf 84' lang='lat' dir='ltr'><strong>nisi</strong></span> <span class='ocrx_word' id='word_1_126' title='bbox 1308 2164 1466 2214; x_wconf 84' lang='lat' dir='ltr'><strong>caute</strong></span> <span class='ocrx_word' id='word_1_127' title='bbox 1486 2159 1893 2228; x_wconf 84' lang='lat' dir='ltr'><strong>consideretur,</strong></span> 
     </span>
    </p>
   </div>
   <div class='ocr_carea' id='block_1_20' title="bbox 280 2233 1898 2321">
    <p class='ocr_par' dir='ltr' id='par_1_20' title="bbox 280 2233 1898 2321">
     <span class='ocr_line' id='line_1_20' title="bbox 280 2233 1898 2321; baseline 0.01 -32"><span class='ocrx_word' id='word_1_128' title='bbox 280 2233 415 2290; x_wconf 85' lang='lat' dir='ltr'><strong>Nam</strong></span> <span class='ocrx_word' id='word_1_129' title='bbox 448 2237 806 2313; x_wconf 91' lang='lat' dir='ltr'><strong>plerumquee</strong></span> <span class='ocrx_word' id='word_1_130' title='bbox 821 2257 880 2297; x_wconf 88' lang='lat' dir='ltr'><strong>os</strong></span> <span class='ocrx_word' id='word_1_131' title='bbox 899 2243 1142 2301; x_wconf 89' lang='lat' dir='ltr'><strong>exterius</strong></span> <span class='ocrx_word' id='word_1_132' title='bbox 1160 2245 1390 2318; x_wconf 89' lang='lat' dir='ltr'><strong>inopina</strong></span> <span class='ocrx_word' id='word_1_133' title='bbox 1409 2247 1700 2317; x_wconf 91' lang='lat' dir='ltr'><strong>humiliat,</strong></span> <span class='ocrx_word' id='word_1_134' title='bbox 1718 2264 1898 2321; x_wconf 57' lang='lat' dir='ltr'><strong>paenae</strong></span> 
     </span>
    </p>
   </div>
   <div class='ocr_carea' id='block_1_21' title="bbox 277 2325 1894 2411">
    <p class='ocr_par' dir='ltr' id='par_1_21' title="bbox 277 2325 1894 2411">
     <span class='ocr_line' id='line_1_21' title="bbox 277 2325 1894 2411; baseline 0.007 -28"><span class='ocrx_word' id='word_1_135' title='bbox 277 2325 557 2383; x_wconf 87' lang='lat' dir='ltr'><strong>cruciatus</strong></span> <span class='ocrx_word' id='word_1_136' title='bbox 584 2335 871 2401; x_wconf 84' lang='lat' dir='ltr'><strong>angustat;</strong></span> <span class='ocrx_word' id='word_1_137' title='bbox 904 2330 1000 2388; x_wconf 88' lang='lat' dir='ltr'><strong>sed</strong></span> <span class='ocrx_word' id='word_1_138' title='bbox 1027 2341 1211 2390; x_wconf 90' lang='lat' dir='ltr'><strong>tamen</strong></span> <span class='ocrx_word' id='word_1_139' title='bbox 1242 2335 1386 2392; x_wconf 87' lang='lat' dir='ltr'><strong>inter</strong></span> <span class='ocrx_word' id='word_1_140' title='bbox 1405 2335 1526 2395; x_wconf 71' lang='lat' dir='ltr'><strong>haec</strong></span> <span class='ocrx_word' id='word_1_141' title='bbox 1545 2353 1764 2411; x_wconf 88' lang='lat' dir='ltr'><strong>semper</strong></span> <span class='ocrx_word' id='word_1_142' title='bbox 1794 2338 1894 2394; x_wconf 89' lang='lat' dir='ltr'><strong>in-</strong></span> 
     </span>
    </p>
   </div>
   <div class='ocr_carea' id='block_1_22' title="bbox 275 2415 1897 2498">
    <p class='ocr_par' dir='ltr' id='par_1_22' title="bbox 275 2415 1897 2498">
     <span class='ocr_line' id='line_1_22' title="bbox 275 2415 1897 2498; baseline 0.009 -28"><span class='ocrx_word' id='word_1_143' title='bbox 275 2415 449 2471; x_wconf 91' lang='lat' dir='ltr'><strong>terior</strong></span> <span class='ocrx_word' id='word_1_144' title='bbox 484 2415 760 2474; x_wconf 83' lang='lat' dir='ltr'><strong>fortitudo</strong></span> <span class='ocrx_word' id='word_1_145' title='bbox 793 2419 816 2453; x_wconf 83' lang='grc'>²</span> <span class='ocrx_word' id='word_1_146' title='bbox 844 2435 902 2475; x_wconf 91' lang='lat' dir='ltr'><strong>se</strong></span> <span class='ocrx_word' id='word_1_147' title='bbox 930 2436 1102 2495; x_wconf 89' lang='lat' dir='ltr'><strong>usque</strong></span> <span class='ocrx_word' id='word_1_148' title='bbox 1131 2423 1200 2480; x_wconf 89' lang='lat' dir='ltr'><strong>ad</strong></span> <span class='ocrx_word' id='word_1_149' title='bbox 1227 2425 1497 2498; x_wconf 88' lang='lat' dir='ltr'><strong>speranda</strong></span> <span class='ocrx_word' id='word_1_150' title='bbox 1527 2427 1771 2485; x_wconf 71' lang='lat' dir='ltr'><strong>coelestia</strong></span> <span class='ocrx_word' id='word_1_151' title='bbox 1798 2426 1897 2484; x_wconf 92' lang='lat' dir='ltr'><strong>di-</strong></span> 
     </span>
    </p>
   </div>
   <div class='ocr_carea' id='block_1_23' title="bbox 273 2504 1895 2592">
    <p class='ocr_par' dir='ltr' id='par_1_23' title="bbox 273 2504 1895 2592">
     <span class='ocr_line' id='line_1_23' title="bbox 273 2504 1895 2592; baseline 0.01 -32"><span class='ocrx_word' id='word_1_152' title='bbox 273 2504 433 2564; x_wconf 89' lang='lat' dir='ltr'><strong>latat.</strong></span> <span class='ocrx_word' id='word_1_153' title='bbox 487 2509 784 2582; x_wconf 82' lang='lat' dir='ltr'><strong>Angustati</strong></span> <span class='ocrx_word' id='word_1_154' title='bbox 831 2512 1062 2583; x_wconf 84' lang='lat' dir='ltr'><strong>apostoli</strong></span> <span class='ocrx_word' id='word_1_155' title='bbox 1099 2517 1345 2572; x_wconf 75' lang='lat' dir='ltr'><strong>exterius</strong></span> <span class='ocrx_word' id='word_1_156' title='bbox 1389 2517 1629 2586; x_wconf 87' lang='lat' dir='ltr'><strong>fuerant,</strong></span> <span class='ocrx_word' id='word_1_157' title='bbox 1675 2520 1895 2592; x_wconf 89' lang='lat' dir='ltr'><strong>quando</strong></span> 
     </span>
    </p>
   </div>
   <div class='ocr_carea' id='block_1_24' title="bbox 268 2593 1893 2675">
    <p class='ocr_par' dir='ltr' id='par_1_24' title="bbox 268 2593 1893 2675">
     <span class='ocr_line' id='line_1_24' title="bbox 268 2593 1893 2675; baseline 0.01 -25"><span class='ocrx_word' id='word_1_158' title='bbox 268 2593 499 2667; x_wconf 89' lang='lat' dir='ltr'><strong>ﬂagella</strong></span> <span class='ocrx_word' id='word_1_159' title='bbox 526 2597 892 2666; x_wconf 85' lang='lat' dir='ltr'><strong>sustinebant;</strong></span> <span class='ocrx_word' id='word_1_160' title='bbox 926 2599 1021 2656; x_wconf 90' lang='lat' dir='ltr'><strong>sed</strong></span> <span class='ocrx_word' id='word_1_161' title='bbox 1041 2601 1098 2656; x_wconf 90' lang='lat' dir='ltr'><strong>in</strong></span> <span class='ocrx_word' id='word_1_162' title='bbox 1120 2618 1316 2675; x_wconf 90' lang='lat' dir='ltr'><strong>magna</strong></span> <span class='ocrx_word' id='word_1_163' title='bbox 1343 2607 1562 2663; x_wconf 89' lang='lat' dir='ltr'><strong>stabant</strong></span> <span class='ocrx_word' id='word_1_164' title='bbox 1593 2608 1744 2664; x_wconf 91' lang='lat' dir='ltr'><strong>intus</strong></span> <span class='ocrx_word' id='word_1_165' title='bbox 1775 2608 1893 2665; x_wconf 80' lang='lat' dir='ltr'><strong>lati-</strong></span> 
     </span>
    </p>
   </div>
   <div class='ocr_carea' id='block_1_25' title="bbox 266 2684 1895 2770">
    <p class='ocr_par' dir='ltr' id='par_1_25' title="bbox 266 2684 1895 2770">
     <span class='ocr_line' id='line_1_25' title="bbox 266 2684 1895 2770; baseline 0.01 -31"><span class='ocrx_word' id='word_1_166' title='bbox 266 2684 482 2741; x_wconf 87' lang='lat' dir='ltr'><strong>tudine</strong></span> <span class='ocrx_word' id='word_1_167' title='bbox 524 2685 709 2755; x_wconf 86' lang='lat' dir='ltr'><strong>liberi,</strong></span> <span class='ocrx_word' id='word_1_168' title='bbox 769 2688 863 2762; x_wconf 90' lang='lat' dir='ltr'><strong>qui</strong></span> <span class='ocrx_word' id='word_1_169' title='bbox 909 2690 1053 2763; x_wconf 88' lang='lat' dir='ltr'><strong>apud</strong></span> <span class='ocrx_word' id='word_1_170' title='bbox 1096 2708 1153 2749; x_wconf 89' lang='lat' dir='ltr'><strong>se</strong></span> <span class='ocrx_word' id='word_1_171' title='bbox 1198 2692 1316 2752; x_wconf 79' lang='lat' dir='ltr'><strong>haec</strong></span> <span class='ocrx_word' id='word_1_172' title='bbox 1351 2695 1538 2754; x_wconf 87' lang='lat' dir='ltr'><strong>eadem</strong></span> <span class='ocrx_word' id='word_1_173' title='bbox 1588 2697 1801 2770; x_wconf 90' lang='lat' dir='ltr'><strong>ﬂagella</strong></span> <span class='ocrx_word' id='word_1_174' title='bbox 1835 2699 1895 2756; x_wconf 91' lang='lat' dir='ltr'><strong>in</strong></span> 
     </span>
    </p>
   </div>
   <div class='ocr_carea' id='block_1_26' title="bbox 275 2773 1897 2859">
    <p class='ocr_par' dir='ltr' id='par_1_26' title="bbox 275 2773 1897 2859">
     <span class='ocr_line' id='line_1_26' title="bbox 275 2773 1897 2859; baseline 0.012 -32"><span class='ocrx_word' id='word_1_175' title='bbox 275 2773 554 2847; x_wconf 81' lang='lat' dir='ltr'><strong>gaudium</strong></span> <span class='ocrx_word' id='word_1_176' title='bbox 595 2783 891 2834; x_wconf 81' lang='lat' dir='ltr'><strong>verterant.</strong></span> <span class='ocrx_word' id='word_1_177' title='bbox 948 2779 1224 2853; x_wconf 85' lang='lat' dir='ltr'><strong>Scriptum</strong></span> <span class='ocrx_word' id='word_1_178' title='bbox 1279 2800 1515 2859; x_wconf 86' lang='lat' dir='ltr'><strong>namque</strong></span> <span class='ocrx_word' id='word_1_179' title='bbox 1570 2794 1696 2843; x_wconf 87' lang='lat' dir='ltr'><strong>est:</strong></span> <span class='ocrx_word' id='word_1_180' title='bbox 1739 2788 1897 2847; x_wconf 82' lang='lat' dir='ltr'><strong>Ibant</strong></span> 
     </span>
    </p>
   </div>
   <div class='ocr_carea' id='block_1_27' title="bbox 278 2863 1894 2952">
    <p class='ocr_par' dir='ltr' id='par_1_27' title="bbox 278 2863 1894 2952">
     <span class='ocr_line' id='line_1_27' title="bbox 278 2863 1894 2952; baseline 0.011 -33"><span class='ocrx_word' id='word_1_181' title='bbox 278 2863 519 2936; x_wconf 83' lang='lat' dir='ltr'><strong>apostoli</strong></span> <span class='ocrx_word' id='word_1_182' title='bbox 543 2865 825 2937; x_wconf 70' lang='lat' dir='ltr'><strong>gaudentes</strong></span> <span class='ocrx_word' id='word_1_183' title='bbox 855 2883 889 2922; x_wconf 92' lang='lat' dir='ltr'><strong>a</strong></span> <span class='ocrx_word' id='word_1_184' title='bbox 917 2877 1186 2941; x_wconf 86' lang='lat' dir='ltr'><strong>conspectu</strong></span> <span class='ocrx_word' id='word_1_185' title='bbox 1215 2874 1444 2943; x_wconf 80' lang='lat' dir='ltr'><strong>concilii,</strong></span> <span class='ocrx_word' id='word_1_186' title='bbox 1466 2877 1718 2946; x_wconf 90' lang='lat' dir='ltr'><strong>quoniam</strong></span> <span class='ocrx_word' id='word_1_187' title='bbox 1744 2879 1894 2952; x_wconf 81' lang='lat' dir='ltr'><strong>digni</strong></span> 
     </span>
    </p>
   </div>
   <div class='ocr_carea' id='block_1_28' title="bbox 270 2952 1889 3040">
    <p class='ocr_par' dir='ltr' id='par_1_28' title="bbox 270 2952 1889 3040">
     <span class='ocr_line' id='line_1_28' title="bbox 270 2952 1889 3040; baseline 0.011 -31"><span class='ocrx_word' id='word_1_188' title='bbox 270 2952 440 3009; x_wconf 82' lang='lat' dir='ltr'><strong>habiti</strong></span> <span class='ocrx_word' id='word_1_189' title='bbox 467 2959 595 3008; x_wconf 86' lang='lat' dir='ltr'><strong>sunt</strong></span> <span class='ocrx_word' id='word_1_190' title='bbox 618 2969 725 3025; x_wconf 87' lang='lat' dir='ltr'><strong>pro</strong></span> <span class='ocrx_word' id='word_1_191' title='bbox 752 2955 961 3012; x_wconf 84' lang='lat' dir='ltr'><strong>nomine</strong></span> <span class='ocrx_word' id='word_1_192' title='bbox 988 2957 1111 3015; x_wconf 84' lang='lat' dir='ltr'><strong>Jesu</strong></span> <span class='ocrx_word' id='word_1_193' title='bbox 1139 2963 1506 3020; x_wconf 85' lang='lat' dir='ltr'><strong>contumeliam</strong></span> <span class='ocrx_word' id='word_1_194' title='bbox 1527 2967 1648 3038; x_wconf 84' lang='lat' dir='ltr'><strong>pati</strong></span> <span class='ocrx_word' id='word_1_195' title='bbox 1670 2968 1813 3040; x_wconf 85' lang='lat' dir='ltr'><strong>(Act.</strong></span> <span class='ocrx_word' id='word_1_196' title='bbox 1831 2986 1889 3039; x_wconf 80' lang='lat' dir='ltr'><strong>v,</strong></span> 
     </span>
    </p>
   </div>
   <div class='ocr_carea' id='block_1_29' title="bbox 268 3042 1888 3125">
    <p class='ocr_par' dir='ltr' id='par_1_29' title="bbox 268 3042 1888 3125">
     <span class='ocr_line' id='line_1_29' title="bbox 268 3042 1888 3125; baseline 0.01 -25"><span class='ocrx_word' id='word_1_197' title='bbox 268 3043 380 3119; x_wconf 74' lang='grc'><strong>41).</strong></span> <span class='ocrx_word' id='word_1_198' title='bbox 416 3044 579 3101; x_wconf 91' lang='lat' dir='ltr'><strong>Hanc</strong></span> <span class='ocrx_word' id='word_1_199' title='bbox 608 3042 957 3104; x_wconf 88' lang='lat' dir='ltr'><strong>latitudinem</strong></span> <span class='ocrx_word' id='word_1_200' title='bbox 1002 3048 1146 3107; x_wconf 86' lang='lat' dir='ltr'><strong>inter</strong></span> <span class='ocrx_word' id='word_1_201' title='bbox 1177 3055 1457 3125; x_wconf 87' lang='lat' dir='ltr'><strong>angustias</strong></span> <span class='ocrx_word' id='word_1_202' title='bbox 1494 3056 1697 3114; x_wconf 89' lang='lat' dir='ltr'><strong>Paulus</strong></span> <span class='ocrx_word' id='word_1_203' title='bbox 1727 3058 1888 3117; x_wconf 84' lang='lat' dir='ltr'><strong>inve-</strong></span> 
     </span>
    </p>
   </div>
   <div class='ocr_carea' id='block_1_30' title="bbox 1024 268 2923 355">
    <p class='ocr_par' dir='ltr' id='par_1_30' title="bbox 1024 268 2923 355">
     <span class='ocr_line' id='line_1_30' title="bbox 1024 268 2923 355; baseline 0.017 -32"><span class='ocrx_word' id='word_1_204' title='bbox 1024 268 1398 329; x_wconf 82' lang='lat' dir='ltr'><strong>MORALIUM</strong></span> <span class='ocrx_word' id='word_1_205' title='bbox 1438 275 1570 332; x_wconf 90' lang='lat' dir='ltr'><strong>LIB.</strong></span> <span class='ocrx_word' id='word_1_206' title='bbox 1612 278 1822 336; x_wconf 79' lang='lat' dir='ltr'><strong>XXIX.</strong></span> <span class='ocrx_word' id='word_1_207' title='bbox 1865 311 1934 324; x_wconf 88' lang='lat'><em>—</em></span> <span class='ocrx_word' id='word_1_208' title='bbox 1970 284 2041 339; x_wconf 78' lang='lat' dir='ltr'><strong>IN</strong></span> <span class='ocrx_word' id='word_1_209' title='bbox 2078 285 2306 344; x_wconf 85' lang='lat' dir='ltr'><strong>CAPUT</strong></span> <span class='ocrx_word' id='word_1_210' title='bbox 2346 290 2637 349; x_wconf 78' lang='lat' dir='ltr'><strong>XXXVIII</strong></span> <span class='ocrx_word' id='word_1_211' title='bbox 2677 297 2738 351; x_wconf 85' lang='grc' dir='ltr'><strong><em>Β.</em></strong></span> <span class='ocrx_word' id='word_1_212' title='bbox 2780 298 2923 355; x_wconf 86' lang='lat' dir='ltr'><strong>JOB.</strong></span> 
     </span>
    </p>
   </div>
   <div class='ocr_carea' id='block_1_31' title="bbox 3514 312 3619 371">
    <p class='ocr_par' dir='ltr' id='par_1_31' title="bbox 3514 312 3619 371">
     <span class='ocr_line' id='line_1_31' title="bbox 3514 312 3619 371; baseline 0.019 -2"><span class='ocrx_word' id='word_1_213' title='bbox 3514 312 3619 371; x_wconf 70' lang='grc'><strong>494</strong></span> 
     </span>
    </p>
   </div>
   <div class='ocr_carea' id='block_1_32' title="bbox 1938 409 3616 508">
    <p class='ocr_par' dir='ltr' id='par_1_32' title="bbox 1938 409 3616 508">
     <span class='ocr_line' id='line_1_32' title="bbox 1938 409 3616 508; baseline 0.017 -40"><span class='ocrx_word' id='word_1_214' title='bbox 1938 409 1990 468; x_wconf 82' lang='grc' dir='ltr'><strong>Α</strong></span> <span class='ocrx_word' id='word_1_215' title='bbox 2017 412 2287 508; x_wconf 82' lang='lat' dir='ltr'><strong>occultam</strong></span> <span class='ocrx_word' id='word_1_216' title='bbox 2311 412 2586 485; x_wconf 87' lang='lat' dir='ltr'><strong>justorum</strong></span> <span class='ocrx_word' id='word_1_217' title='bbox 2618 417 2864 479; x_wconf 75' lang='lat' dir='ltr'><strong>laetitiam</strong></span> <span class='ocrx_word' id='word_1_218' title='bbox 2894 424 3044 483; x_wconf 91' lang='lat' dir='ltr'><strong>solus</strong></span> <span class='ocrx_word' id='word_1_219' title='bbox 3066 430 3087 463; x_wconf 76' lang='grc' dir='ltr'>θ</span> <span class='ocrx_word' id='word_1_220' title='bbox 3116 429 3276 501; x_wconf 89' lang='lat' dir='ltr'><strong>plene</strong></span> <span class='ocrx_word' id='word_1_221' title='bbox 3303 435 3616 508; x_wconf 87' lang='lat' dir='ltr'><strong>considero,</strong></span> 
     </span>
    </p>
   </div>
   <div class='ocr_carea' id='block_1_33' title="bbox 2006 500 3619 602">
    <p class='ocr_par' dir='ltr' id='par_1_33' title="bbox 2006 500 3619 602">
     <span class='ocr_line' id='line_1_33' title="bbox 2006 500 3619 602; baseline 0.019 -46"><span class='ocrx_word' id='word_1_222' title='bbox 2006 500 2136 602; x_wconf 77' lang='lat' dir='ltr'><strong>quia</strong></span> <span class='ocrx_word' id='word_1_223' title='bbox 2177 504 2327 562; x_wconf 90' lang='lat' dir='ltr'><strong>solus</strong></span> <span class='ocrx_word' id='word_1_224' title='bbox 2374 505 2799 566; x_wconf 79' lang='lat' dir='ltr'><strong>misericorder&quot;</strong></span> <span class='ocrx_word' id='word_1_225' title='bbox 2832 511 3031 571; x_wconf 87' lang='lat' dir='ltr'><strong>formo.</strong></span> <span class='ocrx_word' id='word_1_226' title='bbox 3068 516 3171 573; x_wconf 85' lang='lat' dir='ltr'><strong>Vel</strong></span> <span class='ocrx_word' id='word_1_227' title='bbox 3215 530 3365 580; x_wconf 87' lang='lat' dir='ltr'><strong>certe</strong></span> <span class='ocrx_word' id='word_1_228' title='bbox 3411 500 3619 602; x_wconf 51' lang='lat' dir='ltr'><strong>idcirct;</strong></span> 
     </span>
    </p>
   </div>
   <div class='ocr_carea' id='block_1_34' title="bbox 2006 588 3620 676">
    <p class='ocr_par' dir='ltr' id='par_1_34' title="bbox 2006 588 3620 676">
     <span class='ocr_line' id='line_1_34' title="bbox 2006 588 3620 676; baseline 0.019 -31"><span class='ocrx_word' id='word_1_229' title='bbox 2006 588 2199 648; x_wconf 87' lang='lat' dir='ltr'><strong>beatus</strong></span> <span class='ocrx_word' id='word_1_230' title='bbox 2243 593 2346 650; x_wconf 87' lang='lat' dir='ltr'><strong>Job</strong></span> <span class='ocrx_word' id='word_1_231' title='bbox 2387 603 2578 653; x_wconf 87' lang='lat' dir='ltr'><strong>utrum</strong></span> <span class='ocrx_word' id='word_1_232' title='bbox 2603 604 2763 657; x_wconf 61' lang='lat' dir='ltr'><strong>terra</strong></span> <span class='ocrx_word' id='word_1_233' title='bbox 2795 601 3148 663; x_wconf 87' lang='lat' dir='ltr'><strong>latitudinem</strong></span> <span class='ocrx_word' id='word_1_234' title='bbox 3182 588 3620 676; x_wconf 64' lang='lat' dir='ltr'><strong>consideraverit</strong></span> 
     </span>
    </p>
   </div>
   <div class='ocr_carea' id='block_1_35' title="bbox 2009 679 3613 766">
    <p class='ocr_par' dir='ltr' id='par_1_35' title="bbox 2009 679 3613 766">
     <span class='ocr_line' id='line_1_35' title="bbox 2009 679 3613 766; baseline 0.02 -32"><span class='ocrx_word' id='word_1_235' title='bbox 2009 679 2333 752; x_wconf 90' lang='lat' dir='ltr'><strong>inquiritur,</strong></span> <span class='ocrx_word' id='word_1_236' title='bbox 2352 692 2414 741; x_wconf 90' lang='lat' dir='ltr'><strong>ut</strong></span> <span class='ocrx_word' id='word_1_237' title='bbox 2433 689 2690 761; x_wconf 85' lang='lat' dir='ltr'><strong>exemplo</strong></span> <span class='ocrx_word' id='word_1_238' title='bbox 2709 690 2906 748; x_wconf 63' lang='lat' dir='ltr'><strong>alienas</strong></span> <span class='ocrx_word' id='word_1_239' title='bbox 2928 692 3243 754; x_wconf 88' lang='lat' dir='ltr'><strong>latitudinis</strong></span> <span class='ocrx_word' id='word_1_240' title='bbox 3262 698 3613 766; x_wconf 81' lang='lat' dir='ltr'><strong>humiliotur.</strong></span> 
     </span>
    </p>
   </div>
   <div class='ocr_carea' id='block_1_36' title="bbox 2006 769 3617 857">
    <p class='ocr_par' dir='ltr' id='par_1_36' title="bbox 2006 769 3617 857">
     <span class='ocr_line' id='line_1_36' title="bbox 2006 769 3617 857; baseline 0.019 -32"><span class='ocrx_word' id='word_1_241' title='bbox 2006 769 2091 827; x_wconf 81' lang='lat' dir='ltr'><strong>Ac</strong></span> <span class='ocrx_word' id='word_1_242' title='bbox 2118 772 2163 828; x_wconf 91' lang='lat' dir='ltr'><strong>si</strong></span> <span class='ocrx_word' id='word_1_243' title='bbox 2194 774 2245 829; x_wconf 88' lang='lat' dir='ltr'><strong>ei</strong></span> <span class='ocrx_word' id='word_1_244' title='bbox 2274 783 2461 848; x_wconf 87' lang='lat' dir='ltr'><strong>aperte</strong></span> <span class='ocrx_word' id='word_1_245' title='bbox 2489 776 2801 837; x_wconf 88' lang='lat' dir='ltr'><strong>diceretur:</strong></span> <span class='ocrx_word' id='word_1_246' title='bbox 2839 782 2950 840; x_wconf 93' lang='lat' dir='ltr'><strong>Eos</strong></span> <span class='ocrx_word' id='word_1_247' title='bbox 2980 801 3115 857; x_wconf 90' lang='lat' dir='ltr'><strong>quos</strong></span> <span class='ocrx_word' id='word_1_248' title='bbox 3150 790 3440 849; x_wconf 89' lang='lat' dir='ltr'><strong>innumera</strong></span> <span class='ocrx_word' id='word_1_249' title='bbox 3468 798 3617 856; x_wconf 88' lang='lat' dir='ltr'><strong>mala</strong></span> 
     </span>
    </p>
   </div>
   <div class='ocr_carea' id='block_1_37' title="bbox 2008 863 3617 955">
    <p class='ocr_par' dir='ltr' id='par_1_37' title="bbox 2008 863 3617 955">
     <span class='ocr_line' id='line_1_37' title="bbox 2008 863 3617 955; baseline 0.019 -40"><span class='ocrx_word' id='word_1_250' title='bbox 2008 863 2297 933; x_wconf 77' lang='lat' dir='ltr'><strong>praesentis</strong></span> <span class='ocrx_word' id='word_1_251' title='bbox 2350 866 2481 923; x_wconf 65' lang='lat' dir='ltr'><strong>vita:</strong></span> <span class='ocrx_word' id='word_1_252' title='bbox 2536 879 2820 943; x_wconf 90' lang='lat' dir='ltr'><strong>nequeunt</strong></span> <span class='ocrx_word' id='word_1_253' title='bbox 2868 882 3162 947; x_wconf 83' lang='lat' dir='ltr'><strong>angustare</strong></span> <span class='ocrx_word' id='word_1_254' title='bbox 3201 882 3511 955; x_wconf 87' lang='lat' dir='ltr'><strong>considera,</strong></span> <span class='ocrx_word' id='word_1_255' title='bbox 3561 896 3617 945; x_wconf 90' lang='lat' dir='ltr'><strong>et</strong></span> 
     </span>
    </p>
   </div>
   <div class='ocr_carea' id='block_1_38' title="bbox 2008 948 3615 1040">
    <p class='ocr_par' dir='ltr' id='par_1_38' title="bbox 2008 948 3615 1040">
     <span class='ocr_line' id='line_1_38' title="bbox 2008 948 3615 1040; baseline 0.019 -35"><span class='ocrx_word' id='word_1_256' title='bbox 2008 948 2077 1007; x_wconf 91' lang='lat' dir='ltr'><strong>de</strong></span> <span class='ocrx_word' id='word_1_257' title='bbox 2105 959 2252 1010; x_wconf 88' lang='lat' dir='ltr'><strong>statu</strong></span> <span class='ocrx_word' id='word_1_258' title='bbox 2279 954 2463 1015; x_wconf 87' lang='lat' dir='ltr'><strong>cordis</strong></span> <span class='ocrx_word' id='word_1_259' title='bbox 2492 959 2577 1015; x_wconf 90' lang='lat' dir='ltr'><strong>tui</strong></span> <span class='ocrx_word' id='word_1_260' title='bbox 2593 961 2615 996; x_wconf 69' lang='grc' dir='ltr'>θ</span> <span class='ocrx_word' id='word_1_261' title='bbox 2647 959 2795 1018; x_wconf 86' lang='lat' dir='ltr'><strong>inter</strong></span> <span class='ocrx_word' id='word_1_262' title='bbox 2814 962 3046 1024; x_wconf 85' lang='lat' dir='ltr'><strong>verbera</strong></span> <span class='ocrx_word' id='word_1_263' title='bbox 3070 968 3295 1040; x_wconf 90' lang='lat' dir='ltr'><strong>gloriari</strong></span> <span class='ocrx_word' id='word_1_264' title='bbox 3322 948 3615 1035; x_wconf 28' lang='lat' dir='ltr'><strong>cessaiSe-</strong></span> 
     </span>
    </p>
   </div>
   <div class='ocr_carea' id='block_1_39' title="bbox 2011 1040 2247 1114">
    <p class='ocr_par' dir='ltr' id='par_1_39' title="bbox 2011 1040 2247 1114">
     <span class='ocr_line' id='line_1_39' title="bbox 2011 1040 2247 1114; baseline 0.021 -17"><span class='ocrx_word' id='word_1_265' title='bbox 2011 1040 2202 1114; x_wconf 90' lang='lat' dir='ltr'><strong>quitur</strong></span> <span class='ocrx_word' id='word_1_266' title='bbox 2233 1061 2247 1102; x_wconf 93' lang='lat'><strong>:</strong></span> 
     </span>
    </p>
   </div>
   <div class='ocr_carea' id='block_1_40' title="bbox 2208 1160 3324 1256">
    <p class='ocr_par' dir='ltr' id='par_1_40' title="bbox 2208 1160 3324 1256">
     <span class='ocr_line' id='line_1_40' title="bbox 2208 1160 3324 1256; baseline 0.021 -41"><span class='ocrx_word' id='word_1_267' title='bbox 2208 1192 2213 1197; x_wconf 76' lang='lat'><strong>-</strong></span> <span class='ocrx_word' id='word_1_268' title='bbox 2291 1160 2522 1256; x_wconf 53' lang='lat' dir='ltr'><strong>carm</strong></span> <span class='ocrx_word' id='word_1_269' title='bbox 2560 1165 2743 1227; x_wconf 85' lang='lat' dir='ltr'><strong>xvm</strong></span> <span class='ocrx_word' id='word_1_270' title='bbox 2772 1166 2911 1244; x_wconf 73' lang='grc' dir='ltr'><strong>[νει.</strong></span> <span class='ocrx_word' id='word_1_271' title='bbox 2948 1178 2997 1230; x_wconf 93' lang='lat' dir='ltr'><strong>et</strong></span> <span class='ocrx_word' id='word_1_272' title='bbox 3031 1176 3153 1234; x_wconf 85' lang='lat' dir='ltr'><strong>Rec.</strong></span> <span class='ocrx_word' id='word_1_273' title='bbox 3192 1178 3324 1256; x_wconf 82' lang='lat' dir='ltr'><strong>IX].</strong></span> 
     </span>
    </p>
   </div>
   <div class='ocr_carea' id='block_1_41' title="bbox 2079 1249 3611 1349">
    <p class='ocr_par' dir='ltr' id='par_1_41' title="bbox 2079 1249 3611 1349">
     <span class='ocr_line' id='line_1_41' title="bbox 2079 1249 3611 1349; baseline 0.021 -45"><span class='ocrx_word' id='word_1_274' title='bbox 2079 1249 2249 1349; x_wconf 59' lang='lat' dir='ltr'><strong>Vitas.</strong></span> <span class='ocrx_word' id='word_1_275' title='bbox 2284 1251 2732 1315; x_wconf 75' lang='lat' dir='ltr'><strong>18-20.—Indica</strong></span> <span class='ocrx_word' id='word_1_276' title='bbox 2759 1262 2910 1329; x_wconf 87' lang='lat' dir='ltr'><strong>mihi,</strong></span> <span class='ocrx_word' id='word_1_277' title='bbox 2939 1266 2989 1321; x_wconf 91' lang='lat' dir='ltr'><strong>si</strong></span> <span class='ocrx_word' id='word_1_278' title='bbox 3022 1269 3162 1324; x_wconf 81' lang='lat' dir='ltr'><strong>nosti</strong></span> <span class='ocrx_word' id='word_1_279' title='bbox 3188 1249 3389 1340; x_wconf 72' lang='lat' dir='ltr'><strong>omnia,</strong></span> <span class='ocrx_word' id='word_1_280' title='bbox 3417 1273 3477 1331; x_wconf 88' lang='lat' dir='ltr'><strong>in</strong></span> <span class='ocrx_word' id='word_1_281' title='bbox 3504 1294 3611 1349; x_wconf 90' lang='lat' dir='ltr'><strong>qua</strong></span> 
     </span>
    </p>
   </div>
   <div class='ocr_carea' id='block_1_42' title="bbox 2004 1339 3610 1432">
    <p class='ocr_par' dir='ltr' id='par_1_42' title="bbox 2004 1339 3610 1432">
     <span class='ocr_line' id='line_1_42' title="bbox 2004 1339 3610 1432; baseline 0.021 -38"><span class='ocrx_word' id='word_1_282' title='bbox 2004 1339 2094 1395; x_wconf 81' lang='lat' dir='ltr'><strong>via</strong></span> <span class='ocrx_word' id='word_1_283' title='bbox 2122 1342 2315 1398; x_wconf 86' lang='lat' dir='ltr'><strong>habitet</strong></span> <span class='ocrx_word' id='word_1_284' title='bbox 2351 1346 2468 1411; x_wconf 70' lang='lat' dir='ltr'><strong>tua,</strong></span> <span class='ocrx_word' id='word_1_285' title='bbox 2496 1352 2545 1401; x_wconf 89' lang='lat' dir='ltr'><strong>et</strong></span> <span class='ocrx_word' id='word_1_286' title='bbox 2575 1350 2904 1409; x_wconf 82' lang='lat' dir='ltr'><strong>tenebrarum</strong></span> <span class='ocrx_word' id='word_1_287' title='bbox 2925 1357 3046 1425; x_wconf 89' lang='lat' dir='ltr'><strong>quis</strong></span> <span class='ocrx_word' id='word_1_288' title='bbox 3075 1359 3217 1416; x_wconf 90' lang='lat' dir='ltr'><strong>locus</strong></span> <span class='ocrx_word' id='word_1_289' title='bbox 3243 1364 3330 1432; x_wconf 91' lang='lat' dir='ltr'><strong>sit,</strong></span> <span class='ocrx_word' id='word_1_290' title='bbox 3362 1373 3424 1423; x_wconf 91' lang='lat' dir='ltr'><strong>ut</strong></span> <span class='ocrx_word' id='word_1_291' title='bbox 3446 1339 3610 1427; x_wconf 67' lang='lat' dir='ltr'><strong>ducas</strong></span> 
     </span>
    </p>
   </div>
   <div class='ocr_carea' id='block_1_43' title="bbox 2006 1434 3608 1523">
    <p class='ocr_par' dir='ltr' id='par_1_43' title="bbox 2006 1434 3608 1523">
     <span class='ocr_line' id='line_1_43' title="bbox 2006 1434 3608 1523; baseline 0.018 -38"><span class='ocrx_word' id='word_1_292' title='bbox 2006 1434 2416 1523; x_wconf 79' lang='lat' dir='ltr'><strong>unumquodque</strong></span> <span class='ocrx_word' id='word_1_293' title='bbox 2439 1437 2512 1491; x_wconf 87' lang='lat' dir='ltr'><strong>ad</strong></span> <span class='ocrx_word' id='word_1_294' title='bbox 2540 1440 2790 1496; x_wconf 80' lang='lat' dir='ltr'><strong>terminos</strong></span> <span class='ocrx_word' id='word_1_295' title='bbox 2817 1458 2960 1514; x_wconf 88' lang='lat' dir='ltr'><strong>suos,</strong></span> <span class='ocrx_word' id='word_1_296' title='bbox 2990 1451 3041 1501; x_wconf 90' lang='lat' dir='ltr'><strong>et</strong></span> <span class='ocrx_word' id='word_1_297' title='bbox 3083 1447 3350 1523; x_wconf 83' lang='lat' dir='ltr'><strong>intelligas</strong></span> <span class='ocrx_word' id='word_1_298' title='bbox 3395 1458 3608 1514; x_wconf 86' lang='lat' dir='ltr'><strong>semitas</strong></span> 
     </span>
    </p>
   </div>
   <div class='ocr_carea' id='block_1_44' title="bbox 2006 1521 3299 1593">
    <p class='ocr_par' dir='ltr' id='par_1_44' title="bbox 2006 1521 3299 1593">
     <span class='ocr_line' id='line_1_44' title="bbox 2006 1521 3299 1593; baseline 0.01 -17"><span class='ocrx_word' id='word_1_299' title='bbox 2006 1521 2193 1577; x_wconf 87' lang='lat' dir='ltr'><strong>domus</strong></span> <span class='ocrx_word' id='word_1_300' title='bbox 2221 1521 2351 1593; x_wconf 83' lang='lat' dir='ltr'><strong>ejus.</strong></span> <span class='ocrx_word' id='word_1_301' title='bbox 3259 1521 3299 1579; x_wconf 53' lang='grc' dir='ltr'>λ</span> 
     </span>
    </p>
   </div>
   <div class='ocr_carea' id='block_1_45' title="bbox 2077 1612 3608 1703">
    <p class='ocr_par' dir='ltr' id='par_1_45' title="bbox 2077 1612 3608 1703">
     <span class='ocr_line' id='line_1_45' title="bbox 2077 1612 3608 1703; baseline 0.016 -34"><span class='ocrx_word' id='word_1_302' title='bbox 2077 1612 2166 1670; x_wconf 78' lang='lat'><strong>32.</strong></span> <span class='ocrx_word' id='word_1_303' title='bbox 2197 1614 2305 1669; x_wconf 87' lang='lat' dir='ltr'><strong>Per</strong></span> <span class='ocrx_word' id='word_1_304' title='bbox 2335 1616 2499 1673; x_wconf 80' lang='lat' dir='ltr'><strong>lucem</strong></span> <span class='ocrx_word' id='word_1_305' title='bbox 2516 1616 2749 1691; x_wconf 88' lang='lat' dir='ltr'><strong>justitia,</strong></span> <span class='ocrx_word' id='word_1_306' title='bbox 2785 1638 2886 1695; x_wconf 84' lang='lat' dir='ltr'><strong>per</strong></span> <span class='ocrx_word' id='word_1_307' title='bbox 2912 1624 3147 1683; x_wconf 80' lang='lat' dir='ltr'><strong>tenebras</strong></span> <span class='ocrx_word' id='word_1_308' title='bbox 3173 1628 3432 1703; x_wconf 84' lang='lat' dir='ltr'><strong>iniquitas</strong></span> <span class='ocrx_word' id='word_1_309' title='bbox 3459 1634 3608 1691; x_wconf 86' lang='lat' dir='ltr'><strong>desi-</strong></span> 
     </span>
    </p>
   </div>
   <div class='ocr_carea' id='block_1_46' title="bbox 2004 1704 3606 1795">
    <p class='ocr_par' dir='ltr' id='par_1_46' title="bbox 2004 1704 3606 1795">
     <span class='ocr_line' id='line_1_46' title="bbox 2004 1704 3606 1795; baseline 0.016 -40"><span class='ocrx_word' id='word_1_310' title='bbox 2004 1708 2220 1772; x_wconf 85' lang='lat' dir='ltr'><strong>gnatur.</strong></span> <span class='ocrx_word' id='word_1_311' title='bbox 2243 1704 2393 1795; x_wconf 10' lang='lat' dir='ltr'><strong>Quia;</strong></span> <span class='ocrx_word' id='word_1_312' title='bbox 2411 1705 2468 1761; x_wconf 86' lang='lat' dir='ltr'><strong>in</strong></span> <span class='ocrx_word' id='word_1_313' title='bbox 2485 1704 2700 1775; x_wconf 86' lang='lat' dir='ltr'><strong>justitia</strong></span> <span class='ocrx_word' id='word_1_314' title='bbox 2722 1717 3118 1782; x_wconf 67' lang='lat' dir='ltr'><strong>perseveratum“</strong></span> <span class='ocrx_word' id='word_1_315' title='bbox 3143 1717 3269 1789; x_wconf 86' lang='lat' dir='ltr'><strong>sint,</strong></span> <span class='ocrx_word' id='word_1_316' title='bbox 3299 1727 3397 1777; x_wconf 81' lang='lat' dir='ltr'><strong>aut</strong></span> <span class='ocrx_word' id='word_1_317' title='bbox 3413 1722 3468 1778; x_wconf 85' lang='lat' dir='ltr'><strong>in</strong></span> <span class='ocrx_word' id='word_1_318' title='bbox 3490 1740 3606 1795; x_wconf 80' lang='lat' dir='ltr'><strong>pec-</strong></span> 
     </span>
    </p>
   </div>
   <div class='ocr_carea' id='block_1_47' title="bbox 1927 1780 3605 1885">
    <p class='ocr_par' dir='ltr' id='par_1_47' title="bbox 1927 1780 3605 1885">
     <span class='ocr_line' id='line_1_47' title="bbox 1927 1780 3605 1885; baseline 0.018 -44"><span class='ocrx_word' id='word_1_319' title='bbox 1927 1780 1975 1842; x_wconf 90' lang='lat' dir='ltr'><strong>B</strong></span> <span class='ocrx_word' id='word_1_320' title='bbox 2142 1793 2414 1885; x_wconf 79' lang='lat' dir='ltr'><strong>morituri,</strong></span> <span class='ocrx_word' id='word_1_321' title='bbox 2435 1812 2530 1850; x_wconf 87' lang='lat' dir='ltr'><strong>nos</strong></span> <span class='ocrx_word' id='word_1_322' title='bbox 2551 1780 2972 1860; x_wconf 43' lang='lat' dir='ltr'><strong>lateté-Beatus</strong></span> <span class='ocrx_word' id='word_1_323' title='bbox 2989 1805 3091 1863; x_wconf 86' lang='lat' dir='ltr'><strong>Job</strong></span> <span class='ocrx_word' id='word_1_324' title='bbox 3120 1780 3272 1881; x_wconf 83' lang='lat' dir='ltr'><strong>gravi</strong></span> <span class='ocrx_word' id='word_1_325' title='bbox 3304 1780 3605 1885; x_wconf 61' lang='lat' dir='ltr'><strong>quastione</strong></span> 
     </span>
    </p>
   </div>
   <div class='ocr_carea' id='block_1_48' title="bbox 2009 1878 3603 1961">
    <p class='ocr_par' dir='ltr' id='par_1_48' title="bbox 2009 1878 3603 1961">
     <span class='ocr_line' id='line_1_48' title="bbox 2009 1878 3603 1961; baseline 0.016 -25"><span class='ocrx_word' id='word_1_326' title='bbox 2009 1878 2327 1951; x_wconf 89' lang='lat' dir='ltr'><strong>discutitur,</strong></span> <span class='ocrx_word' id='word_1_327' title='bbox 2350 1891 2413 1939; x_wconf 90' lang='lat' dir='ltr'><strong>ut</strong></span> <span class='ocrx_word' id='word_1_328' title='bbox 2438 1892 2493 1943; x_wconf 89' lang='lat' dir='ltr'><strong>et</strong></span> <span class='ocrx_word' id='word_1_329' title='bbox 2520 1886 2587 1943; x_wconf 90' lang='lat' dir='ltr'><strong>de</strong></span> <span class='ocrx_word' id='word_1_330' title='bbox 2608 1889 2700 1944; x_wconf 84' lang='lat' dir='ltr'><strong>via</strong></span> <span class='ocrx_word' id='word_1_331' title='bbox 2725 1890 2885 1961; x_wconf 89' lang='lat' dir='ltr'><strong>lucis,</strong></span> <span class='ocrx_word' id='word_1_332' title='bbox 2908 1900 2963 1949; x_wconf 93' lang='lat' dir='ltr'><strong>et</strong></span> <span class='ocrx_word' id='word_1_333' title='bbox 2990 1878 3342 1955; x_wconf 77' lang='lat' dir='ltr'><strong>tenebrarum</strong></span> <span class='ocrx_word' id='word_1_334' title='bbox 3372 1901 3494 1959; x_wconf 92' lang='lat' dir='ltr'><strong>loco</strong></span> <span class='ocrx_word' id='word_1_335' title='bbox 3520 1920 3603 1961; x_wconf 92' lang='lat' dir='ltr'><strong>re-</strong></span> 
     </span>
    </p>
   </div>
   <div class='ocr_carea' id='block_1_49' title="bbox 2009 1969 3600 2063">
    <p class='ocr_par' dir='ltr' id='par_1_49' title="bbox 2009 1969 3600 2063">
     <span class='ocr_line' id='line_1_49' title="bbox 2009 1969 3600 2063; baseline 0.017 -40"><span class='ocrx_word' id='word_1_336' title='bbox 2009 1969 2295 2063; x_wconf 86' lang='lat' dir='ltr'><strong>quiratur;</strong></span> <span class='ocrx_word' id='word_1_337' title='bbox 2327 1980 2390 2029; x_wconf 93' lang='lat' dir='ltr'><strong>ut</strong></span> <span class='ocrx_word' id='word_1_338' title='bbox 2417 1977 2853 2052; x_wconf 88' lang='lat' dir='ltr'><strong>unumquodque</strong></span> <span class='ocrx_word' id='word_1_339' title='bbox 2873 1981 2941 2038; x_wconf 89' lang='lat' dir='ltr'><strong>ad</strong></span> <span class='ocrx_word' id='word_1_340' title='bbox 2970 2000 3098 2042; x_wconf 89' lang='lat' dir='ltr'><strong>suos</strong></span> <span class='ocrx_word' id='word_1_341' title='bbox 3117 1987 3386 2047; x_wconf 89' lang='lat' dir='ltr'><strong>terminos</strong></span> <span class='ocrx_word' id='word_1_342' title='bbox 3413 1990 3600 2063; x_wconf 87' lang='lat' dir='ltr'><strong>ducat,</strong></span> 
     </span>
    </p>
   </div>
   <div class='ocr_carea' id='block_1_50' title="bbox 2008 2061 3602 2145">
    <p class='ocr_par' dir='ltr' id='par_1_50' title="bbox 2008 2061 3602 2145">
     <span class='ocr_line' id='line_1_50' title="bbox 2008 2061 3602 2145; baseline 0.018 -31"><span class='ocrx_word' id='word_1_343' title='bbox 2008 2074 2071 2115; x_wconf 90' lang='lat' dir='ltr'><strong>ac</strong></span> <span class='ocrx_word' id='word_1_344' title='bbox 2090 2061 2313 2119; x_wconf 85' lang='lat' dir='ltr'><strong>semitas</strong></span> <span class='ocrx_word' id='word_1_345' title='bbox 2332 2063 2531 2123; x_wconf 89' lang='lat' dir='ltr'><strong>domus</strong></span> <span class='ocrx_word' id='word_1_346' title='bbox 2549 2064 2667 2137; x_wconf 88' lang='lat' dir='ltr'><strong>ejus</strong></span> <span class='ocrx_word' id='word_1_347' title='bbox 2686 2067 2978 2145; x_wconf 87' lang='lat' dir='ltr'><strong>intelligat.</strong></span> <span class='ocrx_word' id='word_1_348' title='bbox 3002 2074 3147 2144; x_wconf 89' lang='lat' dir='ltr'><strong>Quid</strong></span> <span class='ocrx_word' id='word_1_349' title='bbox 3167 2077 3316 2135; x_wconf 89' lang='lat' dir='ltr'><strong>enim</strong></span> <span class='ocrx_word' id='word_1_350' title='bbox 3344 2079 3485 2139; x_wconf 90' lang='lat' dir='ltr'><strong>lucis</strong></span> <span class='ocrx_word' id='word_1_351' title='bbox 3504 2061 3602 2141; x_wconf 85' lang='lat' dir='ltr'><strong>no-</strong></span> 
     </span>
    </p>
   </div>
   <div class='ocr_carea' id='block_1_51' title="bbox 2009 2151 3603 2244">
    <p class='ocr_par' dir='ltr' id='par_1_51' title="bbox 2009 2151 3603 2244">
     <span class='ocr_line' id='line_1_51' title="bbox 2009 2151 3603 2244; baseline 0.016 -40"><span class='ocrx_word' id='word_1_352' title='bbox 2009 2151 2180 2244; x_wconf 83' lang='lat' dir='ltr'><strong>mine,</strong></span> <span class='ocrx_word' id='word_1_353' title='bbox 2213 2153 2322 2209; x_wconf 89' lang='lat' dir='ltr'><strong>nisi</strong></span> <span class='ocrx_word' id='word_1_354' title='bbox 2345 2152 2564 2226; x_wconf 88' lang='lat' dir='ltr'><strong>justitia</strong></span> <span class='ocrx_word' id='word_1_355' title='bbox 2591 2160 2861 2233; x_wconf 87' lang='lat' dir='ltr'><strong>accipitur</strong></span> <span class='ocrx_word' id='word_1_356' title='bbox 2881 2163 2911 2220; x_wconf 80' lang='lat'><strong>?</strong></span> <span class='ocrx_word' id='word_1_357' title='bbox 2945 2171 3001 2220; x_wconf 92' lang='lat' dir='ltr'><strong>et</strong></span> <span class='ocrx_word' id='word_1_358' title='bbox 3027 2167 3162 2238; x_wconf 89' lang='lat' dir='ltr'><strong>quid</strong></span> <span class='ocrx_word' id='word_1_359' title='bbox 3204 2184 3301 2239; x_wconf 92' lang='lat' dir='ltr'><strong>per</strong></span> <span class='ocrx_word' id='word_1_360' title='bbox 3326 2171 3603 2244; x_wconf 82' lang='lat' dir='ltr'><strong>tenebras,</strong></span> 
     </span>
    </p>
   </div>
   <div class='ocr_carea' id='block_1_52' title="bbox 2007 2238 3602 2327">
    <p class='ocr_par' dir='ltr' id='par_1_52' title="bbox 2007 2238 3602 2327">
     <span class='ocr_line' id='line_1_52' title="bbox 2007 2238 3602 2327; baseline 0.016 -33"><span class='ocrx_word' id='word_1_361' title='bbox 2007 2238 2116 2296; x_wconf 88' lang='lat' dir='ltr'><strong>nisi</strong></span> <span class='ocrx_word' id='word_1_362' title='bbox 2136 2240 2401 2316; x_wconf 88' lang='lat' dir='ltr'><strong>iniquitas</strong></span> <span class='ocrx_word' id='word_1_363' title='bbox 2419 2245 2737 2319; x_wconf 87' lang='lat' dir='ltr'><strong>designatur</strong></span> <span class='ocrx_word' id='word_1_364' title='bbox 2752 2250 2781 2307; x_wconf 85' lang='lat'><strong>?</strong></span> <span class='ocrx_word' id='word_1_365' title='bbox 2802 2250 2955 2310; x_wconf 89' lang='lat' dir='ltr'><strong>Unde</strong></span> <span class='ocrx_word' id='word_1_366' title='bbox 2970 2238 3300 2327; x_wconf 83' lang='lat' dir='ltr'><strong>quihusdam</strong></span> <span class='ocrx_word' id='word_1_367' title='bbox 3321 2238 3602 2319; x_wconf 71' lang='lat' dir='ltr'><strong>conversis</strong></span> 
     </span>
    </p>
   </div>
   <div class='ocr_carea' id='block_1_53' title="bbox 2007 2337 3603 2420">
    <p class='ocr_par' dir='ltr' id='par_1_53' title="bbox 2007 2337 3603 2420">
     <span class='ocr_line' id='line_1_53' title="bbox 2007 2337 3603 2420; baseline 0.016 -36"><span class='ocrx_word' id='word_1_368' title='bbox 2007 2344 2039 2384; x_wconf 92' lang='lat' dir='ltr'><strong>a</strong></span> <span class='ocrx_word' id='word_1_369' title='bbox 2069 2339 2416 2420; x_wconf 87' lang='lat' dir='ltr'><strong>peccatorum</strong></span> <span class='ocrx_word' id='word_1_370' title='bbox 2446 2337 2691 2410; x_wconf 89' lang='lat' dir='ltr'><strong>nequitia</strong></span> <span class='ocrx_word' id='word_1_371' title='bbox 2720 2337 2962 2398; x_wconf 87' lang='lat' dir='ltr'><strong>dicitur:</strong></span> <span class='ocrx_word' id='word_1_372' title='bbox 2994 2344 3187 2401; x_wconf 89' lang='lat' dir='ltr'><strong>Eratis</strong></span> <span class='ocrx_word' id='word_1_373' title='bbox 3212 2347 3504 2420; x_wconf 82' lang='lat' dir='ltr'><strong>aliquando</strong></span> <span class='ocrx_word' id='word_1_374' title='bbox 3535 2358 3603 2409; x_wconf 84' lang='lat' dir='ltr'><strong>te-</strong></span> 
     </span>
    </p>
   </div>
   <div class='ocr_carea' id='block_1_54' title="bbox 2004 2418 3601 2510">
    <p class='ocr_par' dir='ltr' id='par_1_54' title="bbox 2004 2418 3601 2510">
     <span class='ocr_line' id='line_1_54' title="bbox 2004 2418 3601 2510; baseline 0.015 -37"><span class='ocrx_word' id='word_1_375' title='bbox 2004 2418 2199 2510; x_wconf 72' lang='lat' dir='ltr'><strong>nebrte,</strong></span> <span class='ocrx_word' id='word_1_376' title='bbox 2225 2437 2363 2510; x_wconf 86' lang='lat' dir='ltr'><strong>nunc</strong></span> <span class='ocrx_word' id='word_1_377' title='bbox 2389 2430 2564 2481; x_wconf 88' lang='lat' dir='ltr'><strong>autem</strong></span> <span class='ocrx_word' id='word_1_378' title='bbox 2594 2427 2691 2482; x_wconf 67' lang='lat' dir='ltr'><strong>tua</strong></span> <span class='ocrx_word' id='word_1_379' title='bbox 2715 2427 2775 2483; x_wconf 90' lang='lat' dir='ltr'><strong>in</strong></span> <span class='ocrx_word' id='word_1_380' title='bbox 2792 2428 3019 2487; x_wconf 87' lang='lat' dir='ltr'><strong>Domino</strong></span> <span class='ocrx_word' id='word_1_381' title='bbox 3041 2418 3322 2505; x_wconf 59' lang='lat' dir='ltr'><strong>(Ephesw,</strong></span> <span class='ocrx_word' id='word_1_382' title='bbox 3339 2436 3420 2510; x_wconf 92' lang='lat'><strong>8).</strong></span> <span class='ocrx_word' id='word_1_383' title='bbox 3442 2437 3516 2495; x_wconf 89' lang='lat' dir='ltr'><strong>Et</strong></span> <span class='ocrx_word' id='word_1_384' title='bbox 3531 2438 3601 2499; x_wconf 88' lang='lat' dir='ltr'><strong>de</strong></span> 
     </span>
    </p>
   </div>
   <div class='ocr_carea' id='block_1_55' title="bbox 2004 2508 3603 2599">
    <p class='ocr_par' dir='ltr' id='par_1_55' title="bbox 2004 2508 3603 2599">
     <span class='ocr_line' id='line_1_55' title="bbox 2004 2508 3603 2599; baseline 0.013 -35"><span class='ocrx_word' id='word_1_385' title='bbox 2004 2508 2333 2583; x_wconf 88' lang='lat' dir='ltr'><strong>quibusdam</strong></span> <span class='ocrx_word' id='word_1_386' title='bbox 2362 2513 2421 2571; x_wconf 91' lang='lat' dir='ltr'><strong>in</strong></span> <span class='ocrx_word' id='word_1_387' title='bbox 2451 2523 2675 2587; x_wconf 88' lang='lat' dir='ltr'><strong>peccato</strong></span> <span class='ocrx_word' id='word_1_388' title='bbox 2703 2518 3057 2579; x_wconf 89' lang='lat' dir='ltr'><strong>manentibus</strong></span> <span class='ocrx_word' id='word_1_389' title='bbox 3084 2508 3461 2585; x_wconf 86' lang='lat' dir='ltr'><strong>memoratur:</strong></span> <span class='ocrx_word' id='word_1_390' title='bbox 3497 2530 3603 2599; x_wconf 84' lang='lat' dir='ltr'><strong>Qui</strong></span> 
     </span>
    </p>
   </div>
   <div class='ocr_carea' id='block_1_56' title="bbox 2004 2601 3600 2695">
    <p class='ocr_par' dir='ltr' id='par_1_56' title="bbox 2004 2601 3600 2695">
     <span class='ocr_line' id='line_1_56' title="bbox 2004 2601 3600 2695; baseline 0.014 -39"><span class='ocrx_word' id='word_1_391' title='bbox 2004 2601 2296 2670; x_wconf 86' lang='lat' dir='ltr'><strong>dormiunt,</strong></span> <span class='ocrx_word' id='word_1_392' title='bbox 2316 2611 2462 2661; x_wconf 88' lang='lat' dir='ltr'><strong>nocte</strong></span> <span class='ocrx_word' id='word_1_393' title='bbox 2474 2606 2746 2664; x_wconf 79' lang='lat' dir='ltr'><strong>dormiunt</strong></span> <span class='ocrx_word' id='word_1_394' title='bbox 2761 2611 2827 2683; x_wconf 90' lang='grc' dir='ltr'><strong><em>(Ι</em></strong></span> <span class='ocrx_word' id='word_1_395' title='bbox 2848 2612 3020 2670; x_wconf 84' lang='lat' dir='ltr'><strong>Thess.</strong></span> <span class='ocrx_word' id='word_1_396' title='bbox 3039 2630 3097 2683; x_wconf 88' lang='lat' dir='ltr'><strong>v,</strong></span> <span class='ocrx_word' id='word_1_397' title='bbox 3116 2614 3194 2688; x_wconf 91' lang='lat'><strong>7).</strong></span> <span class='ocrx_word' id='word_1_398' title='bbox 3217 2615 3384 2675; x_wconf 89' lang='lat' dir='ltr'><strong>Beato</strong></span> <span class='ocrx_word' id='word_1_399' title='bbox 3415 2618 3600 2695; x_wconf 86' lang='lat' dir='ltr'><strong>itaque</strong></span> 
     </span>
    </p>
   </div>
   <div class='ocr_carea' id='block_1_57' title="bbox 2002 2692 3599 2779">
    <p class='ocr_par' dir='ltr' id='par_1_57' title="bbox 2002 2692 3599 2779">
     <span class='ocr_line' id='line_1_57' title="bbox 2002 2692 3599 2779; baseline 0.013 -31"><span class='ocrx_word' id='word_1_400' title='bbox 2002 2692 2106 2750; x_wconf 81' lang='lat' dir='ltr'><strong>Job</strong></span> <span class='ocrx_word' id='word_1_401' title='bbox 2133 2692 2339 2752; x_wconf 90' lang='lat' dir='ltr'><strong>dicitur</strong></span> <span class='ocrx_word' id='word_1_402' title='bbox 2370 2714 2382 2752; x_wconf 92' lang='lat'><strong>:</strong></span> <span class='ocrx_word' id='word_1_403' title='bbox 2414 2697 2602 2753; x_wconf 85' lang='lat' dir='ltr'><strong>Indica</strong></span> <span class='ocrx_word' id='word_1_404' title='bbox 2628 2698 2761 2755; x_wconf 77' lang='lat' dir='ltr'><strong>mihi</strong></span> <span class='ocrx_word' id='word_1_405' title='bbox 2799 2700 2849 2756; x_wconf 89' lang='lat' dir='ltr'><strong>si</strong></span> <span class='ocrx_word' id='word_1_406' title='bbox 2881 2702 3023 2758; x_wconf 90' lang='lat' dir='ltr'><strong>nosti</strong></span> <span class='ocrx_word' id='word_1_407' title='bbox 3048 2704 3247 2775; x_wconf 86' lang='lat' dir='ltr'><strong>omnia,</strong></span> <span class='ocrx_word' id='word_1_408' title='bbox 3281 2706 3341 2764; x_wconf 86' lang='lat' dir='ltr'><strong>in</strong></span> <span class='ocrx_word' id='word_1_409' title='bbox 3375 2725 3483 2779; x_wconf 91' lang='lat' dir='ltr'><strong>qua</strong></span> <span class='ocrx_word' id='word_1_410' title='bbox 3508 2692 3599 2767; x_wconf 66' lang='lat' dir='ltr'><strong>eia</strong></span> 
     </span>
    </p>
   </div>
   <div class='ocr_carea' id='block_1_58' title="bbox 2003 2784 3599 2862">
    <p class='ocr_par' dir='ltr' id='par_1_58' title="bbox 2003 2784 3599 2862">
     <span class='ocr_line' id='line_1_58' title="bbox 2003 2784 3599 2862; baseline 0.012 -24"><span class='ocrx_word' id='word_1_411' title='bbox 2003 2784 2197 2840; x_wconf 76' lang='lat' dir='ltr'><strong>habitet</strong></span> <span class='ocrx_word' id='word_1_412' title='bbox 2228 2786 2344 2855; x_wconf 74' lang='lat' dir='ltr'><strong>tua,</strong></span> <span class='ocrx_word' id='word_1_413' title='bbox 2373 2791 2425 2842; x_wconf 91' lang='lat' dir='ltr'><strong>et</strong></span> <span class='ocrx_word' id='word_1_414' title='bbox 2449 2786 2782 2845; x_wconf 85' lang='lat' dir='ltr'><strong>tenebrarum</strong></span> <span class='ocrx_word' id='word_1_415' title='bbox 2807 2790 2927 2862; x_wconf 89' lang='lat' dir='ltr'><strong>quis</strong></span> <span class='ocrx_word' id='word_1_416' title='bbox 2948 2791 3093 2849; x_wconf 88' lang='lat' dir='ltr'><strong>locus</strong></span> <span class='ocrx_word' id='word_1_417' title='bbox 3116 2794 3189 2850; x_wconf 88' lang='lat' dir='ltr'><strong>sit</strong></span> <span class='ocrx_word' id='word_1_418' title='bbox 3205 2796 3234 2852; x_wconf 66' lang='grc' dir='ltr'><strong><em>ἲ</em></strong></span> <span class='ocrx_word' id='word_1_419' title='bbox 3262 2798 3344 2854; x_wconf 83' lang='lat' dir='ltr'><strong>Ac</strong></span> <span class='ocrx_word' id='word_1_420' title='bbox 3369 2798 3417 2855; x_wconf 88' lang='lat' dir='ltr'><strong>si</strong></span> <span class='ocrx_word' id='word_1_421' title='bbox 3445 2797 3599 2857; x_wconf 88' lang='lat' dir='ltr'><strong>dica-</strong></span> 
     </span>
    </p>
   </div>
   <div class='ocr_carea' id='block_1_59' title="bbox 2001 2876 3596 2960">
    <p class='ocr_par' dir='ltr' id='par_1_59' title="bbox 2001 2876 3596 2960">
     <span class='ocr_line' id='line_1_59' title="bbox 2001 2876 3596 2960; baseline 0.01 -29"><span class='ocrx_word' id='word_1_422' title='bbox 2001 2882 2095 2931; x_wconf 90' lang='lat' dir='ltr'><strong>tur</strong></span> <span class='ocrx_word' id='word_1_423' title='bbox 2119 2876 2208 2932; x_wconf 90' lang='lat' dir='ltr'><strong>ei:</strong></span> <span class='ocrx_word' id='word_1_424' title='bbox 2258 2876 2313 2934; x_wconf 91' lang='lat' dir='ltr'><strong>Si</strong></span> <span class='ocrx_word' id='word_1_425' title='bbox 2358 2879 2578 2950; x_wconf 86' lang='lat' dir='ltr'><strong>plenam</strong></span> <span class='ocrx_word' id='word_1_426' title='bbox 2614 2886 2669 2937; x_wconf 88' lang='lat' dir='ltr'><strong>te</strong></span> <span class='ocrx_word' id='word_1_427' title='bbox 2705 2879 2905 2939; x_wconf 88' lang='lat' dir='ltr'><strong>habere</strong></span> <span class='ocrx_word' id='word_1_428' title='bbox 2948 2884 3236 2942; x_wconf 86' lang='lat' dir='ltr'><strong>scientiam</strong></span> <span class='ocrx_word' id='word_1_429' title='bbox 3279 2890 3596 2960; x_wconf 87' lang='lat' dir='ltr'><strong>suspicaris,</strong></span> 
     </span>
    </p>
   </div>
   <div class='ocr_carea' id='block_1_60' title="bbox 2000 2964 3597 3046">
    <p class='ocr_par' dir='ltr' id='par_1_60' title="bbox 2000 2964 3597 3046">
     <span class='ocr_line' id='line_1_60' title="bbox 2000 2964 3597 3046; baseline 0.01 -25"><span class='ocrx_word' id='word_1_430' title='bbox 2000 2964 2092 3023; x_wconf 90' lang='lat' dir='ltr'><strong>dic</strong></span> <span class='ocrx_word' id='word_1_431' title='bbox 2110 2966 2198 3022; x_wconf 88' lang='lat' dir='ltr'><strong>vel</strong></span> <span class='ocrx_word' id='word_1_432' title='bbox 2219 2968 2242 3003; x_wconf 83' lang='grc'><strong>⁹</strong></span> <span class='ocrx_word' id='word_1_433' title='bbox 2274 2966 2332 3024; x_wconf 90' lang='lat' dir='ltr'><strong>in</strong></span> <span class='ocrx_word' id='word_1_434' title='bbox 2360 2970 2519 3042; x_wconf 88' lang='lat' dir='ltr'><strong>cujus</strong></span> <span class='ocrx_word' id='word_1_435' title='bbox 2547 2988 2643 3028; x_wconf 92' lang='lat' dir='ltr'><strong>cor</strong></span> <span class='ocrx_word' id='word_1_436' title='bbox 2663 2987 2725 3028; x_wconf 90' lang='lat' dir='ltr'><strong>ea</strong></span> <span class='ocrx_word' id='word_1_437' title='bbox 2746 2988 2867 3045; x_wconf 86' lang='lat' dir='ltr'><strong>quae</strong></span> <span class='ocrx_word' id='word_1_438' title='bbox 2899 2988 3050 3032; x_wconf 91' lang='lat' dir='ltr'><strong>nunc</strong></span> <span class='ocrx_word' id='word_1_439' title='bbox 3077 2976 3248 3046; x_wconf 89' lang='lat' dir='ltr'><strong>deest,</strong></span> <span class='ocrx_word' id='word_1_440' title='bbox 3281 2978 3597 3037; x_wconf 87' lang='lat' dir='ltr'><strong>innocentia</strong></span> 
     </span>
    </p>
   </div>
   <div class='ocr_carea' id='block_1_61' title="bbox 1998 3055 3597 3136">
    <p class='ocr_par' dir='ltr' id='par_1_61' title="bbox 1998 3055 3597 3136">
     <span class='ocr_line' id='line_1_61' title="bbox 1998 3055 3597 3136; baseline 0.011 -27"><span class='ocrx_word' id='word_1_441' title='bbox 1998 3055 2205 3125; x_wconf 86' lang='lat' dir='ltr'><strong>veniat,</strong></span> <span class='ocrx_word' id='word_1_442' title='bbox 2248 3058 2335 3113; x_wconf 82' lang='lat' dir='ltr'><strong>vel</strong></span> <span class='ocrx_word' id='word_1_443' title='bbox 2365 3057 2423 3113; x_wconf 91' lang='lat' dir='ltr'><strong>in</strong></span> <span class='ocrx_word' id='word_1_444' title='bbox 2453 3058 2611 3130; x_wconf 86' lang='lat' dir='ltr'><strong>cujus</strong></span> <span class='ocrx_word' id='word_1_445' title='bbox 2639 3060 2802 3117; x_wconf 92' lang='lat' dir='ltr'><strong>corde</strong></span> <span class='ocrx_word' id='word_1_446' title='bbox 2830 3077 2894 3118; x_wconf 91' lang='lat' dir='ltr'><strong>ea</strong></span> <span class='ocrx_word' id='word_1_447' title='bbox 2919 3078 3044 3136; x_wconf 62' lang='lat' dir='ltr'><strong>qua</strong></span> <span class='ocrx_word' id='word_1_448' title='bbox 3072 3079 3223 3123; x_wconf 90' lang='lat' dir='ltr'><strong>nunc</strong></span> <span class='ocrx_word' id='word_1_449' title='bbox 3258 3074 3340 3123; x_wconf 87' lang='lat' dir='ltr'><strong>est</strong></span> <span class='ocrx_word' id='word_1_450' title='bbox 3383 3068 3597 3126; x_wconf 86' lang='lat' dir='ltr'><strong>malitia</strong></span> 
     </span>
    </p>
   </div>
   <div class='ocr_carea' id='block_1_62' title="bbox 270 3135 3597 3231">
    <p class='ocr_par' dir='ltr' id='par_1_62' title="bbox 270 3135 3597 3231">
     <span class='ocr_line' id='line_1_62' title="bbox 270 3135 3597 3231; baseline 0.008 -39"><span class='ocrx_word' id='word_1_451' title='bbox 270 3142 442 3206; x_wconf 84' lang='lat' dir='ltr'><strong>uerat,</strong></span> <span class='ocrx_word' id='word_1_452' title='bbox 496 3136 591 3210; x_wconf 88' lang='lat' dir='ltr'><strong>qui</strong></span> <span class='ocrx_word' id='word_1_453' title='bbox 644 3135 860 3194; x_wconf 88' lang='lat' dir='ltr'><strong>dicebat</strong></span> <span class='ocrx_word' id='word_1_454' title='bbox 890 3157 903 3195; x_wconf 96' lang='lat'><strong>:</strong></span> <span class='ocrx_word' id='word_1_455' title='bbox 945 3140 1092 3197; x_wconf 85' lang='lat' dir='ltr'><strong>Scire</strong></span> <span class='ocrx_word' id='word_1_456' title='bbox 1131 3149 1308 3199; x_wconf 90' lang='lat' dir='ltr'><strong>autem</strong></span> <span class='ocrx_word' id='word_1_457' title='bbox 1344 3162 1437 3201; x_wconf 78' lang='lat' dir='ltr'><strong>vos</strong></span> <span class='ocrx_word' id='word_1_458' title='bbox 1478 3149 1618 3215; x_wconf 82' lang='lat' dir='ltr'><strong>vblo,</strong></span> <span class='ocrx_word' id='word_1_459' title='bbox 1657 3148 1876 3222; x_wconf 82' lang='lat' dir='ltr'><strong>fratres,</strong></span> <span class='ocrx_word' id='word_1_460' title='bbox 1910 3147 1954 3209; x_wconf 89' lang='lat' dir='ltr'><strong>C</strong></span> <span class='ocrx_word' id='word_1_461' title='bbox 1988 3152 2317 3218; x_wconf 69' lang='lat' dir='ltr'><strong>perseveret.</strong></span> <span class='ocrx_word' id='word_1_462' title='bbox 2340 3147 2408 3203; x_wconf 80' lang='grc' dir='ltr'><em>Ῑη</em></span> <span class='ocrx_word' id='word_1_463' title='bbox 2436 3165 2543 3219; x_wconf 86' lang='lat' dir='ltr'><strong>qua</strong></span> <span class='ocrx_word' id='word_1_464' title='bbox 2571 3150 2662 3206; x_wconf 77' lang='grc' dir='ltr'><strong>υἱα</strong></span> <span class='ocrx_word' id='word_1_465' title='bbox 2683 3151 2879 3209; x_wconf 67' lang='lat' dir='ltr'><strong>habitet</strong></span> <span class='ocrx_word' id='word_1_466' title='bbox 2916 3135 3033 3224; x_wconf 67' lang='lat' dir='ltr'><strong>lum,</strong></span> <span class='ocrx_word' id='word_1_467' title='bbox 3056 3155 3217 3214; x_wconf 79' lang='lat' dir='ltr'><strong>idest</strong></span> <span class='ocrx_word' id='word_1_468' title='bbox 3243 3156 3402 3231; x_wconf 82' lang='lat' dir='ltr'><strong>cujus</strong></span> <span class='ocrx_word' id='word_1_469' title='bbox 3430 3176 3597 3218; x_wconf 86' lang='lat' dir='ltr'><strong>men-</strong></span> 
     </span>
    </p>
   </div>
   <div class='ocr_carea' id='block_1_63' title="bbox 269 3225 1880 3306">
    <p class='ocr_par' dir='ltr' id='par_1_63' title="bbox 269 3225 1880 3306">
     <span class='ocr_line' id='line_1_63' title="bbox 269 3225 1880 3306; baseline 0.012 -28"><span class='ocrx_word' id='word_1_470' title='bbox 269 3225 391 3298; x_wconf 88' lang='lat' dir='ltr'><strong>quia</strong></span> <span class='ocrx_word' id='word_1_471' title='bbox 419 3242 546 3297; x_wconf 72' lang='lat' dir='ltr'><strong>qua:</strong></span> <span class='ocrx_word' id='word_1_472' title='bbox 572 3225 713 3282; x_wconf 82' lang='lat' dir='ltr'><strong>circa</strong></span> <span class='ocrx_word' id='word_1_473' title='bbox 740 3244 821 3283; x_wconf 87' lang='lat' dir='ltr'><strong>me</strong></span> <span class='ocrx_word' id='word_1_474' title='bbox 846 3235 971 3284; x_wconf 90' lang='lat' dir='ltr'><strong>sunt</strong></span> <span class='ocrx_word' id='word_1_475' title='bbox 1003 3232 1177 3303; x_wconf 87' lang='lat' dir='ltr'><strong>magis</strong></span> <span class='ocrx_word' id='word_1_476' title='bbox 1201 3232 1275 3289; x_wconf 89' lang='lat' dir='ltr'><strong>ad</strong></span> <span class='ocrx_word' id='word_1_477' title='bbox 1292 3234 1592 3306; x_wconf 80' lang='lat' dir='ltr'><strong>profectum</strong></span> <span class='ocrx_word' id='word_1_478' title='bbox 1626 3247 1880 3297; x_wconf 82' lang='lat' dir='ltr'><strong>venerunt</strong></span> 
     </span>
    </p>
   </div>
   <div class='ocr_carea' id='block_1_64' title="bbox 268 3315 1879 3399">
    <p class='ocr_par' dir='ltr' id='par_1_64' title="bbox 268 3315 1879 3399">
     <span class='ocr_line' id='line_1_64' title="bbox 268 3315 1879 3399; baseline 0.009 -27"><span class='ocrx_word' id='word_1_479' title='bbox 268 3315 564 3389; x_wconf 84' lang='lat' dir='ltr'><strong>Evangilii,</strong></span> <span class='ocrx_word' id='word_1_480' title='bbox 594 3317 672 3372; x_wconf 87' lang='lat' dir='ltr'><strong>ita</strong></span> <span class='ocrx_word' id='word_1_481' title='bbox 700 3323 760 3372; x_wconf 88' lang='lat' dir='ltr'><strong>ut</strong></span> <span class='ocrx_word' id='word_1_482' title='bbox 785 3317 998 3376; x_wconf 77' lang='lat' dir='ltr'><strong>vincula</strong></span> <span class='ocrx_word' id='word_1_483' title='bbox 1022 3338 1136 3378; x_wconf 86' lang='lat' dir='ltr'><strong>mea</strong></span> <span class='ocrx_word' id='word_1_484' title='bbox 1156 3323 1437 3395; x_wconf 86' lang='lat' dir='ltr'><strong>manifesta</strong></span> <span class='ocrx_word' id='word_1_485' title='bbox 1456 3328 1641 3399; x_wconf 77' lang='lat' dir='ltr'><strong>ﬁerent</strong></span> <span class='ocrx_word' id='word_1_486' title='bbox 1659 3329 1717 3384; x_wconf 90' lang='lat' dir='ltr'><strong>in</strong></span> <span class='ocrx_word' id='word_1_487' title='bbox 1736 3348 1879 3388; x_wconf 79' lang='lat' dir='ltr'><strong>omni</strong></span> 
     </span>
    </p>
   </div>
   <div class='ocr_carea' id='block_1_65' title="bbox 261 3406 1879 3481">
    <p class='ocr_par' dir='ltr' id='par_1_65' title="bbox 261 3406 1879 3481">
     <span class='ocr_line' id='line_1_65' title="bbox 261 3406 1879 3481; baseline 0.011 -22"><span class='ocrx_word' id='word_1_488' title='bbox 261 3406 525 3477; x_wconf 68' lang='lat' dir='ltr'><strong>praetorio</strong></span> <span class='ocrx_word' id='word_1_489' title='bbox 548 3406 671 3477; x_wconf 81' lang='lat' dir='ltr'><strong>(Ph.</strong></span> <span class='ocrx_word' id='word_1_490' title='bbox 695 3423 736 3475; x_wconf 81' lang='grc' dir='ltr'><strong>ι,</strong></span> <span class='ocrx_word' id='word_1_491' title='bbox 756 3406 964 3481; x_wconf 78' lang='grc'><strong>12,13).</strong></span> <span class='ocrx_word' id='word_1_492' title='bbox 989 3409 1141 3468; x_wconf 87' lang='lat' dir='ltr'><strong>Hanc</strong></span> <span class='ocrx_word' id='word_1_493' title='bbox 1160 3412 1513 3472; x_wconf 88' lang='lat' dir='ltr'><strong>tatitudinem</strong></span> <span class='ocrx_word' id='word_1_494' title='bbox 1535 3418 1716 3475; x_wconf 89' lang='lat' dir='ltr'><strong>David</strong></span> <span class='ocrx_word' id='word_1_495' title='bbox 1731 3421 1879 3477; x_wconf 91' lang='lat' dir='ltr'><strong>inter</strong></span> 
     </span>
    </p>
   </div>
   <div class='ocr_carea' id='block_1_66' title="bbox 271 3494 1880 3569">
    <p class='ocr_par' dir='ltr' id='par_1_66' title="bbox 271 3494 1880 3569">
     <span class='ocr_line' id='line_1_66' title="bbox 271 3494 1880 3569; baseline 0.009 -19"><span class='ocrx_word' id='word_1_496' title='bbox 271 3494 1179 3569; x_wconf 56' lang='lat' dir='ltr'><strong>angustias’obtinebatﬁicens:In</strong></span> <span class='ocrx_word' id='word_1_497' title='bbox 1192 3503 1532 3563; x_wconf 82' lang='lat' dir='ltr'><strong>tribulatione</strong></span> <span class='ocrx_word' id='word_1_498' title='bbox 1546 3508 1787 3564; x_wconf 88' lang='lat' dir='ltr'><strong>dilatasti</strong></span> <span class='ocrx_word' id='word_1_499' title='bbox 1802 3526 1880 3565; x_wconf 81' lang='lat' dir='ltr'><strong>me</strong></span> 
     </span>
    </p>
   </div>
   <div class='ocr_carea' id='block_1_67' title="bbox 268 3584 1875 3662">
    <p class='ocr_par' dir='ltr' id='par_1_67' title="bbox 268 3584 1875 3662">
     <span class='ocr_line' id='line_1_67' title="bbox 268 3584 1875 3662; baseline 0.009 -21"><span class='ocrx_word' id='word_1_500' title='bbox 268 3585 543 3655; x_wconf 79' lang='lat' dir='ltr'><strong>(Psal.1v,</strong></span> <span class='ocrx_word' id='word_1_501' title='bbox 567 3584 646 3659; x_wconf 79' lang='lat'><strong>2).</strong></span> <span class='ocrx_word' id='word_1_502' title='bbox 667 3585 819 3645; x_wconf 88' lang='lat' dir='ltr'><strong>Tunc</strong></span> <span class='ocrx_word' id='word_1_503' title='bbox 838 3588 1023 3662; x_wconf 89' lang='lat' dir='ltr'><strong>itaque</strong></span> <span class='ocrx_word' id='word_1_504' title='bbox 1041 3589 1159 3649; x_wconf 83' lang='lat' dir='ltr'><strong>haec</strong></span> <span class='ocrx_word' id='word_1_505' title='bbox 1179 3599 1342 3662; x_wconf 91' lang='lat' dir='ltr'><strong>terra,</strong></span> <span class='ocrx_word' id='word_1_506' title='bbox 1368 3594 1422 3651; x_wconf 91' lang='lat' dir='ltr'><strong>id</strong></span> <span class='ocrx_word' id='word_1_507' title='bbox 1444 3604 1525 3652; x_wconf 89' lang='lat' dir='ltr'><strong>est</strong></span> <span class='ocrx_word' id='word_1_508' title='bbox 1555 3605 1875 3655; x_wconf 88' lang='lat' dir='ltr'><strong>sanctorum</strong></span> 
     </span>
    </p>
   </div>
   <div class='ocr_carea' id='block_1_68' title="bbox 268 3676 1880 3755">
    <p class='ocr_par' dir='ltr' id='par_1_68' title="bbox 268 3676 1880 3755">
     <span class='ocr_line' id='line_1_68' title="bbox 268 3676 1880 3755; baseline 0.007 -23"><span class='ocrx_word' id='word_1_509' title='bbox 268 3676 630 3744; x_wconf 85' lang='lat' dir='ltr'><strong>conscientia,</strong></span> <span class='ocrx_word' id='word_1_510' title='bbox 661 3676 945 3749; x_wconf 88' lang='lat' dir='ltr'><strong>dilatatur,</strong></span> <span class='ocrx_word' id='word_1_511' title='bbox 979 3696 1106 3737; x_wconf 88' lang='lat' dir='ltr'><strong>cum</strong></span> <span class='ocrx_word' id='word_1_512' title='bbox 1144 3682 1338 3739; x_wconf 91' lang='lat' dir='ltr'><strong>mundi</strong></span> <span class='ocrx_word' id='word_1_513' title='bbox 1369 3682 1534 3755; x_wconf 88' lang='lat' dir='ltr'><strong>hujus</strong></span> <span class='ocrx_word' id='word_1_514' title='bbox 1564 3686 1880 3743; x_wconf 88' lang='lat' dir='ltr'><strong>adversita-</strong></span> 
     </span>
    </p>
   </div>
   <div class='ocr_carea' id='block_1_69' title="bbox 270 3765 1879 3846">
    <p class='ocr_par' dir='ltr' id='par_1_69' title="bbox 270 3765 1879 3846">
     <span class='ocr_line' id='line_1_69' title="bbox 270 3765 1879 3846; baseline 0.009 -26"><span class='ocrx_word' id='word_1_515' title='bbox 270 3765 439 3835; x_wconf 86' lang='lat' dir='ltr'><strong>tibus;</strong></span> <span class='ocrx_word' id='word_1_516' title='bbox 477 3766 717 3825; x_wconf 84' lang='lat' dir='ltr'><strong>exterius</strong></span> <span class='ocrx_word' id='word_1_517' title='bbox 745 3768 1034 3841; x_wconf 89' lang='lat' dir='ltr'><strong>premitur.</strong></span> <span class='ocrx_word' id='word_1_518' title='bbox 1058 3771 1195 3828; x_wconf 86' lang='lat' dir='ltr'><strong>Nam</strong></span> <span class='ocrx_word' id='word_1_519' title='bbox 1221 3788 1348 3829; x_wconf 91' lang='lat' dir='ltr'><strong>cum</strong></span> <span class='ocrx_word' id='word_1_520' title='bbox 1374 3790 1405 3828; x_wconf 89' lang='lat' dir='ltr'><strong>a</strong></span> <span class='ocrx_word' id='word_1_521' title='bbox 1431 3776 1717 3846; x_wconf 82' lang='lat' dir='ltr'><strong>praesentis</strong></span> <span class='ocrx_word' id='word_1_522' title='bbox 1744 3777 1879 3834; x_wconf 68' lang='lat' dir='ltr'><strong>vita)</strong></span> 
     </span>
    </p>
   </div>
   <div class='ocr_carea' id='block_1_70' title="bbox 268 3858 1878 3938">
    <p class='ocr_par' dir='ltr' id='par_1_70' title="bbox 268 3858 1878 3938">
     <span class='ocr_line' id='line_1_70' title="bbox 268 3858 1878 3938; baseline 0.007 -26"><span class='ocrx_word' id='word_1_523' title='bbox 268 3858 564 3915; x_wconf 85' lang='lat' dir='ltr'><strong>securitate</strong></span> <span class='ocrx_word' id='word_1_524' title='bbox 605 3859 909 3932; x_wconf 89' lang='lat' dir='ltr'><strong>repellitur,</strong></span> <span class='ocrx_word' id='word_1_525' title='bbox 959 3862 1111 3919; x_wconf 88' lang='lat' dir='ltr'><strong>intus</strong></span> <span class='ocrx_word' id='word_1_526' title='bbox 1146 3861 1213 3918; x_wconf 85' lang='lat' dir='ltr'><strong>ad</strong></span> <span class='ocrx_word' id='word_1_527' title='bbox 1244 3879 1302 3919; x_wconf 93' lang='lat' dir='ltr'><strong>se</strong></span> <span class='ocrx_word' id='word_1_528' title='bbox 1330 3862 1682 3938; x_wconf 87' lang='lat' dir='ltr'><strong>impingitur,</strong></span> <span class='ocrx_word' id='word_1_529' title='bbox 1720 3874 1782 3922; x_wconf 92' lang='lat' dir='ltr'><strong>ut</strong></span> <span class='ocrx_word' id='word_1_530' title='bbox 1810 3866 1878 3923; x_wconf 90' lang='lat' dir='ltr'><strong>ad</strong></span> 
     </span>
    </p>
   </div>
   <div class='ocr_carea' id='block_1_71' title="bbox 269 3951 1874 4030">
    <p class='ocr_par' dir='ltr' id='par_1_71' title="bbox 269 3951 1874 4030">
     <span class='ocr_line' id='line_1_71' title="bbox 269 3951 1874 4030; baseline 0.007 -26"><span class='ocrx_word' id='word_1_531' title='bbox 269 3951 538 4021; x_wconf 88' lang='lat' dir='ltr'><strong>speranda</strong></span> <span class='ocrx_word' id='word_1_532' title='bbox 554 3967 790 4024; x_wconf 90' lang='lat' dir='ltr'><strong>superna</strong></span> <span class='ocrx_word' id='word_1_533' title='bbox 816 3953 1094 4012; x_wconf 89' lang='lat' dir='ltr'><strong>tendatur.</strong></span> <span class='ocrx_word' id='word_1_534' title='bbox 1128 3953 1377 4029; x_wconf 91' lang='lat' dir='ltr'><strong>Cumque</strong></span> <span class='ocrx_word' id='word_1_535' title='bbox 1391 3959 1609 4030; x_wconf 88' lang='lat' dir='ltr'><strong>evagari</strong></span> <span class='ocrx_word' id='word_1_536' title='bbox 1627 3958 1874 4015; x_wconf 86' lang='lat' dir='ltr'><strong>exterius</strong></span> 
     </span>
    </p>
   </div>
   <div class='ocr_carea' id='block_1_72' title="bbox 270 4042 1876 4117">
    <p class='ocr_par' dir='ltr' id='par_1_72' title="bbox 270 4042 1876 4117">
     <span class='ocr_line' id='line_1_72' title="bbox 270 4042 1876 4117; baseline 0.006 -21"><span class='ocrx_word' id='word_1_537' title='bbox 270 4056 374 4097; x_wconf 90' lang='lat' dir='ltr'><strong>non</strong></span> <span class='ocrx_word' id='word_1_538' title='bbox 401 4042 773 4117; x_wconf 87' lang='lat' dir='ltr'><strong>permittitur,</strong></span> <span class='ocrx_word' id='word_1_539' title='bbox 792 4042 947 4117; x_wconf 89' lang='lat' dir='ltr'><strong>quasi</strong></span> <span class='ocrx_word' id='word_1_540' title='bbox 968 4044 1027 4100; x_wconf 90' lang='lat' dir='ltr'><strong>in</strong></span> <span class='ocrx_word' id='word_1_541' title='bbox 1055 4044 1241 4102; x_wconf 91' lang='lat' dir='ltr'><strong>sinum</strong></span> <span class='ocrx_word' id='word_1_542' title='bbox 1262 4063 1425 4104; x_wconf 90' lang='lat' dir='ltr'><strong>suum</strong></span> <span class='ocrx_word' id='word_1_543' title='bbox 1454 4058 1713 4107; x_wconf 89' lang='lat' dir='ltr'><strong>revocata</strong></span> <span class='ocrx_word' id='word_1_544' title='bbox 1740 4048 1876 4105; x_wconf 88' lang='lat' dir='ltr'><strong>dila-</strong></span> 
     </span>
    </p>
   </div>
   <div class='ocr_carea' id='block_1_73' title="bbox 270 4133 1878 4210">
    <p class='ocr_par' dir='ltr' id='par_1_73' title="bbox 270 4133 1878 4210">
     <span class='ocr_line' id='line_1_73' title="bbox 270 4133 1878 4210; baseline 0.007 -24"><span class='ocrx_word' id='word_1_545' title='bbox 270 4138 424 4191; x_wconf 86' lang='lat' dir='ltr'><strong>tatur.</strong></span> <span class='ocrx_word' id='word_1_546' title='bbox 456 4133 578 4191; x_wconf 82' lang='lat' dir='ltr'><strong>Nos</strong></span> <span class='ocrx_word' id='word_1_547' title='bbox 606 4140 788 4190; x_wconf 89' lang='lat' dir='ltr'><strong>autem</strong></span> <span class='ocrx_word' id='word_1_548' title='bbox 819 4151 939 4210; x_wconf 80' lang='lat' dir='ltr'><strong>quae</strong></span> <span class='ocrx_word' id='word_1_549' title='bbox 963 4134 1098 4192; x_wconf 90' lang='lat' dir='ltr'><strong>boni</strong></span> <span class='ocrx_word' id='word_1_550' title='bbox 1117 4137 1225 4194; x_wconf 90' lang='lat' dir='ltr'><strong>viri</strong></span> <span class='ocrx_word' id='word_1_551' title='bbox 1248 4138 1477 4197; x_wconf 90' lang='lat' dir='ltr'><strong>adversa</strong></span> <span class='ocrx_word' id='word_1_552' title='bbox 1496 4141 1736 4199; x_wconf 91' lang='lat' dir='ltr'><strong>tolerent</strong></span> <span class='ocrx_word' id='word_1_553' title='bbox 1762 4157 1878 4198; x_wconf 87' lang='lat' dir='ltr'><strong>cer-</strong></span> 
     </span>
    </p>
   </div>
   <div class='ocr_carea' id='block_1_74' title="bbox 272 4221 1871 4301">
    <p class='ocr_par' dir='ltr' id='par_1_74' title="bbox 272 4221 1871 4301">
     <span class='ocr_line' id='line_1_74' title="bbox 272 4221 1871 4301; baseline 0.009 -24"><span class='ocrx_word' id='word_1_554' title='bbox 272 4221 470 4293; x_wconf 88' lang='lat' dir='ltr'><strong>nimus,</strong></span> <span class='ocrx_word' id='word_1_555' title='bbox 507 4222 602 4279; x_wconf 91' lang='lat' dir='ltr'><strong>sed</strong></span> <span class='ocrx_word' id='word_1_556' title='bbox 649 4224 800 4280; x_wconf 89' lang='lat' dir='ltr'><strong>intus</strong></span> <span class='ocrx_word' id='word_1_557' title='bbox 841 4233 1107 4298; x_wconf 89' lang='lat' dir='ltr'><strong>quantum</strong></span> <span class='ocrx_word' id='word_1_558' title='bbox 1140 4228 1412 4301; x_wconf 88' lang='lat' dir='ltr'><strong>gaudeant</strong></span> <span class='ocrx_word' id='word_1_559' title='bbox 1450 4248 1562 4288; x_wconf 91' lang='lat' dir='ltr'><strong>non</strong></span> <span class='ocrx_word' id='word_1_560' title='bbox 1591 4232 1871 4290; x_wconf 89' lang='lat' dir='ltr'><strong>videmus.</strong></span> 
     </span>
    </p>
   </div>
   <div class='ocr_carea' id='block_1_75' title="bbox 270 4307 1875 4391">
    <p class='ocr_par' dir='ltr' id='par_1_75' title="bbox 270 4307 1875 4391">
     <span class='ocr_line' id='line_1_75' title="bbox 270 4307 1875 4391; baseline 0.007 -24"><span class='ocrx_word' id='word_1_561' title='bbox 270 4307 462 4369; x_wconf 75' lang='lat' dir='ltr'><strong>Mentis</strong></span> <span class='ocrx_word' id='word_1_562' title='bbox 508 4328 698 4369; x_wconf 87' lang='lat' dir='ltr'><strong>eorum</strong></span> <span class='ocrx_word' id='word_1_563' title='bbox 738 4313 1092 4373; x_wconf 89' lang='lat' dir='ltr'><strong>latitudinem</strong></span> <span class='ocrx_word' id='word_1_564' title='bbox 1133 4317 1296 4373; x_wconf 91' lang='lat' dir='ltr'><strong>modo</strong></span> <span class='ocrx_word' id='word_1_565' title='bbox 1352 4320 1412 4375; x_wconf 91' lang='lat' dir='ltr'><strong>in</strong></span> <span class='ocrx_word' id='word_1_566' title='bbox 1448 4320 1663 4391; x_wconf 90' lang='lat' dir='ltr'><strong>verbis,</strong></span> <span class='ocrx_word' id='word_1_567' title='bbox 1708 4322 1875 4379; x_wconf 89' lang='lat' dir='ltr'><strong>modo</strong></span> 
     </span>
    </p>
   </div>
   <div class='ocr_carea' id='block_1_76' title="bbox 270 4398 1873 4480">
    <p class='ocr_par' dir='ltr' id='par_1_76' title="bbox 270 4398 1873 4480">
     <span class='ocr_line' id='line_1_76' title="bbox 270 4398 1873 4480; baseline 0.01 -27"><span class='ocrx_word' id='word_1_568' title='bbox 270 4398 325 4455; x_wconf 89' lang='lat' dir='ltr'><strong>in</strong></span> <span class='ocrx_word' id='word_1_569' title='bbox 353 4401 617 4475; x_wconf 85' lang='lat' dir='ltr'><strong>operibus</strong></span> <span class='ocrx_word' id='word_1_570' title='bbox 648 4405 670 4438; x_wconf 78' lang='grc'><strong>⁸</strong></span> <span class='ocrx_word' id='word_1_571' title='bbox 690 4404 1092 4463; x_wconf 88' lang='lat' dir='ltr'><strong>considerando</strong></span> <span class='ocrx_word' id='word_1_572' title='bbox 1125 4408 1530 4480; x_wconf 85' lang='lat' dir='ltr'><strong>cognoscimus,</strong></span> <span class='ocrx_word' id='word_1_573' title='bbox 1563 4411 1658 4468; x_wconf 89' lang='lat' dir='ltr'><strong>sed</strong></span> <span class='ocrx_word' id='word_1_574' title='bbox 1684 4419 1873 4469; x_wconf 89' lang='lat' dir='ltr'><strong>tamen</strong></span> 
     </span>
    </p>
   </div>
   <div class='ocr_carea' id='block_1_77' title="bbox 1989 3237 3596 3319">
    <p class='ocr_par' dir='ltr' id='par_1_77' title="bbox 1989 3237 3596 3319">
     <span class='ocr_line' id='line_1_77' title="bbox 1989 3237 3596 3319; baseline 0.009 -26"><span class='ocrx_word' id='word_1_575' title='bbox 1989 3242 2101 3293; x_wconf 86' lang='lat' dir='ltr'><strong>tem</strong></span> <span class='ocrx_word' id='word_1_576' title='bbox 2120 3237 2347 3294; x_wconf 88' lang='lat' dir='ltr'><strong>veniens</strong></span> <span class='ocrx_word' id='word_1_577' title='bbox 2362 3237 2582 3310; x_wconf 89' lang='lat' dir='ltr'><strong>justitia</strong></span> <span class='ocrx_word' id='word_1_578' title='bbox 2603 3239 2847 3313; x_wconf 90' lang='lat' dir='ltr'><strong>impleat:</strong></span> <span class='ocrx_word' id='word_1_579' title='bbox 2870 3244 2949 3300; x_wconf 88' lang='lat' dir='ltr'><strong>Et</strong></span> <span class='ocrx_word' id='word_1_580' title='bbox 2964 3247 3303 3303; x_wconf 86' lang='lat' dir='ltr'><strong>tenebrarum</strong></span> <span class='ocrx_word' id='word_1_581' title='bbox 3315 3248 3436 3319; x_wconf 87' lang='lat' dir='ltr'><strong>quis</strong></span> <span class='ocrx_word' id='word_1_582' title='bbox 3453 3251 3596 3307; x_wconf 86' lang='lat' dir='ltr'><strong>locus</strong></span> 
     </span>
    </p>
   </div>
   <div class='ocr_carea' id='block_1_78' title="bbox 1988 3326 3596 3409">
    <p class='ocr_par' dir='ltr' id='par_1_78' title="bbox 1988 3326 3596 3409">
     <span class='ocr_line' id='line_1_78' title="bbox 1988 3326 3596 3409; baseline 0.011 -28"><span class='ocrx_word' id='word_1_583' title='bbox 1988 3326 2079 3394; x_wconf 88' lang='lat' dir='ltr'><strong>sit,</strong></span> <span class='ocrx_word' id='word_1_584' title='bbox 2110 3326 2165 3383; x_wconf 89' lang='lat' dir='ltr'><strong>id</strong></span> <span class='ocrx_word' id='word_1_585' title='bbox 2195 3336 2297 3398; x_wconf 88' lang='lat' dir='ltr'><strong>est,</strong></span> <span class='ocrx_word' id='word_1_586' title='bbox 2321 3330 2380 3386; x_wconf 90' lang='lat' dir='ltr'><strong>in</strong></span> <span class='ocrx_word' id='word_1_587' title='bbox 2409 3338 2521 3405; x_wconf 85' lang='lat' dir='ltr'><strong>quo‘</strong></span> <span class='ocrx_word' id='word_1_588' title='bbox 2548 3331 2815 3407; x_wconf 88' lang='lat' dir='ltr'><strong>iniquitas</strong></span> <span class='ocrx_word' id='word_1_589' title='bbox 2844 3350 2986 3393; x_wconf 67' lang='lat' dir='ltr'><strong>cmca</strong></span> <span class='ocrx_word' id='word_1_590' title='bbox 3015 3336 3308 3409; x_wconf 88' lang='lat' dir='ltr'><strong>perduret:</strong></span> <span class='ocrx_word' id='word_1_591' title='bbox 3339 3339 3405 3397; x_wconf 91' lang='lat' dir='ltr'><strong>Ut</strong></span> <span class='ocrx_word' id='word_1_592' title='bbox 3430 3341 3596 3398; x_wconf 88' lang='lat' dir='ltr'><strong>ducas</strong></span> 
     </span>
    </p>
   </div>
   <div class='ocr_carea' id='block_1_79' title="bbox 1987 3419 3592 3501">
    <p class='ocr_par' dir='ltr' id='par_1_79' title="bbox 1987 3419 3592 3501">
     <span class='ocr_line' id='line_1_79' title="bbox 1987 3419 3592 3501; baseline 0.011 -31"><span class='ocrx_word' id='word_1_593' title='bbox 1987 3419 2395 3490; x_wconf 87' lang='lat' dir='ltr'><strong>unumquodque</strong></span> <span class='ocrx_word' id='word_1_594' title='bbox 2419 3421 2496 3477; x_wconf 89' lang='lat' dir='ltr'><strong>ad</strong></span> <span class='ocrx_word' id='word_1_595' title='bbox 2524 3424 2774 3480; x_wconf 85' lang='lat' dir='ltr'><strong>terminos</strong></span> <span class='ocrx_word' id='word_1_596' title='bbox 2793 3441 2937 3493; x_wconf 90' lang='lat' dir='ltr'><strong>suos,</strong></span> <span class='ocrx_word' id='word_1_597' title='bbox 2960 3425 3017 3483; x_wconf 93' lang='lat' dir='ltr'><strong>id</strong></span> <span class='ocrx_word' id='word_1_598' title='bbox 3035 3435 3139 3495; x_wconf 88' lang='lat' dir='ltr'><strong>est,</strong></span> <span class='ocrx_word' id='word_1_599' title='bbox 3162 3435 3226 3484; x_wconf 88' lang='lat' dir='ltr'><strong>ut</strong></span> <span class='ocrx_word' id='word_1_600' title='bbox 3251 3427 3524 3501; x_wconf 90' lang='lat' dir='ltr'><strong>dijudices</strong></span> <span class='ocrx_word' id='word_1_601' title='bbox 3545 3432 3592 3487; x_wconf 89' lang='lat' dir='ltr'><strong>si</strong></span> 
     </span>
    </p>
   </div>
   <div class='ocr_carea' id='block_1_80' title="bbox 1987 3508 3591 3591">
    <p class='ocr_par' dir='ltr' id='par_1_80' title="bbox 1987 3508 3591 3591">
     <span class='ocr_line' id='line_1_80' title="bbox 1987 3508 3591 3591; baseline 0.009 -30"><span class='ocrx_word' id='word_1_602' title='bbox 1987 3508 2077 3562; x_wconf 87' lang='lat' dir='ltr'><strong>vel</strong></span> <span class='ocrx_word' id='word_1_603' title='bbox 2099 3508 2148 3564; x_wconf 90' lang='lat' dir='ltr'><strong>is</strong></span> <span class='ocrx_word' id='word_1_604' title='bbox 2175 3509 2271 3581; x_wconf 88' lang='lat' dir='ltr'><strong>qui</strong></span> <span class='ocrx_word' id='word_1_605' title='bbox 2299 3526 2449 3568; x_wconf 91' lang='lat' dir='ltr'><strong>nunc</strong></span> <span class='ocrx_word' id='word_1_606' title='bbox 2477 3511 2705 3587; x_wconf 87' lang='lat' dir='ltr'><strong>iniquus</strong></span> <span class='ocrx_word' id='word_1_607' title='bbox 2733 3516 3004 3585; x_wconf 89' lang='lat' dir='ltr'><strong>cernitur,</strong></span> <span class='ocrx_word' id='word_1_608' title='bbox 3022 3516 3081 3572; x_wconf 90' lang='lat' dir='ltr'><strong>in</strong></span> <span class='ocrx_word' id='word_1_609' title='bbox 3101 3516 3400 3591; x_wconf 91' lang='lat' dir='ltr'><strong>iniquitate</strong></span> <span class='ocrx_word' id='word_1_610' title='bbox 3414 3519 3591 3576; x_wconf 88' lang='lat' dir='ltr'><strong>vitam</strong></span> 
     </span>
    </p>
   </div>
   <div class='ocr_carea' id='block_1_81' title="bbox 1988 3595 3593 3673">
    <p class='ocr_par' dir='ltr' id='par_1_81' title="bbox 1988 3595 3593 3673">
     <span class='ocr_line' id='line_1_81' title="bbox 1988 3595 3593 3673; baseline 0.011 -23"><span class='ocrx_word' id='word_1_611' title='bbox 1988 3595 2166 3664; x_wconf 90' lang='lat' dir='ltr'><strong>ﬁniat;</strong></span> <span class='ocrx_word' id='word_1_612' title='bbox 2199 3599 2288 3654; x_wconf 88' lang='lat' dir='ltr'><strong>vel</strong></span> <span class='ocrx_word' id='word_1_613' title='bbox 2319 3601 2366 3657; x_wconf 89' lang='lat' dir='ltr'><strong>is</strong></span> <span class='ocrx_word' id='word_1_614' title='bbox 2398 3601 2496 3673; x_wconf 89' lang='lat' dir='ltr'><strong>qui</strong></span> <span class='ocrx_word' id='word_1_615' title='bbox 2517 3600 2702 3673; x_wconf 88' lang='lat' dir='ltr'><strong>justus</strong></span> <span class='ocrx_word' id='word_1_616' title='bbox 2739 3605 2985 3662; x_wconf 90' lang='lat' dir='ltr'><strong>cernitur</strong></span> <span class='ocrx_word' id='word_1_617' title='bbox 3020 3608 3431 3665; x_wconf 83' lang='lat' dir='ltr'><strong>extremitatem</strong></span> <span class='ocrx_word' id='word_1_618' title='bbox 3461 3610 3593 3667; x_wconf 64' lang='lat' dir='ltr'><strong>vita)</strong></span> 
     </span>
    </p>
   </div>
   <div class='ocr_carea' id='block_1_82' title="bbox 1989 3687 3594 3770">
    <p class='ocr_par' dir='ltr' id='par_1_82' title="bbox 1989 3687 3594 3770">
     <span class='ocr_line' id='line_1_82' title="bbox 1989 3687 3594 3770; baseline 0.008 -28"><span class='ocrx_word' id='word_1_619' title='bbox 1989 3702 2101 3743; x_wconf 65' lang='lat' dir='ltr'><strong>sum</strong></span> <span class='ocrx_word' id='word_1_620' title='bbox 2117 3688 2245 3745; x_wconf 84' lang='lat' dir='ltr'><strong>cum</strong></span> <span class='ocrx_word' id='word_1_621' title='bbox 2268 3687 2503 3762; x_wconf 67' lang='lat' dir='ltr'><strong>justitia</strong></span> <span class='ocrx_word' id='word_1_622' title='bbox 2522 3690 2858 3764; x_wconf 88' lang='lat' dir='ltr'><strong>perfectione</strong></span> <span class='ocrx_word' id='word_1_623' title='bbox 2882 3695 3214 3752; x_wconf 88' lang='lat' dir='ltr'><strong>concludat:</strong></span> <span class='ocrx_word' id='word_1_624' title='bbox 3234 3696 3312 3752; x_wconf 85' lang='lat' dir='ltr'><strong>Et</strong></span> <span class='ocrx_word' id='word_1_625' title='bbox 3330 3697 3594 3770; x_wconf 84' lang='lat' dir='ltr'><strong>intelligas</strong></span> 
     </span>
    </p>
   </div>
   <div class='ocr_carea' id='block_1_83' title="bbox 1989 3777 3589 3857">
    <p class='ocr_par' dir='ltr' id='par_1_83' title="bbox 1989 3777 3589 3857">
     <span class='ocr_line' id='line_1_83' title="bbox 1989 3777 3589 3857; baseline 0.007 -25"><span class='ocrx_word' id='word_1_626' title='bbox 1989 3777 2201 3834; x_wconf 86' lang='lat' dir='ltr'><strong>semitas</strong></span> <span class='ocrx_word' id='word_1_627' title='bbox 2219 3780 2404 3836; x_wconf 86' lang='lat' dir='ltr'><strong>domus</strong></span> <span class='ocrx_word' id='word_1_628' title='bbox 2423 3780 2555 3850; x_wconf 85' lang='lat' dir='ltr'><strong>ejus,</strong></span> <span class='ocrx_word' id='word_1_629' title='bbox 2574 3782 2632 3838; x_wconf 88' lang='lat' dir='ltr'><strong>id</strong></span> <span class='ocrx_word' id='word_1_630' title='bbox 2647 3783 3068 3851; x_wconf 90' lang='lat' dir='ltr'><strong>est,consideres</strong></span> <span class='ocrx_word' id='word_1_631' title='bbox 3096 3792 3261 3857; x_wconf 86' lang='lat' dir='ltr'><strong>atque</strong></span> <span class='ocrx_word' id='word_1_632' title='bbox 3288 3785 3589 3855; x_wconf 90' lang='lat' dir='ltr'><strong>discernas,</strong></span> 
     </span>
    </p>
   </div>
   <div class='ocr_carea' id='block_1_84' title="bbox 1987 3866 3590 3942">
    <p class='ocr_par' dir='ltr' id='par_1_84' title="bbox 1987 3866 3590 3942">
     <span class='ocr_line' id='line_1_84' title="bbox 1987 3866 3590 3942; baseline 0.006 -20"><span class='ocrx_word' id='word_1_633' title='bbox 1987 3866 2077 3923; x_wconf 89' lang='lat' dir='ltr'><strong>vel</strong></span> <span class='ocrx_word' id='word_1_634' title='bbox 2107 3867 2198 3923; x_wconf 91' lang='lat' dir='ltr'><strong>cui</strong></span> <span class='ocrx_word' id='word_1_635' title='bbox 2226 3866 2374 3924; x_wconf 87' lang='lat' dir='ltr'><strong>bona</strong></span> <span class='ocrx_word' id='word_1_636' title='bbox 2400 3870 2544 3925; x_wconf 90' lang='lat' dir='ltr'><strong>actio</strong></span> <span class='ocrx_word' id='word_1_637' title='bbox 2569 3885 2926 3942; x_wconf 89' lang='lat' dir='ltr'><strong>perseverans</strong></span> <span class='ocrx_word' id='word_1_638' title='bbox 2955 3878 3218 3927; x_wconf 83' lang='lat' dir='ltr'><strong>aeternam</strong></span> <span class='ocrx_word' id='word_1_639' title='bbox 3248 3874 3590 3931; x_wconf 89' lang='lat' dir='ltr'><strong>mansionem</strong></span> 
     </span>
    </p>
   </div>
   <div class='ocr_carea' id='block_1_85' title="bbox 1990 3957 3590 4034">
    <p class='ocr_par' dir='ltr' id='par_1_85' title="bbox 1990 3957 3590 4034">
     <span class='ocr_line' id='line_1_85' title="bbox 1990 3957 3590 4034; baseline 0.003 -20"><span class='ocrx_word' id='word_1_640' title='bbox 1990 3964 2211 4029; x_wconf 73' lang='lat' dir='ltr'><strong>praestet</strong></span> <span class='ocrx_word' id='word_1_641' title='bbox 2230 3957 2288 4013; x_wconf 89' lang='lat' dir='ltr'><strong>in</strong></span> <span class='ocrx_word' id='word_1_642' title='bbox 2310 3973 2499 4031; x_wconf 90' lang='lat' dir='ltr'><strong>regno,</strong></span> <span class='ocrx_word' id='word_1_643' title='bbox 2517 3960 2608 4016; x_wconf 92' lang='lat' dir='ltr'><strong>vel</strong></span> <span class='ocrx_word' id='word_1_644' title='bbox 2627 3974 2790 4034; x_wconf 90' lang='lat' dir='ltr'><strong>quem</strong></span> <span class='ocrx_word' id='word_1_645' title='bbox 2811 3975 2985 4034; x_wconf 91' lang='lat' dir='ltr'><strong>usque</strong></span> <span class='ocrx_word' id='word_1_646' title='bbox 3007 3961 3075 4018; x_wconf 89' lang='lat' dir='ltr'><strong>ad</strong></span> <span class='ocrx_word' id='word_1_647' title='bbox 3094 3959 3401 4017; x_wconf 88' lang='lat' dir='ltr'><strong>terminum</strong></span> <span class='ocrx_word' id='word_1_648' title='bbox 3430 3978 3590 4023; x_wconf 89' lang='lat' dir='ltr'><strong>suum</strong></span> 
     </span>
    </p>
   </div>
   <div class='ocr_carea' id='block_1_86' title="bbox 1986 4047 3593 4126">
    <p class='ocr_par' dir='ltr' id='par_1_86' title="bbox 1986 4047 3593 4126">
     <span class='ocr_line' id='line_1_86' title="bbox 1986 4047 3593 4126; baseline 0.003 -22"><span class='ocrx_word' id='word_1_649' title='bbox 1986 4047 2134 4104; x_wconf 89' lang='lat' dir='ltr'><strong>actio</strong></span> <span class='ocrx_word' id='word_1_650' title='bbox 2162 4063 2333 4120; x_wconf 89' lang='lat' dir='ltr'><strong>prava</strong></span> <span class='ocrx_word' id='word_1_651' title='bbox 2345 4049 2730 4124; x_wconf 89' lang='lat' dir='ltr'><strong>constringens</strong></span> <span class='ocrx_word' id='word_1_652' title='bbox 2757 4050 2816 4106; x_wconf 92' lang='lat' dir='ltr'><strong>in</strong></span> <span class='ocrx_word' id='word_1_653' title='bbox 2841 4058 3107 4108; x_wconf 64' lang='lat' dir='ltr'><strong>aeternum</strong></span> <span class='ocrx_word' id='word_1_654' title='bbox 3131 4050 3358 4108; x_wconf 86' lang='lat' dir='ltr'><strong>damnet</strong></span> <span class='ocrx_word' id='word_1_655' title='bbox 3385 4052 3593 4126; x_wconf 88' lang='lat' dir='ltr'><strong>suppli-</strong></span> 
     </span>
    </p>
   </div>
   <div class='ocr_carea' id='block_1_87' title="bbox 1986 4136 3592 4215">
    <p class='ocr_par' dir='ltr' id='par_1_87' title="bbox 1986 4136 3592 4215">
     <span class='ocr_line' id='line_1_87' title="bbox 1986 4136 3592 4215; baseline 0.006 -21"><span class='ocrx_word' id='word_1_656' title='bbox 1986 4136 2159 4194; x_wconf 89' lang='lat' dir='ltr'><strong>cium.</strong></span> <span class='ocrx_word' id='word_1_657' title='bbox 2195 4139 2405 4196; x_wconf 90' lang='lat' dir='ltr'><strong>Domus</strong></span> <span class='ocrx_word' id='word_1_658' title='bbox 2435 4139 2637 4213; x_wconf 90' lang='lat' dir='ltr'><strong>quippe</strong></span> <span class='ocrx_word' id='word_1_659' title='bbox 2676 4155 2775 4213; x_wconf 92' lang='lat' dir='ltr'><strong>pro</strong></span> <span class='ocrx_word' id='word_1_660' title='bbox 2802 4141 3089 4198; x_wconf 88' lang='lat' dir='ltr'><strong>mansione</strong></span> <span class='ocrx_word' id='word_1_661' title='bbox 3115 4143 3363 4215; x_wconf 91' lang='lat' dir='ltr'><strong>ponitur,</strong></span> <span class='ocrx_word' id='word_1_662' title='bbox 3394 4145 3592 4203; x_wconf 84' lang='lat' dir='ltr'><strong>semita</strong></span> 
     </span>
    </p>
   </div>
   <div class='ocr_carea' id='block_1_88' title="bbox 1987 4228 3590 4306">
    <p class='ocr_par' dir='ltr' id='par_1_88' title="bbox 1987 4228 3590 4306">
     <span class='ocr_line' id='line_1_88' title="bbox 1987 4228 3590 4306; baseline 0.006 -23"><span class='ocrx_word' id='word_1_663' title='bbox 1987 4243 2087 4301; x_wconf 92' lang='lat' dir='ltr'><strong>pro</strong></span> <span class='ocrx_word' id='word_1_664' title='bbox 2105 4228 2341 4287; x_wconf 88' lang='lat' dir='ltr'><strong>actione.</strong></span> <span class='ocrx_word' id='word_1_665' title='bbox 2362 4228 2573 4287; x_wconf 89' lang='lat' dir='ltr'><strong>Semita</strong></span> <span class='ocrx_word' id='word_1_666' title='bbox 2585 4228 2759 4303; x_wconf 87' lang='lat' dir='ltr'><strong>igitur</strong></span> <span class='ocrx_word' id='word_1_667' title='bbox 2772 4228 2841 4286; x_wconf 91' lang='lat' dir='ltr'><strong>ad</strong></span> <span class='ocrx_word' id='word_1_668' title='bbox 2860 4229 3088 4288; x_wconf 90' lang='lat' dir='ltr'><strong>domum</strong></span> <span class='ocrx_word' id='word_1_669' title='bbox 3104 4231 3282 4303; x_wconf 91' lang='lat' dir='ltr'><strong>ducit,</strong></span> <span class='ocrx_word' id='word_1_670' title='bbox 3300 4233 3432 4306; x_wconf 90' lang='lat' dir='ltr'><strong>quia</strong></span> <span class='ocrx_word' id='word_1_671' title='bbox 3444 4235 3590 4292; x_wconf 85' lang='lat' dir='ltr'><strong>actio</strong></span> 
     </span>
    </p>
   </div>
   <div class='ocr_carea' id='block_1_89' title="bbox 1985 4318 3589 4395">
    <p class='ocr_par' dir='ltr' id='par_1_89' title="bbox 1985 4318 3589 4395">
     <span class='ocr_line' id='line_1_89' title="bbox 1985 4318 3589 4395; baseline 0.004 -20"><span class='ocrx_word' id='word_1_672' title='bbox 1985 4318 2056 4375; x_wconf 88' lang='lat' dir='ltr'><strong>ad</strong></span> <span class='ocrx_word' id='word_1_673' title='bbox 2084 4320 2430 4377; x_wconf 89' lang='lat' dir='ltr'><strong>mansionem</strong></span> <span class='ocrx_word' id='word_1_674' title='bbox 2452 4320 2742 4393; x_wconf 87' lang='lat' dir='ltr'><strong>pertrahit.</strong></span> <span class='ocrx_word' id='word_1_675' title='bbox 2761 4318 2868 4378; x_wconf 89' lang='lat' dir='ltr'><strong>Sed</strong></span> <span class='ocrx_word' id='word_1_676' title='bbox 2881 4321 3011 4395; x_wconf 90' lang='lat' dir='ltr'><strong>quis</strong></span> <span class='ocrx_word' id='word_1_677' title='bbox 3037 4320 3335 4380; x_wconf 90' lang='lat' dir='ltr'><strong>hominum</strong></span> <span class='ocrx_word' id='word_1_678' title='bbox 3357 4322 3463 4381; x_wconf 87' lang='lat' dir='ltr'><strong>ista</strong></span> <span class='ocrx_word' id='word_1_679' title='bbox 3482 4323 3589 4382; x_wconf 56' lang='lat' dir='ltr'><strong>disc</strong></span> 
     </span>
    </p>
   </div>
   <div class='ocr_carea' id='block_1_90' title="bbox 1984 4409 3591 4483">
    <p class='ocr_par' dir='ltr' id='par_1_90' title="bbox 1984 4409 3591 4483">
     <span class='ocr_line' id='line_1_90' title="bbox 1984 4409 3591 4483; baseline 0.004 -18"><span class='ocrx_word' id='word_1_680' title='bbox 1984 4425 2179 4466; x_wconf 89' lang='lat' dir='ltr'><strong>cussus</strong></span> <span class='ocrx_word' id='word_1_681' title='bbox 2197 4409 2390 4467; x_wconf 79' lang='lat' dir='ltr'><strong>dicat?</strong></span> <span class='ocrx_word' id='word_1_682' title='bbox 2409 4410 2534 4483; x_wconf 90' lang='lat' dir='ltr'><strong>quis</strong></span> <span class='ocrx_word' id='word_1_683' title='bbox 2563 4410 2670 4467; x_wconf 86' lang='lat' dir='ltr'><strong>ista</strong></span> <span class='ocrx_word' id='word_1_684' title='bbox 2697 4410 2892 4466; x_wconf 88' lang='lat' dir='ltr'><strong>saltem</strong></span> <span class='ocrx_word' id='word_1_685' title='bbox 2918 4410 3327 4483; x_wconf 87' lang='lat' dir='ltr'><strong>imperterritus</strong></span> <span class='ocrx_word' id='word_1_686' title='bbox 3352 4412 3542 4471; x_wconf 86' lang='lat' dir='ltr'><strong>audiat</strong></span> <span class='ocrx_word' id='word_1_687' title='bbox 3561 4414 3591 4471; x_wconf 82' lang='lat'><strong>?</strong></span> 
     </span>
    </p>
   </div>
   <div class='ocr_carea' id='block_1_91' title="bbox 270 4495 3587 4575">
    <p class='ocr_par' dir='ltr' id='par_1_91' title="bbox 270 4495 3587 4575">
     <span class='ocr_line' id='line_1_91' title="bbox 270 4495 3587 4575; baseline 0.003 -27"><span class='ocrx_word' id='word_1_688' title='bbox 270 4502 470 4565; x_wconf 85' lang='lat' dir='ltr'><strong>quanta</strong></span> <span class='ocrx_word' id='word_1_689' title='bbox 504 4495 560 4551; x_wconf 89' lang='lat' dir='ltr'><strong>in</strong></span> <span class='ocrx_word' id='word_1_690' title='bbox 581 4495 660 4553; x_wconf 86' lang='lat' dir='ltr'><strong>eis</strong></span> <span class='ocrx_word' id='word_1_691' title='bbox 682 4495 989 4569; x_wconf 90' lang='lat' dir='ltr'><strong>amplitudo</strong></span> <span class='ocrx_word' id='word_1_692' title='bbox 1009 4496 1081 4554; x_wconf 89' lang='lat' dir='ltr'><strong>sit</strong></span> <span class='ocrx_word' id='word_1_693' title='bbox 1095 4496 1341 4569; x_wconf 88' lang='lat' dir='ltr'><strong>ejusdem</strong></span> <span class='ocrx_word' id='word_1_694' title='bbox 1370 4499 1685 4558; x_wconf 90' lang='lat' dir='ltr'><strong>latitudinis</strong></span> <span class='ocrx_word' id='word_1_695' title='bbox 1705 4501 1874 4575; x_wconf 89' lang='lat' dir='ltr'><strong>igno—</strong></span> <span class='ocrx_word' id='word_1_696' title='bbox 1907 4513 1957 4573; x_wconf 79' lang='grc' dir='ltr'><strong>ι)</strong></span> <span class='ocrx_word' id='word_1_697' title='bbox 1984 4497 2190 4555; x_wconf 89' lang='lat' dir='ltr'><strong>Multos</strong></span> <span class='ocrx_word' id='word_1_698' title='bbox 2217 4498 2367 4555; x_wconf 90' lang='lat' dir='ltr'><strong>enim</strong></span> <span class='ocrx_word' id='word_1_699' title='bbox 2386 4499 2640 4555; x_wconf 89' lang='lat' dir='ltr'><strong>videmus</strong></span> <span class='ocrx_word' id='word_1_700' title='bbox 2668 4499 2939 4573; x_wconf 88' lang='lat' dir='ltr'><strong>quotidie,</strong></span> <span class='ocrx_word' id='word_1_701' title='bbox 2963 4502 3059 4573; x_wconf 91' lang='lat' dir='ltr'><strong>qui</strong></span> <span class='ocrx_word' id='word_1_702' title='bbox 3083 4499 3320 4572; x_wconf 71' lang='lat' dir='ltr'><strong>iustitiae</strong></span> <span class='ocrx_word' id='word_1_703' title='bbox 3349 4501 3474 4564; x_wconf 89' lang='lat' dir='ltr'><strong>luce</strong></span> <span class='ocrx_word' id='word_1_704' title='bbox 3507 4519 3587 4559; x_wconf 51' lang='lat' dir='ltr'><strong>re.</strong></span> 
     </span>
    </p>
   </div>
   <div class='ocr_carea' id='block_1_92' title="bbox 270 4584 1871 4662">
    <p class='ocr_par' dir='ltr' id='par_1_92' title="bbox 270 4584 1871 4662">
     <span class='ocr_line' id='line_1_92' title="bbox 270 4584 1871 4662; baseline 0.006 -22"><span class='ocrx_word' id='word_1_705' title='bbox 270 4598 468 4643; x_wconf 82' lang='lat' dir='ltr'><strong>ramus.</strong></span> <span class='ocrx_word' id='word_1_706' title='bbox 526 4584 732 4643; x_wconf 85' lang='lat' dir='ltr'><strong>Audiat</strong></span> <span class='ocrx_word' id='word_1_707' title='bbox 769 4602 898 4660; x_wconf 89' lang='lat' dir='ltr'><strong>ergo</strong></span> <span class='ocrx_word' id='word_1_708' title='bbox 941 4591 1080 4650; x_wconf 86' lang='lat'><strong>931</strong></span> <span class='ocrx_word' id='word_1_709' title='bbox 1142 4587 1384 4645; x_wconf 89' lang='lat' dir='ltr'><strong>humana</strong></span> <span class='ocrx_word' id='word_1_710' title='bbox 1412 4589 1701 4662; x_wconf 89' lang='lat' dir='ltr'><strong>sapientia,</strong></span> <span class='ocrx_word' id='word_1_711' title='bbox 1732 4599 1787 4647; x_wconf 93' lang='lat' dir='ltr'><strong>et</strong></span> <span class='ocrx_word' id='word_1_712' title='bbox 1814 4608 1871 4652; x_wconf 90' lang='lat' dir='ltr'><strong>se</strong></span> 
     </span>
    </p>
   </div>
   <div class='ocr_carea' id='block_1_93' title="bbox 271 4678 1873 4758">
    <p class='ocr_par' dir='ltr' id='par_1_93' title="bbox 271 4678 1873 4758">
     <span class='ocr_line' id='line_1_93' title="bbox 271 4678 1873 4758; baseline 0.007 -23"><span class='ocrx_word' id='word_1_713' title='bbox 271 4678 620 4754; x_wconf 88' lang='lat' dir='ltr'><strong>insipientem</strong></span> <span class='ocrx_word' id='word_1_714' title='bbox 652 4686 673 4719; x_wconf 78' lang='grc'><strong><em>⁵</em></strong></span> <span class='ocrx_word' id='word_1_715' title='bbox 703 4682 882 4742; x_wconf 90' lang='lat' dir='ltr'><strong>discat</strong></span> <span class='ocrx_word' id='word_1_716' title='bbox 912 4703 924 4741; x_wconf 90' lang='lat'><strong>:</strong></span> <span class='ocrx_word' id='word_1_717' title='bbox 956 4686 1216 4758; x_wconf 86' lang='lat' dir='ltr'><strong>Nunquid</strong></span> <span class='ocrx_word' id='word_1_718' title='bbox 1243 4687 1590 4744; x_wconf 84' lang='lat' dir='ltr'><strong>considerasti</strong></span> <span class='ocrx_word' id='word_1_719' title='bbox 1621 4689 1873 4745; x_wconf 86' lang='lat' dir='ltr'><strong>latitudi-</strong></span> 
     </span>
    </p>
   </div>
   <div class='ocr_carea' id='block_1_94' title="bbox 270 4775 1868 4853">
    <p class='ocr_par' dir='ltr' id='par_1_94' title="bbox 270 4775 1868 4853">
     <span class='ocr_line' id='line_1_94' title="bbox 270 4775 1868 4853; baseline 0.006 -25"><span class='ocrx_word' id='word_1_720' title='bbox 270 4786 380 4828; x_wconf 83' lang='lat' dir='ltr'><strong>nem</strong></span> <span class='ocrx_word' id='word_1_721' title='bbox 406 4775 596 4832; x_wconf 74' lang='lat' dir='ltr'><strong>terra?</strong></span> <span class='ocrx_word' id='word_1_722' title='bbox 622 4777 705 4835; x_wconf 85' lang='lat' dir='ltr'><strong>Ac</strong></span> <span class='ocrx_word' id='word_1_723' title='bbox 723 4775 770 4834; x_wconf 91' lang='lat' dir='ltr'><strong>si</strong></span> <span class='ocrx_word' id='word_1_724' title='bbox 787 4775 961 4835; x_wconf 90' lang='lat' dir='ltr'><strong>dicat:</strong></span> <span class='ocrx_word' id='word_1_725' title='bbox 986 4782 1048 4835; x_wconf 90' lang='lat' dir='ltr'><strong>ut</strong></span> <span class='ocrx_word' id='word_1_726' title='bbox 1077 4793 1195 4852; x_wconf 85' lang='lat' dir='ltr'><strong>ego,</strong></span> <span class='ocrx_word' id='word_1_727' title='bbox 1229 4779 1325 4853; x_wconf 87' lang='lat' dir='ltr'><strong>qui</strong></span> <span class='ocrx_word' id='word_1_728' title='bbox 1346 4778 1577 4853; x_wconf 88' lang='lat' dir='ltr'><strong>ﬂagellis</strong></span> <span class='ocrx_word' id='word_1_729' title='bbox 1605 4779 1868 4850; x_wconf 90' lang='lat' dir='ltr'><strong>cinctam,</strong></span> 
     </span>
    </p>
   </div>
   <div class='ocr_carea' id='block_1_95' title="bbox 271 4976 1872 5051">
    <p class='ocr_par' dir='ltr' id='par_1_95' title="bbox 271 4976 1872 5051">
     <span class='ocr_line' id='line_1_95' title="bbox 271 4976 1872 5051; baseline 0.006 -18"><span class='ocrx_word' id='word_1_730' title='bbox 271 4976 525 5036; x_wconf 86' lang='lat' dir='ltr'><strong>ciendum</strong></span> <span class='ocrx_word' id='word_1_731' title='bbox 573 4980 876 5051; x_wconf 87' lang='lat' dir='ltr'><strong>videretur,</strong></span> <span class='ocrx_word' id='word_1_732' title='bbox 924 4980 1033 5039; x_wconf 90' lang='lat' dir='ltr'><strong>nisi</strong></span> <span class='ocrx_word' id='word_1_733' title='bbox 1087 4982 1155 5040; x_wconf 91' lang='lat' dir='ltr'><strong>de</strong></span> <span class='ocrx_word' id='word_1_734' title='bbox 1190 4982 1323 5040; x_wconf 91' lang='lat' dir='ltr'><strong>solis</strong></span> <span class='ocrx_word' id='word_1_735' title='bbox 1364 4982 1569 5041; x_wconf 89' lang='lat' dir='ltr'><strong>adultis</strong></span> <span class='ocrx_word' id='word_1_736' title='bbox 1607 4983 1702 5042; x_wconf 89' lang='lat' dir='ltr'><strong>hic</strong></span> <span class='ocrx_word' id='word_1_737' title='bbox 1730 4992 1872 5042; x_wconf 88' lang='lat' dir='ltr'><strong>esset</strong></span> 
     </span>
    </p>
   </div>
   <div class='ocr_carea' id='block_1_96' title="bbox 273 5055 1869 5129">
    <p class='ocr_par' dir='ltr' id='par_1_96' title="bbox 273 5055 1869 5129">
     <span class='ocr_line' id='line_1_96' title="bbox 273 5055 1869 5129; baseline 0.006 -25"><span class='ocrx_word' id='word_1_738' title='bbox 273 5064 471 5129; x_wconf 79' lang='lat' dir='ltr'><strong>sermo;</strong></span> <span class='ocrx_word' id='word_1_739' title='bbox 519 5060 733 5129; x_wconf 79' lang='lat' dir='ltr'><strong>constat</strong></span> <span class='ocrx_word' id='word_1_740' title='bbox 750 5055 908 5129; x_wconf 77' lang='lat' dir='ltr'><strong>enim</strong></span> <span class='ocrx_word' id='word_1_741' title='bbox 943 5055 1182 5111; x_wconf 88' lang='lat' dir='ltr'><strong>infantes</strong></span> <span class='ocrx_word' id='word_1_742' title='bbox 1209 5056 1266 5111; x_wconf 91' lang='lat' dir='ltr'><strong>in</strong></span> <span class='ocrx_word' id='word_1_743' title='bbox 1296 5056 1555 5129; x_wconf 85' lang='lat' dir='ltr'><strong>originali</strong></span> <span class='ocrx_word' id='word_1_744' title='bbox 1587 5057 1707 5112; x_wconf 90' lang='lat' dir='ltr'><strong>labe</strong></span> <span class='ocrx_word' id='word_1_745' title='bbox 1737 5073 1869 5112; x_wconf 90' lang='lat' dir='ltr'><strong>mo-</strong></span> 
     </span>
    </p>
   </div>
   <div class='ocr_carea' id='block_1_97' title="bbox 273 5120 1872 5201">
    <p class='ocr_par' dir='ltr' id='par_1_97' title="bbox 273 5120 1872 5201">
     <span class='ocr_line' id='line_1_97' title="bbox 273 5120 1872 5201; baseline 0.007 -28"><span class='ocrx_word' id='word_1_746' title='bbox 273 5120 472 5178; x_wconf 88' lang='lat' dir='ltr'><strong>rientes</strong></span> <span class='ocrx_word' id='word_1_747' title='bbox 500 5123 570 5201; x_wconf 81' lang='lat' dir='ltr'><strong>ad</strong></span> <span class='ocrx_word' id='word_1_748' title='bbox 600 5123 885 5201; x_wconf 82' lang='lat' dir='ltr'><strong>interitum</strong></span> <span class='ocrx_word' id='word_1_749' title='bbox 907 5142 1126 5198; x_wconf 89' lang='lat' dir='ltr'><strong>pergere</strong></span> <span class='ocrx_word' id='word_1_750' title='bbox 1145 5143 1242 5198; x_wconf 88' lang='lat' dir='ltr'><strong>per</strong></span> <span class='ocrx_word' id='word_1_751' title='bbox 1269 5120 1433 5183; x_wconf 75' lang='lat' dir='ltr'><strong>aliam</strong></span> <span class='ocrx_word' id='word_1_752' title='bbox 1464 5143 1629 5201; x_wconf 91' lang='lat' dir='ltr'><strong>quam</strong></span> <span class='ocrx_word' id='word_1_753' title='bbox 1660 5144 1872 5200; x_wconf 88' lang='lat' dir='ltr'><strong>prava—</strong></span> 
     </span>
    </p>
   </div>
   <div class='ocr_carea' id='block_1_98' title="bbox 272 5195 1742 5280">
    <p class='ocr_par' dir='ltr' id='par_1_98' title="bbox 272 5195 1742 5280">
     <span class='ocr_line' id='line_1_98' title="bbox 272 5195 1742 5280; baseline 0.024 -35"><span class='ocrx_word' id='word_1_754' title='bbox 272 5196 820 5280; x_wconf 53' lang='lat' dir='ltr'><strong>rumncogitationum</strong></span> <span class='ocrx_word' id='word_1_755' title='bbox 849 5195 1095 5280; x_wconf 58' lang='lat' dir='ltr'><strong>jajiuam.</strong></span> <span class='ocrx_word' id='word_1_756' title='bbox 1146 5195 1181 5280; x_wconf 45' lang='grc' dir='ltr'><strong>ί</strong></span> <span class='ocrx_word' id='word_1_757' title='bbox 1208 5269 1232 5280; x_wconf 44' lang='grc' dir='ltr'><strong>ν</strong></span> <span class='ocrx_word' id='word_1_758' title='bbox 1341 5271 1356 5280; x_wconf 89' lang='lat'><em>_</em></span> <span class='ocrx_word' id='word_1_759' title='bbox 1441 5195 1499 5280; x_wconf 50' lang='grc'><em>,”</em></span> <span class='ocrx_word' id='word_1_760' title='bbox 1661 5195 1677 5200; x_wconf 49' lang='grc'><strong>-</strong></span> <span class='ocrx_word' id='word_1_761' title='bbox 1731 5270 1742 5280; x_wconf 92' lang='grc'><strong>.</strong></span> 
     </span>
    </p>
   </div>
   <div class='ocr_carea' id='block_1_99' title="bbox 344 5264 1866 5341">
    <p class='ocr_par' dir='ltr' id='par_1_99' title="bbox 344 5264 1866 5341">
     <span class='ocr_line' id='line_1_99' title="bbox 344 5264 1866 5341; baseline 0.004 -21"><span class='ocrx_word' id='word_1_762' title='bbox 344 5264 363 5297; x_wconf 78' lang='grc'>¹</span> <span class='ocrx_word' id='word_1_763' title='bbox 394 5264 640 5335; x_wconf 62' lang='grc' dir='ltr'><strong>Εὶκίοὶοη</strong></span> <span class='ocrx_word' id='word_1_764' title='bbox 672 5264 875 5341; x_wconf 78' lang='lat' dir='ltr'><strong>aliique</strong></span> <span class='ocrx_word' id='word_1_765' title='bbox 900 5269 1111 5335; x_wconf 88' lang='lat' dir='ltr'><strong>Norm.,</strong></span> <span class='ocrx_word' id='word_1_766' title='bbox 1134 5276 1189 5341; x_wconf 84' lang='lat' dir='ltr'><strong>et</strong></span> <span class='ocrx_word' id='word_1_767' title='bbox 1208 5269 1404 5338; x_wconf 88' lang='lat' dir='ltr'><strong>Laud.,</strong></span> <span class='ocrx_word' id='word_1_768' title='bbox 1438 5270 1694 5341; x_wconf 85' lang='lat' dir='ltr'><strong>bonorum</strong></span> <span class='ocrx_word' id='word_1_769' title='bbox 1720 5270 1866 5326; x_wconf 86' lang='lat' dir='ltr'><strong>inte-</strong></span> 
     </span>
    </p>
   </div>
   <div class='ocr_carea' id='block_1_100' title="bbox 272 5333 1866 5422">
    <p class='ocr_par' dir='ltr' id='par_1_100' title="bbox 272 5333 1866 5422">
     <span class='ocr_line' id='line_1_100' title="bbox 272 5333 1866 5422; baseline 0.006 -33"><span class='ocrx_word' id='word_1_770' title='bbox 272 5333 479 5412; x_wconf 65' lang='lat' dir='ltr'><strong>riorum</strong></span> <span class='ocrx_word' id='word_1_771' title='bbox 507 5344 600 5403; x_wconf 89' lang='lat' dir='ltr'><strong>est,</strong></span> <span class='ocrx_word' id='word_1_772' title='bbox 614 5333 668 5422; x_wconf 74' lang='lat' dir='ltr'><strong>et</strong></span> <span class='ocrx_word' id='word_1_773' title='bbox 693 5333 1043 5422; x_wconf 46' lang='lat' dir='ltr'><strong>nequaquam.</strong></span> <span class='ocrx_word' id='word_1_774' title='bbox 1058 5333 1199 5422; x_wconf 82' lang='lat' dir='ltr'><strong>Ipsis</strong></span> <span class='ocrx_word' id='word_1_775' title='bbox 1217 5333 1462 5422; x_wconf 77' lang='lat' dir='ltr'><strong>concinit</strong></span> <span class='ocrx_word' id='word_1_776' title='bbox 1473 5340 1636 5398; x_wconf 83' lang='lat' dir='ltr'><strong>Corb.</strong></span> <span class='ocrx_word' id='word_1_777' title='bbox 1655 5340 1839 5398; x_wconf 88' lang='lat' dir='ltr'><strong>Germ.</strong></span> <span class='ocrx_word' id='word_1_778' title='bbox 1849 5385 1866 5412; x_wconf 93' lang='lat'><strong>,</strong></span> 
     </span>
    </p>
   </div>
   <div class='ocr_carea' id='block_1_101' title="bbox 274 5412 1866 5554">
    <p class='ocr_par' dir='ltr' id='par_1_101' title="bbox 274 5412 1866 5554">
     <span class='ocr_line' id='line_1_101' title="bbox 274 5412 1570 5540; baseline 0.008 -81"><span class='ocrx_word' id='word_1_779' title='bbox 274 5420 329 5459; x_wconf 82' lang='lat' dir='ltr'><strong>1n</strong></span> <span class='ocrx_word' id='word_1_780' title='bbox 357 5421 471 5534; x_wconf 52' lang='lat' dir='ltr'><strong>qﬁo</strong></span> <span class='ocrx_word' id='word_1_781' title='bbox 497 5417 757 5493; x_wconf 73' lang='lat' dir='ltr'><strong>praeterea</strong></span> <span class='ocrx_word' id='word_1_782' title='bbox 786 5412 985 5538; x_wconf 57' lang='lat' dir='ltr'><strong>leggtur</strong></span> <span class='ocrx_word' id='word_1_783' title='bbox 1009 5412 1150 5480; x_wconf 88' lang='lat' dir='ltr'><strong>ante,</strong></span> <span class='ocrx_word' id='word_1_784' title='bbox 1181 5419 1475 5540; x_wconf 46' lang='lat' dir='ltr'><strong>pipacaute.</strong></span> <span class='ocrx_word' id='word_1_785' title='bbox 1558 5485 1570 5496; x_wconf 31' lang='grc' dir='ltr'>ι</span> 
     </span>
     <span class='ocr_line' id='line_1_102' title="bbox 302 5477 1866 5554; baseline 0.004 -21"><span class='ocrx_word' id='word_1_786' title='bbox 302 5477 363 5554; x_wconf 37' lang='grc'><strong>,³</strong></span> <span class='ocrx_word' id='word_1_787' title='bbox 443 5487 635 5554; x_wconf 79' lang='lat' dir='ltr'><strong>eestse</strong></span> <span class='ocrx_word' id='word_1_788' title='bbox 662 5499 720 5538; x_wconf 82' lang='grc' dir='ltr'><strong>ιη</strong></span> <span class='ocrx_word' id='word_1_789' title='bbox 750 5482 857 5541; x_wconf 87' lang='lat' dir='ltr'><strong>Cor</strong></span> <span class='ocrx_word' id='word_1_790' title='bbox 899 5483 1160 5554; x_wconf 84' lang='lat' dir='ltr'><strong>.Germ.,</strong></span> <span class='ocrx_word' id='word_1_791' title='bbox 1294 5484 1434 5554; x_wconf 89' lang='lat' dir='ltr'><strong>tell.,</strong></span> <span class='ocrx_word' id='word_1_792' title='bbox 1482 5484 1625 5542; x_wconf 79' lang='lat' dir='ltr'><strong>Utic.</strong></span> <span class='ocrx_word' id='word_1_793' title='bbox 1672 5492 1727 5541; x_wconf 92' lang='lat' dir='ltr'><strong>et</strong></span> <span class='ocrx_word' id='word_1_794' title='bbox 1771 5484 1866 5553; x_wconf 91' lang='lat' dir='ltr'><strong>al.,</strong></span> 
     </span>
    </p>
   </div>
   <div class='ocr_carea' id='block_1_102' title="bbox 272 5546 1868 5637">
    <p class='ocr_par' dir='ltr' id='par_1_102' title="bbox 272 5546 1868 5637">
     <span class='ocr_line' id='line_1_103' title="bbox 272 5546 1868 5637; baseline 0.005 -34"><span class='ocrx_word' id='word_1_795' title='bbox 272 5546 457 5637; x_wconf 71' lang='lat' dir='ltr'><strong>sicque</strong></span> <span class='ocrx_word' id='word_1_796' title='bbox 500 5551 718 5637; x_wconf 66' lang='lat' dir='ltr'><strong>legitur,</strong></span> <span class='ocrx_word' id='word_1_797' title='bbox 770 5554 1097 5637; x_wconf 55' lang='lat' dir='ltr'><strong>fortitudo...</strong></span> <span class='ocrx_word' id='word_1_798' title='bbox 1129 5546 1362 5637; x_wconf 79' lang='lat' dir='ltr'><strong>dilatat;</strong></span> <span class='ocrx_word' id='word_1_799' title='bbox 1406 5546 1868 5637; x_wconf 77' lang='lat' dir='ltr'><strong>quemadmodum</strong></span> 
     </span>
    </p>
   </div>
   <div class='ocr_carea' id='block_1_103' title="bbox 274 5627 1873 5773">
    <p class='ocr_par' dir='ltr' id='par_1_103' title="bbox 274 5627 1873 5773">
     <span class='ocr_line' id='line_1_104' title="bbox 274 5627 1769 5725; baseline 0.003 -47"><span class='ocrx_word' id='word_1_800' title='bbox 274 5627 541 5725; x_wconf 77' lang='lat' dir='ltr'><strong>superius,</strong></span> <span class='ocrx_word' id='word_1_801' title='bbox 569 5627 755 5698; x_wconf 83' lang='lat' dir='ltr'><strong>inopia</strong></span> <span class='ocrx_word' id='word_1_802' title='bbox 781 5627 1046 5693; x_wconf 81' lang='lat' dir='ltr'><strong>humiliat,</strong></span> <span class='ocrx_word' id='word_1_803' title='bbox 1073 5627 1340 5682; x_wconf 82' lang='lat' dir='ltr'><strong>cruciatus</strong></span> <span class='ocrx_word' id='word_1_804' title='bbox 1360 5627 1627 5710; x_wconf 72' lang='lat' dir='ltr'><strong>angustat.</strong></span> <span class='ocrx_word' id='word_1_805' title='bbox 1757 5699 1769 5710; x_wconf 38' lang='lat'><em>.</em></span> 
     </span>
     <span class='ocr_line' id='line_1_105' title="bbox 310 5692 1873 5773; baseline -0.003 -12"><span class='ocrx_word' id='word_1_806' title='bbox 404 5692 607 5773; x_wconf 60' lang='lat' dir='ltr'><strong>Tyron.</strong></span> <span class='ocrx_word' id='word_1_807' title='bbox 645 5704 708 5773; x_wconf 71' lang='lat' dir='ltr'><strong>9t</strong></span> <span class='ocrx_word' id='word_1_808' title='bbox 744 5696 943 5773; x_wconf 68' lang='lat' dir='ltr'><strong>Laud,</strong></span> <span class='ocrx_word' id='word_1_809' title='bbox 998 5697 1239 5773; x_wconf 58' lang='lat' dir='ltr'><strong>optabat.</strong></span> <span class='ocrx_word' id='word_1_810' title='bbox 1272 5698 1620 5773; x_wconf 16' lang='lat' dir='ltr'><strong>sed‘melius</strong></span> <span class='ocrx_word' id='word_1_811' title='bbox 1662 5701 1873 5773; x_wconf 71' lang='lat' dir='ltr'><strong>legitur</strong></span> 
     </span>
    </p>
   </div>
   <div class='ocr_carea' id='block_1_104' title="bbox 275 5740 1867 5845">
    <p class='ocr_par' dir='ltr' id='par_1_104' title="bbox 275 5740 1867 5845">
     <span class='ocr_line' id='line_1_106' title="bbox 275 5740 1867 5845; baseline 0.009 -30"><span class='ocrx_word' id='word_1_812' title='bbox 275 5740 615 5824; x_wconf 67' lang='grc' dir='ltr'><strong>οωεηὲιῖᾶἴῖἶὶ</strong></span> <span class='ocrx_word' id='word_1_813' title='bbox 637 5740 986 5828; x_wconf 64' lang='grc' dir='ltr'><strong>ᾶόιέῗᾶἓὲὶη</strong></span> <span class='ocrx_word' id='word_1_814' title='bbox 996 5740 1551 5839; x_wconf 51' lang='grc' dir='ltr'><strong>ζ”ἦιῐιΪιῆίὲἶῖἱ</strong></span> <span class='ocrx_word' id='word_1_815' title='bbox 1559 5740 1867 5845; x_wconf 71' lang='grc' dir='ltr'><strong>’ῥῖθὲἷὲᾁὶιέ</strong></span> 
     </span>
    </p>
   </div>
   <div class='ocr_carea' id='block_1_105' title="bbox 1980 4585 3587 4662">
    <p class='ocr_par' dir='ltr' id='par_1_105' title="bbox 1980 4585 3587 4662">
     <span class='ocr_line' id='line_1_107' title="bbox 1980 4585 3587 4662; baseline 0.003 -19"><span class='ocrx_word' id='word_1_816' title='bbox 1980 4585 2294 4660; x_wconf 90' lang='lat' dir='ltr'><strong>splendent,</strong></span> <span class='ocrx_word' id='word_1_817' title='bbox 2320 4594 2376 4642; x_wconf 91' lang='lat' dir='ltr'><strong>et</strong></span> <span class='ocrx_word' id='word_1_818' title='bbox 2401 4594 2589 4644; x_wconf 89' lang='lat' dir='ltr'><strong>tamen</strong></span> <span class='ocrx_word' id='word_1_819' title='bbox 2618 4586 2688 4643; x_wconf 89' lang='lat' dir='ltr'><strong>ad</strong></span> <span class='ocrx_word' id='word_1_820' title='bbox 2716 4587 2883 4644; x_wconf 85' lang='lat' dir='ltr'><strong>ﬁnem</strong></span> <span class='ocrx_word' id='word_1_821' title='bbox 2913 4602 3076 4644; x_wconf 90' lang='lat' dir='ltr'><strong>suum</strong></span> <span class='ocrx_word' id='word_1_822' title='bbox 3104 4589 3368 4662; x_wconf 64' lang='lat' dir='ltr'><strong>nequitia</strong></span> <span class='ocrx_word' id='word_1_823' title='bbox 3396 4589 3587 4650; x_wconf 83' lang='lat' dir='ltr'><strong>obscu-</strong></span> 
     </span>
    </p>
   </div>
   <div class='ocr_carea' id='block_1_106' title="bbox 1982 4676 3585 4753">
    <p class='ocr_par' dir='ltr' id='par_1_106' title="bbox 1982 4676 3585 4753">
     <span class='ocr_line' id='line_1_108' title="bbox 1982 4676 3585 4753; baseline 0.003 -21"><span class='ocrx_word' id='word_1_824' title='bbox 1982 4677 2146 4733; x_wconf 89' lang='lat' dir='ltr'><strong>ritate</strong></span> <span class='ocrx_word' id='word_1_825' title='bbox 2178 4676 2565 4744; x_wconf 87' lang='lat' dir='ltr'><strong>tenehrantur;</strong></span> <span class='ocrx_word' id='word_1_826' title='bbox 2599 4683 2655 4733; x_wconf 88' lang='lat' dir='ltr'><strong>et</strong></span> <span class='ocrx_word' id='word_1_827' title='bbox 2693 4678 2899 4735; x_wconf 89' lang='lat' dir='ltr'><strong>multos</strong></span> <span class='ocrx_word' id='word_1_828' title='bbox 2924 4677 3211 4737; x_wconf 89' lang='lat' dir='ltr'><strong>cernimus</strong></span> <span class='ocrx_word' id='word_1_829' title='bbox 3239 4688 3585 4753; x_wconf 89' lang='lat' dir='ltr'><strong>peccatorum</strong></span> 
     </span>
    </p>
   </div>
   <div class='ocr_carea' id='block_1_107' title="bbox 1981 4769 3587 4845">
    <p class='ocr_par' dir='ltr' id='par_1_107' title="bbox 1981 4769 3587 4845">
     <span class='ocr_line' id='line_1_109' title="bbox 1981 4769 3587 4845; baseline 0.001 -20"><span class='ocrx_word' id='word_1_830' title='bbox 1981 4769 2229 4827; x_wconf 87' lang='lat' dir='ltr'><strong>tenebris</strong></span> <span class='ocrx_word' id='word_1_831' title='bbox 2259 4769 2573 4843; x_wconf 89' lang='lat' dir='ltr'><strong>obvolutos,</strong></span> <span class='ocrx_word' id='word_1_832' title='bbox 2604 4778 2659 4828; x_wconf 92' lang='lat' dir='ltr'><strong>et</strong></span> <span class='ocrx_word' id='word_1_833' title='bbox 2685 4777 2869 4829; x_wconf 88' lang='lat' dir='ltr'><strong>tamen</strong></span> <span class='ocrx_word' id='word_1_834' title='bbox 2893 4770 3057 4845; x_wconf 85' lang='lat' dir='ltr'><strong>juxta</strong></span> <span class='ocrx_word' id='word_1_835' title='bbox 3083 4772 3214 4830; x_wconf 76' lang='lat' dir='ltr'><strong>vitae</strong></span> <span class='ocrx_word' id='word_1_836' title='bbox 3243 4788 3355 4830; x_wconf 64' lang='lat' dir='ltr'><strong>suae</strong></span> <span class='ocrx_word' id='word_1_837' title='bbox 3383 4773 3587 4829; x_wconf 89' lang='lat' dir='ltr'><strong>termi-</strong></span> 
     </span>
    </p>
   </div>
   <div class='ocr_carea' id='block_1_108' title="bbox 2055 4978 3196 5051">
    <p class='ocr_par' dir='ltr' id='par_1_108' title="bbox 2055 4978 3196 5051">
     <span class='ocr_line' id='line_1_110' title="bbox 2055 4978 3196 5051; baseline 0 -17"><span class='ocrx_word' id='word_1_838' title='bbox 2055 4981 2074 5015; x_wconf 75' lang='grc'><strong>⁴</strong></span> <span class='ocrx_word' id='word_1_839' title='bbox 2106 4979 2280 5051; x_wconf 84' lang='lat' dir='ltr'><strong>Pratel</strong></span> <span class='ocrx_word' id='word_1_840' title='bbox 2294 5023 2329 5047; x_wconf 92' lang='lat'><strong>.,</strong></span> <span class='ocrx_word' id='word_1_841' title='bbox 2354 4978 2804 5051; x_wconf 80' lang='lat' dir='ltr'><strong>considerandum</strong></span> <span class='ocrx_word' id='word_1_842' title='bbox 2821 4978 3196 5051; x_wconf 79' lang='lat' dir='ltr'><strong>cognoscimus.</strong></span> 
     </span>
    </p>
   </div>
   <div class='ocr_carea' id='block_1_109' title="bbox 2050 5046 3580 5117">
    <p class='ocr_par' dir='ltr' id='par_1_109' title="bbox 2050 5046 3580 5117">
     <span class='ocr_line' id='line_1_111' title="bbox 2050 5046 3580 5117; baseline 0.001 -13"><span class='ocrx_word' id='word_1_843' title='bbox 2050 5054 2072 5087; x_wconf 76' lang='grc'><strong><em>⁵</em></strong></span> <span class='ocrx_word' id='word_1_844' title='bbox 2102 5049 2193 5106; x_wconf 86' lang='lat' dir='ltr'><strong>Sic</strong></span> <span class='ocrx_word' id='word_1_845' title='bbox 2222 5046 2481 5117; x_wconf 85' lang='lat' dir='ltr'><strong>Vindoc.,</strong></span> <span class='ocrx_word' id='word_1_846' title='bbox 2513 5049 2676 5107; x_wconf 90' lang='lat' dir='ltr'><strong>Corb.</strong></span> <span class='ocrx_word' id='word_1_847' title='bbox 2711 5046 2920 5117; x_wconf 64' lang='lat' dir='ltr'><strong>GermI,</strong></span> <span class='ocrx_word' id='word_1_848' title='bbox 2961 5050 3157 5116; x_wconf 91' lang='lat' dir='ltr'><strong>Laud.,</strong></span> <span class='ocrx_word' id='word_1_849' title='bbox 3191 5046 3418 5117; x_wconf 83' lang='lat' dir='ltr'><strong>Pratel.,</strong></span> <span class='ocrx_word' id='word_1_850' title='bbox 3448 5050 3580 5117; x_wconf 87' lang='lat' dir='ltr'><strong>etc.,</strong></span> 
     </span>
    </p>
   </div>
   <div class='ocr_carea' id='block_1_110' title="bbox 1982 5120 3231 5192">
    <p class='ocr_par' dir='ltr' id='par_1_110' title="bbox 1982 5120 3231 5192">
     <span class='ocr_line' id='line_1_112' title="bbox 1982 5120 3231 5192; baseline -0.002 -13"><span class='ocrx_word' id='word_1_851' title='bbox 1982 5137 2197 5179; x_wconf 88' lang='lat' dir='ltr'><strong>necnon</strong></span> <span class='ocrx_word' id='word_1_852' title='bbox 2226 5127 2338 5178; x_wconf 89' lang='lat' dir='ltr'><strong>vet.</strong></span> <span class='ocrx_word' id='word_1_853' title='bbox 2368 5120 2473 5175; x_wconf 90' lang='lat' dir='ltr'><strong>Ed.</strong></span> <span class='ocrx_word' id='word_1_854' title='bbox 2509 5121 2577 5192; x_wconf 86' lang='lat' dir='ltr'><strong>In</strong></span> <span class='ocrx_word' id='word_1_855' title='bbox 2601 5128 2805 5177; x_wconf 88' lang='lat' dir='ltr'><strong>recent.</strong></span> <span class='ocrx_word' id='word_1_856' title='bbox 2845 5121 3045 5192; x_wconf 89' lang='lat' dir='ltr'><strong>legitur</strong></span> <span class='ocrx_word' id='word_1_857' title='bbox 3071 5120 3231 5177; x_wconf 87' lang='lat' dir='ltr'><strong>dicat.</strong></span> 
     </span>
    </p>
   </div>
   <div class='ocr_carea' id='block_1_111' title="bbox 2054 5191 2818 5264">
    <p class='ocr_par' dir='ltr' id='par_1_111' title="bbox 2054 5191 2818 5264">
     <span class='ocr_line' id='line_1_113' title="bbox 2054 5191 2818 5264; baseline -0.004 -14"><span class='ocrx_word' id='word_1_858' title='bbox 2054 5195 2076 5229; x_wconf 77' lang='grc' dir='ltr'><strong>δ</strong></span> <span class='ocrx_word' id='word_1_859' title='bbox 2106 5193 2333 5250; x_wconf 82' lang='lat' dir='ltr'><strong>Recent.</strong></span> <span class='ocrx_word' id='word_1_860' title='bbox 2375 5191 2603 5264; x_wconf 80' lang='lat' dir='ltr'><strong>Excusi,</strong></span> <span class='ocrx_word' id='word_1_861' title='bbox 2636 5194 2818 5264; x_wconf 84' lang='lat' dir='ltr'><strong>plane.</strong></span> 
     </span>
    </p>
   </div>
   <div class='ocr_carea' id='block_1_112' title="bbox 2050 5261 3576 5335">
    <p class='ocr_par' dir='ltr' id='par_1_112' title="bbox 2050 5261 3576 5335">
     <span class='ocr_line' id='line_1_114' title="bbox 2050 5261 3576 5335; baseline 0.001 -16"><span class='ocrx_word' id='word_1_862' title='bbox 2050 5266 2069 5299; x_wconf 83' lang='grc'>⁷</span> <span class='ocrx_word' id='word_1_863' title='bbox 2102 5264 2164 5319; x_wconf 91' lang='lat' dir='ltr'><strong>In</strong></span> <span class='ocrx_word' id='word_1_864' title='bbox 2207 5271 2411 5335; x_wconf 81' lang='lat' dir='ltr'><strong>recent.</strong></span> <span class='ocrx_word' id='word_1_865' title='bbox 2466 5261 2719 5335; x_wconf 71' lang='lat' dir='ltr'><strong>vulgatis</strong></span> <span class='ocrx_word' id='word_1_866' title='bbox 2771 5263 2947 5335; x_wconf 52' lang='lat' dir='ltr'><strong>ﬁrmo,</strong></span> <span class='ocrx_word' id='word_1_867' title='bbox 3000 5261 3399 5335; x_wconf 74' lang='lat' dir='ltr'><strong>reluctantibus</strong></span> <span class='ocrx_word' id='word_1_868' title='bbox 3447 5264 3576 5335; x_wconf 77' lang='lat' dir='ltr'><strong>Mss.</strong></span> 
     </span>
    </p>
   </div>
   <div class='ocr_carea' id='block_1_113' title="bbox 1978 5332 3583 5404">
    <p class='ocr_par' dir='ltr' id='par_1_113' title="bbox 1978 5332 3583 5404">
     <span class='ocr_line' id='line_1_115' title="bbox 1978 5332 3583 5404; baseline 0.002 -13"><span class='ocrx_word' id='word_1_869' title='bbox 1978 5335 2208 5402; x_wconf 87' lang='lat' dir='ltr'><strong>Turon.,</strong></span> <span class='ocrx_word' id='word_1_870' title='bbox 2241 5334 2501 5404; x_wconf 87' lang='lat' dir='ltr'><strong>Vindoc.,</strong></span> <span class='ocrx_word' id='word_1_871' title='bbox 2545 5332 2743 5401; x_wconf 75' lang='lat' dir='ltr'><strong>Laud,</strong></span> <span class='ocrx_word' id='word_1_872' title='bbox 2772 5332 2950 5391; x_wconf 55' lang='lat' dir='ltr'><strong>&#39;Corb.</strong></span> <span class='ocrx_word' id='word_1_873' title='bbox 2993 5333 3179 5393; x_wconf 86' lang='lat' dir='ltr'><strong>Germ.</strong></span> <span class='ocrx_word' id='word_1_874' title='bbox 3213 5344 3268 5394; x_wconf 92' lang='lat' dir='ltr'><strong>et</strong></span> <span class='ocrx_word' id='word_1_875' title='bbox 3296 5334 3583 5394; x_wconf 87' lang='lat' dir='ltr'><strong>veteribus</strong></span> 
     </span>
    </p>
   </div>
   <div class='ocr_carea' id='block_1_114' title="bbox 1976 5404 2238 5465">
    <p class='ocr_par' dir='ltr' id='par_1_114' title="bbox 1976 5404 2238 5465">
     <span class='ocr_line' id='line_1_116' title="bbox 1976 5404 2238 5465; baseline -0.008 -1"><span class='ocrx_word' id='word_1_876' title='bbox 1976 5404 2238 5465; x_wconf 86' lang='lat' dir='ltr'><strong>Excusis.</strong></span> 
     </span>
    </p>
   </div>
   <div class='ocr_carea' id='block_1_115' title="bbox 2053 5476 3581 5546">
    <p class='ocr_par' dir='ltr' id='par_1_115' title="bbox 2053 5476 3581 5546">
     <span class='ocr_line' id='line_1_117' title="bbox 2053 5476 3581 5546; baseline 0.001 -12"><span class='ocrx_word' id='word_1_877' title='bbox 2053 5479 2074 5514; x_wconf 78' lang='grc'>⁸</span> <span class='ocrx_word' id='word_1_878' title='bbox 2102 5477 2276 5546; x_wconf 89' lang='lat' dir='ltr'><strong>Editi,</strong></span> <span class='ocrx_word' id='word_1_879' title='bbox 2299 5477 2440 5533; x_wconf 87' lang='lat' dir='ltr'><strong>inter</strong></span> <span class='ocrx_word' id='word_1_880' title='bbox 2452 5476 2628 5532; x_wconf 84' lang='lat' dir='ltr'><strong>verba.</strong></span> <span class='ocrx_word' id='word_1_881' title='bbox 2651 5476 2755 5534; x_wconf 90' lang='lat' dir='ltr'><strong>Sed</strong></span> <span class='ocrx_word' id='word_1_882' title='bbox 2786 5478 3056 5536; x_wconf 89' lang='lat' dir='ltr'><strong>sermonis</strong></span> <span class='ocrx_word' id='word_1_883' title='bbox 3085 5478 3252 5535; x_wconf 88' lang='lat' dir='ltr'><strong>series</strong></span> <span class='ocrx_word' id='word_1_884' title='bbox 3281 5477 3477 5546; x_wconf 88' lang='lat' dir='ltr'><strong>probat</strong></span> <span class='ocrx_word' id='word_1_885' title='bbox 3506 5479 3581 5537; x_wconf 42' lang='lat' dir='ltr'><strong>les</strong></span> 
     </span>
    </p>
   </div>
   <div class='ocr_carea' id='block_1_116' title="bbox 1981 5548 3573 5646">
    <p class='ocr_par' dir='ltr' id='par_1_116' title="bbox 1981 5548 3573 5646">
     <span class='ocr_line' id='line_1_118' title="bbox 1981 5548 3573 5646; baseline -0.001 -37"><span class='ocrx_word' id='word_1_886' title='bbox 1981 5549 2218 5646; x_wconf 65' lang='lat' dir='ltr'><strong>gendum</strong></span> <span class='ocrx_word' id='word_1_887' title='bbox 2238 5550 2384 5646; x_wconf 55' lang='lat' dir='ltr'><strong>inter</strong></span> <span class='ocrx_word' id='word_1_888' title='bbox 2395 5549 2731 5646; x_wconf 31' lang='lat' dir='ltr'><strong>uerberaznut</strong></span> <span class='ocrx_word' id='word_1_889' title='bbox 2750 5548 2915 5646; x_wconf 65' lang='lat' dir='ltr'><strong>etiam</strong></span> <span class='ocrx_word' id='word_1_890' title='bbox 2945 5550 3146 5624; x_wconf 89' lang='lat' dir='ltr'><strong>legitur</strong></span> <span class='ocrx_word' id='word_1_891' title='bbox 3166 5550 3225 5606; x_wconf 90' lang='lat' dir='ltr'><strong>in</strong></span> <span class='ocrx_word' id='word_1_892' title='bbox 3251 5548 3381 5609; x_wconf 79' lang='lat' dir='ltr'><strong>Mss.</strong></span> <span class='ocrx_word' id='word_1_893' title='bbox 3401 5550 3573 5610; x_wconf 88' lang='lat' dir='ltr'><strong>Corb.</strong></span> 
     </span>
    </p>
   </div>
   <div class='ocr_carea' id='block_1_117' title="bbox 1980 5621 3504 5706">
    <p class='ocr_par' dir='ltr' id='par_1_117' title="bbox 1980 5621 3504 5706">
     <span class='ocr_line' id='line_1_119' title="bbox 1980 5621 3504 5706; baseline -0.002 -25"><span class='ocrx_word' id='word_1_894' title='bbox 1980 5621 2859 5706; x_wconf 41' lang='lat' dir='ltr'><strong>Gerlm,.nnglic.,nNorm.‘,etc.</strong></span> <span class='ocrx_word' id='word_1_895' title='bbox 2914 5692 2925 5705; x_wconf 80' lang='lat'>_</span> <span class='ocrx_word' id='word_1_896' title='bbox 3005 5621 3022 5624; x_wconf 67' lang='grc'>⁷</span> <span class='ocrx_word' id='word_1_897' title='bbox 3066 5692 3078 5706; x_wconf 44' lang='lat'><em>.</em></span> <span class='ocrx_word' id='word_1_898' title='bbox 3285 5696 3300 5706; x_wconf 46' lang='lat'><strong>.</strong></span> <span class='ocrx_word' id='word_1_899' title='bbox 3377 5696 3433 5706; x_wconf 55' lang='grc' dir='ltr'>η</span> <span class='ocrx_word' id='word_1_900' title='bbox 3467 5694 3504 5706; x_wconf 53' lang='grc' dir='ltr'>η</span> 
     </span>
    </p>
   </div>
   <div class='ocr_carea' id='block_1_118' title="bbox 2053 5692 3580 5767">
    <p class='ocr_par' dir='ltr' id='par_1_118' title="bbox 2053 5692 3580 5767">
     <span class='ocr_line' id='line_1_120' title="bbox 2053 5692 3580 5767; baseline -0.002 -15"><span class='ocrx_word' id='word_1_901' title='bbox 2053 5698 2074 5732; x_wconf 75' lang='lat'><strong>9</strong></span> <span class='ocrx_word' id='word_1_902' title='bbox 2114 5694 2271 5767; x_wconf 80' lang='lat' dir='ltr'><strong>Editi</strong></span> <span class='ocrx_word' id='word_1_903' title='bbox 2306 5692 2433 5767; x_wconf 84' lang='lat' dir='ltr'><strong>cum</strong></span> <span class='ocrx_word' id='word_1_904' title='bbox 2466 5692 2630 5767; x_wconf 73' lang='lat' dir='ltr'><strong>Corb.</strong></span> <span class='ocrx_word' id='word_1_905' title='bbox 2663 5692 2873 5767; x_wconf 69' lang='lat' dir='ltr'><strong>Germ,</strong></span> <span class='ocrx_word' id='word_1_906' title='bbox 2904 5692 2961 5749; x_wconf 88' lang='lat' dir='ltr'><strong>in</strong></span> <span class='ocrx_word' id='word_1_907' title='bbox 2990 5692 3144 5767; x_wconf 86' lang='lat' dir='ltr'><strong>cujus</strong></span> <span class='ocrx_word' id='word_1_908' title='bbox 3170 5696 3346 5753; x_wconf 81' lang='lat' dir='ltr'><strong>corde.</strong></span> <span class='ocrx_word' id='word_1_909' title='bbox 3376 5694 3580 5755; x_wconf 79' lang='lat' dir='ltr'><strong>Melius</strong></span> 
     </span>
    </p>
   </div>
   <div class='ocr_carea' id='block_1_119' title="bbox 1980 5763 3505 5840">
    <p class='ocr_par' dir='ltr' id='par_1_119' title="bbox 1980 5763 3505 5840">
     <span class='ocr_line' id='line_1_121' title="bbox 1980 5763 3505 5840; baseline -0.002 -14"><span class='ocrx_word' id='word_1_910' title='bbox 1980 5767 2109 5826; x_wconf 83' lang='lat' dir='ltr'><strong>Mss.</strong></span> <span class='ocrx_word' id='word_1_911' title='bbox 2126 5765 2388 5837; x_wconf 84' lang='lat' dir='ltr'><strong>Vindoc.,</strong></span> <span class='ocrx_word' id='word_1_912' title='bbox 2415 5763 2639 5824; x_wconf 90' lang='lat' dir='ltr'><strong>Ebroic.</strong></span> <span class='ocrx_word' id='word_1_913' title='bbox 2658 5764 2866 5840; x_wconf 85' lang='lat' dir='ltr'><strong>aliique</strong></span> <span class='ocrx_word' id='word_1_914' title='bbox 2893 5763 3104 5839; x_wconf 78' lang='lat' dir='ltr'><strong>Norni.,</strong></span> <span class='ocrx_word' id='word_1_915' title='bbox 3128 5768 3185 5826; x_wconf 88' lang='lat' dir='ltr'><strong>in</strong></span> <span class='ocrx_word' id='word_1_916' title='bbox 3213 5767 3366 5837; x_wconf 87' lang='lat' dir='ltr'><strong>cujus</strong></span> <span class='ocrx_word' id='word_1_917' title='bbox 3395 5783 3505 5823; x_wconf 89' lang='lat' dir='ltr'><strong>cor.</strong></span> 
     </span>
    </p>
   </div>
  </div>
