4152 6182
574 243 682 300 495

1795 242 2044 301 SANCTI
2082 243 2422 304 GREGORII
2458 246 2686 305 MAGNI

3771 254 3872 316 496

575 381 707 423 num
728 363 982 436 repente1
1004 361 1161 421 reddi
1177 363 1289 422 luci
1310 362 1544 437 justitiw
1562 364 2177 427 liberos.Multosetiam
2205 373 2258 434 Α
2289 388 2388 430 cur
2415 371 2605 430 beatus
2632 372 2734 430 Job
2764 371 2831 431 de
2863 380 2977 431 tam
3011 373 3196 432 valida
3228 374 3533 450 quaestione
3560 377 3873 452 requiritur,

556 454 834 512 .novimus
852 452 1018 535 s_emel
1049 454 1333 512 inventam
1350 455 1497 513 viam
1522 455 1757 529 justitiaa
1776 456 1988 515 illibate
2004 474 2180 533 usque

571 544 641 603 ad
670 552 905 603 mortem
935 545 1202 615 tenuisse,
1231 552 1286 603 et
1322 546 1612 622 plerosque
1640 548 2035 621 conspeximus
2077 565 2185 607 us-‘

571 650 678 711 que
707 634 775 693 ad
802 636 1018 694 exitum
1048 644 1224 709 coepta
1257 639 1426 696 semel
1455 638 1692 696 crimina
1720 639 1840 696 sine
1875 639 2179 697 cessatione

570 728 902 785 cumulasse.

643 821 730 879 33.
749 823 1084 881 Judiciorum
1098 824 1199 882 Dei
1217 822 1426 891 nubila,
1448 822 1636 878 mentis
1655 829 1854 878 nostra:
1874 822 2048 878 radiis
2076 823 2173 878 im-

563 913 988 986 pervia—Quis
1009 929 1140 971 vero
1169 914 1314 970 inter
1335 906 1440 968 ista
1458 912 1805 969 occultorum
1833 909 2175 983 judiciorum

569 1001 762 1059 nubila
790 1003 992 1060 mentis
1020 1018 1132 1058 suae
1155 1002 1373 1060 radium
1403 1001 1609 1072 mittat,
1631 1009 1693 1059 ut
1721 1001 1908 1075 aliqua
1925 1001 2175 1059 conside-

569 1091 781 1148 ratione
801 1090 1098 1159 discernat,
1121 1092 1210 1147 vel
1231 1091 1357 1165 quis
1378 1091 1638 1164 perduret
1667 1092 1726 1148 in
1748 1091 1915 1161 malo,
1938 1091 2025 1148 vel
2049 1092 2175 1165 quis

566 1196 879 1262 perseveret
917 1189 976 1244 in
1006 1187 1175 1257 bono,
1207 1190 1296 1245 vel
1329 1190 1455 1262 quis
1497 1190 1568 1247 ab
1615 1189 1824 1246 inﬁmis
1853 1186 1997 1245 932
2028 1205 2173 1247 con-

567 1283 815 1333 vertatur
842 1276 911 1333 ad
941 1293 1180 1348 summa,
1213 1277 1303 1335 vel
1334 1279 1459 1352 quis
1488 1295 1519 1336 a
1548 1280 1783 1336 summis
1814 1279 1834 1313 ²
1865 1287 2174 1336 revertatur

564 1366 631 1425 ad
664 1365 857 1423 inﬁma
876 1367 904 1424 ?
931 1367 1133 1424 Latent
1160 1366 1280 1425 haec
1307 1383 1502 1425 sensus
1530 1368 1850 1439 hominum,
1875 1386 1975 1427 nec
1996 1369 2174 1444 quid-

566 1471 730 1529 quam
749 1455 817 1513 de
844 1455 1140 1528 cujuslibet
1168 1456 1278 1513 ﬁne
1308 1457 1679 1530 cognoscitur,
1701 1459 1835 1531 quia
1848 1457 2169 1515 divinorum

558 1547 901 1620 judiciorum
917 1548 1150 1621 abyssus
1169 1547 1425 1604 humanae
1446 1549 1649 1605 mentis
1667 1550 1831 1606 oculo
1855 1550 2170 1608 nullatenus

563 1644 899 1710 penetratur.
930 1636 1199 1696 Videmus
1228 1653 1469 1711 namque
1501 1637 1650 1711 quod
1679 1639 1776 1696 illa
1803 1639 2032 1698 adversa
2053 1642 2168 1698 Deo

2291 477 2411 534 quae
2442 462 2672 519 omnino
2700 461 2769 519 ab
2812 462 3135 521 hominibus
3172 462 3479 537 ignoratur,
3513 471 3576 521 ut
3612 464 3873 539 justorum

2289 551 2720 627 iniquorumque
2741 552 3043 611 terminum
3066 553 3516 626 comprehendat,
3539 554 3648 612 nisi
3678 565 3738 613 ut
3756 558 3876 616 alio-

2287 656 2410 697 rum
2431 640 2598 698 ﬁnem
2621 658 2950 715 cognoscere
2970 657 3083 699 non
3102 643 3313 712 valens,
3330 642 3400 699 ad
3430 658 3592 700 suum
3622 656 3875 718 recurrat,

2287 729 2416 803 quia
2443 730 2590 788 sicut
2616 731 2877 802 aliorum,
2907 731 2989 789 sic
3022 732 3189 788 etiam
3218 748 3381 788 suum
3411 732 3641 803 nesciat,
3674 742 3728 790 et
3752 752 3881 794 nes-

2285 818 2466 876 sciens
2488 820 2708 891 timeat,
2730 821 2932 878 timens
2963 819 3312 887 humilietur,
3332 819 3662 877 humiliatus
3686 821 3796 894 jam
3816 823 3878 882 de

2285 908 2542 982 operibus
2572 911 2688 967 suis
2717 911 2912 967 extolli
2959 928 3073 968 non
3104 911 3317 981 debeat,
3362 919 3417 968 et
3460 928 3575 970 non
3618 913 3793 970 elatus
3824 914 3878 971 in

2285 999 2471 1072 gratiae
2490 1016 2615 1057 arce
2641 1001 2899 1074 persistat
2916 1001 2944 1057 ?
2963 1001 3192 1060 Dicatur
3211 1016 3339 1074 ergo
3360 1002 3442 1058 ei:
3463 1003 3485 1037 ⁸
3520 1002 3707 1058 Indica
3734 1003 3877 1072 mihi,

2282 1090 2331 1145 si
2357 1090 2511 1147 habes
2538 1092 2959 1164 intelligentiam,
2989 1093 3047 1147 in
3075 1110 3183 1164 qua
3222 1092 3314 1148 via
3343 1092 3496 1148 habet
3534 1094 3651 1163 tua,
3683 1100 3731 1150 et
3756 1101 3879 1151 tene-

2282 1179 2505 1237 brarum
2532 1182 2652 1254 quis
2678 1183 2821 1239 locus
2850 1182 2953 1248 sit;
2982 1188 3041 1238 ut
3066 1183 3230 1239 ducas
3258 1184 3666 1255 unumquodque
3686 1184 3757 1240 ad
3785 1190 3878 1239 ter-

2280 1267 2451 1325 minos
2478 1286 2624 1327 suos.
2650 1271 2733 1329 Ac
2760 1272 2807 1328 si
2829 1270 3143 1329 diceretur:
3175 1271 3331 1329 Sicut
3357 1272 3453 1353 qui
3484 1271 3551 1329 de
3577 1272 3739 1329 malis
3755 1288 3878 1330 con-

2280 1366 2568 1416 vertantur
2586 1360 2655 1417 ad
2683 1360 2850 1431 bona,
2871 1362 2960 1418 vel
2989 1361 3086 1436 qui
3106 1361 3174 1418 de
3191 1361 3353 1418 bonis
3374 1361 3445 1418 ad
3474 1363 3617 1418 mala
3637 1362 3879 1432 redeant,

2280 1449 2478 1519 nescis,
2500 1450 2579 1507 ita
2597 1451 2761 1508 etiam
2783 1467 2886 1508 nec
2908 1450 2977 1508 de
2999 1459 3055 1507 te
3079 1450 3212 1525 quid
3232 1451 3344 1508 tuis
3376 1452 3586 1509 meritis
3613 1453 3879 1526 exigenti-

2278 1534 2384 1593 bus
2422 1545 2615 1610 agatur
2654 1539 2943 1613 intelligis.
2992 1540 3064 1596 Et
3101 1540 3245 1597 sicut
3287 1541 3528 1598 alienum
3563 1541 3878 1597 nullatenus

2278 1628 2722 1699 comprehendis,
2742 1631 2818 1687 ita
2840 1632 3005 1687 etiam
3026 1638 3182 1687 tuum
3211 1631 3509 1688 terminum
3537 1645 3877 1704 praenoscere

562 1726 844 1800 gentilitas
865 1725 1097 1799 justitiae
1122 1727 1245 1785 luce
1275 1727 1496 1801 perfusa
1524 1736 1628 1798 est,
1659 1736 1714 1784 et
1739 1730 1927 1787 Iudaea
1953 1730 2165 1787 dudum
2198 1743 2245 1804 Β
2274 1731 2388 1771 non
2418 1717 2589 1773 νδιθε·
2626 1718 2745 1774 Ῑδῐη
2775 1720 2926 1776 enim
2959 1728 3229 1794 quantum
3270 1719 3383 1793 ipse
3412 1720 3706 1793 PTOfecel'iS
3745 1721 3877 1792 θεῖε»

562 1816 762 1874 dilecta
781 1817 1026 1891 perﬁdia
1044 1824 1129 1874 est
1154 1826 1316 1875 nocte
1336 1824 1557 1876 caecata.
1578 1818 1796 1876 Scimus
1817 1820 1985 1877 etiam
2016 1822 2164 1895 quod

562 1907 701 1963 latro
730 1907 797 1964 de
834 1908 1086 1982 patibulo
1113 1908 1377 1966 transivit
1416 1907 1487 1965 ad
1533 1924 1764 1982 regnum
1810 1911 1960 1983 (Luc.
1994 1928 2162 1982 xxxii,

560 1995 680 2069 43),
711 1996 883 2054 Iudas
906 1997 973 2055 de
1001 1997 1340 2071 apostolatus
1368 1997 1542 2069 gloria
1569 2005 1654 2055 est
1682 1998 1866 2071 lapsus
1894 1999 1953 2056 in
1981 2007 2166 2057 tarta—

560 2102 683 2143 rum
719 2085 932 2159 (Matth.
965 2103 1147 2157 xxvn,
1178 2087 1261 2161 5).
1310 2087 1660 2161 Rursumque
1690 2088 1821 2161 quia
1864 2089 2163 2163 aliquando

558 2186 732 2235 sortes
747 2194 869 2251 quae
898 2178 1168 2251 coeperint
1196 2194 1308 2235 non
1337 2185 1649 2248 mutantur,
1670 2186 1725 2235 et
1751 2179 2023 2237 latronem
2052 2196 2165 2237 no-

559 2267 745 2324 vimus
771 2268 943 2323 alium
977 2266 1292 2340 pervenisse
1320 2267 1389 2324 ad
1418 2267 1776 2341 supplicium,
1806 2275 1861 2325 et
1887 2269 2162 2341 apostolos

556 2357 765 2416 scimus
804 2357 1111 2431 percepisse
1151 2358 1496 2432 propositum
1532 2358 1680 2432 quod
1717 2356 2162 2417 desideraverant

555 2465 806 2524 regnum.
840 2448 976 2517 Quis
1005 2464 1136 2521 ergo
1164 2447 1429 2507 discutiat
1454 2448 1513 2504 in
1543 2464 1651 2522 qua
1668 2449 1761 2505 via
1794 2448 2008 2505 habitet
2039 2449 2156 2518 lux,

554 2547 609 2595 et
636 2537 988 2594 tenebrarum
1010 2537 1134 2609 quis
1156 2537 1309 2593 locus
1336 2537 1431 2605 sit,
1448 2545 1512 2593 ut
1531 2537 1697 2594 ducat
1724 2538 2160 2612 unumquodque

555 2628 626 2684 ad
649 2628 918 2683 terminos
945 2643 1095 2694 suos,
1121 2633 1176 2682 et
1204 2625 1480 2698 intelligat
1511 2625 1734 2681 semitas
1761 2624 1960 2682 domus
1990 2626 2109 2699 ejus
2131 2626 2161 2684 ?

554 2715 734 2774 Video
762 2716 994 2772 Paulum
1024 2731 1095 2771 ex
1125 2714 1223 2771 illa
1251 2713 1650 2788 persecutionis
1677 2714 1891 2771 saevitia
1919 2715 1988 2772 ad
2026 2733 2160 2788 gra-

555 2806 688 2863 tiam
715 2805 1052 2878 apostolatus
1078 2812 1334 2862 vocatum
1360 2804 1502 2878 (Act.
1528 2819 1607 2873 ix,
1628 2804 1681 2873 1,
1706 2804 1863 2876 seq.),
1891 2812 1945 2860 et
1973 2812 2157 2861 tamen

552 2895 636 2954 sic
667 2897 812 2952 inter
834 2893 1050 2968 judicia
1077 2895 1295 2952 occulta
1322 2893 1607 2962 formidat,
1655 2900 1720 2950 ut
1764 2893 2047 2966 reprobari
2077 2908 2155 2961 se,

552 2988 718 3045 etiam
751 2995 1042 3062 postquam
1058 2993 1290 3044 vocatus
1317 2991 1419 3053 est,
1451 2984 1662 3041 timeat.
1694 2983 1790 3040 Ait
1824 2982 2008 3041 enim:
2049 2982 2157 3039 Ca-

2275 1804 2369 1862 sed
2392 1806 2529 1880 quid
2559 1807 2743 1866 adhuc
2761 1809 2829 1866 de
2859 1818 2913 1867 te
2937 1826 3066 1884 ergo
3096 1811 3153 1868 in
3177 1814 3394 1871 occulto
3413 1814 3643 1870 sentiam
3673 1814 3875 1870 nescis.

2274 1895 2393 1953 Jam
2416 1895 2649 1969 justitiae
2670 1906 2779 1956 tuae
2809 1908 2931 1958 acta
2960 1901 3300 1971 consideras,
3319 1902 3414 1960 sed
3442 1919 3607 1978 quam
3627 1901 3879 1960 districta

2273 1987 2417 2060 apud
2438 2006 2524 2046 me
2553 1999 2856 2063 pensentur
2884 1992 3125 2064 ignoras.
3146 1992 3245 2049 Vsa
3267 1993 3435 2049 etiam
3456 1992 3725 2050 laudabili
3756 1993 3879 2049 vitae

2273 2082 2418 2141 933
2445 2086 2758 2157 hominum,
2783 2088 2832 2145 si
2852 2096 3062 2145 remota
3089 2089 3291 2161 pietate
3314 2087 3619 2161 judicetur,
3642 2090 3779 2162 quia
3799 2089 3883 2147 di-

2271 2177 2462 2234 stricte
2480 2177 2727 2236 discussa
2756 2179 2885 2236 inde
2902 2186 3028 2235 ante
3048 2180 3238 2236 oculos
3260 2178 3468 2250 judicis
3492 2178 3642 2235 unde
3674 2195 3736 2235 se
3767 2179 3882 2251 pla~

2271 2283 2392 2325 cere
2420 2268 2732 2342 suspicatur
2759 2268 3035 2327 obruitur.
3070 2269 3226 2327 Unde
3256 2276 3402 2325 recte
3441 2270 3558 2325 Deo
3606 2283 3709 2341 per
3750 2269 3879 2325 Pro-

2270 2357 2489 2430 phetam
2507 2358 2713 2416 dicitur
2736 2377 2748 2415 :
2772 2360 2892 2417 Non
2903 2360 3069 2415 intres
3095 2358 3155 2413 in
3172 2356 3441 2427 judicium
3457 2373 3575 2412 cum
3593 2373 3748 2412 seruo
3771 2362 3875 2423 tuo,

2269 2449 2397 2520 quia
2439 2464 2545 2502 non
2577 2446 2966 2520 justificabitur
2983 2449 3043 2503 in
3069 2451 3343 2518 conspectu
3385 2451 3472 2501 tuo
3501 2446 3675 2501 omnis
3702 2446 3875 2501 rium

2274 2539 2447 2611 (Psal.
2471 2553 2642 2604 cxm,
2666 2536 2748 2609 2).
2783 2535 2937 2592 Unde
2964 2535 3105 2591 bene
3135 2550 3231 2607 per
3250 2533 3598 2591 Salomonem
3627 2534 3868 2592 dicitur:

2271 2628 2407 2685 Sunt
2446 2626 2584 2697 justi
2620 2632 2779 2697 atque
2814 2625 3093 2698 sapientes,
3138 2630 3187 2679 et
3217 2640 3380 2697 opera
3405 2641 3585 2681 eorum
3612 2625 3673 2680 in
3714 2642 3871 2681 manu

2268 2717 2387 2783 Dei,
2404 2724 2451 2772 et
2476 2723 2646 2772 tamen
2671 2715 2834 2771 nescit
2861 2716 3013 2771 homo
3038 2720 3222 2770 utrum
3240 2731 3437 2783 amore,
3453 2732 3526 2770 an
3543 2715 3665 2770 odia
3682 2715 3876 2787 dignus

2267 2805 2356 2871 sit,
2378 2805 2465 2861 sed
2480 2805 2661 2861 omnia
2688 2805 2747 2859 in
2772 2789 3022 2876 futurum
3042 2810 3325 2859 servantur
3342 2803 3539 2859 incerta
3556 2804 3768 2874 (Eccle.
3789 2819 3868 2871 Iv,

2270 2894 2321 2961 1,
2343 2894 2423 2967 2).
2448 2894 2591 2950 Hinc
2613 2909 2836 2949 rursum
2859 2909 2957 2966 per
2975 2892 3232 2950 eumdem
3256 2892 3596 2950 Salomonem
3618 2891 3867 2949 dicitur:

2269 2982 2397 3050 Quis
2416 2982 2685 3039 hominum
2704 2981 2994 3054 intelligere
3011 2982 3213 3055 poterit
3227 2982 3367 3038 viam
3386 2999 3533 3037 suam
3545 2982 3744 3053 (Prov.
3763 2999 3868 3052 xx,

550 3078 684 3148 stigo
710 3093 902 3148 corpus
928 3094 1123 3142 meum,
1143 3078 1164 3111 ³
1196 3083 1243 3131 et
1278 3076 1336 3132 in
1362 3075 1665 3131 servitutem
1694 3074 1894 3145 redigo,
1924 3091 1988 3129 ne
2018 3072 2158 3144 forte
2185 3104 2229 3164 Ο
2266 3071 2357 3145 24)
2377 3072 2405 3128 ?
2432 3073 2505 3128 Et
2532 3072 2802 3128 nimirum
2826 3071 2974 3128 bona
2992 3072 3207 3128 malave
3222 3071 3346 3146 quis
3360 3070 3566 3128 faciens
3579 3072 3872 3129 conscien-

549 3165 676 3220 aliis
698 3164 1020 3234 pradicans,
1049 3165 1160 3234 ipse
1188 3163 1442 3235 reprobus
1469 3164 1666 3235 eﬁiciar
1697 3162 1755 3234 (Ι
1776 3162 1899 3219 Cor.
1918 3179 2000 3230 rx,
2033 3160 2148 3234 27).

550 3252 623 3323 Et
661 3267 918 3309 rursum:
954 3256 1065 3324 Ego
1097 3268 1179 3307 me
1229 3267 1339 3307 non
1391 3251 1631 3308 arbitror
1672 3252 2154 3323 comprehendisse;

549 3359 715 3399 unum
741 3347 938 3412 autem,
970 3343 991 3378 ⁴
1020 3357 1138 3413 qua
1168 3339 1380 3412 quidem
1407 3345 1553 3395 retro
1583 3345 1707 3396 sunt
1746 3340 1964 3408 oblitus,
1993 3343 2065 3398 ad
2091 3360 2153 3400 ea

550 3450 667 3505 qua:
706 3438 829 3488 sunt
867 3431 1062 3504 priora
1090 3430 1368 3487 extendens
1413 3430 1690 3503 meipsum,
1736 3430 1809 3487 ad
1835 3430 2151 3488 destinatum

547 3539 758 3594 sequor,
789 3521 861 3578 ad
881 3521 1123 3594 palmam
1140 3536 1384 3593 supernae
1409 3519 1699 3576 vocationis
1717 3519 1838 3589 Dei,
1857 3520 1915 3576 in
1939 3521 2149 3580 Christo

546 3613 690 3670 Jesu.
718 3610 920 3683 Sequor
946 3615 1123 3668 autem
1149 3608 1197 3666 si
1225 3609 1677 3683 comprehendam,
1708 3610 1768 3667 in
1796 3627 1899 3683 quo
1925 3617 1975 3667 et
2000 3629 2151 3669 com-

539 3702 832 3776 prehensus
849 3717 968 3757 sum
984 3699 1213 3773 (Philip.
1234 3716 1320 3769 nr,
1346 3698 1531 3774 12-14)
1542 3743 1555 3756 .
1575 3699 1649 3756 Et
1671 3708 1818 3759 certe
1834 3698 1949 3774 jam
1964 3700 2032 3759 de
2050 3701 2149 3759 illo

546 3807 680 3849 voce
708 3790 990 3849 dominica
1019 3788 1232 3848 dictum
1264 3789 1475 3848 fuerat:
1517 3789 1619 3851 Vas
1638 3789 1900 3847 electionis
1927 3790 2059 3847 mihi
2077 3797 2152 3847 est

549 3882 797 3954 (Act.1x,
821 3881 937 3953 15);
969 3888 1024 3937 et
1052 3888 1237 3939 tamen
1264 3880 1447 3938 adhuc
1474 3881 1746 3954 castigans
1760 3896 1960 3955 corpus
1986 3897 2146 3939 suum

545 3972 744 4027 metuit
772 3986 842 4026 ne
870 3970 1215 4042 reprohetur.

616 4057 705 4113 34.
731 4058 884 4130 Spem
897 4064 1138 4113 nostram
1148 4058 1329 4129 potius
1356 4058 1630 4113 comitetur
1647 4058 1806 4112 timor
1824 4074 1986 4129 quam
2008 4074 2146 4114 secu-

545 4147 702 4202 ritas.
736 4145 820 4203 γω
849 4145 1109 4201 laudabili
1137 4146 1297 4201 etiam
1325 4145 1470 4210 vitaz,
1490 4145 1537 4199 si
1558 4150 1763 4201 remota
1782 4146 1976 4217 pietate
1996 4145 2145 4215 judi-

544 4235 884 4294 cetur.—V:e
899 4236 1116 4294 miseris
1136 4235 1318 4303 nobis,
1335 4237 1430 4309 qui
1446 4235 1514 4293 de
1533 4237 1803 4294 electione
1820 4247 2008 4296 nostra
2022 4240 2143 4296 nul-

548 4330 656 4385 lam
696 4326 880 4384 adhuc
919 4328 1019 4385 Dei
1050 4343 1242 4386 vocem
1278 4328 1662 4401 cognovimus,
1702 4335 1761 4385 et
1794 4328 1909 4402 jam
1940 4330 2000 4387 in
2028 4332 2144 4389 otio

2262 3161 2341 3216 tia
2360 3168 2654 3219 attestante
2676 3163 2698 3197 ⁶
2724 3161 3096 3234 cognoscitur.
3118 3160 3225 3218 Sed
3254 3160 3463 3218 idcirco
3492 3160 3704 3218 dicitur
3723 3158 3871 3235 quod

2262 3250 2353 3307 via
2379 3267 2479 3308 sua
2503 3251 2572 3306 ab
2605 3249 2930 3308 hominibus
2957 3251 3255 3320 nesciatur,
3282 3251 3413 3324 quia
3440 3251 3608 3307 etiam
3640 3251 3689 3308 si
3720 3258 3867 3308 recta

2261 3356 2317 3397 se
2346 3340 2580 3414 quisque
2599 3356 2763 3414 opera
2782 3356 2939 3415 agere
2959 3340 3256 3413 intelligat,
3273 3338 3376 3396 sub
3401 3338 3663 3398 districto
3687 3348 3868 3397 tamen

2260 3429 2515 3485 examine
2543 3446 2652 3502 quo
2684 3428 2895 3499 tendat,
2927 3429 3166 3502 ignorat.
3187 3425 3327 3501 [νει.
3346 3433 3395 3483 et
3421 3430 3542 3486 Rec.
3566 3427 3668 3504 X.]
3698 3427 3869 3501 Igitur

2260 3526 2547 3593 postquam
2578 3519 2738 3575 illum
2769 3518 2837 3575 de
2867 3518 2974 3574 ista
3001 3516 3131 3574 ﬁnis
3168 3516 3255 3574 sui
3281 3515 3725 3575 consideratione
3752 3532 3865 3590 per-

2218 3672 2225 3675 ,
2259 3609 2476 3678 terruit,
2494 3608 2565 3666 ad
2583 3608 3018 3665 examinandum
3036 3606 3157 3680 ejus
3185 3605 3478 3663 exordium
3500 3606 3683 3677 redit;
3711 3623 3774 3665 ac
3797 3621 3863 3663 ne

2259 3708 2630 3775 conqueratur
2648 3717 2747 3760 cur
2770 3701 2939 3758 ﬁnem
2960 3715 3123 3757 suum
3143 3699 3374 3767 nesciat,
3397 3706 3865 3757 commemoratur

2258 3790 2425 3847 etiam
2445 3790 2575 3865 quia
2594 3807 2696 3850 nec
2716 3806 2824 3866 quo
2845 3788 2956 3849 huc
2977 3786 3142 3846 initio
3156 3787 3388 3848 accessit
3408 3788 3699 3861 intelligat.
3723 3787 3875 3847 Nam‘

2257 3880 2506 3953 sequitur
2529 3897 2541 3938 :

2841 3964 3069 4026 CAPUT
3109 3965 3266 4026 XIX.

2326 4058 2499 4119 Vens.
2521 4055 2694 4115 2l.-
2718 4055 2925 4114 Sciebas
2957 4063 3078 4114 tunc
3115 4059 3257 4130 quod
3283 4058 3588 4117 nasciturus
3627 4073 3785 4124 esses,
3816 4060 3864 4113 et

2253 4165 2533 4204 numerum
2562 4147 2771 4203 dierum
2800 4153 3013 4204 tuorum
3040 4165 3265 4206 noveras
3287 4151 3315 4206 i’

2324 4236 2412 4294 35.
2444 4238 2640 4295 Nullus
2669 4238 2940 4294 hominum
2967 4256 3120 4295 suum
3151 4239 3365 4296 initium
3392 4241 3539 4296 nouit
3556 4238 3860 4311 aut'ﬁnem.

2251 4330 2422 4387 -Ac
2465 4329 2511 4385 si
2559 4338 2743 4403 aperte
2772 4329 2981 4388 diceret
3014 4349 3026 4388 :
3072 4329 3219 4398 Quid
3249 4331 3455 4387 mirum
3483 4331 3529 4387 si
3560 4330 3863 4387 terminum

544 4417 700 4493 quasi
730 4416 797 4473 de
825 4418 1118 4476 securitate
1146 4425 1447 4491 torpemus.
1478 4417 1652 4476 Debet
1682 4419 1950 4492 profecto,
1982 4420 2145 4479 debet
2175 4468 2225 4494 ἢ
2254 4425 2413 4475 tuum
2444 4435 2555 4476 non
2585 4419 2871 4493 intelligis,
2888 4419 2984 4494 qui
3013 4436 3116 4478 nec
3145 4420 3371 4477 initium
3391 4416 3865 4493 comprehendis?

544 4510 603 4565 in
632 4523 726 4580 spe
754 4522 871 4564 esse
897 4523 1011 4566 non
1039 4509 1219 4566 solum
1249 4508 1538 4579 securitas,
1567 4507 1665 4567 sed
1692 4511 1860 4568 etiam
1892 4511 2060 4570 timor
2084 4514 2143 4570 in

542 4596 985 4669 conversatione,
1030 4606 1094 4656 ut
1135 4606 1191 4655 et
1231 4598 1329 4655 illa
1366 4607 1641 4657 certantes
1685 4600 1888 4672 foveat,
1932 4611 1988 4659 et
2042 4605 2144 4661 iste

542 4695 823 4762 torpentes
843 4696 1068 4762 pungat.
1088 4687 1244 4746 Unde
1272 4696 1419 4745 recte
1440 4704 1536 4763 per
1557 4688 1878 4761 prophetam
1901 4691 2138 4750 dicitur:

545 4780 649 4849 Qui
669 4780 849 4835 timent
874 4779 1179 4847 Dominum,
1210 4784 1416 4849 sperent
1442 4778 1501 4833 in
1528 4776 1755 4833 Domino
1787 4779 1961 4851 (Psal.
1982 4797 2138 4853 cxm,

545 4870 660 4945 14).
697 4871 779 4928 Ac
802 4869 850 4927 si
879 4876 1062 4943 aperte
1091 4867 1333 4925 diceret:
1369 4867 1449 4923 De
1478 4881 1574 4939 spe
1616 4865 1895 4924 incassum
1926 4886 2144 4942 praesa-

542 4961 666 5032 mit,
697 4960 794 5036 qui
822 4960 1017 5019 timere
1043 4960 1219 5018 Deum
1248 4957 1310 5015 in
1351 4956 1467 5015 suis
1494 4955 1754 5031 operibus
1794 4958 2002 5018 renuit.
2034 4960 2142 5020 Sed

617 5161 633 5197 ¹
664 5159 828 5220 Corb.
861 5161 1072 5231 Germ.,
1116 5158 1364 5227 Ebroic.,
1402 5164 1534 5226 etc.,
1576 5156 1730 5214 reddi
1760 5158 1869 5216 luce
1885 5157 2131 5231 justitia.

541 5225 623 5289 Ita
651 5236 761 5290 vet.
792 5232 899 5290 Ed.
932 5225 1104 5290 Paris.
1137 5236 1191 5289 et
1224 5225 1389 5289 Basil.

612 5305 635 5339 ³
662 5304 887 5373 Pratel.,
913 5304 1162 5361 Laudun.
1194 5312 1249 5361 et
1275 5303 1389 5370 AL,
1420 5301 1802 5358 reverberetur.

611 5375 634 5410 ³
663 5372 887 5444 Pratel.,
908 5382 958 5432 et
978 5375 1219 5432 servituti
1236 5374 1434 5444 redigo.
1456 5373 1628 5430 Laud.
1647 5381 1703 5430 et
1733 5372 1898 5431 Corb.
1917 5372 2129 5442 Germ.,

539 5451 588 5501 et
614 5445 857 5517 servituti
882 5446 1124 5517 subjicio.

612 5516 635 5552 ‘
659 5515 864 5574 Turon.
872 5560 893 5599 ,_
906 5515 1206 5599 quadretro
1225 5517 1435 5574 oblitus.
1455 5515 1616 5575 Corb.
1633 5516 1817 5573 Germ.
1829 5558 1844 5584 ,
1857 5531 2021 5571 unum
2034 5532 2129 5571 au-

542 5594 639 5645 tem
663 5603 790 5719 quae
814 5588 957 5644 retro
985 5588 1198 5644 oblitus.
1590 5660 1600 5671 _
1685 5659 1696 5671 .
1847 5657 1858 5669 ο
1903 5657 1914 5667 ,
1969 5657 1979 5669 ,

554 5731 585 5743 γ’
610 5662 633 5697 ⁸
717 5659 1148 5743 indoc.,_Pra_tel.
1170 5666 1226 5740 et
1253 5660 1324 5743 al.
1347 5658 1915 5743 Normulndwamdn
1931 5674 1979 5743 si
2005 5674 2125 5714 nos-

544 5730 790 5799 tiomnia,
820 5739 883 5789 ut
930 5730 1131 5803 legitur
1172 5730 1232 5786 in
1261 5730 1517 5802 Vulgata.
1560 5730 1913 5789 Retinuimus
1941 5736 2126 5789 tamen

2261 4468 2413 4475 "'""
2444 4468 2555 4476 ""'
2586 4468 2871 4493 """”D""
2889 4468 2984 4494 ‘1"
3014 4468 3114 4478 """
3145 4468 3371 4477 ’⁸⁸⁸’““’“’
3394 4468 3823 4493 ""“"l'"""'""
3846 4468 3857 4473 '

2175 4468 2226 4529 Β
2253 4509 2327 4566 Et
2346 4508 2442 4583 qui
2470 4510 2691 4582 ignoras
2711 4525 2821 4583 quo
2851 4508 2961 4566 huc
2981 4510 3146 4567 initio
3166 4510 3406 4580 veneris,
3431 4508 3566 4584 quid
3587 4510 3798 4566 mirum
3819 4505 3863 4563 si

2252 4598 2464 4657 nescias
2488 4616 2596 4674 quo
2628 4599 2736 4655 ﬁne
2766 4598 3111 4657 subtraharis
3141 4599 3168 4656 ?
3208 4600 3265 4656 Si
3295 4616 3423 4672 ergo
3454 4614 3641 4655 meum
3675 4596 3785 4653 fuit
3812 4601 3864 4650 te

2251 4704 2349 4761 per
2374 4688 2598 4745 initium
2618 4705 2689 4745 ex
2711 4689 2946 4746 occultis
2965 4688 3035 4746 ad
3054 4696 3309 4762 prompta
3327 4687 3658 4761 producere,
3678 4700 3865 4743 meum

2251 4793 2468 4852 quoque
2495 4780 2602 4835 erit
2647 4778 2813 4835 etiam
2854 4785 2906 4836 te
2945 4794 3015 4835 ex
3055 4777 3327 4851 promptis
3356 4776 3426 4834 ad
3453 4776 3679 4834 occulta
3706 4789 3864 4832 revo-

2249 4884 2391 4927 care.
2415 4867 2527 4926 Cur
2545 4867 2613 4925 de
2633 4869 2762 4925 vitae
2782 4876 2891 4925 tuas
2912 4866 3325 4941 dispensatione
3351 4865 3566 4941 aliquid
3588 4864 3863 4941 quereris,

2249 4956 2346 5032 qui
2382 4956 2443 5014 in
2475 4973 2643 5015 manu
2673 4956 2901 5017 artiﬁcis
2928 4958 3283 5032 temetipsum
3316 4954 3568 5015 nesciens
3597 4952 3811 5013 teneris
3832 4950 3860 5008 τ

2244 5156 2534 5213 lectionem
2557 5154 2719 5214 Corb.
2749 5153 2934 5213 Germ.
2962 5163 3019 5212 et
3058 5155 3432 5228 Excusorum,
3462 5151 3617 5228 quod
3663 5168 3796 5228 eam
3828 5162 3863 5207 a

2242 5236 2431 5285 sancto
2450 5228 2711 5301 Gregorio
2731 5234 3047 5301 usurpatam
3077 5227 3386 5296 credamus,
3416 5225 3519 5301 nec
3532 5226 3617 5301 im
3627 5225 3863 5301 merito.

2243 5301 2301 5357 Si
2315 5301 2476 5373 enim
2490 5294 2676 5369 aliam,
2699 5316 2818 5373 qua
2832 5294 2915 5356 est
2935 5300 3205 5373 vulgatae,
3226 5294 3448 5373 secutus
3462 5298 3691 5373 fuisset,
3711 5294 3818 5373 qui

2240 5388 2416 5429 causae
2453 5365 3112 5429 fuisset’ainauuensibus
3154 5365 3481 5429 mutationis
3520 5365 3807 5427 facienda
3826 5365 3858 5423 't

2240 5442 2444 5500 Contra
2461 5458 2592 5498 vero
2611 5459 2739 5499 cum
2759 5443 3141 5500 observassent
3154 5443 3321 5499 verba
3344 5442 3484 5510 haec,
3506 5441 3554 5496 si
3572 5439 3745 5496 habes
3781 5439 3861 5493 in-

2240 5514 2609 5587 telligentiam,
2621 5512 2932 5587 discrepare
2965 5531 2997 5571 a
3025 5521 3181 5571 textu
3207 5513 3332 5587 Job,
3360 5510 3740 5587 his_o_missis,
3778 5523 3867 5565 re-

2237 5583 2537 5657 stituerunt
2563 5585 2611 5641 si
2637 5587 2778 5657 nosti
2802 5583 3007 5653 bmnia,
3036 5593 3098 5642 ut
3126 5585 3327 5657 legitur
3355 5583 3567 5657 inAJob.

2311 5658 2333 5693 °
2361 5656 2593 5739 Turon.,
2637 5656 2800 5717 Corb.
2842 5657 3052 5727 Germ.,
3091 5652 3317 5716 Ebroic.
3367 5655 3574 5729 aliique
3617 5652 3867 5720 Norm.,

2236 5734 2519 5802 cognoscit.
3852 5758 3861 5763 -
