4152 6182
282 324 374 384 497
972 316 1348 376 MOBALIUM
1388 316 1525 374 LIB.
1566 315 1851 373 XXIX.——
1887 314 1960 372 IN
1995 313 2224 372 CAPUT
2262 314 2554 372 XXXVIII
2594 314 2657 371 B.
2698 315 2840 371 JOB.

3471 317 3582 376 498

280 446 475 508 Extolli
506 446 693 519 itaque
729 449 883 503 tanto
937 443 1110 517 magis
1164 458 1276 500 non
1327 441 1493 500 debes
1544 442 1602 499 in
1631 458 1696 499 eo
1726 440 1873 516 quod
1902 442 1955 503 Α
1981 439 2323 498 indicaverat
2351 441 2438 497 vel
2468 440 2642 496 bonos
2671 438 2740 496 ad
2770 440 3000 509 malum,
3032 442 3120 498 vel
3164 443 3338 501 malos
3368 443 3436 501 ad
3473 443 3584 502 bo-

278 538 404 613 agis,
424 542 634 611 quanto
659 532 806 591 intra
832 532 1016 590 sinum
1032 532 1357 590 aeternitatis
1373 532 1615 601 clausus,
1637 548 1738 589 nec
1756 547 1866 604 quo

278 629 380 687 huc
405 625 598 685 ordine
627 623 865 693 veneris,
894 639 997 681 nec
1036 621 1256 696 quando
1303 623 1392 679 vel
1422 620 1697 696 quomodo
1734 620 1869 679 hinc

278 718 516 779 educaris
547 716 816 790 agnoscis.

337 810 420 868 36.
451 808 537 865 Ab
563 809 662 863 hac
690 808 793 879 lege
825 806 1068 864 Christus
1095 804 1368 861 eximitur.
1423 832 1464 843 ρ
1517 803 1645 860 Haec
1683 809 1867 858 tamen

277 896 500 971 intelligi
530 903 585 954 et
612 895 774 953 aliter
802 901 1029 968 possunt
1062 911 1074 950 :
1110 893 1316 952 Sciebas
1336 899 1458 949 tunc
1472 892 1612 965 quod
1638 892 1867 948 nascitu-

274 1006 357 1047 rus
368 1006 522 1057 esses,
539 993 588 1043 et
600 1002 878 1042 numerum
892 986 1096 1041 dierum
1108 991 1319 1042 tuorum
1330 982 1698 1041 noveras?Sub
1712 981 1868 1039 audis
1902 1012 1915 1019 -

276 1087 328 1136 ut
351 1094 472 1151 ego,
504 1075 600 1150 qui
628 1089 716 1131 me
745 1074 1088 1131 nasciturum
1110 1075 1265 1143 novi,
1295 1074 1425 1148 quia
1446 1082 1501 1130 et
1527 1080 1653 1129 ante
1671 1071 1868 1128 huma-

273 1166 451 1226 nitatis
480 1172 665 1222 ortum
720 1162 781 1219 in
828 1163 1120 1221 divinitate
1174 1180 1389 1237 semper
1435 1163 1869 1221 substantialiter

444 1253 712 1311 Homines
759 1252 961 1327 quippe
992 1260 1127 1311 tunc
1163 1270 1279 1311 esse
1307 1253 1606 1327 incipiunt,
1639 1268 1765 1309 cum
1810 1251 1869 1307 in

271 1353 501 1403 matrum
530 1359 759 1401 suarum
788 1348 980 1399 ventre
1008 1352 1329 1402 nascuntur.
1353 1344 1491 1401 Nam
1510 1342 1628 1415 ipsa
1654 1357 1870 1414 quoque

271 1442 551 1510 conceptio
578 1433 844 1492 nativitas
867 1433 1094 1505 dicitur,
1109 1434 1274 1509 juxta
1294 1433 1401 1491 hoc
1428 1432 1576 1508 quod
1602 1431 1869 1503 scriptum

269 1534 342 1584 est
362 1545 373 1583 :
394 1526 557 1596 Quod
575 1525 633 1581 in
646 1542 709 1581 ea
726 1531 913 1581 natum
930 1531 1025 1595 est,
1043 1528 1106 1584 de
1129 1525 1340 1598 Spiritu
1359 1529 1537 1581 sancto
1557 1529 1632 1580 est
1648 1521 1866 1591 (Matth.

269 1634 304 1687 ι,
330 1616 446 1690 20).
487 1616 561 1672 Et
605 1614 818 1673 idcirco
859 1631 917 1673 se
964 1616 1277 1674 nascituros
1305 1614 1581 1682 nesciunt,
1615 1611 1745 1687 quia
1772 1626 1873 1667 nec

266 1705 581 1780 priusquam
609 1712 868 1763 creentur
886 1705 1160 1763 existunt.
1183 1706 1333 1762 Deus
1358 1720 1490 1759 vero
1510 1703 1607 1775 qui
1626 1701 1747 1758 sine
1766 1700 1871 1756 ini-

1976 546 2112 588 num
2134 546 2290 603 posse
2309 529 2580 598 converti,
2601 529 2753 587 illico
2767 536 2989 587 secutus
3003 529 3264 603 adjunxit
3291 552 3303 589 :
3327 534 3585 607 Nunquid

1976 618 2243 691 ingressus
2289 636 2341 676 es
2379 620 2653 676 thesauros
2678 618 2840 686 nivis,
2870 625 2967 675 aut
2996 620 3271 678 thesauros
3302 623 3584 695 grandinis

1975 708 2249 781 aspexisti,
2293 726 2410 780 quae
2445 708 2757 782 praeparavi
2794 709 2851 763 in
2892 715 3091 782 tempus
3123 711 3305 780 hostis,
3348 712 3407 767 in
3446 713 3585 770 diem

1971 812 2163 869 pugnae
2181 803 2229 852 et
2246 798 2368 854 belli
2394 798 2423 853 7
2450 798 2513 854 In
2534 798 2662 853 nive
2683 797 2769 855 vel
2792 797 3055 870 grandine
3075 798 3296 871 frigida,
3316 800 3403 856 vel
3423 800 3584 860 duras

1976 892 2039 940 ut
2066 883 2279 943 dictum
2307 894 2409 956 est,
2443 887 2747 960 accipimus
2775 886 2940 945 corda
2969 904 3287 962 pravorum.
3321 888 3427 947 Sed
3454 890 3586 964 quia

1977 981 2325 1054 omnipotens
2351 983 2500 1039 Deus
2549 988 2766 1039 sanctos
2808 998 2936 1039 suos
2976 981 3044 1039 de
3082 982 3288 1040 talibus
3314 983 3498 1057 elegit,
3530 991 3585 1041 et

1979 1087 2141 1144 quam
2172 1072 2376 1128 multos
2402 1074 2606 1130 electos
2625 1072 2807 1130 adhuc
2828 1073 2973 1130 inter
2991 1090 3287 1148 pravorum
3308 1074 3480 1132 vitam
3501 1089 3583 1132 re-

1978 1160 2184 1234 positos
2212 1159 2411 1218 habeat
2440 1162 2617 1230 novit,
2650 1170 2773 1234 apte
2796 1163 2855 1218 in
2883 1163 3034 1232 nive,
3056 1164 3145 1221 vel
3175 1164 3439 1237 grandine
3467 1163 3586 1221 the-

1979 1268 2168 1315 sauros
2222 1258 2423 1316 habere
2477 1277 2534 1317 se
2580 1260 2853 1334 perhibet.
2913 1262 3224 1321 Thesaurus
3250 1265 3454 1339 quippe
3483 1263 3586 1320 ἀπὸ

1977 1360 2069 1417 τῆς
2098 1352 2302 1424 θέσιως,
2339 1356 2396 1413 id
2424 1363 2509 1413 est
2536 1374 2569 1413 a
2594 1358 2867 1429 positione
2895 1360 3235 1418 nominatur.
3267 1363 3341 1419 Et
3367 1363 3588 1435 pleros-

1979 1463 2087 1520 que
2115 1448 2173 1503 in
2194 1448 2310 1504 vita
2338 1447 2539 1521 frigida
2568 1448 2666 1506 diu
2695 1450 2926 1507 latentes
2946 1451 3191 1525 respicit,
3214 1470 3352 1526 quos
3376 1454 3447 1510 ad
3475 1471 3586 1512 me-

1979 1535 2134 1593 dium
2162 1553 2290 1595 cum
2305 1536 2464 1610 jubet
2493 1538 2767 1612 producit,
2796 1548 2850 1598 et
2862 1538 3094 1612 justitiaa
3115 1541 3293 1598 nitore
3321 1542 3587 1601 candidos

1979 1642 2077 1699 per
2121 1643 2414 1700 supernam
2468 1627 2698 1701 gratiam
2747 1628 3008 1685 ostendit.
3060 1629 3339 1703 Scriptum
3384 1632 3589 1705 quippe

1980 1722 2062 1772 est
2093 1732 2105 1771 :
2138 1716 2367 1772 Lavabis
2384 1732 2482 1782 me,
2498 1724 2545 1773 et
2564 1733 2722 1789 super
2735 1717 2907 1773 nivem
2925 1717 3212 1775 dealbabor
3231 1718 3406 1791 (Psal.
3429 1737 3482 1788 ι,
3500 1721 3584 1794 9).

266 1796 337 1852 tio
365 1810 584 1869 semper
610 1794 829 1851 exstitit
858 1795 1140 1867 prsescivit
1156 1794 1224 1851 de
1243 1811 1301 1850 se
1329 1792 1436 1849 hoc
1457 1790 1607 1865 quod
1634 1789 1693 1845 in
1715 1796 1872 1845 utero
1898 1807 1945 1867 Β
1979 1803 2127 1872 Quos
2145 1803 2215 1860 ad
2242 1804 2391 1860 diem
2433 1804 2565 1860 belli
2607 1821 2912 1878 pugnaeque
2940 1789 3271 1879 praeparatos
3315 1808 3413 1864 diu
3441 1789 3589 1866 inuia

264 1885 512 1959 Virginis
540 1888 555 1921 ι
585 1882 807 1941 initium
837 1885 1109 1959 sumpsit;
1143 1894 1198 1943 et
1216 1886 1345 1959 quia
1360 1881 1661 1956 praescivit,
1682 1879 1864 1951 dispo-

259 1974 408 2043 suit;
445 1974 575 2049 quia
592 1974 883 2046 disposuit,
912 1974 1055 2031 nihil
1085 1975 1330 2048 profecto
1347 1973 1406 2029 in
1425 1972 1668 2029 humana
1687 1968 1868 2025 forma

267 2064 385 2121 sine
416 2082 520 2122 sua
540 2064 821 2121 voluntate
836 2065 1113 2122 toleravit.
1137 2062 1514 2122 Convincatur
1542 2076 1670 2131 ergo
1684 2075 1784 2116 cur
1796 2056 1866 2113 de

261 2154 491 2228 ﬂagellis
511 2154 627 2212 suis
643 2155 812 2212 homo
828 2156 1097 2228 queritur,
1114 2155 1209 2228 qui
1229 2161 1414 2211 ortum
1434 2168 1595 2208 suum
1613 2148 1868 2223 praescire

261 2259 365 2300 non
377 2243 584 2317 potuit,
598 2244 620 2279 ³
641 2244 688 2300 si
711 2243 828 2316 ipse
847 2244 1017 2300 etiam
1030 2244 1128 2317 qui
1139 2251 1323 2300 ortum
1343 2258 1507 2298 suum
1527 2237 1867 2313 praesciendo

258 2331 530 2406 disposuit
575 2350 633 2391 se
674 2333 821 2390 inter
866 2332 1120 2391 homines
1161 2332 1230 2389 ad
1272 2332 1489 2405 ﬂagella
1516 2326 1864 2403 praeparavit.

256 2422 519 2498 Sequitur
556 2443 568 2481 :

704 2521 934 2579 CAPUT
962 2521 1071 2576 XX
1097 2517 1242 2591 [Rea
1274 2515 1400 2589 XI].

320 2610 504 2667 Vnus.
545 2608 639 2676 22,
674 2608 763 2664 23.
812 2638 885 2649 —
926 2607 1186 2678 Nunquid
1229 2607 1495 2677 ingressus
1522 2622 1575 2662 es
1606 2605 1873 2661 thesauros

252 2697 428 2765 nivis,
451 2703 549 2752 aut
565 2698 838 2753 thesauros
849 2696 1132 2770 grandinis
1145 2695 1416 2766 aspexisti,
1435 2712 1555 2767 qua:
1564 2697 1874 2767 prceparavi

254 2786 314 2840 in
348 2790 563 2857 tempus
582 2785 766 2854 hostis,
801 2786 858 2840 in
883 2785 1017 2841 diem
1040 2801 1233 2856 pugna:
1258 2791 1308 2840 et
1324 2784 1446 2840 belli
1476 2787 1504 2841 ?

318 2873 412 2931 37.
446 2874 692 2945 Improbi
716 2873 1070 2943 adjustorum
1084 2872 1447 2945 probationem
1476 2879 1777 2931 servantur.
1800 2906 1871 2916 —

253 2962 395 3031 Quid
423 2961 582 3018 aliud
629 2962 760 3018 nive
798 2962 887 3019 vel
943 2961 1231 3035 grandine,
1262 2962 1371 3020 nisi
1390 2963 1595 3036 frigida
1630 2981 1694 3044 ac
1733 2962 1872 3020 dura

255 3050 617 3125 intelligenda
645 3059 776 3108 sunt
807 3051 976 3108 corda
1004 3067 1301 3125 pravorum
1333 3053 1361 3109 ?
1390 3053 1549 3110 Sicut
1575 3053 1724 3110 enim
1747 3053 1868 3108 fer-

1976 1909 2089 1949 suaa
2121 1893 2478 1966 praescientiae
2507 1893 2688 1949 sinum
2721 1893 2858 1967 tegit
2890 1912 2903 1962 ;
2963 1895 3060 1952 sed
3088 1913 3216 1953 cum
3245 1905 3467 1970 repente
3495 1915 3588 1954 eos

1977 1982 2251 2051 eduxerit,
2290 1982 2601 2040 resistentia
2629 1981 3073 2042 adversariorum
3101 1993 3323 2059 pectora
3358 1986 3586 2044 illorum

1977 2071 2160 2130 verbis
2189 2089 2253 2130 ae
2278 2073 2761 2147 redargutionibus
2787 2078 2944 2151 quasi
2973 2078 3304 2152 quibusdam
3353 2081 3587 2153 grandi-

1977 2162 2143 2219 nibus
2161 2163 2184 2198 ³
2215 2164 2471 2234 percutit.
2503 2164 2657 2221 Unde
2685 2166 2822 2224 alias
2860 2168 3130 2241 scriptum
3167 2177 3250 2226 est
3281 2187 3294 2226 :
3328 2171 3454 2227 Prw
3478 2172 3588 2241 ful-

1977 2269 2100 2326 gore
2144 2250 2203 2306 in
2246 2259 2515 2324 conspectu
2556 2254 2671 2324 ejus
2715 2256 2875 2312 nubes
2916 2258 3263 2326 transierunt,
3293 2259 3500 2332 grando
3540 2260 3588 2315 et

1979 2343 2229 2401 carbones
2254 2344 2388 2414 ignis
2422 2344 2595 2419 (Psal.
2620 2363 2759 2416 xvn,
2795 2348 2908 2421 13).
2932 2351 3049 2406 Prae
3068 2350 3283 2424 fulgore
3310 2352 3459 2409 enim
3488 2369 3587 2411 nu-

1979 2432 2076 2489 bes
2124 2439 2430 2503 transeunt,
2494 2435 2624 2507 quia
2678 2436 3065 2508 praedicatores
3111 2441 3288 2498 sancti
3330 2440 3589 2501 universa

1981 2521 2176 2579 mundi
2195 2522 2371 2595 spatia
2400 2523 2793 2583 miraculorum
2826 2528 3074 2586 claritate
3102 2540 3455 2603 percurrunt.
3479 2532 3588 2601 Qui

1981 2605 2146 2663 etiam
2176 2606 2382 2679 grando
2417 2614 2471 2663 et
2497 2608 2761 2669 carbones
2790 2612 2935 2685 ignis
2973 2615 3156 2673 vocati
3185 2623 3334 2684 sunt,
3368 2616 3499 2690 quia
3528 2626 3584 2674 et

1982 2710 2078 2767 per
2105 2696 2508 2768 correptionem
2536 2697 2767 2769 feriunt,
2790 2708 2845 2757 et
2864 2717 2959 2774 per
2988 2702 3268 2760 ﬂammam
3298 2703 3587 2762 charitatis

1982 2784 2306 2843 accendunt.
2337 2787 2458 2858 Ipsa
2487 2803 2705 2862 quoque
2736 2788 2907 2848 libera
2934 2801 3250 2850 sanctorum
3280 2794 3585 2869 increpatio

1982 2881 2178 2930 natura
2217 2873 2498 2946 grandinis
2540 2877 2934 2943 convenienter
2974 2880 3325 2953 exprimitur.
3363 2883 3585 2940 Grando

1982 2963 2130 3018 enim
2168 2963 2397 3019 veniens
2438 2965 2695 3034 percutit,
2747 2965 2954 3038 liquata
2982 2967 3142 3040 rigat.
3181 2969 3367 3027 Sancti
3396 2979 3583 3029 autem

1983 3050 2090 3106 viri
2130 3050 2296 3107 corda
2320 3049 2666 3108 audientium
2695 3060 2750 3109 et
2779 3061 3044 3113 terrentes
3072 3056 3301 3127 feriunt,
3332 3066 3387 3115 et
3415 3059 3583 3117 blan-

256 3156 379 3196 vore
408 3140 677 3209 charitas,
709 3142 790 3199 sic
819 3143 961 3199 solet
992 3141 1051 3197 in
1084 3158 1242 3200 sacro
1280 3142 1501 3215 eloquio
1527 3141 1730 3215 frigore
1759 3158 1869 3198 ma-
1904 3166 1949 3227 C
1979 3139 2192 3196 dientes
2219 3138 2542 3197 infundunt.
2576 3142 2713 3198 Nam
2739 3144 3202 3216 quemadmodum
3226 3147 3427 3206 feriant
3454 3150 3583 3206 Pro-

257 3228 368 3285 litia
382 3229 689 3301 designari.
709 3231 989 3304 Scriptum
1007 3247 1244 3305 namque
1276 3238 1357 3288 est
1388 3249 1400 3288 :
1438 3232 1586 3289 Sicut
1610 3231 1867 3303 frigidam

253 3316 376 3386 facit
401 3319 638 3375 cisterna
664 3337 861 3391 aquam
890 3339 1062 3390 suam,
1093 3321 1166 3378 sic
1192 3319 1452 3394 frigidam
1476 3321 1609 3393 facit
1634 3322 1871 3378 animam

254 3409 461 3466 malitia
495 3426 597 3466 sua
621 3410 838 3482 (Jerem.
869 3426 952 3478 vr,
996 3411 1077 3482 7).
1110 3412 1182 3466 Et
1210 3427 1430 3467 rursum
1467 3430 1479 3468 :
1514 3413 1535 3448 ³
1565 3412 1872 3468 Abundabit

253 3496 537 3569 iniquitas,
552 3505 601 3554 et
614 3496 916 3571 refrigescet
928 3499 1162 3554 charitas
1172 3500 1459 3555 multorum
1475 3498 1687 3571 (Matth.
1706 3515 1868 3568 xxxv,

256 3586 454 3670 12).”11'1
489 3593 641 3652 934
666 3597 871 3670 frigore
902 3613 1031 3670 ergo
1061 3597 1230 3666 nivis,
1263 3598 1352 3654 vel
1386 3597 1446 3653 in
1473 3597 1682 3654 duritia
1711 3614 1868 3671 gran-

251 3685 427 3757 dinis,
460 3688 603 3762 quid
624 3689 798 3763 accipi
818 3689 1003 3762 aptius
1026 3695 1205 3761 potest
1224 3704 1388 3762 quam
1412 3689 1530 3744 vita
1546 3705 1866 3760 pravorum,

252 3791 374 3849 qua
395 3784 451 3834 et
487 3792 588 3850 per
611 3785 891 3852 torporem
923 3776 1190 3851 frigescit,
1226 3777 1247 3811 ⁴
1276 3783 1333 3832 et
1365 3792 1463 3849 per
1489 3776 1711 3832 duritiae
1742 3793 1869 3833 ma-

254 3866 424 3924 litiam
441 3870 691 3943 percutit
708 3870 737 3927 7
759 3870 1006 3938 Quorum
1028 3876 1214 3925 tamen
1246 3866 1417 3923 vitam
1444 3866 1717 3925 Dominus
1733 3867 1866 3923 tole-

256 3964 350 4026 rat,
381 3959 525 4032 quia
551 3975 645 4015 eos
672 3959 741 4016 ad
766 3958 1045 4031 justorum
1072 3974 1299 4016 suorum
1330 3955 1709 4029 probationem
1741 3974 1867 4014 ser-

255 4053 358 4101 vat.
408 4045 577 4104 Unde
623 4054 677 4102 et
721 4053 868 4104 recte
905 4046 1198 4120 subjunxit
1232 4063 1244 4103 :
1281 4048 1410 4115 Quce
1442 4046 1753 4119 prteparavi
1807 4046 1865 4101 in

258 4140 446 4209 tempus
475 4136 671 4204 hostis,
696 4137 755 4191 in
776 4137 912 4193 diem
938 4153 1131 4210 pugna:
1157 4142 1207 4193 et
1233 4136 1375 4193 belli.
1408 4136 1478 4194 Ut
1504 4152 1631 4194 cum
1658 4135 1866 4193 adver-

255 4225 421 4283 sarius
469 4232 667 4282 noster
714 4224 967 4282 diabolus
1011 4233 1223 4282 tentare
1260 4243 1363 4283 nos
1407 4225 1627 4294 nititur,
1673 4240 1863 4282 eorum

258 4315 501 4373 moribus
526 4315 681 4390 quasi
702 4315 816 4373 suis
835 4323 1027 4375 contra
1054 4332 1155 4372 nos
1174 4316 1344 4372 armis
1363 4322 1571 4372 utatur.
1594 4315 1697 4370 Per
1716 4315 1864 4387 ipsos

257 4404 451 4478 quippe
506 4422 613 4462 nos
663 4404 898 4462 saeviens
944 4404 1175 4474 cruciat,
1219 4403 1313 4460 sed
1355 4404 1606 4461 nesciens
1647 4411 1859 4476 purgat.

255 4492 497 4553 Peccatis
527 4511 762 4569 namque
782 4494 986 4551 nostris
1008 4493 1113 4567 ipsi
1134 4493 1347 4567 ﬂagella
1363 4492 1527 4561 ﬁunt,
1544 4491 1612 4550 de
1627 4507 1862 4566 quorum

258 4581 350 4638 tali
376 4584 495 4642 vita
529 4583 661 4640 dum
692 4583 1058 4657 percutimur,
1103 4582 1172 4637 ab
1216 4589 1421 4639 aeterna
1455 4588 1631 4637 morte
1660 4579 1870 4636 libera-

258 4687 398 4729 mur.
428 4672 596 4731 Unde
623 4672 805 4746 agitur
839 4679 902 4727 ut
938 4671 1239 4729 electorum
1269 4670 1401 4726 vitae
1428 4669 1679 4743 proﬁciat
1705 4668 1871 4725 etiam

258 4760 470 4832 perdita
499 4761 622 4818 vita
640 4760 1022 4834 reproborum,
1048 4767 1104 4817 et
1122 4759 1354 4816 utilitati
1374 4765 1576 4815 nostrae
1596 4757 1728 4815 dum
1749 4757 1870 4814 illo-

258 4865 377 4906 rum
408 4850 655 4924 perditio
684 4850 907 4919 militat,
942 4849 1083 4906 mira
1111 4848 1520 4923 dispensatione
1548 4846 1644 4904 ﬁat
1673 4854 1873 4922 quate-

259 4955 363 4997 nus
391 4941 591 4999 electis
617 4940 717 4998 Dei
761 4956 875 4996 non
922 4946 1107 5012 pereat
1137 4939 1305 4995 etiam
1331 4953 1495 4996 omne
1523 4935 1671 5011 quod
1705 4937 1868 5009 perit.

331 5026 474 5102 [Vet.
507 5028 637 5104 XL]
668 5028 964 5101 38.Aliqui
994 5046 1059 5085 ex
1086 5028 1198 5085 illis
1226 5028 1369 5086 electi
1392 5033 1535 5097 sunt,
1567 5033 1615 5083 et
1636 5027 1709 5084 ad
1744 5045 1873 5083 ma-

263 5117 412 5175 xima
430 5119 627 5177 vocati.
658 5149 729 5162 —
754 5118 996 5191 Intelligi
1025 5117 1131 5176 hoc
1157 5134 1376 5193 quoque
1404 5117 1568 5174 aliter
1585 5124 1785 5190 potest,
1812 5124 1875 5174 ut

265 5205 394 5279 quia
412 5207 604 5264 verbis
631 5206 1067 5280 praecedentibus
1089 5205 1310 5262 videtur
1329 5221 1628 5273 annexum,
1659 5223 1691 5262 a
1718 5221 1873 5277 supe-

268 5296 430 5351 rioris
462 5312 652 5353 versus
696 5295 1041 5369 expositione
1083 5310 1194 5349 non
1241 5293 1532 5365 discrepet.
1580 5294 1716 5350 Nam
1746 5296 1875 5368 quia

342 5488 358 5520 ¹
391 5487 478 5543 Ita
494 5485 753 5555 Vindoc.,
776 5483 1051 5551 Laudun.,
1073 5482 1298 5555 Pratel.,
1332 5490 1439 5540 etc.
1472 5484 1547 5540 At
1567 5481 1721 5540 Editi
1746 5499 1873 5543 cum

269 5556 434 5630 Corb.
469 5556 679 5630 Germ.,
704 5553 802 5630 per
826 5555 1031 5611 initium
1063 5553 1305 5625 sumpsit.

341 5629 364 5664 ³
395 5629 624 5700 Pratel.,
655 5629 771 5700 cum
790 5630 916 5700 ipse.

340 5701 362 5734 ³
392 5697 674 5767 Laudun.,
705 5696 902 5755 Pratel.
935 5704 989 5754 et
1015 5697 1183 5764 Utic.,
1204 5696 1510 5753 abundavit.

345 5772 366 5806 ⁸
401 5771 631 5842 Pratel.,
655 5789 754 5844 per
781 5770 1041 5828 duritiam
1066 5768 1304 5826 malitiae.

1983 3227 2146 3300 pheta
2166 3235 2417 3298 testatur,
2448 3228 2636 3288 dicens
2669 3249 2681 3287 :
2721 3232 2976 3292 Virtutem
3015 3236 3335 3293 terribilium
3365 3244 3584 3295 tuorum

1981 3318 2169 3387 dicent,
2199 3323 2248 3374 et
2267 3318 2680 3392 magnitudinem
2702 3326 2845 3377 tuam
2865 3324 3168 3381 narrabant
3190 3325 3363 3399 (Psal.
3394 3344 3579 3397 cxuv,

1981 3405 2060 3480 6).
2092 3409 2162 3465 Et
2192 3408 2655 3484 quemadmodum
2684 3410 3029 3471 blandientes
3057 3414 3236 3488 rigent
3255 3424 3473 3474 secutus
3491 3416 3585 3473 ad-

1974 3495 2165 3568 junxit
2197 3515 2208 3553 :
2239 3499 2556 3558 Memoriam
2583 3501 2922 3558 abundantia
2946 3504 3225 3560 suavitatis
3255 3510 3356 3560 tux
3379 3510 3583 3560 eructa-

1979 3585 2126 3655 bunt,
2159 3593 2209 3642 et
2225 3587 2442 3657 justitia
2481 3594 2573 3644 tua
2622 3590 2961 3646 exsultabant
2992 3590 3179 3663 (Ibid.,
3225 3593 3306 3665 7).
3355 3594 3418 3650 In
3453 3594 3583 3650 nive

1978 3690 2107 3747 ergo
2138 3675 2225 3732 vel
2253 3674 2518 3748 grandine
2559 3674 2835 3734 habentur
2861 3677 3127 3748 thesauri,
3160 3681 3291 3753 quia
3335 3681 3581 3755 plerique

1978 3761 2288 3836 iniquitatis
2334 3770 2553 3834 torpore
2595 3762 2805 3836 frigidi,
2851 3767 2873 3801 ⁸
2911 3766 2980 3821 ad
3024 3783 3317 3837 supernam
3349 3768 3581 3840 gratiam

1977 3851 2265 3924 assumpti,
2285 3850 2343 3906 in
2358 3858 2548 3907 sancta
2574 3851 2825 3908 Ecclesia
2845 3851 3077 3923 justitiaa
3108 3854 3229 3910 luce
3248 3854 3580 3927 fulgescunt,

1977 3947 2032 3996 et
2075 3955 2299 4012 pravam
2344 3937 2785 3995 adversariorum
2832 3939 3120 3996 scientiam
3163 3938 3430 3999 doctrinae
3469 3960 3580 4001 sum

1978 4028 2178 4085 ictibus
2209 4028 2476 4086 tundunt.
2517 4026 2671 4085 Unde
2700 4036 2755 4084 et
2798 4036 2922 4102 apte
2965 4028 3250 4087 subditum
3292 4039 3374 4088 est
3408 4050 3419 4088 :
3456 4035 3584 4102 Quae

1970 4121 2281 4195 prxparavi
2309 4123 2366 4177 in
2406 4128 2604 4194 tempus
2633 4120 2815 4189 hostis,
2863 4121 2921 4176 in
2957 4122 3092 4177 diem
3126 4138 3319 4195 pugna
3362 4130 3413 4179 et
3438 4124 3578 4181 belli.

1978 4209 2115 4286 [Vet.
2147 4212 2231 4268 XI
2236 4208 2306 4285 1.]
2337 4211 2445 4267 Nix
2474 4210 2675 4285 quippe
2703 4211 2792 4266 vel
2814 4209 3020 4283 grando
3051 4210 3232 4267 fuerat
3261 4212 3461 4271 Saulus
3485 4229 3583 4287 per

1973 4302 2229 4376 frigidam
2255 4303 2737 4361 insensibilitatem
2772 4321 2786 4371 ;
2840 4302 2938 4367 sed
2966 4303 3068 4360 nix
3107 4311 3161 4361 et
3201 4304 3411 4377 grando
3439 4321 3582 4363 con-

1972 4405 2058 4456 tra
2087 4400 2529 4457 adversariorum
2551 4396 2697 4454 935
2724 4407 2946 4473 pectora
2984 4400 3161 4457 factus
3190 4408 3289 4469 est,
3321 4402 3410 4458 vel
3441 4418 3581 4460 can-

1896 4524 1947 4584 Β
1974 4488 2104 4546 dore
2128 4487 2381 4560 justitiae,
2435 4488 2522 4543 vel
2576 4487 2815 4547 districti
2846 4489 3054 4562 eloquii
3110 4491 3478 4564 correptione.
3537 4492 3581 4548 Ο

1976 4578 2193 4652 qualem
2220 4575 2371 4635 hunc
2389 4575 2712 4634 thesaurum
2741 4579 2800 4635 in
2831 4578 2960 4634 nive
2989 4585 3043 4635 et
3070 4579 3337 4652 grandine
3365 4579 3579 4648 habuit,

1978 4665 2197 4742 quando
2216 4667 2375 4724 illum
2392 4667 2538 4725 inter
2556 4684 2853 4741 pravorum
2870 4669 3043 4726 vitam
3058 4671 3301 4743 positum
3317 4671 3433 4743 jam
3450 4678 3583 4727 tunc

1979 4758 2211 4817 electum
2237 4776 2400 4817 suum
2428 4759 2700 4817 Dominus
2729 4759 2962 4818 latenter
2991 4760 3134 4817 vidit
3167 4761 3179 4816 l
3219 4761 3263 4817 Ο
3291 4759 3361 4815 ad
3380 4765 3581 4830 quanta

1979 4847 2418 4906 adversariorum
2447 4856 2670 4924 pectora
2716 4849 2966 4908 ferienda
2994 4850 3137 4907 hanc
3179 4848 3240 4905 in
3287 4861 3454 4902 manu
3483 4862 3582 4902 sua

1980 4938 2302 5012 grandinem
2318 4939 2574 5013 sumpsit,
2592 4956 2689 5013 per
2704 4955 2869 5013 quam
2885 4946 2969 4995 tot
2978 4937 3082 4995 sibi
3101 4932 3410 4995 resistentia
3420 4932 3583 4990 corda

1981 5028 2300 5100 prostravit.

2052 5114 2141 5173 39.
2163 5116 2326 5175 Nemo
2343 5117 2656 5185 extollatur,
2674 5134 2823 5174 nemo
2844 5116 3095 5187 desperet.
3118 5144 3189 5157 -
3207 5114 3379 5172 Nemo
3400 5111 3583 5186 itaque

1981 5203 2048 5260 de
2077 5205 2190 5262 suis
2219 5206 2476 5278 operibus
2502 5207 2823 5275 extollatur,
2857 5221 3020 5261 nemo
3045 5203 3298 5277 desperet
3325 5219 3417 5260 eos
3446 5220 3584 5275 quos

1981 5294 2162 5353 adhuc
2186 5294 2416 5366 frigidos
2451 5296 2622 5363 videt,
2654 5296 2785 5368 quia
2824 5293 3111 5351 thesauros
3140 5293 3240 5351 Dei
3274 5292 3333 5349 in
3367 5292 3499 5349 nive
3527 5300 3582 5349 et

2055 5484 2076 5518 δ
2109 5482 2314 5539 Turon.
2347 5489 2401 5539 et
2430 5479 2705 5550 Laudun.,
2734 5481 3129 5550 percutiuntur.

2057 5555 2078 5590 ⁶
2095 5554 2234 5634 Net.
2280 5553 2386 5611 Ed.
2428 5551 2601 5610 Paris.
2643 5560 2699 5610 et
2734 5551 2906 5634 Basil.
2942 5552 3172 5626 aliaeque
3201 5557 3415 5634 poster.
3437 5564 3583 5633 .cum

1985 5625 2149 5697 Corb.
2181 5626 2388 5693 Germ.,
2415 5643 2450 5697 ᾳ
2477 5640 2708 5697 superna
2750 5624 2933 5697 gratia
2972 5621 3252 5697 assumpti.
3285 5621 3585 5697 Sequimur

1984 5698 2112 5769 Mss.
2133 5696 2361 5769 Turon.,
2381 5694 2615 5769 Vindoc.
2628 5694 2829 5769 ,_Laud.
2840 5738 2855 5764 ,
2871 5694 3091 5769 Ebroic.
3109 5694 3354 5769 aliosque
3369 5694 3582 5769 Nom,

1985 5768 2081 5842 qui
2111 5768 2253 5825 miro
2281 5783 2550 5826 consensu
2577 5765 2803 5838 habent,
2832 5767 2905 5825 ad
2940 5784 3224 5842 supernam
3258 5765 3510 5841 gratiam.
