4152 6182
541 344 645 402 499

1755 336 2005 393 SANCTI
2044 336 2381 393 GREGORII
2420 336 2647 393 MAGNI

538 466 804 542 grandine
828 484 939 525 non
971 468 1140 526 videt.
1191 469 1325 538 Quis
1370 469 1517 525 enim
1563 465 1809 525 crederet
1853 464 2000 538 quod
2038 480 2135 537 per
2158 466 2208 524 A
2240 463 2363 532 mis,
2394 480 2542 522 nunc
2571 464 2857 534 Damasci,
2890 479 3039 522 nunc
3074 463 3135 521 in
3176 462 3301 518 aliis
3347 461 3506 534 longe
3532 460 3848 533 regionibus

539 560 883 636 apostolatus
908 557 1138 634 gratiam
1167 560 1470 633 lapidatum
1495 557 1834 631 Stephanum
1865 555 1960 612 ille
1988 571 2140 629 prae-

536 649 754 708 cederet
781 649 877 725 qui
904 650 964 707 in
994 656 1169 707 morte
1189 648 1307 722 ejus
1320 650 1569 707 omnium
1591 646 1953 720 lapidantium
1974 644 2137 702 vesti-

538 748 725 799 menta
751 742 993 798 servavit
1022 741 1174 811 (Act.
1207 756 1309 798 vn.
1340 739 1442 811 57)
1470 739 1500 796 7
1526 738 1583 796 Si
1613 754 1742 810 ergo
1766 737 1836 795 ad
1862 736 1965 794 ista
1993 735 2138 793 dona

538 831 627 888 vel
657 829 870 904 judicia
898 829 1113 889 occulta
1140 826 1495 897 recurrimus,
1541 828 1726 884 nullos
1770 826 2000 884 omnino
2033 825 2139 883 de-

538 928 839 996 sperantes,
866 937 970 979 nec
995 920 1109 977 illis
1137 936 1239 978 nos
1279 919 1337 976 in
1366 918 1530 978 corde
1557 926 1747 977 nostro
1775 918 2136 991 praeferimus,

538 1011 742 1087 quibus
781 1027 881 1085 pro
924 1016 1169 1084 tempore
1211 1010 1423 1084 pralati
1468 1025 1680 1079 sumus,
1723 1008 1854 1082 quia
1898 1007 2002 1065 etsi
2022 1006 2137 1081 jam

538 1101 794 1159 videmus
819 1107 1084 1174 quantum
1128 1098 1525 1173 praecessimus,
1569 1099 1846 1157 nescimus
1871 1103 2138 1173 quantum

539 1207 667 1249 cum
697 1204 916 1247 currere
952 1189 1219 1261 cceperint
1271 1188 1661 1262 praecedamur.
1712 1187 1858 1245 Bene
1895 1202 2024 1260 ergo
2070 1185 2140 1242 ad

539 1281 761 1338 beatum
788 1279 890 1336 Job
917 1279 1125 1336 dicitur
1163 1296 1176 1335 :
1209 1280 1470 1353 Nunquid
1495 1279 1761 1353 ingressus
1788 1294 1841 1335 es
1870 1276 2140 1334 thesauros

537 1368 700 1435 nivis,
720 1374 817 1425 aut
836 1369 1106 1425 thesauros
1117 1367 1398 1440 grandinis
1415 1368 1690 1441 aspexisti,
1706 1372 1826 1441 quas
1832 1364 2143 1439 μωραναυὶ

536 1458 599 1515 in
624 1465 821 1532 tempus
849 1459 1030 1526 hostis,
1059 1458 1119 1513 in
1146 1458 1284 1515 diem
1303 1475 1496 1531 pugnae
1520 1463 1571 1514 et
1596 1457 1718 1513 belli
1735 1458 1763 1513 9
1782 1456 1866 1513 Ac
1882 1455 1941 1512 si‘
1959 1460 2141 1528 aperte

540 1546 817 1606 diceretur
849 1565 861 1604 :
888 1546 1040 1606 Nulli
1068 1553 1124 1604 te
1150 1545 1219 1603 de
1249 1545 1508 1619 operibus
1554 1545 1663 1602 tuis
1708 1542 1984 1618 prmisras,
2013 1541 2145 1616 quia

540 1636 609 1695 de
636 1638 727 1694 his
779 1653 917 1710 quos
971 1634 1206 1693 intueris
1259 1634 1444 1691 adhuc
1491 1650 1590 1707 per
1641 1634 1860 1706 culpam
1889 1631 2140 1705 frigidos,

533 1727 562 1805 ν¹
595 1731 833 1799 quantos
885 1731 1197 1798 operatores
1239 1721 1473 1796 justitia
1503 1730 1559 1779 et
1613 1722 1927 1780 defensores
1981 1729 2143 1778 rectas

2248 555 2553 624 persecutio
2590 554 2868 612 saeviebat.
2901 554 3177 626 Scriptum
3197 552 3401 626 quippe
3428 558 3510 608 est
3540 568 3553 607 :
3587 551 3754 608 Facta
3779 555 3851 607 est

2244 655 2303 711 in
2330 650 2475 712 938
2502 655 2605 711 illa
2657 655 2742 711 die
2768 652 3061 727 persecutio
3103 668 3297 723 magna
3341 651 3401 707 in
3435 651 3693 718 Ecclesia,
3739 665 3853 722 qua

2246 753 2361 803 erat
2395 744 2756 819 Jerosolgmis,
2785 751 2834 800 et
2860 760 3035 800 omnes
3074 740 3305 815 dispersi
3341 746 3465 797 sunt
3495 756 3596 812 per
3621 739 3855 813 regiones

2246 838 2445 894 Iudaee
2463 843 2512 892 et
2540 834 2800 893 Samaria:
2836 833 2984 906 (Act.
3017 848 3146 901 vni,
3183 831 3263 904 1).
3295 831 3644 909 Rursumque
3673 827 3857 902 scrip-

2247 935 2364 985 tum
2398 937 2480 985 est
2511 945 2523 984 :
2553 926 2750 984 Saulus
2787 924 2959 981 adhuc
3004 924 3027 960 ⁸
3066 923 3282 996 spirans
3325 921 3601 977 minarum
3626 926 3676 976 el
3700 919 3860 976 credis

2244 1017 2303 1073 in
2316 1018 2602 1091 discipulos
2616 1015 2855 1082 Domini,
2875 1012 3088 1070 accessit
3105 1012 3178 1069 ad
3190 1011 3487 1086 principem
3505 1012 3857 1069 sacerdotum:

2247 1113 2297 1163 et
2314 1107 2468 1180 petiit
2484 1107 2550 1163 ab
2578 1124 2634 1163 eo
2663 1105 2932 1180 epistolas,
2953 1120 3088 1176 quas
3116 1100 3344 1173 deferret
3360 1101 3419 1157 in
3437 1102 3761 1159 Damascum
3789 1100 3862 1157 ad

2247 1213 2558 1272 synagogas,
2601 1202 2661 1252 ut
2691 1195 2739 1251 si
2764 1211 2895 1267 quos
2937 1192 3217 1251 invenisset
3247 1192 3413 1263 hujus
3457 1191 3578 1248 vita
3616 1191 3763 1248 viros
3797 1207 3860 1249 ac

2246 1286 2515 1355 mulieres,
2544 1287 2741 1344 vinctos
2776 1285 3050 1342 deduceret
3092 1282 3150 1339 in
3176 1283 3480 1340 Jerusalem
3507 1282 3658 1351 (Act.
3690 1298 3773 1350 Ix,
3806 1282 3857 1350 1,

2248 1378 2405 1451 seq.).
2438 1377 2580 1445 Quia
2604 1393 2734 1450 ergo
2769 1392 2920 1433 nunc
2947 1374 3062 1444 hic,
3091 1389 3243 1431 nunc
3260 1370 3379 1430 illic
3407 1370 3719 1445 persecutio
3747 1386 3862 1427 ex-

2250 1475 2517 1538 creverat,
2561 1467 2622 1525 hi
2659 1467 2755 1541 qui
2787 1467 2971 1525 lucem
3009 1464 3260 1523 veritatis
3296 1470 3655 1538 agnoverant,
3702 1457 3863 1537 quasi

2251 1559 2355 1616 sub
2384 1558 2579 1616 ardore
2616 1556 2785 1615 divisi
2815 1564 2977 1614 aastus
3005 1553 3370 1613 anhelabant.

2321 1647 2410 1706 42.
2444 1648 2568 1705 Lua:
2594 1653 2670 1704 est
2685 1646 2922 1717 justitia,
2952 1663 3069 1719 quae
3094 1662 3198 1703 non
3221 1645 3328 1701 nisi
3345 1643 3621 1701 siiccessioe
3644 1639 3860 1715 spargi-

2254 1743 2361 1795 tur.
2392 1767 2464 1779 —
2491 1736 2598 1795 Sed
2626 1737 2756 1811 quia
2782 1737 3005 1794 beatum
3029 1736 3134 1794 Job
3166 1735 3233 1793 de
3263 1733 3493 1793 occultis
3513 1731 3743 1806 judiciis
3771 1745 3859 1786 re-

539 1813 671 1872 ﬁdei
698 1813 804 1871 Sim
834 1813 1080 1902 factum
1099 1812 1339 1886 ίεηοηε-
1372 1811 1531 1902 Ωαοά
1554 1811 1685 1885 quia
1711 1828 1808 1885 Ρθτ
1834 1811 2135 1869 adventum
2164 1829 2210 1892 B
2246 1827 2511 1902 quisitum
2540 1825 2916 1898 superioribus
2951 1826 3119 1883 dictis
3147 1823 3486 1893 audivimus,
3536 1828 3757 1896 oportet
3799 1825 3865 1875 ut

540 1903 858 1964 Mediatoris
883 1901 1087 1977 agitur,
1106 1910 1251 1959 recte
1272 1901 1626 1976 subjungitur
1658 1919 1672 1958 :

958 2019 1186 2079 CAPUT
1217 2020 1351 2077 XXI
1382 2016 1526 2094 [Rec.
1565 2016 1723 2093 XII].

614 2111 786 2170 Vsus.
815 2110 905 2169 24.
936 2140 1005 2152 -
1032 2111 1142 2168 Per
1168 2128 1328 2185 quam
1354 2110 1499 2166 uiam
1527 2108 1801 2182 spargitur
1832 2109 1927 2164 lum
1955 2109 1983 2164 ?

614 2202 704 2260 40.
736 2204 843 2260 Per
879 2202 1162 2259 adventum
1205 2200 1517 2261 Mediatoris
1567 2201 1662 2256 lux
1689 2215 1898 2271 sparsa.
1928 2228 2000 2239 —
2025 2199 2144 2271 Ipse

544 2293 747 2367 quippe
777 2293 871 2349 via
896 2301 1000 2362 est,
1038 2290 1135 2367 qui
1162 2290 1239 2348 ait
1271 2309 1284 2348 :
1316 2293 1431 2363 Ego
1460 2307 1577 2347 sum
1604 2289 1714 2356 via,
1743 2289 1937 2344 veritas
1963 2294 2011 2343 et
2037 2288 2147 2343 vita

548 2382 731 2454 (Joan.
760 2383 965 2455 Juv,6).
987 2382 1089 2438 Per
1108 2381 1252 2439 hanc
1271 2397 1398 2454 ergo
1418 2380 1567 2437 viam
1587 2380 1687 2436 lux
1705 2378 1999 2452 spargitur,
2020 2376 2149 2451 quia

545 2487 642 2545 per
656 2470 703 2544 ej
711 2488 775 2528 us
785 2471 1130 2544 praesentiam
1142 2478 1342 2528 cuncta
1351 2469 1629 2543 gentilitas
1640 2468 1968 2525 illustratur.
1987 2466 2149 2538 Spar-

544 2563 691 2635 gitur
716 2569 900 2618 autem
919 2561 1313 2618 convenienter
1327 2561 1493 2630 dixit,
1516 2560 1647 2635 quia
1659 2575 1757 2633 per
1775 2557 2147 2632 apostolorum

547 2667 711 2707 voces
730 2666 843 2706 non
863 2655 1151 2724 angustata
1178 2656 1341 2722 atque
1360 2656 1655 2717 coarctata,
1684 2647 1780 2704 sed
1808 2649 1917 2706 late
1935 2648 2151 2721 fulgens

549 2739 647 2794 lux
675 2737 1083 2811 praedicationis
1123 2736 1370 2795 emicuit.
1415 2737 1556 2805 Quia
1600 2752 1752 2806 vero,
1782 2744 2004 2809 accepta
2030 2736 2151 2794 luce

547 2827 948 2899 conversionis;
989 2826 1286 2885 inardescit
1332 2827 1667 2884 intrinsecus
1711 2825 1795 2884 vis
1836 2826 2059 2896 amoris,
2090 2834 2153 2883 ut

549 2918 637 2975 vel
667 2925 943 2978 transacta
962 2919 1106 2977 mala
1125 2917 1290 2975 anxie
1310 2918 1623 2992 lugeantur,
1645 2917 1733 2975 vel
1761 2923 1994 2975 ventura
2006 2916 2153 2974 bona

554 3006 975 3081 ﬂagrantissime
1034 3007 1410 3084 requirantur,
1475 3012 1849 3083 competenter
1890 3003 2153 3080 adjungi-

551 3105 690 3156 tur:

818 3246 829 3261 _
1109 3184 1339 3241 CAPUT
1389 3184 1569 3241 xxn.

620 3275 756 3331 Iam.
787 3304 859 3316 —
883 3274 1163 3331 Dividitur
1190 3280 1347 3329 cestus
1374 3290 1536 3346 super
1566 3278 1792 3331 terram.

619 3363 709 3420 41.
740 3364 833 3420 Ea:
860 3364 957 3420 hac
987 3366 1098 3421 luce
1119 3365 1316 3435 ﬂagrat
1341 3364 1512 3421 ardor
1539 3362 1821 3421 charitatis
1849 3369 1897 3419 et
1918 3381 2159 3438 persecu-

553 3456 711 3514 tionis
729 3463 905 3515 wstus.
940 3488 1012 3501 —
1038 3457 1235 3531 Sparsa
1262 3457 1412 3514 enim
1443 3457 1567 3515 luce
1586 3466 1751 3515 aestus
1778 3475 1941 3532 super
1956 3467 2159 3519 terram

550 3547 844 3615 dividitur,
872 3549 1022 3623 quia,
1052 3564 1149 3623 per
1192 3555 1442 3622 apertum
1475 3547 1694 3622 justitia
1743 3550 2056 3624 praedicata,
2091 3553 2159 3610 ad

551 3637 945 3710 requirendum
964 3641 1140 3697 Deum
1170 3638 1353 3697 cordis
1371 3637 1622 3695 anxietas
1642 3639 1702 3695 in
1723 3639 1987 3696 virtutem
2005 3657 2158 3698 exer-

551 3727 811 3786 citatione
840 3728 1122 3801 dilatatur,
1153 3737 1216 3788 ut
1242 3730 1345 3788 iste
1373 3730 1433 3787 in
1456 3748 1708 3788 sermone
1738 3731 2041 3806 sapientiae,
2065 3733 2160 3792 ille

552 3818 612 3875 in
639 3835 892 3877 sermone
916 3818 1161 3878 scientiae
1180 3819 1425 3894 fulgeat;
1463 3820 1555 3879 hic
1568 3821 1630 3878 in
1659 3823 2008 3880 curationum
2029 3840 2161 3898 gra—
2204 3862 2207 3865 ‹

552 3908 649 3978 tia,
679 3908 775 3966 ille
803 3909 861 3966 in
890 3909 1164 3967 virtutum
1185 3911 1503 3985 operatione
1523 3912 1901 3981 convalescat;
1934 3922 1988 3970 et
2016 3913 2162 3971 dona

551 3998 727 4054 sancti
754 3999 993 4071 Spiritus
1012 4000 1145 4057 dum
1162 3999 1499 4072 dispariliter
1518 4001 1724 4073 singuli
1746 4001 2049 4074 accipiunt,
2068 4018 2158 4058 ne-

552 4083 787 4140 cessario
811 4084 1033 4142 sibimet
1054 4086 1236 4157 juncti
1262 4102 1453 4143 omnes
1482 4087 1819 4144 unanimiter
1845 4088 2160 4145 accendan—

553 4177 646 4225 tur
677 4168 735 4241 (Ι
762 4167 886 4227 Cor.
916 4187 1021 4239 xu,
1041 4172 1121 4244 8).
1148 4169 1288 4244 [γει.
1311 4172 1458 4230 XIII
1461 4171 1502 4246 .]
1533 4173 1641 4230 Sed
1668 4183 1957 4248 postquam
1977 4176 2157 4249 spargi

554 4258 655 4314 lux
683 4256 907 4326 dicitur,
948 4266 1129 4330 potest
1162 4260 1554 4317 convenienter
1599 4261 1835 4337 intelligi
1869 4265 2017 4338 quod
2062 4282 2160 4339 per

555 4354 749 4404 aestum
777 4349 1083 4420 persecutio
1104 4348 1441 4423 designatur,
1474 4352 1496 4387 ³
1525 4352 1655 4427 quia
1680 4360 1744 4410 ut
1771 4353 1871 4411 lux
1898 4355 2155 4428 praedica-

552 4438 723 4497 tionis
755 4438 1034 4511 inclaruit,
1075 4456 1207 4499 mox
1241 4459 1274 4499 a
1314 4443 1650 4517 perﬁdorum
1692 4445 1950 4503 cordibus
1994 4447 2156 4504 ardor

554 4527 948 4602 persecutionis
975 4532 1198 4590 exarsit.
1229 4533 1367 4590 Nam
1388 4534 1536 4608 quod
1560 4551 1657 4609 per
1684 4544 1877 4594 aestum
1908 4553 2151 4611 persecu-
2187 4556 2235 4615 ι)

555 4617 635 4673 tio
660 4617 1011 4690 exprimitur,
1035 4620 1351 4679 dominicus
1370 4638 1548 4680 sermo
1570 4632 1823 4695 testatur,
1845 4624 1912 4681 de
1935 4624 2156 4698 jactatis

553 4706 857 4765 seminibus
877 4709 898 4744 ³
924 4725 1089 4783 super
1115 4716 1387 4782 petrosam
1408 4718 1609 4769 terram
1639 4712 1829 4771 dicens
1857 4731 1869 4769 :
1905 4716 2024 4771 Sole
2042 4722 2159 4773 orto

556 4800 577 4835 ⁸
619 4802 975 4854 ωεειιαυθνιιηι
1018 4798 1217 4868 omnia,
1247 4790 1297 4855 et
1321 4799 1450 4872 quia
1481 4818 1587 4858 non
1613 4802 1870 4858 habebant
1903 4804 2157 4874 radicem,

553 4893 818 4945 aruerunt
833 4888 1051 4960 (Matth.
1078 4904 1203 4959 xm,
1230 4890 1264 4946 6
1265 4891 1312 4963 ).
1336 4889 1495 4959 Quod
1513 4893 1676 4964 paulo
1702 4900 1826 4966 post
1843 4909 1969 4951 cum
1991 4911 2155 4971 expo-

556 4980 685 5049 suit,
745 4988 939 5037 aestum
986 4980 1423 5053 persecutionem
1466 4982 1703 5041 vocavit.
1749 4984 1947 5058 Sparsa
1987 4985 2156 5061 igitur

556 5070 677 5151 luce
704 5080 869 5130 aestus
897 5088 1061 5146 super
1088 5080 1288 5130 terram
1314 5070 1527 5130 divisus
1540 5079 1646 5142 est,
1665 5072 1797 5147 quia
1823 5075 2153 5135 clarescente

557 5161 672 5218 vita
726 5161 999 5229 ﬁdelium,
1031 5178 1259 5221 accensa
1311 5170 1393 5221 est
1438 5163 1738 5221 crudelitas
1789 5165 2146 5239 perﬁdorum.

556 5250 781 5310 Divisus
808 5268 1045 5327 namque
1076 5262 1240 5312 aestus
1262 5261 1398 5324 erat,
1427 5252 1646 5328 quando
1683 5270 1833 5314 nunc
1860 5255 2148 5331 Jerpsoly-

636 5436 653 5509 ξ
683 5435 878 5509 Laud.,
899 5454 1060 5509 quam
1083 5454 1181 5509 per
1206 5443 1407 5494 actores
1426 5437 1671 5507 justitia.

632 5506 658 5543 ²
686 5505 883 5590 Lauda,
907 5505 1101 5590 Ὀφιὼῖ
1131 5509 1341 5578 Germ.,
1382 5505 1581 5566 Pratel.
1612 5520 1665 5567 et
1714 5510 1832 5590 alii,
1881 5511 2007 5581 quia
2026 5512 2163 5567 enim

564 5578 728 5632 lux...
759 5578 1035 5645 inclaruit,
1065 5596 1209 5635 mox.
1758 5588 1767 5595 ’

632 5648 658 5773 ἰ
686 5646 947 5775 Χὲἓὲῗὲ.,
979 5648 1140 5706 Corb.
1173 5651 1382 5723 Germ.,
1411 5656 1610 5712 Pratel.
1643 5663 1698 5712 et
1723 5657 1792 5712 al.
1819 5655 2032 5723 Norm.,
2064 5672 2165 5709 su-

557 5736 658 5793 per
683 5735 921 5793 petrosa.

635 5794 656 5828 ‘
692 5789 854 5849 Corb.
886 5792 1098 5855 Germ,
1132 5792 1328 5851 Pratel.
1364 5803 1419 5850 et
1448 5796 1615 5864 Utic.,
1652 5805 2006 5854 aestuaverunt
2045 5816 2169 5855 om-

2249 1916 2355 1974 hoc
2382 1914 2530 1990 quod
2558 1914 2625 1972 de
2653 1931 2841 1988 sparsa
2870 1915 2991 1973 luce
3036 1917 3126 1972 vel
3157 1913 3342 1972 diviso
3372 1920 3511 1971 aestu
3540 1911 3752 1968 dictum
3783 1915 3867 1965 est

2249 2004 2510 2063 subtilius
2536 2012 2963 2077 perscrutemur.
2996 2004 3208 2062 Adhuc
3237 2005 3388 2060 enim
3423 2004 3535 2059 alta
3563 2001 3866 2071 interroga-

2252 2094 2401 2152 tione
2433 2093 2749 2163 discutitur,
2796 2101 2859 2149 ut
2895 2093 3099 2150 saltem
3150 2093 3281 2166 quia
3322 2092 3534 2149 nesciat
3575 2089 3867 2154 doceatur,

2253 2185 2413 2260 eique
2431 2185 2646 2242 dicatur
2666 2203 2678 2241 :
2701 2186 2807 2242 Per
2820 2201 2982 2256 quam
2997 2184 3142 2241 viam
3160 2183 3434 2256 spargitur
3457 2184 3574 2247 luas,
3596 2179 3871 2237 dividitur

2253 2281 2410 2332 (estus
2437 2291 2596 2348 super
2625 2281 2826 2330 terram
2853 2276 2880 2332 9
2914 2272 3059 2342 Quid
3099 2272 3250 2329 enim
3295 2271 3437 2327 lucis
3468 2269 3724 2339 nomine,
3757 2267 3867 2326 nisi

2249 2363 2471 2437 justitia
2496 2364 2814 2438 designatur
2845 2364 2874 2422 7
2901 2365 2980 2421 De
3007 2379 3118 2437 qua
3161 2361 3430 2435 scriptum
3468 2367 3553 2417 est
3584 2378 3596 2417 :
3625 2361 3867 2434 Populus

2256 2456 2349 2529 qui
2375 2455 2580 2512 sedebat
2604 2454 2664 2509 in
2693 2454 2934 2520 tenebris,
2962 2453 3099 2509 vidit
3125 2454 3289 2509 lucem
3314 2467 3567 2523 magnam
3593 2449 3752 2522 (Isai.
3784 2468 3861 2519 ιχ,

2257 2547 2340 2620 2).
2371 2547 2547 2602 Omne
2578 2552 2760 2601 autem
2791 2542 2939 2617 quod
2966 2542 3262 2616 spargitur,
3293 2557 3409 2598 non
3449 2541 3735 2610 continue,
3770 2540 3863 2597 sed

2259 2637 2362 2694 sub
2391 2634 2628 2711 quadam
2654 2634 3063 2692 intermissione
3085 2632 3342 2706 jactatur.
3366 2632 3438 2688 Et
3458 2631 3666 2689 idcirco
3686 2631 3860 2706 spargi

2262 2729 2360 2784 lux
2388 2727 2615 2796 dicitur,
2648 2726 2779 2801 quia
2806 2724 2907 2783 etsi
2931 2723 3047 2797 jam
3078 2722 3327 2797 quaedam
3356 2729 3419 2778 ut
3450 2730 3581 2778 sunt
3610 2720 3864 2796 perspici-

2262 2834 2405 2886 mus,
2438 2816 2688 2890 quaadam
2717 2822 2906 2871 tamen
2934 2813 3012 2870 ita
3039 2821 3102 2870 ut
3132 2810 3366 2868 videnda
3392 2818 3523 2866 sunt
3550 2827 3666 2867 non
3697 2809 3863 2867 vide-

2262 2922 2403 2963 mus.
2436 2904 2544 2963 Cor
2570 2919 2807 2978 namque
2822 2902 2969 2960 Petri
2985 2902 3086 2958 lux
3105 2917 3286 2974 sparsa
3303 2906 3568 2967 tenuerat,
3585 2898 3683 2973 qui
3708 2905 3862 2956 tanto

2262 2995 2414 3065 ﬁdei,
2442 3001 2598 3052 tanto
2630 2993 3026 3052 miraculorum
3046 2992 3262 3066 fulgore
3279 2992 3562 3058 claruerat,
3588 2996 3645 3045 et
3671 2995 3859 3045 tamen

2263 3087 2544 3144 conversis
2582 3084 2835 3160 gentibus
2863 3083 2996 3141 dum
3027 3081 3467 3141 circumcisionis
3501 3077 3721 3153 pondus
3743 3078 3864 3135 im-

2186 3194 2231 3255 c
2264 3184 2512 3250 poneret,
2550 3175 2685 3249 quid
2724 3181 2936 3231 rectum
2978 3170 3188 3229 diceret
3228 3168 3523 3227 nesciebat.
3570 3168 3699 3225 Lux
3740 3183 3865 3241 ergo

2270 3265 2329 3321 in
2356 3264 2459 3321 hac
2486 3262 2602 3320 vita
2628 3262 2923 3336 spargitur,
2947 3261 3077 3335 quia
3105 3260 3175 3318 ad
3202 3259 3385 3317 omnis
3431 3258 3511 3315 rei
3540 3256 3865 3331 intelligen-

2269 3354 2403 3410 tiam
2431 3352 2695 3410 continua
2720 3367 2833 3409 non
2854 3350 3107 3408 habetur.
3129 3352 3275 3408 Dum
3292 3347 3441 3405 enim
3455 3348 3610 3405 aliud
3626 3348 3775 3406 sicut
3788 3353 3866 3404 est

2269 3442 2806 3517 comprehendimus,
2833 3450 2888 3501 et
2933 3443 3085 3501 aliud
3118 3444 3457 3517 ignoramus,
3496 3441 3653 3517 quasi
3669 3446 3865 3515 'sp'arsa

2268 3535 2392 3593 luce
2413 3543 2468 3592 et
2494 3551 2565 3591 ex
2596 3541 2748 3609 parte
2775 3533 3072 3602 cernimus,
3103 3541 3157 3590 et
3177 3532 3235 3590 in
3259 3532 3592 3591 obscuritate
3617 3548 3689 3588 ex
3721 3538 3862 3606 parte

2269 3640 2634 3683 remanemus.
2667 3625 2822 3682 Tunc
2866 3640 2999 3681 vero
3040 3624 3141 3681 lux
3187 3624 3348 3680 nobis
3389 3639 3574 3697 sparsa
3611 3621 3731 3694 jam
3758 3635 3861 3678 non

2270 3716 2393 3785 erit,
2424 3714 2644 3791 quando
2671 3730 2827 3772 mens
2870 3720 3059 3772 nostra
3096 3712 3165 3770 ad
3207 3714 3383 3779 Deum
3427 3711 3681 3769 funditus
3720 3716 3862 3784 rapta

2270 3804 2552 3878 fulgescet.

2339 3894 2428 3951 43.
2463 3895 2662 3963 Quibus
2688 3892 2858 3949 modis
2884 3892 3113 3948 humano
3141 3891 3293 3948 cordi
3316 3890 3634 3956 insinuetur,
3656 3890 3861 3962 ignora-

2271 4001 2403 4040 mus.
2422 4015 2493 4025 —
2511 3985 2583 4040 Et
2599 3983 2726 4057 quia
2746 3982 2864 4040 haec
2882 3982 3071 4039 eadem
3091 3982 3191 4038 lux
3211 3981 3411 4056 quibus
3424 3980 3601 4038 modis
3621 3980 3860 4036 humano

2267 4072 2420 4130 cordi
2442 4073 2754 4129 insinuetur
2777 4072 3081 4144 ignoratur,
3112 4079 3258 4130 recte
3286 4073 3308 4109 ⁸
3336 4070 3395 4128 in
3421 4070 3861 4145 percunctatione
3965 4058 3973 4066 ’

2267 4162 2472 4219 dicitur
2508 4182 2520 4219 :
2553 4164 2657 4221 Per
2686 4177 2846 4235 quam
2867 4162 3010 4217 viam
3036 4163 3311 4235 spargitur
3342 4163 3438 4217 tua:
3457 4161 3581 4218 7A0
3608 4159 3655 4217 si
3684 4165 3861 4233 aperte

2267 4253 2539 4310 diceretur
2571 4272 2582 4309 :
2621 4252 2724 4311 Dic
2753 4269 2862 4326 quo
2890 4251 3085 4309 ordine
3108 4252 3384 4325 justitiam
3424 4267 3600 4308 meam
3630 4247 3863 4307 occultis

2265 4344 2480 4404 sinibus
2508 4343 2758 4403 cordium
2789 4343 3049 4414 infundo,
3066 4361 3194 4401 cum
3223 4345 3316 4401 et"
3334 4358 3430 4416 per
3449 4357 3729 4400 accessum
3757 4353 3862 4396 non

2265 4437 2477 4506 videor,
2508 4444 2563 4493 et
2591 4444 2777 4493 tamen
2801 4433 3046 4493 visibilia
3066 4452 3230 4509 opera
3255 4434 3546 4492 hominum
3575 4429 3866 4489 invisibili'

2261 4534 2346 4584 ter
2373 4527 2629 4595 immuto,
2659 4542 2786 4583 cum
2814 4518 2984 4581 unam
3015 4525 3372 4599 eamdemque
3418 4529 3663 4580 mentem
3710 4517 3868 4578 modo

2266 4618 2388 4685 hac,
2421 4615 2585 4673 modo
2614 4614 2712 4672 illa
2730 4614 2936 4673 virtute
2963 4615 3190 4686 irradio,
3217 4622 3269 4671 et
3297 4622 3482 4671 tamen
3506 4628 3604 4686 per
3631 4624 3867 4685 sparsam

2267 4710 2449 4767 lucem
2477 4707 2658 4764 adhuc
2686 4723 2755 4764 ex
2771 4714 2923 4780 parte
2943 4707 3128 4782 aliqua
3155 4723 3275 4763 eam
3293 4705 3351 4762 in
3372 4702 3701 4763 tentationis
3728 4710 3867 4759 tene'

2265 4799 2382 4856 bris
2409 4812 2689 4854 remanere
2725 4797 3005 4870 permitto.
3053 4794 3383 4871 Requiratur
3426 4794 3594 4852 homo
3622 4793 3866 4852 nesciens

2265 4907 2361 4964 per
2386 4904 2551 4962 quam
2568 4886 2715 4943 viam
2736 4888 3010 4961 spargitur
3035 4889 3154 4958 lux,
3176 4905 3240 4946 ac
3258 4887 3305 4945 si
3335 4893 3586 4962 patenter
3612 4885 3829 4944 dicatur
3852 4900 3864 4937 :

2262 4987 2406 5042 Dum
2435 4981 2573 5040 dura
2600 4980 2767 5039 corda
2793 4981 3039 5052 emollio,
3079 4980 3214 5038 dum
3243 4980 3422 5054 rigida
3462 4978 3709 5047 inﬂecto,
3741 4977 3866 5037 dum

2260 5091 2451 5150 aspera
2484 5072 2699 5147 mitigo,
2731 5072 2863 5130 dum
2895 5071 3095 5147 frigida
3122 5072 3385 5143 accendo,
3405 5071 3540 5129 dum
3561 5068 3768 5127 debilia
3787 5083 3866 5124 ro-

2258 5164 2416 5233 boro,
2446 5163 2580 5221 dum
2600 5179 2734 5237 vaga
2760 5163 3001 5234 stabilio,
3023 5163 3157 5221 dum
3177 5163 3434 5221 nutantia
3457 5161 3748 5230 conﬁrmo,
3772 5159 3855 5215 in-

2256 5261 2433 5323 tuere,
2463 5252 2511 5311 si
2534 5253 2701 5323 vales,
2734 5253 3151 5328 incorporaliter
3166 5255 3395 5312 veniens
3410 5253 3615 5328 quibus
3630 5268 3694 5309 ea
3722 5264 3866 5306 mea-

2271 5462 2377 5643 ne:
2395 5514 2617 5582 Pratel.,
2658 5514 2801 5574 Utic.
2842 5523 2896 5572 et
2940 5515 3012 5571 al.
3046 5515 3260 5586 Norm.,
3294 5514 3564 5588 inspirans
3608 5511 3777 5567 minus
3822 5512 3869 5563 et

2271 5605 2342 5643 ca:
2373 5604 2448 5642 es.

2270 5604 2655 5740 mgefongipq
2676 5676 2774 5731 per
2797 5659 3255 5731 interrogationem
3276 5657 3492 5715 dicitur.
3512 5656 3660 5713 Laud
3673 5699 3709 5725 .,
3737 5657 3868 5708 recte

2268 5746 2367 5801 per
2393 5735 2787 5785 cunctationem.

2351 5802 2370 5835 ⁷
2403 5799 2600 5868 Laud.,
2621 5818 2720 5872 per
2747 5817 3037 5870 ascensum,
3066 5800 3285 5859 vitiose.
