  <div class='ocr_page' id='page_1' title='image "/cluster/home/n/w/nwhite01/storage/ocr_20150623/76/hvd.32044052772456/258.png"; bbox 0 0 4152 6182; ppageno 0'>
   <div class='ocr_carea' id='block_1_1' title="bbox 323 323 2928 383">
    <p class='ocr_par' dir='ltr' id='par_1_1' title="bbox 323 323 2928 383">
     <span class='ocr_line' id='line_1_1' title="bbox 323 323 2928 383; baseline -0.001 -2"><span class='ocrx_word' id='word_1_1' title='bbox 323 324 421 382; x_wconf 75' lang='lat'>501</span> <span class='ocrx_word' id='word_1_2' title='bbox 1028 323 1403 382; x_wconf 78' lang='lat' dir='ltr'>MOBALIUM</span> <span class='ocrx_word' id='word_1_3' title='bbox 1441 325 1575 381; x_wconf 89' lang='lat' dir='ltr'>LIB.</span> <span class='ocrx_word' id='word_1_4' title='bbox 1617 325 1827 381; x_wconf 90' lang='lat' dir='ltr'><strong>XXIX.</strong></span> <span class='ocrx_word' id='word_1_5' title='bbox 1866 354 1937 367; x_wconf 95' lang='lat'><em>—</em></span> <span class='ocrx_word' id='word_1_6' title='bbox 1976 325 2048 381; x_wconf 86' lang='lat' dir='ltr'><strong>IN</strong></span> <span class='ocrx_word' id='word_1_7' title='bbox 2085 324 2313 383; x_wconf 80' lang='lat' dir='ltr'>CAPUT</span> <span class='ocrx_word' id='word_1_8' title='bbox 2353 324 2642 380; x_wconf 83' lang='lat' dir='ltr'><strong>XXXVI]!</strong></span> <span class='ocrx_word' id='word_1_9' title='bbox 2686 327 2746 379; x_wconf 86' lang='grc' dir='ltr'><strong>Β.</strong></span> <span class='ocrx_word' id='word_1_10' title='bbox 2787 325 2928 380; x_wconf 84' lang='lat' dir='ltr'>JOB.</span> 
     </span>
    </p>
   </div>
   <div class='ocr_carea' id='block_1_2' title="bbox 3517 328 3623 384">
    <p class='ocr_par' dir='ltr' id='par_1_2' title="bbox 3517 328 3623 384">
     <span class='ocr_line' id='line_1_2' title="bbox 3517 328 3623 384; baseline 0 0"><span class='ocrx_word' id='word_1_11' title='bbox 3517 328 3623 384; x_wconf 76' lang='lat'>502</span> 
     </span>
    </p>
   </div>
   <div class='ocr_carea' id='block_1_3' title="bbox 324 447 3622 527">
    <p class='ocr_par' dir='ltr' id='par_1_3' title="bbox 324 447 3622 527">
     <span class='ocr_line' id='line_1_3' title="bbox 324 447 3622 527; baseline 0.002 -21"><span class='ocrx_word' id='word_1_12' title='bbox 324 450 472 510; x_wconf 87' lang='lat' dir='ltr'>tibus</span> <span class='ocrx_word' id='word_1_13' title='bbox 500 448 742 505; x_wconf 90' lang='lat' dir='ltr'>illustro.</span> <span class='ocrx_word' id='word_1_14' title='bbox 762 447 890 505; x_wconf 82' lang='lat' dir='ltr'>Hac</span> <span class='ocrx_word' id='word_1_15' title='bbox 909 448 1113 523; x_wconf 82' lang='lat' dir='ltr'><strong>quippe</strong></span> <span class='ocrx_word' id='word_1_16' title='bbox 1138 449 1328 506; x_wconf 80' lang='lat' dir='ltr'>omnia</span> <span class='ocrx_word' id='word_1_17' title='bbox 1344 466 1446 507; x_wconf 93' lang='lat' dir='ltr'>nos</span> <span class='ocrx_word' id='word_1_18' title='bbox 1459 450 1603 508; x_wconf 83' lang='lat' dir='ltr'>facta</span> <span class='ocrx_word' id='word_1_19' title='bbox 1620 451 1917 521; x_wconf 90' lang='lat' dir='ltr'>cernimus,</span> <span class='ocrx_word' id='word_1_20' title='bbox 1947 453 1999 514; x_wconf 83' lang='lat' dir='ltr'><strong>A</strong></span> <span class='ocrx_word' id='word_1_21' title='bbox 2027 449 2269 520; x_wconf 93' lang='lat' dir='ltr'>scondit,</span> <span class='ocrx_word' id='word_1_22' title='bbox 2307 457 2453 509; x_wconf 89' lang='lat' dir='ltr'>recte</span> <span class='ocrx_word' id='word_1_23' title='bbox 2477 447 2680 508; x_wconf 89' lang='lat' dir='ltr'>dicitur</span> <span class='ocrx_word' id='word_1_24' title='bbox 2703 466 2716 506; x_wconf 89' lang='lat'><strong><em>:</em></strong></span> <span class='ocrx_word' id='word_1_25' title='bbox 2739 448 3016 506; x_wconf 70' lang='lat' dir='ltr'>Dividitur</span> <span class='ocrx_word' id='word_1_26' title='bbox 3043 457 3198 508; x_wconf 75' lang='lat' dir='ltr'>astus</span> <span class='ocrx_word' id='word_1_27' title='bbox 3225 469 3384 527; x_wconf 86' lang='lat' dir='ltr'>super</span> <span class='ocrx_word' id='word_1_28' title='bbox 3404 458 3622 513; x_wconf 87' lang='lat' dir='ltr'>terram.</span> 
     </span>
    </p>
   </div>
   <div class='ocr_carea' id='block_1_4' title="bbox 319 537 1916 615">
    <p class='ocr_par' dir='ltr' id='par_1_4' title="bbox 319 537 1916 615">
     <span class='ocr_line' id='line_1_4' title="bbox 319 537 1916 615; baseline 0 -15"><span class='ocrx_word' id='word_1_29' title='bbox 319 557 441 600; x_wconf 87' lang='lat' dir='ltr'>nam</span> <span class='ocrx_word' id='word_1_30' title='bbox 465 537 705 615; x_wconf 75' lang='lat' dir='ltr'>qualiter</span> <span class='ocrx_word' id='word_1_31' title='bbox 724 538 1055 597; x_wconf 76' lang='lat' dir='ltr'>intrinsecus</span> <span class='ocrx_word' id='word_1_32' title='bbox 1075 538 1386 598; x_wconf 78' lang='lat' dir='ltr'>efﬁciantur</span> <span class='ocrx_word' id='word_1_33' title='bbox 1406 541 1738 614; x_wconf 78' lang='lat' dir='ltr'>ignoramus.</span> <span class='ocrx_word' id='word_1_34' title='bbox 1764 542 1916 600; x_wconf 88' lang='lat' dir='ltr'>Hanc</span> 
     </span>
    </p>
   </div>
   <div class='ocr_carea' id='block_1_5' title="bbox 316 629 1914 707">
    <p class='ocr_par' dir='ltr' id='par_1_5' title="bbox 316 629 1914 707">
     <span class='ocr_line' id='line_1_5' title="bbox 316 629 1914 707; baseline 0.003 -21"><span class='ocrx_word' id='word_1_35' title='bbox 316 631 464 689; x_wconf 88' lang='lat' dir='ltr'>viam</span> <span class='ocrx_word' id='word_1_36' title='bbox 494 629 635 688; x_wconf 86' lang='lat' dir='ltr'>lucis</span> <span class='ocrx_word' id='word_1_37' title='bbox 668 645 786 687; x_wconf 87' lang='lat' dir='ltr'>esse</span> <span class='ocrx_word' id='word_1_38' title='bbox 813 629 977 688; x_wconf 90' lang='lat' dir='ltr'>nobis</span> <span class='ocrx_word' id='word_1_39' title='bbox 1008 631 1370 699; x_wconf 90' lang='lat' dir='ltr'>invisibilem,</span> <span class='ocrx_word' id='word_1_40' title='bbox 1406 633 1463 689; x_wconf 91' lang='lat' dir='ltr'>in</span> <span class='ocrx_word' id='word_1_41' title='bbox 1484 634 1786 707; x_wconf 87' lang='lat' dir='ltr'>Evangelio</span> <span class='ocrx_word' id='word_1_42' title='bbox 1811 634 1914 692; x_wconf 83' lang='lat' dir='ltr'>Ve-</span> 
     </span>
    </p>
   </div>
   <div class='ocr_carea' id='block_1_6' title="bbox 316 718 1915 797">
    <p class='ocr_par' dir='ltr' id='par_1_6' title="bbox 316 718 1915 797">
     <span class='ocr_line' id='line_1_6' title="bbox 316 718 1915 797; baseline 0 -17"><span class='ocrx_word' id='word_1_43' title='bbox 316 720 448 780; x_wconf 87' lang='lat' dir='ltr'>ritas</span> <span class='ocrx_word' id='word_1_44' title='bbox 476 718 740 789; x_wconf 89' lang='lat' dir='ltr'>ostendit,</span> <span class='ocrx_word' id='word_1_45' title='bbox 761 719 953 778; x_wconf 89' lang='lat' dir='ltr'>dicens</span> <span class='ocrx_word' id='word_1_46' title='bbox 977 738 989 777; x_wconf 90' lang='lat'>:</span> <span class='ocrx_word' id='word_1_47' title='bbox 1026 721 1261 794; x_wconf 74' lang='lat' dir='ltr'>Spiritus</span> <span class='ocrx_word' id='word_1_48' title='bbox 1281 722 1372 777; x_wconf 88' lang='lat' dir='ltr'>ubi</span> <span class='ocrx_word' id='word_1_49' title='bbox 1392 725 1504 779; x_wconf 88' lang='lat' dir='ltr'>vult</span> <span class='ocrx_word' id='word_1_50' title='bbox 1522 724 1697 797; x_wconf 78' lang='lat' dir='ltr'>spirat</span> <span class='ocrx_word' id='word_1_51' title='bbox 1717 742 1739 790; x_wconf 87' lang='lat'><em>;</em></span> <span class='ocrx_word' id='word_1_52' title='bbox 1763 732 1813 780; x_wconf 89' lang='lat' dir='ltr'>et</span> <span class='ocrx_word' id='word_1_53' title='bbox 1828 742 1915 780; x_wconf 89' lang='lat' dir='ltr'>vo-</span> 
     </span>
    </p>
   </div>
   <div class='ocr_carea' id='block_1_7' title="bbox 316 809 1919 886">
    <p class='ocr_par' dir='ltr' id='par_1_7' title="bbox 316 809 1919 886">
     <span class='ocr_line' id='line_1_7' title="bbox 316 809 1919 886; baseline 0.001 -18"><span class='ocrx_word' id='word_1_54' title='bbox 316 828 414 868; x_wconf 84' lang='lat' dir='ltr'>cem</span> <span class='ocrx_word' id='word_1_55' title='bbox 446 809 566 882; x_wconf 86' lang='lat' dir='ltr'>ejus</span> <span class='ocrx_word' id='word_1_56' title='bbox 593 809 774 878; x_wconf 88' lang='lat' dir='ltr'>audis,</span> <span class='ocrx_word' id='word_1_57' title='bbox 810 812 826 845; x_wconf 84' lang='grc'>¹</span> <span class='ocrx_word' id='word_1_58' title='bbox 857 816 905 867; x_wconf 87' lang='lat' dir='ltr'>et</span> <span class='ocrx_word' id='word_1_59' title='bbox 936 811 1101 868; x_wconf 88' lang='lat' dir='ltr'>nescis</span> <span class='ocrx_word' id='word_1_60' title='bbox 1130 811 1266 868; x_wconf 81' lang='lat' dir='ltr'>unde</span> <span class='ocrx_word' id='word_1_61' title='bbox 1312 813 1488 869; x_wconf 86' lang='lat' dir='ltr'>veniat</span> <span class='ocrx_word' id='word_1_62' title='bbox 1526 820 1575 869; x_wconf 89' lang='lat' dir='ltr'>et</span> <span class='ocrx_word' id='word_1_63' title='bbox 1608 831 1712 886; x_wconf 87' lang='lat' dir='ltr'>quo</span> <span class='ocrx_word' id='word_1_64' title='bbox 1756 814 1919 871; x_wconf 80' lang='lat' dir='ltr'>vadat</span> 
     </span>
    </p>
   </div>
   <div class='ocr_carea' id='block_1_8' title="bbox 312 898 735 971">
    <p class='ocr_par' dir='ltr' id='par_1_8' title="bbox 312 898 735 971">
     <span class='ocr_line' id='line_1_8' title="bbox 312 898 735 971; baseline -0.005 -13"><span class='ocrx_word' id='word_1_65' title='bbox 312 898 499 971; x_wconf 82' lang='lat' dir='ltr'>(Joan.</span> <span class='ocrx_word' id='word_1_66' title='bbox 533 916 617 968; x_wconf 81' lang='lat' dir='ltr'>ur,</span> <span class='ocrx_word' id='word_1_67' title='bbox 646 898 735 971; x_wconf 86' lang='lat'>8).</span> 
     </span>
    </p>
   </div>
   <div class='ocr_carea' id='block_1_9' title="bbox 382 988 1915 1066">
    <p class='ocr_par' dir='ltr' id='par_1_9' title="bbox 382 988 1915 1066">
     <span class='ocr_line' id='line_1_9' title="bbox 382 988 1915 1066; baseline 0 -17"><span class='ocrx_word' id='word_1_68' title='bbox 382 989 526 1065; x_wconf 84' lang='lat' dir='ltr'>[Vet.</span> <span class='ocrx_word' id='word_1_69' title='bbox 560 990 645 1047; x_wconf 82' lang='lat' dir='ltr'><strong>XI</strong></span> <span class='ocrx_word' id='word_1_70' title='bbox 652 988 738 1066; x_wconf 81' lang='lat' dir='ltr'>V.]</span> <span class='ocrx_word' id='word_1_71' title='bbox 769 988 859 1047; x_wconf 71' lang='grc'><strong>44.</strong></span> <span class='ocrx_word' id='word_1_72' title='bbox 892 992 1005 1048; x_wconf 87' lang='lat' dir='ltr'>Hac</span> <span class='ocrx_word' id='word_1_73' title='bbox 1035 993 1145 1048; x_wconf 89' lang='lat' dir='ltr'>luce</span> <span class='ocrx_word' id='word_1_74' title='bbox 1169 996 1440 1061; x_wconf 77' lang='lat' dir='ltr'>crescente,</span> <span class='ocrx_word' id='word_1_75' title='bbox 1471 993 1775 1049; x_wconf 85' lang='lat' dir='ltr'>tentationes</span> <span class='ocrx_word' id='word_1_76' title='bbox 1804 1011 1915 1050; x_wconf 88' lang='lat' dir='ltr'>suc-</span> 
     </span>
    </p>
   </div>
   <div class='ocr_carea' id='block_1_10' title="bbox 313 1080 1914 1156">
    <p class='ocr_par' dir='ltr' id='par_1_10' title="bbox 313 1080 1914 1156">
     <span class='ocr_line' id='line_1_10' title="bbox 313 1080 1914 1156; baseline 0.002 -19"><span class='ocrx_word' id='word_1_77' title='bbox 313 1086 572 1137; x_wconf 84' lang='lat' dir='ltr'>crescunt.</span> <span class='ocrx_word' id='word_1_78' title='bbox 594 1110 666 1121; x_wconf 91' lang='lat'><strong>—</strong></span> <span class='ocrx_word' id='word_1_79' title='bbox 693 1080 801 1136; x_wconf 86' lang='lat' dir='ltr'>Sed</span> <span class='ocrx_word' id='word_1_80' title='bbox 831 1081 961 1154; x_wconf 83' lang='lat' dir='ltr'>quia</span> <span class='ocrx_word' id='word_1_81' title='bbox 989 1098 1115 1140; x_wconf 92' lang='lat' dir='ltr'>cum</span> <span class='ocrx_word' id='word_1_82' title='bbox 1146 1082 1246 1138; x_wconf 87' lang='lat' dir='ltr'>lux</span> <span class='ocrx_word' id='word_1_83' title='bbox 1273 1082 1546 1156; x_wconf 82' lang='lat' dir='ltr'>spargitur</span> <span class='ocrx_word' id='word_1_84' title='bbox 1574 1099 1704 1139; x_wconf 87' lang='lat' dir='ltr'>mox</span> <span class='ocrx_word' id='word_1_85' title='bbox 1732 1083 1799 1140; x_wconf 89' lang='lat' dir='ltr'>ab</span> <span class='ocrx_word' id='word_1_86' title='bbox 1828 1101 1914 1140; x_wconf 91' lang='lat' dir='ltr'>oc-</span> 
     </span>
    </p>
   </div>
   <div class='ocr_carea' id='block_1_11' title="bbox 311 1169 1917 1245">
    <p class='ocr_par' dir='ltr' id='par_1_11' title="bbox 311 1169 1917 1245">
     <span class='ocr_line' id='line_1_11' title="bbox 311 1169 1917 1245; baseline 0.001 -16"><span class='ocrx_word' id='word_1_87' title='bbox 311 1172 461 1229; x_wconf 87' lang='lat' dir='ltr'>culto</span> <span class='ocrx_word' id='word_1_88' title='bbox 476 1169 792 1226; x_wconf 87' lang='lat' dir='ltr'>adversario</span> <span class='ocrx_word' id='word_1_89' title='bbox 808 1178 997 1227; x_wconf 90' lang='lat' dir='ltr'>contra</span> <span class='ocrx_word' id='word_1_90' title='bbox 1009 1172 1307 1245; x_wconf 79' lang='lat' dir='ltr'>fulgentem</span> <span class='ocrx_word' id='word_1_91' title='bbox 1325 1182 1563 1229; x_wconf 87' lang='lat' dir='ltr'>mentem</span> <span class='ocrx_word' id='word_1_92' title='bbox 1578 1182 1917 1231; x_wconf 87' lang='lat' dir='ltr'>tentamenta</span> 
     </span>
    </p>
   </div>
   <div class='ocr_carea' id='block_1_12' title="bbox 312 1261 1916 1337">
    <p class='ocr_par' dir='ltr' id='par_1_12' title="bbox 312 1261 1916 1337">
     <span class='ocr_line' id='line_1_12' title="bbox 312 1261 1916 1337; baseline 0 -18"><span class='ocrx_word' id='word_1_93' title='bbox 312 1267 687 1328; x_wconf 89' lang='lat' dir='ltr'>succrescunt,</span> <span class='ocrx_word' id='word_1_94' title='bbox 705 1270 851 1317; x_wconf 88' lang='lat' dir='ltr'>recte</span> <span class='ocrx_word' id='word_1_95' title='bbox 870 1261 1243 1335; x_wconf 90' lang='lat' dir='ltr'>subjungitur:</span> <span class='ocrx_word' id='word_1_96' title='bbox 1269 1263 1547 1319; x_wconf 84' lang='lat' dir='ltr'>Dividitur</span> <span class='ocrx_word' id='word_1_97' title='bbox 1574 1271 1730 1319; x_wconf 74' lang='lat' dir='ltr'>cestus</span> <span class='ocrx_word' id='word_1_98' title='bbox 1758 1281 1916 1337; x_wconf 82' lang='lat' dir='ltr'>super</span> 
     </span>
    </p>
   </div>
   <div class='ocr_carea' id='block_1_13' title="bbox 312 1347 1915 1426">
    <p class='ocr_par' dir='ltr' id='par_1_13' title="bbox 312 1347 1915 1426">
     <span class='ocr_line' id='line_1_13' title="bbox 312 1347 1915 1426; baseline 0.001 -18"><span class='ocrx_word' id='word_1_99' title='bbox 312 1358 529 1408; x_wconf 63' lang='lat' dir='ltr'>tenam.</span> <span class='ocrx_word' id='word_1_100' title='bbox 579 1347 768 1405; x_wconf 81' lang='lat' dir='ltr'>Hostis</span> <span class='ocrx_word' id='word_1_101' title='bbox 809 1364 1048 1425; x_wconf 86' lang='lat' dir='ltr'>namque</span> <span class='ocrx_word' id='word_1_102' title='bbox 1095 1351 1330 1409; x_wconf 90' lang='lat' dir='ltr'>callidus</span> <span class='ocrx_word' id='word_1_103' title='bbox 1359 1368 1497 1426; x_wconf 92' lang='lat' dir='ltr'>quos</span> <span class='ocrx_word' id='word_1_104' title='bbox 1532 1352 1764 1425; x_wconf 90' lang='lat' dir='ltr'>justitia</span> <span class='ocrx_word' id='word_1_105' title='bbox 1795 1354 1915 1410; x_wconf 90' lang='lat' dir='ltr'>luce</span> 
     </span>
    </p>
   </div>
   <div class='ocr_carea' id='block_1_14' title="bbox 309 1438 1916 1512">
    <p class='ocr_par' dir='ltr' id='par_1_14' title="bbox 309 1438 1916 1512">
     <span class='ocr_line' id='line_1_14' title="bbox 309 1438 1916 1512; baseline 0 -14"><span class='ocrx_word' id='word_1_106' title='bbox 309 1440 610 1498; x_wconf 84' lang='lat' dir='ltr'>enitescere</span> <span class='ocrx_word' id='word_1_107' title='bbox 639 1438 931 1512; x_wconf 84' lang='lat' dir='ltr'>conspicit,</span> <span class='ocrx_word' id='word_1_108' title='bbox 959 1455 1147 1497; x_wconf 90' lang='lat' dir='ltr'>eorum</span> <span class='ocrx_word' id='word_1_109' title='bbox 1170 1449 1382 1497; x_wconf 86' lang='lat' dir='ltr'>mentes</span> <span class='ocrx_word' id='word_1_110' title='bbox 1401 1441 1614 1498; x_wconf 84' lang='lat' dir='ltr'>illicitis</span> <span class='ocrx_word' id='word_1_111' title='bbox 1628 1441 1916 1499; x_wconf 84' lang='lat' dir='ltr'>desideriis</span> 
     </span>
    </p>
   </div>
   <div class='ocr_carea' id='block_1_15' title="bbox 310 1529 1916 1609">
    <p class='ocr_par' dir='ltr' id='par_1_15' title="bbox 310 1529 1916 1609">
     <span class='ocr_line' id='line_1_15' title="bbox 310 1529 1916 1609; baseline 0.002 -21"><span class='ocrx_word' id='word_1_112' title='bbox 310 1530 656 1588; x_wconf 84' lang='lat' dir='ltr'>inﬂammare</span> <span class='ocrx_word' id='word_1_113' title='bbox 702 1529 1012 1602; x_wconf 89' lang='lat' dir='ltr'>contendit,</span> <span class='ocrx_word' id='word_1_114' title='bbox 1051 1542 1115 1591; x_wconf 89' lang='lat' dir='ltr'>ut</span> <span class='ocrx_word' id='word_1_115' title='bbox 1157 1533 1484 1609; x_wconf 90' lang='lat' dir='ltr'>plerumque</span> <span class='ocrx_word' id='word_1_116' title='bbox 1530 1535 1655 1607; x_wconf 88' lang='lat' dir='ltr'>plus</span> <span class='ocrx_word' id='word_1_117' title='bbox 1686 1541 1832 1601; x_wconf 86' lang='lat'>937</span> <span class='ocrx_word' id='word_1_118' title='bbox 1860 1551 1916 1592; x_wconf 91' lang='lat' dir='ltr'>se</span> 
     </span>
    </p>
   </div>
   <div class='ocr_carea' id='block_1_16' title="bbox 307 1630 1916 1710">
    <p class='ocr_par' dir='ltr' id='par_1_16' title="bbox 307 1630 1916 1710">
     <span class='ocr_line' id='line_1_16' title="bbox 307 1630 1916 1710; baseline 0.001 -21"><span class='ocrx_word' id='word_1_119' title='bbox 307 1633 490 1707; x_wconf 85' lang='lat' dir='ltr'>urgeri</span> <span class='ocrx_word' id='word_1_120' title='bbox 520 1630 924 1688; x_wconf 87' lang='lat' dir='ltr'>tentationibus</span> <span class='ocrx_word' id='word_1_121' title='bbox 969 1634 1230 1704; x_wconf 85' lang='lat' dir='ltr'>sentiant,</span> <span class='ocrx_word' id='word_1_122' title='bbox 1263 1653 1427 1710; x_wconf 89' lang='lat' dir='ltr'>quam</span> <span class='ocrx_word' id='word_1_123' title='bbox 1458 1643 1591 1693; x_wconf 92' lang='lat' dir='ltr'>tunc</span> <span class='ocrx_word' id='word_1_124' title='bbox 1619 1653 1743 1693; x_wconf 88' lang='lat' dir='ltr'>cum</span> <span class='ocrx_word' id='word_1_125' title='bbox 1775 1633 1916 1691; x_wconf 91' lang='lat' dir='ltr'>lucis</span> 
     </span>
    </p>
   </div>
   <div class='ocr_carea' id='block_1_17' title="bbox 306 1721 1913 1799">
    <p class='ocr_par' dir='ltr' id='par_1_17' title="bbox 306 1721 1913 1799">
     <span class='ocr_line' id='line_1_17' title="bbox 306 1721 1913 1799; baseline 0.002 -20"><span class='ocrx_word' id='word_1_126' title='bbox 306 1722 539 1780; x_wconf 80' lang='lat' dir='ltr'>interna</span> <span class='ocrx_word' id='word_1_127' title='bbox 567 1721 750 1779; x_wconf 91' lang='lat' dir='ltr'>radios</span> <span class='ocrx_word' id='word_1_128' title='bbox 778 1738 895 1780; x_wconf 91' lang='lat' dir='ltr'>non</span> <span class='ocrx_word' id='word_1_129' title='bbox 924 1722 1211 1783; x_wconf 87' lang='lat' dir='ltr'>videbant.</span> <span class='ocrx_word' id='word_1_130' title='bbox 1234 1726 1391 1783; x_wconf 89' lang='lat' dir='ltr'>Unde</span> <span class='ocrx_word' id='word_1_131' title='bbox 1410 1736 1463 1783; x_wconf 91' lang='lat' dir='ltr'>et</span> <span class='ocrx_word' id='word_1_132' title='bbox 1492 1726 1749 1783; x_wconf 89' lang='lat' dir='ltr'>Israelita</span> <span class='ocrx_word' id='word_1_133' title='bbox 1769 1733 1913 1799; x_wconf 85' lang='lat' dir='ltr'>post-</span> 
     </span>
    </p>
   </div>
   <div class='ocr_carea' id='block_1_18' title="bbox 2094 538 3624 613">
    <p class='ocr_par' dir='ltr' id='par_1_18' title="bbox 2094 538 3624 613">
     <span class='ocr_line' id='line_1_18' title="bbox 2094 538 3624 613; baseline 0.001 -14"><span class='ocrx_word' id='word_1_134' title='bbox 2094 541 2183 599; x_wconf 74' lang='grc'>46.</span> <span class='ocrx_word' id='word_1_135' title='bbox 2221 541 2363 599; x_wconf 89' lang='lat' dir='ltr'>Deus</span> <span class='ocrx_word' id='word_1_136' title='bbox 2395 539 2699 596; x_wconf 84' lang='lat' dir='ltr'>tentationes</span> <span class='ocrx_word' id='word_1_137' title='bbox 2726 538 3056 607; x_wconf 82' lang='lat' dir='ltr'>moderatur,</span> <span class='ocrx_word' id='word_1_138' title='bbox 3086 554 3149 596; x_wconf 80' lang='lat' dir='ltr'>ne</span> <span class='ocrx_word' id='word_1_139' title='bbox 3175 548 3271 597; x_wconf 90' lang='lat' dir='ltr'>aut</span> <span class='ocrx_word' id='word_1_140' title='bbox 3292 544 3471 601; x_wconf 71' lang='lat' dir='ltr'>multa:</span> <span class='ocrx_word' id='word_1_141' title='bbox 3495 544 3624 613; x_wconf 86' lang='lat' dir='ltr'>sint,</span> 
     </span>
    </p>
   </div>
   <div class='ocr_carea' id='block_1_19' title="bbox 2024 628 3627 703">
    <p class='ocr_par' dir='ltr' id='par_1_19' title="bbox 2024 628 3627 703">
     <span class='ocr_line' id='line_1_19' title="bbox 2024 628 3627 703; baseline 0.002 -16"><span class='ocrx_word' id='word_1_142' title='bbox 2024 637 2120 687; x_wconf 87' lang='lat' dir='ltr'>aut</span> <span class='ocrx_word' id='word_1_143' title='bbox 2138 630 2333 687; x_wconf 77' lang='lat' dir='ltr'>nimia.</span> <span class='ocrx_word' id='word_1_144' title='bbox 2357 661 2428 673; x_wconf 94' lang='lat'><strong>—</strong></span> <span class='ocrx_word' id='word_1_145' title='bbox 2457 629 2561 687; x_wconf 90' lang='lat' dir='ltr'>Sed</span> <span class='ocrx_word' id='word_1_146' title='bbox 2595 645 2719 687; x_wconf 88' lang='lat' dir='ltr'>cum</span> <span class='ocrx_word' id='word_1_147' title='bbox 2741 628 3099 702; x_wconf 73' lang='lat' dir='ltr'>praemittitur</span> <span class='ocrx_word' id='word_1_148' title='bbox 3127 648 3139 687; x_wconf 88' lang='lat'><strong>:</strong></span> <span class='ocrx_word' id='word_1_149' title='bbox 3171 631 3279 689; x_wconf 89' lang='lat' dir='ltr'>Per</span> <span class='ocrx_word' id='word_1_150' title='bbox 3296 649 3456 703; x_wconf 87' lang='lat' dir='ltr'>quam</span> <span class='ocrx_word' id='word_1_151' title='bbox 3483 634 3627 690; x_wconf 88' lang='lat' dir='ltr'>viam</span> 
     </span>
    </p>
   </div>
   <div class='ocr_carea' id='block_1_20' title="bbox 2024 718 3625 796">
    <p class='ocr_par' dir='ltr' id='par_1_20' title="bbox 2024 718 3625 796">
     <span class='ocr_line' id='line_1_20' title="bbox 2024 718 3625 796; baseline 0.002 -18"><span class='ocrx_word' id='word_1_152' title='bbox 2024 729 2299 796; x_wconf 77' lang='lat' dir='ltr'>spargitur</span> <span class='ocrx_word' id='word_1_153' title='bbox 2330 723 2446 779; x_wconf 67' lang='lat' dir='ltr'>lux.</span> <span class='ocrx_word' id='word_1_154' title='bbox 2478 721 2783 795; x_wconf 88' lang='lat' dir='ltr'>Statimque</span> <span class='ocrx_word' id='word_1_155' title='bbox 2812 718 3164 795; x_wconf 88' lang='lat' dir='ltr'>subjungitur</span> <span class='ocrx_word' id='word_1_156' title='bbox 3198 738 3210 776; x_wconf 75' lang='grc' dir='ltr'><strong>ε</strong></span> <span class='ocrx_word' id='word_1_157' title='bbox 3238 720 3514 779; x_wconf 82' lang='lat' dir='ltr'>Dividitur</span> <span class='ocrx_word' id='word_1_158' title='bbox 3541 742 3625 782; x_wconf 72' lang='lat' dir='ltr'>az-</span> 
     </span>
    </p>
   </div>
   <div class='ocr_carea' id='block_1_21' title="bbox 2025 811 3627 886">
    <p class='ocr_par' dir='ltr' id='par_1_21' title="bbox 2025 811 3627 886">
     <span class='ocr_line' id='line_1_21' title="bbox 2025 811 3627 886; baseline 0.004 -19"><span class='ocrx_word' id='word_1_159' title='bbox 2025 818 2134 868; x_wconf 91' lang='lat' dir='ltr'>stus</span> <span class='ocrx_word' id='word_1_160' title='bbox 2163 830 2324 885; x_wconf 85' lang='lat' dir='ltr'>super</span> <span class='ocrx_word' id='word_1_161' title='bbox 2355 818 2573 868; x_wconf 89' lang='lat' dir='ltr'>terram.</span> <span class='ocrx_word' id='word_1_162' title='bbox 2606 811 2879 869; x_wconf 88' lang='lat' dir='ltr'>Nimirum</span> <span class='ocrx_word' id='word_1_163' title='bbox 2928 828 3025 886; x_wconf 92' lang='lat' dir='ltr'>per</span> <span class='ocrx_word' id='word_1_164' title='bbox 3068 811 3316 869; x_wconf 88' lang='lat' dir='ltr'>eamdem</span> <span class='ocrx_word' id='word_1_165' title='bbox 3346 811 3492 869; x_wconf 89' lang='lat' dir='ltr'>viam</span> <span class='ocrx_word' id='word_1_166' title='bbox 3531 830 3627 886; x_wconf 86' lang='lat' dir='ltr'>per</span> 
     </span>
    </p>
   </div>
   <div class='ocr_carea' id='block_1_22' title="bbox 2026 899 3624 975">
    <p class='ocr_par' dir='ltr' id='par_1_22' title="bbox 2026 899 3624 975">
     <span class='ocr_line' id='line_1_22' title="bbox 2026 899 3624 975; baseline 0.002 -17"><span class='ocrx_word' id='word_1_167' title='bbox 2026 918 2189 975; x_wconf 89' lang='lat' dir='ltr'>quam</span> <span class='ocrx_word' id='word_1_168' title='bbox 2228 903 2327 958; x_wconf 87' lang='lat' dir='ltr'>lux</span> <span class='ocrx_word' id='word_1_169' title='bbox 2370 902 2647 975; x_wconf 87' lang='lat' dir='ltr'>spargitur</span> <span class='ocrx_word' id='word_1_170' title='bbox 2693 900 2858 957; x_wconf 89' lang='lat' dir='ltr'>etiam</span> <span class='ocrx_word' id='word_1_171' title='bbox 2905 899 3081 958; x_wconf 85' lang='lat' dir='ltr'>dividi</span> <span class='ocrx_word' id='word_1_172' title='bbox 3130 908 3296 957; x_wconf 85' lang='lat' dir='ltr'>astus</span> <span class='ocrx_word' id='word_1_173' title='bbox 3325 899 3624 960; x_wconf 90' lang='lat' dir='ltr'>indicatur.</span> 
     </span>
    </p>
   </div>
   <div class='ocr_carea' id='block_1_23' title="bbox 2025 989 3627 1065">
    <p class='ocr_par' dir='ltr' id='par_1_23' title="bbox 2025 989 3627 1065">
     <span class='ocr_line' id='line_1_23' title="bbox 2025 989 3627 1065; baseline 0.004 -20"><span class='ocrx_word' id='word_1_174' title='bbox 2025 991 2155 1047; x_wconf 85' lang='lat' dir='ltr'>Alta</span> <span class='ocrx_word' id='word_1_175' title='bbox 2182 990 2386 1065; x_wconf 89' lang='lat' dir='ltr'>quippe</span> <span class='ocrx_word' id='word_1_176' title='bbox 2409 998 2572 1065; x_wconf 89' lang='lat' dir='ltr'>atque</span> <span class='ocrx_word' id='word_1_177' title='bbox 2588 989 3164 1063; x_wconf 86' lang='lat' dir='ltr'>incomprehensibilis</span> <span class='ocrx_word' id='word_1_178' title='bbox 3189 990 3428 1065; x_wconf 88' lang='lat' dir='ltr'>Spiritus</span> <span class='ocrx_word' id='word_1_179' title='bbox 3450 991 3627 1052; x_wconf 85' lang='lat' dir='ltr'>sancti</span> 
     </span>
    </p>
   </div>
   <div class='ocr_carea' id='block_1_24' title="bbox 1989 1080 3625 1153">
    <p class='ocr_par' dir='ltr' id='par_1_24' title="bbox 1989 1080 3625 1153">
     <span class='ocr_line' id='line_1_24' title="bbox 1989 1080 3625 1153; baseline 0.002 -18"><span class='ocrx_word' id='word_1_180' title='bbox 1989 1094 1998 1105; x_wconf 83' lang='lat'>&#39;</span> <span class='ocrx_word' id='word_1_181' title='bbox 2025 1080 2200 1153; x_wconf 88' lang='lat' dir='ltr'>gratia</span> <span class='ocrx_word' id='word_1_182' title='bbox 2226 1096 2353 1137; x_wconf 91' lang='lat' dir='ltr'>cum</span> <span class='ocrx_word' id='word_1_183' title='bbox 2384 1081 2507 1137; x_wconf 90' lang='lat' dir='ltr'>luce</span> <span class='ocrx_word' id='word_1_184' title='bbox 2535 1096 2637 1138; x_wconf 91' lang='lat' dir='ltr'>sua</span> <span class='ocrx_word' id='word_1_185' title='bbox 2664 1088 2879 1138; x_wconf 86' lang='lat' dir='ltr'>nostras</span> <span class='ocrx_word' id='word_1_186' title='bbox 2927 1087 3137 1139; x_wconf 88' lang='lat' dir='ltr'>mentes</span> <span class='ocrx_word' id='word_1_187' title='bbox 3183 1080 3430 1151; x_wconf 89' lang='lat' dir='ltr'>irradiat,</span> <span class='ocrx_word' id='word_1_188' title='bbox 3460 1083 3625 1140; x_wconf 90' lang='lat' dir='ltr'>etiam</span> 
     </span>
    </p>
   </div>
   <div class='ocr_carea' id='block_1_25' title="bbox 2024 1169 3627 1243">
    <p class='ocr_par' dir='ltr' id='par_1_25' title="bbox 2024 1169 3627 1243">
     <span class='ocr_line' id='line_1_25' title="bbox 2024 1169 3627 1243; baseline 0.001 -17"><span class='ocrx_word' id='word_1_189' title='bbox 2024 1169 2356 1226; x_wconf 89' lang='lat' dir='ltr'>tentationes</span> <span class='ocrx_word' id='word_1_190' title='bbox 2386 1169 2689 1227; x_wconf 84' lang='lat' dir='ltr'>adversarii</span> <span class='ocrx_word' id='word_1_191' title='bbox 2720 1169 3088 1243; x_wconf 90' lang='lat' dir='ltr'>dispensando</span> <span class='ocrx_word' id='word_1_192' title='bbox 3118 1169 3420 1240; x_wconf 84' lang='lat' dir='ltr'>modiﬁcat,</span> <span class='ocrx_word' id='word_1_193' title='bbox 3451 1179 3513 1227; x_wconf 91' lang='lat' dir='ltr'>ut</span> <span class='ocrx_word' id='word_1_194' title='bbox 3540 1169 3627 1227; x_wconf 90' lang='lat' dir='ltr'>si-</span> 
     </span>
    </p>
   </div>
   <div class='ocr_carea' id='block_1_26' title="bbox 2024 1259 3628 1335">
    <p class='ocr_par' dir='ltr' id='par_1_26' title="bbox 2024 1259 3628 1335">
     <span class='ocr_line' id='line_1_26' title="bbox 2024 1259 3628 1335; baseline 0.001 -19"><span class='ocrx_word' id='word_1_195' title='bbox 2024 1260 2139 1317; x_wconf 91' lang='lat' dir='ltr'>mul</span> <span class='ocrx_word' id='word_1_196' title='bbox 2170 1259 2357 1317; x_wconf 84' lang='lat' dir='ltr'>multa</span> <span class='ocrx_word' id='word_1_197' title='bbox 2388 1277 2499 1316; x_wconf 91' lang='lat' dir='ltr'>non</span> <span class='ocrx_word' id='word_1_198' title='bbox 2534 1259 2783 1326; x_wconf 82' lang='lat' dir='ltr'>veniant,</span> <span class='ocrx_word' id='word_1_199' title='bbox 2814 1268 2910 1317; x_wconf 90' lang='lat' dir='ltr'>aut</span> <span class='ocrx_word' id='word_1_200' title='bbox 2937 1261 3067 1334; x_wconf 87' lang='lat' dir='ltr'>ipsa</span> <span class='ocrx_word' id='word_1_201' title='bbox 3098 1260 3481 1318; x_wconf 89' lang='lat' dir='ltr'>tantummodo</span> <span class='ocrx_word' id='word_1_202' title='bbox 3506 1277 3628 1335; x_wconf 76' lang='lat' dir='ltr'>qua</span> 
     </span>
    </p>
   </div>
   <div class='ocr_carea' id='block_1_27' title="bbox 2024 1348 3629 1423">
    <p class='ocr_par' dir='ltr' id='par_1_27' title="bbox 2024 1348 3629 1423">
     <span class='ocr_line' id='line_1_27' title="bbox 2024 1348 3629 1423; baseline 0.002 -18"><span class='ocrx_word' id='word_1_203' title='bbox 2024 1349 2156 1409; x_wconf 87' lang='lat' dir='ltr'>ferri</span> <span class='ocrx_word' id='word_1_204' title='bbox 2188 1358 2416 1423; x_wconf 89' lang='lat' dir='ltr'>possunt</span> <span class='ocrx_word' id='word_1_205' title='bbox 2451 1349 2783 1406; x_wconf 86' lang='lat' dir='ltr'>illustratam</span> <span class='ocrx_word' id='word_1_206' title='bbox 2821 1348 2937 1422; x_wconf 90' lang='lat' dir='ltr'>jam</span> <span class='ocrx_word' id='word_1_207' title='bbox 2978 1366 3011 1405; x_wconf 93' lang='lat' dir='ltr'>a</span> <span class='ocrx_word' id='word_1_208' title='bbox 3050 1351 3165 1409; x_wconf 91' lang='lat' dir='ltr'>Deo</span> <span class='ocrx_word' id='word_1_209' title='bbox 3211 1352 3452 1409; x_wconf 90' lang='lat' dir='ltr'>animam</span> <span class='ocrx_word' id='word_1_210' title='bbox 3496 1358 3629 1409; x_wconf 87' lang='lat' dir='ltr'>tan-</span> 
     </span>
    </p>
   </div>
   <div class='ocr_carea' id='block_1_28' title="bbox 2027 1438 3630 1514">
    <p class='ocr_par' dir='ltr' id='par_1_28' title="bbox 2027 1438 3630 1514">
     <span class='ocr_line' id='line_1_28' title="bbox 2027 1438 3630 1514; baseline 0.002 -19"><span class='ocrx_word' id='word_1_211' title='bbox 2027 1448 2175 1511; x_wconf 87' lang='lat' dir='ltr'>gant,</span> <span class='ocrx_word' id='word_1_212' title='bbox 2208 1446 2269 1494; x_wconf 90' lang='lat' dir='ltr'>ut</span> <span class='ocrx_word' id='word_1_213' title='bbox 2296 1455 2422 1495; x_wconf 89' lang='lat' dir='ltr'>cum</span> <span class='ocrx_word' id='word_1_214' title='bbox 2454 1447 2631 1495; x_wconf 89' lang='lat' dir='ltr'>tactus</span> <span class='ocrx_word' id='word_1_215' title='bbox 2660 1438 2746 1495; x_wconf 90' lang='lat' dir='ltr'>sui</span> <span class='ocrx_word' id='word_1_216' title='bbox 2776 1439 2968 1495; x_wconf 89' lang='lat' dir='ltr'>ardore</span> <span class='ocrx_word' id='word_1_217' title='bbox 3014 1456 3114 1495; x_wconf 91' lang='lat' dir='ltr'>nos</span> <span class='ocrx_word' id='word_1_218' title='bbox 3142 1442 3411 1510; x_wconf 85' lang='lat' dir='ltr'>cruciant,</span> <span class='ocrx_word' id='word_1_219' title='bbox 3441 1440 3630 1514; x_wconf 86' lang='lat' dir='ltr'>perfe-</span> 
     </span>
    </p>
   </div>
   <div class='ocr_carea' id='block_1_29' title="bbox 2025 1527 3626 1604">
    <p class='ocr_par' dir='ltr' id='par_1_29' title="bbox 2025 1527 3626 1604">
     <span class='ocr_line' id='line_1_29' title="bbox 2025 1527 3626 1604; baseline -0.001 -17"><span class='ocrx_word' id='word_1_220' title='bbox 2025 1529 2227 1587; x_wconf 90' lang='lat' dir='ltr'>ctionis</span> <span class='ocrx_word' id='word_1_221' title='bbox 2254 1527 2515 1586; x_wconf 90' lang='lat' dir='ltr'>incendio</span> <span class='ocrx_word' id='word_1_222' title='bbox 2547 1546 2657 1586; x_wconf 92' lang='lat' dir='ltr'>non</span> <span class='ocrx_word' id='word_1_223' title='bbox 2692 1536 2930 1586; x_wconf 84' lang='lat' dir='ltr'>exurant</span> <span class='ocrx_word' id='word_1_224' title='bbox 2955 1546 2970 1598; x_wconf 88' lang='lat'><strong>;</strong></span> <span class='ocrx_word' id='word_1_225' title='bbox 3003 1529 3173 1586; x_wconf 90' lang='lat' dir='ltr'>Paulo</span> <span class='ocrx_word' id='word_1_226' title='bbox 3202 1537 3491 1586; x_wconf 90' lang='lat' dir='ltr'>attestante</span> <span class='ocrx_word' id='word_1_227' title='bbox 3528 1530 3626 1604; x_wconf 88' lang='lat' dir='ltr'>qui</span> 
     </span>
    </p>
   </div>
   <div class='ocr_carea' id='block_1_30' title="bbox 2026 1617 3634 1693">
    <p class='ocr_par' dir='ltr' id='par_1_30' title="bbox 2026 1617 3634 1693">
     <span class='ocr_line' id='line_1_30' title="bbox 2026 1617 3634 1693; baseline -0.001 -18"><span class='ocrx_word' id='word_1_228' title='bbox 2026 1618 2103 1676; x_wconf 90' lang='lat' dir='ltr'>ait</span> <span class='ocrx_word' id='word_1_229' title='bbox 2136 1637 2146 1674; x_wconf 92' lang='lat'><strong>:</strong></span> <span class='ocrx_word' id='word_1_230' title='bbox 2179 1617 2378 1676; x_wconf 83' lang='lat' dir='ltr'>Fidelis</span> <span class='ocrx_word' id='word_1_231' title='bbox 2415 1625 2594 1675; x_wconf 90' lang='lat' dir='ltr'>autem</span> <span class='ocrx_word' id='word_1_232' title='bbox 2638 1618 2802 1690; x_wconf 90' lang='lat' dir='ltr'>Deus,</span> <span class='ocrx_word' id='word_1_233' title='bbox 2840 1619 2935 1691; x_wconf 89' lang='lat' dir='ltr'>qui</span> <span class='ocrx_word' id='word_1_234' title='bbox 2986 1637 3095 1676; x_wconf 82' lang='lat' dir='ltr'>non</span> <span class='ocrx_word' id='word_1_235' title='bbox 3128 1621 3366 1693; x_wconf 86' lang='lat' dir='ltr'>patietur</span> <span class='ocrx_word' id='word_1_236' title='bbox 3392 1637 3483 1677; x_wconf 89' lang='lat' dir='ltr'>vos</span> <span class='ocrx_word' id='word_1_237' title='bbox 3513 1626 3634 1677; x_wconf 87' lang='lat' dir='ltr'>ten-</span> 
     </span>
    </p>
   </div>
   <div class='ocr_carea' id='block_1_31' title="bbox 2026 1706 3632 1782">
    <p class='ocr_par' dir='ltr' id='par_1_31' title="bbox 2026 1706 3632 1782">
     <span class='ocr_line' id='line_1_31' title="bbox 2026 1706 3632 1782; baseline 0.001 -19"><span class='ocrx_word' id='word_1_238' title='bbox 2026 1708 2134 1764; x_wconf 87' lang='lat' dir='ltr'>tari</span> <span class='ocrx_word' id='word_1_239' title='bbox 2164 1710 2185 1744; x_wconf 84' lang='grc'>⁶</span> <span class='ocrx_word' id='word_1_240' title='bbox 2215 1725 2382 1781; x_wconf 87' lang='lat' dir='ltr'>supra</span> <span class='ocrx_word' id='word_1_241' title='bbox 2408 1706 2464 1763; x_wconf 86' lang='lat' dir='ltr'>id</span> <span class='ocrx_word' id='word_1_242' title='bbox 2492 1708 2632 1781; x_wconf 89' lang='lat' dir='ltr'>quod</span> <span class='ocrx_word' id='word_1_243' title='bbox 2680 1709 2918 1782; x_wconf 84' lang='lat' dir='ltr'>potestis,</span> <span class='ocrx_word' id='word_1_244' title='bbox 2961 1710 3050 1767; x_wconf 87' lang='lat' dir='ltr'>sed</span> <span class='ocrx_word' id='word_1_245' title='bbox 3090 1708 3251 1781; x_wconf 81' lang='lat' dir='ltr'>faciet</span> <span class='ocrx_word' id='word_1_246' title='bbox 3294 1727 3411 1767; x_wconf 85' lang='lat' dir='ltr'>cum</span> <span class='ocrx_word' id='word_1_247' title='bbox 3454 1715 3632 1766; x_wconf 82' lang='lat' dir='ltr'>tenta-</span> 
     </span>
    </p>
   </div>
   <div class='ocr_carea' id='block_1_32' title="bbox 306 1797 1912 1890">
    <p class='ocr_par' dir='ltr' id='par_1_32' title="bbox 306 1797 1912 1890">
     <span class='ocr_line' id='line_1_32' title="bbox 306 1797 1912 1890; baseline 0.002 -21"><span class='ocrx_word' id='word_1_248' title='bbox 306 1829 473 1887; x_wconf 88' lang='lat' dir='ltr'>quam</span> <span class='ocrx_word' id='word_1_249' title='bbox 504 1812 687 1869; x_wconf 89' lang='lat' dir='ltr'>vocati</span> <span class='ocrx_word' id='word_1_250' title='bbox 716 1821 872 1882; x_wconf 90' lang='lat' dir='ltr'>sunt,</span> <span class='ocrx_word' id='word_1_251' title='bbox 902 1822 1094 1871; x_wconf 90' lang='lat' dir='ltr'>contra</span> <span class='ocrx_word' id='word_1_252' title='bbox 1120 1817 1346 1890; x_wconf 80' lang='lat' dir='ltr'>Moysen</span> <span class='ocrx_word' id='word_1_253' title='bbox 1379 1816 1401 1852; x_wconf 84' lang='grc'>³</span> <span class='ocrx_word' id='word_1_254' title='bbox 1429 1823 1484 1873; x_wconf 90' lang='lat' dir='ltr'>et</span> <span class='ocrx_word' id='word_1_255' title='bbox 1512 1817 1697 1872; x_wconf 84' lang='lat' dir='ltr'>Aaron</span> <span class='ocrx_word' id='word_1_256' title='bbox 1730 1797 1798 1872; x_wconf 81' lang='lat' dir='ltr'>de</span> <span class='ocrx_word' id='word_1_257' title='bbox 1817 1832 1912 1872; x_wconf 84' lang='lat' dir='ltr'>ex-</span> 
     </span>
    </p>
   </div>
   <div class='ocr_carea' id='block_1_33' title="bbox 2020 1797 3627 1890">
    <p class='ocr_par' dir='ltr' id='par_1_33' title="bbox 2025 1797 3627 1873">
     <span class='ocr_line' id='line_1_33' title="bbox 2025 1797 3627 1873; baseline 0.004 -25"><span class='ocrx_word' id='word_1_258' title='bbox 2025 1798 2161 1853; x_wconf 85' lang='lat' dir='ltr'>tione</span> <span class='ocrx_word' id='word_1_259' title='bbox 2190 1798 2210 1832; x_wconf 82' lang='grc'>⁷</span> <span class='ocrx_word' id='word_1_260' title='bbox 2236 1797 2392 1852; x_wconf 84' lang='lat' dir='ltr'>etiam</span> <span class='ocrx_word' id='word_1_261' title='bbox 2420 1798 2641 1863; x_wconf 71' lang='lat' dir='ltr'>exitum,</span> <span class='ocrx_word' id='word_1_262' title='bbox 2692 1805 2751 1853; x_wconf 91' lang='lat' dir='ltr'>ut</span> <span class='ocrx_word' id='word_1_263' title='bbox 2793 1798 3011 1870; x_wconf 84' lang='lat' dir='ltr'>possitis</span> <span class='ocrx_word' id='word_1_264' title='bbox 3040 1800 3294 1856; x_wconf 84' lang='lat' dir='ltr'>sustinere</span> <span class='ocrx_word' id='word_1_265' title='bbox 3325 1799 3384 1873; x_wconf 91' lang='grc' dir='ltr'>(Ι</span> <span class='ocrx_word' id='word_1_266' title='bbox 3411 1800 3538 1857; x_wconf 88' lang='lat' dir='ltr'>Cor.</span> <span class='ocrx_word' id='word_1_267' title='bbox 3568 1815 3627 1868; x_wconf 90' lang='lat' dir='ltr'>x,</span> 
     </span>
    </p>
   </div>
   <div class='ocr_carea' id='block_1_34' title="bbox 303 1902 1912 1978">
    <p class='ocr_par' dir='ltr' id='par_1_34' title="bbox 303 1902 1912 1978">
     <span class='ocr_line' id='line_1_34' title="bbox 303 1902 1912 1978; baseline 0.001 -17"><span class='ocrx_word' id='word_1_268' title='bbox 303 1910 592 1961; x_wconf 86' lang='lat' dir='ltr'>crescente</span> <span class='ocrx_word' id='word_1_269' title='bbox 619 1902 804 1959; x_wconf 86' lang='lat' dir='ltr'>labore</span> <span class='ocrx_word' id='word_1_270' title='bbox 832 1914 1270 1978; x_wconf 82' lang='lat' dir='ltr'>conquerantur,</span> <span class='ocrx_word' id='word_1_271' title='bbox 1290 1906 1562 1965; x_wconf 89' lang='lat' dir='ltr'>dicentes:</span> <span class='ocrx_word' id='word_1_272' title='bbox 1604 1908 1790 1968; x_wconf 81' lang='lat' dir='ltr'>Videat</span> <span class='ocrx_word' id='word_1_273' title='bbox 1806 1908 1912 1967; x_wconf 89' lang='lat' dir='ltr'>Do-</span> 
     </span>
    </p>
   </div>
   <div class='ocr_carea' id='block_1_35' title="bbox 305 1994 1913 2070">
    <p class='ocr_par' dir='ltr' id='par_1_35' title="bbox 305 1994 1913 2070">
     <span class='ocr_line' id='line_1_35' title="bbox 305 1994 1913 2070; baseline 0.003 -19"><span class='ocrx_word' id='word_1_274' title='bbox 305 1997 489 2052; x_wconf 84' lang='lat' dir='ltr'>minus</span> <span class='ocrx_word' id='word_1_275' title='bbox 516 2002 563 2051; x_wconf 90' lang='lat' dir='ltr'>et</span> <span class='ocrx_word' id='word_1_276' title='bbox 579 1994 797 2067; x_wconf 83' lang='lat' dir='ltr'>judicet,</span> <span class='ocrx_word' id='word_1_277' title='bbox 824 1996 1079 2068; x_wconf 86' lang='lat' dir='ltr'>quoniam</span> <span class='ocrx_word' id='word_1_278' title='bbox 1105 1997 1285 2069; x_wconf 72' lang='lat' dir='ltr'>fatere</span> <span class='ocrx_word' id='word_1_279' title='bbox 1308 1999 1507 2070; x_wconf 87' lang='lat' dir='ltr'>fecistis</span> <span class='ocrx_word' id='word_1_280' title='bbox 1535 1999 1750 2059; x_wconf 85' lang='lat' dir='ltr'>odorem</span> <span class='ocrx_word' id='word_1_281' title='bbox 1778 2018 1913 2057; x_wconf 88' lang='lat' dir='ltr'>nos-</span> 
     </span>
    </p>
   </div>
   <div class='ocr_carea' id='block_1_36' title="bbox 305 2078 1914 2167">
    <p class='ocr_par' dir='ltr' id='par_1_36' title="bbox 305 2078 1914 2167">
     <span class='ocr_line' id='line_1_36' title="bbox 305 2078 1914 2167; baseline 0.001 -18"><span class='ocrx_word' id='word_1_282' title='bbox 305 2098 453 2149; x_wconf 74' lang='lat' dir='ltr'>trum</span> <span class='ocrx_word' id='word_1_283' title='bbox 475 2108 655 2148; x_wconf 84' lang='lat' dir='ltr'>coram</span> <span class='ocrx_word' id='word_1_284' title='bbox 680 2092 966 2148; x_wconf 82' lang='lat' dir='ltr'>Pharaone</span> <span class='ocrx_word' id='word_1_285' title='bbox 991 2097 1041 2148; x_wconf 88' lang='lat' dir='ltr'>et</span> <span class='ocrx_word' id='word_1_286' title='bbox 1082 2093 1246 2149; x_wconf 86' lang='lat' dir='ltr'>servis</span> <span class='ocrx_word' id='word_1_287' title='bbox 1287 2092 1421 2164; x_wconf 89' lang='lat' dir='ltr'>ejus,</span> <span class='ocrx_word' id='word_1_288' title='bbox 1466 2100 1514 2150; x_wconf 89' lang='lat' dir='ltr'>et</span> <span class='ocrx_word' id='word_1_289' title='bbox 1535 2094 1842 2167; x_wconf 71' lang='lat' dir='ltr'>prtebuistis</span> <span class='ocrx_word' id='word_1_290' title='bbox 1866 2078 1914 2151; x_wconf 82' lang='lat' dir='ltr'>ei</span> 
     </span>
    </p>
   </div>
   <div class='ocr_carea' id='block_1_37' title="bbox 300 2182 1913 2258">
    <p class='ocr_par' dir='ltr' id='par_1_37' title="bbox 300 2182 1913 2258">
     <span class='ocr_line' id='line_1_37' title="bbox 300 2182 1913 2258; baseline 0.002 -21"><span class='ocrx_word' id='word_1_291' title='bbox 300 2182 563 2254; x_wconf 82' lang='lat' dir='ltr'>gladium,</span> <span class='ocrx_word' id='word_1_292' title='bbox 594 2188 656 2238; x_wconf 90' lang='lat' dir='ltr'>ut</span> <span class='ocrx_word' id='word_1_293' title='bbox 681 2183 999 2255; x_wconf 79' lang='lat' dir='ltr'>interﬁceret</span> <span class='ocrx_word' id='word_1_294' title='bbox 1014 2199 1110 2239; x_wconf 86' lang='lat' dir='ltr'>nos</span> <span class='ocrx_word' id='word_1_295' title='bbox 1136 2182 1339 2256; x_wconf 74' lang='lat' dir='ltr'>(Exod.</span> <span class='ocrx_word' id='word_1_296' title='bbox 1362 2202 1418 2253; x_wconf 92' lang='lat' dir='ltr'>v,</span> <span class='ocrx_word' id='word_1_297' title='bbox 1441 2183 1557 2258; x_wconf 79' lang='lat' dir='ltr'>2i).</span> <span class='ocrx_word' id='word_1_298' title='bbox 1583 2183 1913 2242; x_wconf 86' lang='lat' dir='ltr'>Volentibus</span> 
     </span>
    </p>
   </div>
   <div class='ocr_carea' id='block_1_38' title="bbox 302 2271 1914 2347">
    <p class='ocr_par' dir='ltr' id='par_1_38' title="bbox 302 2271 1914 2347">
     <span class='ocr_line' id='line_1_38' title="bbox 302 2271 1914 2347; baseline 0.002 -19"><span class='ocrx_word' id='word_1_299' title='bbox 302 2272 505 2346; x_wconf 87' lang='lat' dir='ltr'>quippe</span> <span class='ocrx_word' id='word_1_300' title='bbox 558 2288 629 2329; x_wconf 90' lang='lat' dir='ltr'>ex</span> <span class='ocrx_word' id='word_1_301' title='bbox 656 2272 901 2346; x_wconf 61' lang='lat' dir='ltr'>[Egypto</span> <span class='ocrx_word' id='word_1_302' title='bbox 947 2271 1253 2343; x_wconf 89' lang='lat' dir='ltr'>discedere,</span> <span class='ocrx_word' id='word_1_303' title='bbox 1296 2272 1508 2330; x_wconf 88' lang='lat' dir='ltr'>Pharao</span> <span class='ocrx_word' id='word_1_304' title='bbox 1544 2273 1725 2347; x_wconf 84' lang='lat' dir='ltr'>paleas</span> <span class='ocrx_word' id='word_1_305' title='bbox 1771 2273 1914 2331; x_wconf 90' lang='lat' dir='ltr'>sub-</span> 
     </span>
    </p>
   </div>
   <div class='ocr_carea' id='block_1_39' title="bbox 300 2359 1913 2438">
    <p class='ocr_par' dir='ltr' id='par_1_39' title="bbox 300 2359 1913 2438">
     <span class='ocr_line' id='line_1_39' title="bbox 300 2359 1913 2438; baseline 0.002 -21"><span class='ocrx_word' id='word_1_306' title='bbox 300 2367 566 2429; x_wconf 82' lang='lat' dir='ltr'>traxerat,</span> <span class='ocrx_word' id='word_1_307' title='bbox 599 2367 655 2417; x_wconf 90' lang='lat' dir='ltr'>et</span> <span class='ocrx_word' id='word_1_308' title='bbox 683 2369 868 2416; x_wconf 89' lang='lat' dir='ltr'>tamen</span> <span class='ocrx_word' id='word_1_309' title='bbox 897 2359 1141 2433; x_wconf 86' lang='lat' dir='ltr'>ejusdem</span> <span class='ocrx_word' id='word_1_310' title='bbox 1174 2378 1443 2419; x_wconf 86' lang='lat' dir='ltr'>mensura</span> <span class='ocrx_word' id='word_1_311' title='bbox 1474 2364 1495 2399; x_wconf 79' lang='grc'>³</span> <span class='ocrx_word' id='word_1_312' title='bbox 1526 2380 1688 2436; x_wconf 87' lang='lat' dir='ltr'>opera</span> <span class='ocrx_word' id='word_1_313' title='bbox 1715 2363 1913 2438; x_wconf 90' lang='lat' dir='ltr'>requi-</span> 
     </span>
    </p>
   </div>
   <div class='ocr_carea' id='block_1_40' title="bbox 298 2450 1911 2524">
    <p class='ocr_par' dir='ltr' id='par_1_40' title="bbox 298 2450 1911 2524">
     <span class='ocr_line' id='line_1_40' title="bbox 298 2450 1911 2524; baseline 0.002 -17"><span class='ocrx_word' id='word_1_314' title='bbox 298 2450 477 2509; x_wconf 90' lang='lat' dir='ltr'>rebat.</span> <span class='ocrx_word' id='word_1_315' title='bbox 508 2450 681 2520; x_wconf 84' lang='lat' dir='ltr'>Quasi</span> <span class='ocrx_word' id='word_1_316' title='bbox 710 2467 838 2523; x_wconf 91' lang='lat' dir='ltr'>ergo</span> <span class='ocrx_word' id='word_1_317' title='bbox 866 2460 1058 2507; x_wconf 89' lang='lat' dir='ltr'>contra</span> <span class='ocrx_word' id='word_1_318' title='bbox 1085 2452 1259 2524; x_wconf 88' lang='lat' dir='ltr'>legem</span> <span class='ocrx_word' id='word_1_319' title='bbox 1291 2468 1445 2508; x_wconf 89' lang='lat' dir='ltr'>mens</span> <span class='ocrx_word' id='word_1_320' title='bbox 1474 2452 1911 2523; x_wconf 89' lang='lat' dir='ltr'>submurmurat,</span> 
     </span>
    </p>
   </div>
   <div class='ocr_carea' id='block_1_41' title="bbox 296 2538 1915 2614">
    <p class='ocr_par' dir='ltr' id='par_1_41' title="bbox 296 2538 1915 2614">
     <span class='ocr_line' id='line_1_41' title="bbox 296 2538 1915 2614; baseline 0.001 -18"><span class='ocrx_word' id='word_1_321' title='bbox 296 2548 427 2614; x_wconf 90' lang='lat' dir='ltr'>post</span> <span class='ocrx_word' id='word_1_322' title='bbox 442 2538 609 2611; x_wconf 83' lang='lat' dir='ltr'>cujus</span> <span class='ocrx_word' id='word_1_323' title='bbox 627 2538 1002 2610; x_wconf 87' lang='lat' dir='ltr'>cognitionem</span> <span class='ocrx_word' id='word_1_324' title='bbox 1021 2540 1388 2594; x_wconf 89' lang='lat' dir='ltr'>tentationum</span> <span class='ocrx_word' id='word_1_325' title='bbox 1409 2540 1664 2598; x_wconf 89' lang='lat' dir='ltr'>stimulos</span> <span class='ocrx_word' id='word_1_326' title='bbox 1678 2541 1915 2598; x_wconf 87' lang='lat' dir='ltr'>acriores</span> 
     </span>
    </p>
   </div>
   <div class='ocr_carea' id='block_1_42' title="bbox 294 2625 1915 2702">
    <p class='ocr_par' dir='ltr' id='par_1_42' title="bbox 294 2625 1915 2702">
     <span class='ocr_line' id='line_1_42' title="bbox 294 2625 1915 2702; baseline 0.002 -18"><span class='ocrx_word' id='word_1_327' title='bbox 294 2635 530 2701; x_wconf 86' lang='lat' dir='ltr'>portat;</span> <span class='ocrx_word' id='word_1_328' title='bbox 562 2633 618 2681; x_wconf 87' lang='lat' dir='ltr'>et</span> <span class='ocrx_word' id='word_1_329' title='bbox 644 2643 769 2683; x_wconf 90' lang='lat' dir='ltr'>cum</span> <span class='ocrx_word' id='word_1_330' title='bbox 800 2625 906 2682; x_wconf 84' lang='lat' dir='ltr'>sibi</span> <span class='ocrx_word' id='word_1_331' title='bbox 934 2626 1148 2682; x_wconf 90' lang='lat' dir='ltr'>labores</span> <span class='ocrx_word' id='word_1_332' title='bbox 1175 2644 1415 2684; x_wconf 89' lang='lat' dir='ltr'>crescere</span> <span class='ocrx_word' id='word_1_333' title='bbox 1442 2629 1731 2702; x_wconf 91' lang='lat' dir='ltr'>conspicit,</span> <span class='ocrx_word' id='word_1_334' title='bbox 1762 2630 1821 2686; x_wconf 91' lang='lat' dir='ltr'>in</span> <span class='ocrx_word' id='word_1_335' title='bbox 1852 2647 1915 2689; x_wconf 92' lang='lat' dir='ltr'>eo</span> 
     </span>
    </p>
   </div>
   <div class='ocr_carea' id='block_1_43' title="bbox 297 2714 1914 2791">
    <p class='ocr_par' dir='ltr' id='par_1_43' title="bbox 297 2714 1914 2791">
     <span class='ocr_line' id='line_1_43' title="bbox 297 2714 1914 2791; baseline 0.004 -20"><span class='ocrx_word' id='word_1_336' title='bbox 297 2716 461 2791; x_wconf 87' lang='lat' dir='ltr'>quod</span> <span class='ocrx_word' id='word_1_337' title='bbox 488 2714 807 2771; x_wconf 88' lang='lat' dir='ltr'>adversario</span> <span class='ocrx_word' id='word_1_338' title='bbox 852 2715 1130 2788; x_wconf 90' lang='lat' dir='ltr'>displicet,</span> <span class='ocrx_word' id='word_1_339' title='bbox 1162 2718 1316 2791; x_wconf 85' lang='lat' dir='ltr'>quasi</span> <span class='ocrx_word' id='word_1_340' title='bbox 1362 2717 1531 2775; x_wconf 87' lang='lat' dir='ltr'>fetere</span> <span class='ocrx_word' id='word_1_341' title='bbox 1560 2735 1615 2776; x_wconf 92' lang='lat' dir='ltr'>se</span> <span class='ocrx_word' id='word_1_342' title='bbox 1652 2720 1709 2776; x_wconf 88' lang='lat' dir='ltr'>in</span> <span class='ocrx_word' id='word_1_343' title='bbox 1740 2721 1914 2778; x_wconf 92' lang='lat' dir='ltr'>oculis</span> 
     </span>
    </p>
   </div>
   <div class='ocr_carea' id='block_1_44' title="bbox 294 2804 1911 2883">
    <p class='ocr_par' dir='ltr' id='par_1_44' title="bbox 294 2804 1911 2883">
     <span class='ocr_line' id='line_1_44' title="bbox 294 2804 1911 2883; baseline 0.004 -22"><span class='ocrx_word' id='word_1_344' title='bbox 294 2804 617 2861; x_wconf 87' lang='lat' dir='ltr'>Pharaonis</span> <span class='ocrx_word' id='word_1_345' title='bbox 658 2804 825 2860; x_wconf 89' lang='lat' dir='ltr'>dolet.</span> <span class='ocrx_word' id='word_1_346' title='bbox 871 2805 1003 2862; x_wconf 89' lang='lat' dir='ltr'>Post</span> <span class='ocrx_word' id='word_1_347' title='bbox 1047 2805 1227 2863; x_wconf 91' lang='lat' dir='ltr'>lucem</span> <span class='ocrx_word' id='word_1_348' title='bbox 1258 2823 1385 2880; x_wconf 89' lang='lat' dir='ltr'>ergo</span> <span class='ocrx_word' id='word_1_349' title='bbox 1430 2818 1595 2866; x_wconf 83' lang='lat' dir='ltr'>astus</span> <span class='ocrx_word' id='word_1_350' title='bbox 1639 2810 1911 2883; x_wconf 90' lang='lat' dir='ltr'>sequitur,</span> 
     </span>
    </p>
   </div>
   <div class='ocr_carea' id='block_1_45' title="bbox 295 2892 1911 2970">
    <p class='ocr_par' dir='ltr' id='par_1_45' title="bbox 295 2892 1911 2970">
     <span class='ocr_line' id='line_1_45' title="bbox 295 2892 1911 2970; baseline 0.003 -19"><span class='ocrx_word' id='word_1_351' title='bbox 295 2894 431 2970; x_wconf 86' lang='lat' dir='ltr'>quia</span> <span class='ocrx_word' id='word_1_352' title='bbox 456 2902 584 2967; x_wconf 89' lang='lat' dir='ltr'>post</span> <span class='ocrx_word' id='word_1_353' title='bbox 613 2892 1083 2951; x_wconf 87' lang='lat' dir='ltr'>illuminationem</span> <span class='ocrx_word' id='word_1_354' title='bbox 1113 2894 1293 2951; x_wconf 89' lang='lat' dir='ltr'>divini</span> <span class='ocrx_word' id='word_1_355' title='bbox 1323 2896 1569 2954; x_wconf 90' lang='lat' dir='ltr'>muneris</span> <span class='ocrx_word' id='word_1_356' title='bbox 1591 2898 1911 2957; x_wconf 89' lang='lat' dir='ltr'>tentationis</span> 
     </span>
    </p>
   </div>
   <div class='ocr_carea' id='block_1_46' title="bbox 296 2990 862 3055">
    <p class='ocr_par' dir='ltr' id='par_1_46' title="bbox 296 2990 862 3055">
     <span class='ocr_line' id='line_1_46' title="bbox 296 2990 862 3055; baseline -0.007 -12"><span class='ocrx_word' id='word_1_357' title='bbox 296 2992 583 3043; x_wconf 83' lang='lat' dir='ltr'>certamen</span> <span class='ocrx_word' id='word_1_358' title='bbox 614 2990 862 3055; x_wconf 84' lang='lat' dir='ltr'>augetur.</span> 
     </span>
    </p>
   </div>
   <div class='ocr_carea' id='block_1_47' title="bbox 362 3070 1910 3144">
    <p class='ocr_par' dir='ltr' id='par_1_47' title="bbox 362 3070 1910 3144">
     <span class='ocr_line' id='line_1_47' title="bbox 362 3070 1910 3144; baseline 0 -13"><span class='ocrx_word' id='word_1_359' title='bbox 362 3073 457 3132; x_wconf 69' lang='grc'>45.</span> <span class='ocrx_word' id='word_1_360' title='bbox 494 3074 607 3130; x_wconf 88' lang='lat' dir='ltr'>Pro</span> <span class='ocrx_word' id='word_1_361' title='bbox 640 3070 1051 3144; x_wconf 84' lang='lat' dir='ltr'>uniuscujusque</span> <span class='ocrx_word' id='word_1_362' title='bbox 1090 3072 1269 3129; x_wconf 83' lang='lat' dir='ltr'>indole</span> <span class='ocrx_word' id='word_1_363' title='bbox 1298 3074 1459 3131; x_wconf 81' lang='lat' dir='ltr'>hostis</span> <span class='ocrx_word' id='word_1_364' title='bbox 1484 3075 1556 3130; x_wconf 88' lang='lat' dir='ltr'>ad</span> <span class='ocrx_word' id='word_1_365' title='bbox 1586 3076 1785 3132; x_wconf 89' lang='lat' dir='ltr'>malum</span> <span class='ocrx_word' id='word_1_366' title='bbox 1814 3092 1910 3132; x_wconf 89' lang='lat' dir='ltr'>nos</span> 
     </span>
    </p>
   </div>
   <div class='ocr_carea' id='block_1_48' title="bbox 2024 1887 3631 1961">
    <p class='ocr_par' dir='ltr' id='par_1_48' title="bbox 2024 1887 3631 1961">
     <span class='ocr_line' id='line_1_48' title="bbox 2024 1887 3631 1961; baseline 0.001 -17"><span class='ocrx_word' id='word_1_367' title='bbox 2024 1887 2139 1960; x_wconf 87' lang='grc'>13).</span> <span class='ocrx_word' id='word_1_368' title='bbox 2172 1887 2330 1943; x_wconf 89' lang='lat' dir='ltr'>Hunc</span> <span class='ocrx_word' id='word_1_369' title='bbox 2357 1903 2485 1959; x_wconf 90' lang='lat' dir='ltr'>ergo</span> <span class='ocrx_word' id='word_1_370' title='bbox 2516 1895 2711 1943; x_wconf 86' lang='lat' dir='ltr'>astum</span> <span class='ocrx_word' id='word_1_371' title='bbox 2747 1887 2910 1943; x_wconf 88' lang='lat' dir='ltr'>aliter</span> <span class='ocrx_word' id='word_1_372' title='bbox 2946 1887 3153 1944; x_wconf 89' lang='lat' dir='ltr'>dividit</span> <span class='ocrx_word' id='word_1_373' title='bbox 3180 1888 3412 1945; x_wconf 90' lang='lat' dir='ltr'>callidus</span> <span class='ocrx_word' id='word_1_374' title='bbox 3440 1890 3461 1924; x_wconf 78' lang='grc'><strong><em>⁸</em></strong></span> <span class='ocrx_word' id='word_1_375' title='bbox 3490 1904 3631 1961; x_wconf 85' lang='lat' dir='ltr'>sup-</span> 
     </span>
    </p>
   </div>
   <div class='ocr_carea' id='block_1_49' title="bbox 2020 1975 3629 2051">
    <p class='ocr_par' dir='ltr' id='par_1_49' title="bbox 2020 1975 3629 2051">
     <span class='ocr_line' id='line_1_49' title="bbox 2020 1975 3629 2051; baseline 0 -16"><span class='ocrx_word' id='word_1_376' title='bbox 2020 1979 2313 2051; x_wconf 86' lang='lat' dir='ltr'>plantator,</span> <span class='ocrx_word' id='word_1_377' title='bbox 2345 1977 2508 2033; x_wconf 84' lang='lat' dir='ltr'>aliter</span> <span class='ocrx_word' id='word_1_378' title='bbox 2535 1975 2851 2033; x_wconf 90' lang='lat' dir='ltr'>misericors</span> <span class='ocrx_word' id='word_1_379' title='bbox 2879 1977 3153 2034; x_wconf 89' lang='lat' dir='ltr'>conditor.</span> <span class='ocrx_word' id='word_1_380' title='bbox 3195 1977 3293 2034; x_wconf 92' lang='lat' dir='ltr'>Ille</span> <span class='ocrx_word' id='word_1_381' title='bbox 3334 1976 3539 2034; x_wconf 89' lang='lat' dir='ltr'>dividit</span> <span class='ocrx_word' id='word_1_382' title='bbox 3567 1986 3629 2035; x_wconf 86' lang='lat' dir='ltr'>ut</span> 
     </span>
    </p>
   </div>
   <div class='ocr_carea' id='block_1_50' title="bbox 2020 2064 3628 2142">
    <p class='ocr_par' dir='ltr' id='par_1_50' title="bbox 2020 2064 3628 2142">
     <span class='ocr_line' id='line_1_50' title="bbox 2020 2064 3628 2142; baseline -0.003 -18"><span class='ocrx_word' id='word_1_383' title='bbox 2020 2084 2117 2142; x_wconf 90' lang='lat' dir='ltr'>per</span> <span class='ocrx_word' id='word_1_384' title='bbox 2151 2067 2309 2123; x_wconf 91' lang='lat' dir='ltr'>illum</span> <span class='ocrx_word' id='word_1_385' title='bbox 2347 2065 2513 2123; x_wconf 91' lang='lat' dir='ltr'>citius</span> <span class='ocrx_word' id='word_1_386' title='bbox 2561 2065 2865 2135; x_wconf 85' lang='lat' dir='ltr'>interimat,</span> <span class='ocrx_word' id='word_1_387' title='bbox 2912 2064 3014 2123; x_wconf 91' lang='lat' dir='ltr'>iste</span> <span class='ocrx_word' id='word_1_388' title='bbox 3042 2073 3105 2123; x_wconf 89' lang='lat' dir='ltr'>ut</span> <span class='ocrx_word' id='word_1_389' title='bbox 3133 2082 3256 2123; x_wconf 86' lang='lat' dir='ltr'>eum</span> <span class='ocrx_word' id='word_1_390' title='bbox 3286 2064 3628 2124; x_wconf 87' lang='lat' dir='ltr'>tolerabilem</span> 
     </span>
    </p>
   </div>
   <div class='ocr_carea' id='block_1_51' title="bbox 2020 2154 3630 2228">
    <p class='ocr_par' dir='ltr' id='par_1_51' title="bbox 2020 2154 3630 2228">
     <span class='ocr_line' id='line_1_51' title="bbox 2020 2154 3630 2228; baseline 0 -15"><span class='ocrx_word' id='word_1_391' title='bbox 2020 2155 2233 2214; x_wconf 88' lang='lat' dir='ltr'>reddat.</span> <span class='ocrx_word' id='word_1_392' title='bbox 2273 2155 2347 2211; x_wconf 90' lang='lat' dir='ltr'>Et</span> <span class='ocrx_word' id='word_1_393' title='bbox 2373 2155 2505 2228; x_wconf 88' lang='lat' dir='ltr'>quia</span> <span class='ocrx_word' id='word_1_394' title='bbox 2533 2172 2659 2212; x_wconf 92' lang='lat' dir='ltr'>cum</span> <span class='ocrx_word' id='word_1_395' title='bbox 2696 2156 3001 2211; x_wconf 89' lang='lat' dir='ltr'>tentatione</span> <span class='ocrx_word' id='word_1_396' title='bbox 3043 2154 3358 2227; x_wconf 79' lang='lat' dir='ltr'>fatigamur,</span> <span class='ocrx_word' id='word_1_397' title='bbox 3387 2172 3500 2212; x_wconf 91' lang='lat' dir='ltr'>non</span> <span class='ocrx_word' id='word_1_398' title='bbox 3529 2172 3630 2213; x_wconf 89' lang='lat' dir='ltr'>so—</span> 
     </span>
    </p>
   </div>
   <div class='ocr_carea' id='block_1_52' title="bbox 2020 2243 3631 2318">
    <p class='ocr_par' dir='ltr' id='par_1_52' title="bbox 2020 2243 3631 2318">
     <span class='ocr_line' id='line_1_52' title="bbox 2020 2243 3631 2318; baseline -0.001 -15"><span class='ocrx_word' id='word_1_399' title='bbox 2020 2247 2137 2304; x_wconf 93' lang='lat' dir='ltr'>lum</span> <span class='ocrx_word' id='word_1_400' title='bbox 2170 2247 2390 2303; x_wconf 91' lang='lat' dir='ltr'>interno</span> <span class='ocrx_word' id='word_1_401' title='bbox 2417 2245 2516 2302; x_wconf 93' lang='lat' dir='ltr'>Dei</span> <span class='ocrx_word' id='word_1_402' title='bbox 2550 2245 2750 2318; x_wconf 91' lang='lat' dir='ltr'>spiritu</span> <span class='ocrx_word' id='word_1_403' title='bbox 2790 2244 3139 2312; x_wconf 91' lang='lat' dir='ltr'>instruimur,</span> <span class='ocrx_word' id='word_1_404' title='bbox 3171 2243 3266 2300; x_wconf 88' lang='lat' dir='ltr'>sed</span> <span class='ocrx_word' id='word_1_405' title='bbox 3291 2244 3457 2300; x_wconf 89' lang='lat' dir='ltr'>etiam</span> <span class='ocrx_word' id='word_1_406' title='bbox 3481 2254 3631 2302; x_wconf 86' lang='lat' dir='ltr'>exte-</span> 
     </span>
    </p>
   </div>
   <div class='ocr_carea' id='block_1_53' title="bbox 2022 2332 3631 2411">
    <p class='ocr_par' dir='ltr' id='par_1_53' title="bbox 2022 2332 3631 2411">
     <span class='ocr_line' id='line_1_53' title="bbox 2022 2332 3631 2411; baseline -0.002 -17"><span class='ocrx_word' id='word_1_407' title='bbox 2022 2337 2264 2394; x_wconf 89' lang='lat' dir='ltr'>rioribus</span> <span class='ocrx_word' id='word_1_408' title='bbox 2294 2335 2714 2411; x_wconf 87' lang='lat' dir='ltr'>pradicantium</span> <span class='ocrx_word' id='word_1_409' title='bbox 2746 2333 2929 2391; x_wconf 89' lang='lat' dir='ltr'>verbis</span> <span class='ocrx_word' id='word_1_410' title='bbox 2956 2332 3306 2406; x_wconf 88' lang='lat' dir='ltr'>adjuvamur,</span> <span class='ocrx_word' id='word_1_411' title='bbox 3337 2341 3483 2392; x_wconf 90' lang='lat' dir='ltr'>recte</span> <span class='ocrx_word' id='word_1_412' title='bbox 3506 2341 3631 2407; x_wconf 88' lang='lat' dir='ltr'>post</span> 
     </span>
    </p>
   </div>
   <div class='ocr_carea' id='block_1_54' title="bbox 2022 2425 2820 2485">
    <p class='ocr_par' dir='ltr' id='par_1_54' title="bbox 2022 2425 2820 2485">
     <span class='ocr_line' id='line_1_54' title="bbox 2022 2425 2820 2485; baseline -0.004 -1"><span class='ocrx_word' id='word_1_413' title='bbox 2022 2425 2265 2485; x_wconf 87' lang='lat' dir='ltr'>divisum</span> <span class='ocrx_word' id='word_1_414' title='bbox 2296 2436 2489 2484; x_wconf 69' lang='lat' dir='ltr'>aestum</span> <span class='ocrx_word' id='word_1_415' title='bbox 2520 2425 2775 2483; x_wconf 90' lang='lat' dir='ltr'>subditur</span> <span class='ocrx_word' id='word_1_416' title='bbox 2808 2443 2820 2481; x_wconf 94' lang='lat'><strong>:</strong></span> 
     </span>
    </p>
   </div>
   <div class='ocr_carea' id='block_1_55' title="bbox 2258 2510 3396 2589">
    <p class='ocr_par' dir='ltr' id='par_1_55' title="bbox 2258 2510 3396 2589">
     <span class='ocr_line' id='line_1_55' title="bbox 2258 2510 3396 2589; baseline -0.004 -16"><span class='ocrx_word' id='word_1_417' title='bbox 2258 2513 2486 2573; x_wconf 75' lang='lat' dir='ltr'>CAPUT</span> <span class='ocrx_word' id='word_1_418' title='bbox 2516 2514 2701 2572; x_wconf 83' lang='lat' dir='ltr'>XXIII</span> <span class='ocrx_word' id='word_1_419' title='bbox 2732 2513 2872 2589; x_wconf 86' lang='lat' dir='ltr'>[Vet.</span> <span class='ocrx_word' id='word_1_420' title='bbox 2905 2514 3023 2581; x_wconf 81' lang='lat' dir='ltr'>XV,</span> <span class='ocrx_word' id='word_1_421' title='bbox 3054 2515 3174 2573; x_wconf 88' lang='lat' dir='ltr'>Rec.</span> <span class='ocrx_word' id='word_1_422' title='bbox 3207 2510 3396 2587; x_wconf 84' lang='lat' dir='ltr'>XIII].</span> 
     </span>
    </p>
   </div>
   <div class='ocr_carea' id='block_1_56' title="bbox 2095 2608 3629 2682">
    <p class='ocr_par' dir='ltr' id='par_1_56' title="bbox 2095 2608 3629 2682">
     <span class='ocr_line' id='line_1_56' title="bbox 2095 2608 3629 2682; baseline -0.003 -11"><span class='ocrx_word' id='word_1_423' title='bbox 2095 2612 2266 2671; x_wconf 74' lang='lat' dir='ltr'>Vnus.</span> <span class='ocrx_word' id='word_1_424' title='bbox 2299 2612 2388 2671; x_wconf 81' lang='lat'>25.</span> <span class='ocrx_word' id='word_1_425' title='bbox 2417 2643 2489 2655; x_wconf 97' lang='lat'><strong>—</strong></span> <span class='ocrx_word' id='word_1_426' title='bbox 2518 2608 2662 2668; x_wconf 86' lang='lat'>938</span> <span class='ocrx_word' id='word_1_427' title='bbox 2707 2613 2837 2682; x_wconf 82' lang='lat' dir='ltr'>Quis</span> <span class='ocrx_word' id='word_1_428' title='bbox 2865 2612 3007 2668; x_wconf 84' lang='lat' dir='ltr'>dedit</span> <span class='ocrx_word' id='word_1_429' title='bbox 3034 2609 3472 2667; x_wconf 83' lang='lat' dir='ltr'>vehementissimo</span> <span class='ocrx_word' id='word_1_430' title='bbox 3518 2610 3629 2667; x_wconf 84' lang='lat' dir='ltr'>im-</span> 
     </span>
    </p>
   </div>
   <div class='ocr_carea' id='block_1_57' title="bbox 2024 2703 3221 2759">
    <p class='ocr_par' dir='ltr' id='par_1_57' title="bbox 2024 2703 3221 2759">
     <span class='ocr_line' id='line_1_57' title="bbox 2024 2703 3221 2759; baseline -0.004 -1"><span class='ocrx_word' id='word_1_431' title='bbox 2024 2703 2107 2758; x_wconf 86' lang='lat' dir='ltr'>bri</span> <span class='ocrx_word' id='word_1_432' title='bbox 2135 2720 2349 2757; x_wconf 87' lang='lat' dir='ltr'>cursum</span> <span class='ocrx_word' id='word_1_433' title='bbox 2377 2705 2405 2759; x_wconf 76' lang='lat'><strong><em>?</em></strong></span> <span class='ocrx_word' id='word_1_434' title='bbox 3210 2738 3221 2753; x_wconf 53' lang='grc' dir='ltr'><em>κ</em></span> 
     </span>
    </p>
   </div>
   <div class='ocr_carea' id='block_1_58' title="bbox 2092 2788 3631 2863">
    <p class='ocr_par' dir='ltr' id='par_1_58' title="bbox 2092 2788 3631 2863">
     <span class='ocr_line' id='line_1_58' title="bbox 2092 2788 3631 2863; baseline -0.003 -16"><span class='ocrx_word' id='word_1_435' title='bbox 2092 2791 2180 2848; x_wconf 71' lang='grc'>47.</span> <span class='ocrx_word' id='word_1_436' title='bbox 2236 2791 2501 2847; x_wconf 84' lang='lat' dir='ltr'>Crescente</span> <span class='ocrx_word' id='word_1_437' title='bbox 2542 2790 2921 2863; x_wconf 84' lang='lat' dir='ltr'>persecutione,</span> <span class='ocrx_word' id='word_1_438' title='bbox 2978 2788 3142 2845; x_wconf 85' lang='lat' dir='ltr'>crevit</span> <span class='ocrx_word' id='word_1_439' title='bbox 3184 2789 3547 2861; x_wconf 82' lang='lat' dir='ltr'>apostolorum</span> <span class='ocrx_word' id='word_1_440' title='bbox 3580 2794 3631 2843; x_wconf 89' lang='lat' dir='ltr'>et</span> 
     </span>
    </p>
   </div>
   <div class='ocr_carea' id='block_1_59' title="bbox 2020 2878 3628 2953">
    <p class='ocr_par' dir='ltr' id='par_1_59' title="bbox 2020 2878 3628 2953">
     <span class='ocr_line' id='line_1_59' title="bbox 2020 2878 3628 2953; baseline -0.003 -16"><span class='ocrx_word' id='word_1_441' title='bbox 2020 2888 2325 2937; x_wconf 87' lang='lat' dir='ltr'>sanctorum</span> <span class='ocrx_word' id='word_1_442' title='bbox 2348 2880 2763 2953; x_wconf 76' lang='lat' dir='ltr'>pradicatorum</span> <span class='ocrx_word' id='word_1_443' title='bbox 2804 2880 2997 2936; x_wconf 83' lang='lat' dir='ltr'>ardor.</span> <span class='ocrx_word' id='word_1_444' title='bbox 3030 2878 3373 2944; x_wconf 76' lang='lat' dir='ltr'>Prtedicatio,</span> <span class='ocrx_word' id='word_1_445' title='bbox 3402 2883 3628 2933; x_wconf 82' lang='lat' dir='ltr'>cessante</span> 
     </span>
    </p>
   </div>
   <div class='ocr_carea' id='block_1_60' title="bbox 2019 2966 3626 3047">
    <p class='ocr_par' dir='ltr' id='par_1_60' title="bbox 2019 2966 3626 3047">
     <span class='ocr_line' id='line_1_60' title="bbox 2019 2966 3626 3047; baseline -0.002 -21"><span class='ocrx_word' id='word_1_446' title='bbox 2019 2971 2219 3044; x_wconf 87' lang='lat' dir='ltr'>gratia,</span> <span class='ocrx_word' id='word_1_447' title='bbox 2257 2972 2331 3028; x_wconf 84' lang='lat' dir='ltr'>ad</span> <span class='ocrx_word' id='word_1_448' title='bbox 2377 2987 2467 3027; x_wconf 91' lang='lat' dir='ltr'>cor</span> <span class='ocrx_word' id='word_1_449' title='bbox 2512 2988 2621 3026; x_wconf 83' lang='lat' dir='ltr'>non</span> <span class='ocrx_word' id='word_1_450' title='bbox 2654 2970 2866 3027; x_wconf 82' lang='lat' dir='ltr'>transit.</span> <span class='ocrx_word' id='word_1_451' title='bbox 2907 3001 2977 3012; x_wconf 95' lang='lat'><strong>—</strong></span> <span class='ocrx_word' id='word_1_452' title='bbox 3005 2970 3063 3027; x_wconf 92' lang='lat' dir='ltr'>Si</span> <span class='ocrx_word' id='word_1_453' title='bbox 3102 2985 3254 3038; x_wconf 87' lang='lat' dir='ltr'>vero,</span> <span class='ocrx_word' id='word_1_454' title='bbox 3286 2975 3349 3024; x_wconf 90' lang='lat' dir='ltr'>ut</span> <span class='ocrx_word' id='word_1_455' title='bbox 3376 2966 3626 3047; x_wconf 86' lang='lat' dir='ltr'>superius</span> 
     </span>
    </p>
   </div>
   <div class='ocr_carea' id='block_1_61' title="bbox 2020 3054 3625 3131">
    <p class='ocr_par' dir='ltr' id='par_1_61' title="bbox 2020 3054 3625 3131">
     <span class='ocr_line' id='line_1_61' title="bbox 2020 3054 3625 3131; baseline -0.003 -15"><span class='ocrx_word' id='word_1_456' title='bbox 2020 3059 2268 3116; x_wconf 82' lang='lat' dir='ltr'>diximus</span> <span class='ocrx_word' id='word_1_457' title='bbox 2293 3060 2477 3130; x_wconf 88' lang='lat' dir='ltr'>(Num.</span> <span class='ocrx_word' id='word_1_458' title='bbox 2509 3058 2625 3131; x_wconf 80' lang='grc'>41),</span> <span class='ocrx_word' id='word_1_459' title='bbox 2660 3058 2827 3115; x_wconf 90' lang='lat' dir='ltr'>divisi</span> <span class='ocrx_word' id='word_1_460' title='bbox 2857 3064 3022 3116; x_wconf 77' lang='lat' dir='ltr'>astus</span> <span class='ocrx_word' id='word_1_461' title='bbox 3049 3056 3274 3112; x_wconf 89' lang='lat' dir='ltr'>nomine</span> <span class='ocrx_word' id='word_1_462' title='bbox 3305 3055 3403 3112; x_wconf 87' lang='lat' dir='ltr'>illa</span> <span class='ocrx_word' id='word_1_463' title='bbox 3429 3054 3489 3111; x_wconf 91' lang='lat' dir='ltr'>in</span> <span class='ocrx_word' id='word_1_464' title='bbox 3516 3055 3625 3112; x_wconf 86' lang='lat' dir='ltr'>Ju-</span> 
     </span>
    </p>
   </div>
   <div class='ocr_carea' id='block_1_62' title="bbox 295 3146 1912 3236">
    <p class='ocr_par' dir='ltr' id='par_1_62' title="bbox 295 3160 1907 3234">
     <span class='ocr_line' id='line_1_62' title="bbox 295 3160 1907 3234; baseline 0.001 -15"><span class='ocrx_word' id='word_1_465' title='bbox 295 3163 571 3220; x_wconf 86' lang='lat' dir='ltr'>sollicitat.</span> <span class='ocrx_word' id='word_1_466' title='bbox 613 3193 685 3204; x_wconf 97' lang='lat'>—</span> <span class='ocrx_word' id='word_1_467' title='bbox 712 3162 877 3219; x_wconf 81' lang='lat' dir='ltr'>Recte</span> <span class='ocrx_word' id='word_1_468' title='bbox 907 3178 1040 3219; x_wconf 90' lang='lat' dir='ltr'>vero</span> <span class='ocrx_word' id='word_1_469' title='bbox 1068 3161 1235 3219; x_wconf 90' lang='lat' dir='ltr'>etiam</span> <span class='ocrx_word' id='word_1_470' title='bbox 1280 3160 1460 3221; x_wconf 91' lang='lat' dir='ltr'>dividi</span> <span class='ocrx_word' id='word_1_471' title='bbox 1489 3170 1653 3221; x_wconf 84' lang='lat' dir='ltr'>astus</span> <span class='ocrx_word' id='word_1_472' title='bbox 1682 3163 1907 3234; x_wconf 89' lang='lat' dir='ltr'>dicitur,</span> 
     </span>
    </p>
   </div>
   <div class='ocr_carea' id='block_1_63' title="bbox 2020 3146 3627 3236">
    <p class='ocr_par' dir='ltr' id='par_1_63' title="bbox 2021 3146 3627 3222">
     <span class='ocr_line' id='line_1_63' title="bbox 2021 3146 3627 3222; baseline -0.002 -16"><span class='ocrx_word' id='word_1_473' title='bbox 2021 3149 2152 3206; x_wconf 67' lang='lat' dir='ltr'>date</span> <span class='ocrx_word' id='word_1_474' title='bbox 2203 3148 2519 3222; x_wconf 87' lang='lat' dir='ltr'>regionibus</span> <span class='ocrx_word' id='word_1_475' title='bbox 2570 3148 2877 3222; x_wconf 88' lang='lat' dir='ltr'>persecutio</span> <span class='ocrx_word' id='word_1_476' title='bbox 2928 3147 3267 3221; x_wconf 88' lang='lat' dir='ltr'>designatur,</span> <span class='ocrx_word' id='word_1_477' title='bbox 3326 3146 3457 3219; x_wconf 86' lang='lat' dir='ltr'>quia</span> <span class='ocrx_word' id='word_1_478' title='bbox 3508 3146 3627 3219; x_wconf 91' lang='lat' dir='ltr'>ipsa</span> 
     </span>
    </p>
   </div>
   <div class='ocr_carea' id='block_1_64' title="bbox 297 3250 1910 3328">
    <p class='ocr_par' dir='ltr' id='par_1_64' title="bbox 297 3250 1910 3328">
     <span class='ocr_line' id='line_1_64' title="bbox 297 3250 1910 3328; baseline 0.001 -19"><span class='ocrx_word' id='word_1_479' title='bbox 297 3254 422 3326; x_wconf 89' lang='lat' dir='ltr'>quia</span> <span class='ocrx_word' id='word_1_480' title='bbox 455 3251 732 3308; x_wconf 89' lang='lat' dir='ltr'>nimirum</span> <span class='ocrx_word' id='word_1_481' title='bbox 762 3268 873 3308; x_wconf 90' lang='lat' dir='ltr'>non</span> <span class='ocrx_word' id='word_1_482' title='bbox 904 3250 1109 3324; x_wconf 89' lang='lat' dir='ltr'>singuli</span> <span class='ocrx_word' id='word_1_483' title='bbox 1152 3251 1431 3322; x_wconf 88' lang='lat' dir='ltr'>omnibus,</span> <span class='ocrx_word' id='word_1_484' title='bbox 1464 3252 1558 3309; x_wconf 92' lang='lat' dir='ltr'>sed</span> <span class='ocrx_word' id='word_1_485' title='bbox 1580 3253 1910 3328; x_wconf 72' lang='lat' dir='ltr'>quibdsdam</span> 
     </span>
    </p>
   </div>
   <div class='ocr_carea' id='block_1_65' title="bbox 297 3341 1910 3418">
    <p class='ocr_par' dir='ltr' id='par_1_65' title="bbox 297 3341 1910 3418">
     <span class='ocr_line' id='line_1_65' title="bbox 297 3341 1910 3418; baseline 0.002 -21"><span class='ocrx_word' id='word_1_486' title='bbox 297 3343 503 3400; x_wconf 89' lang='lat' dir='ltr'>vicinis</span> <span class='ocrx_word' id='word_1_487' title='bbox 532 3359 595 3399; x_wconf 84' lang='lat' dir='ltr'>ac</span> <span class='ocrx_word' id='word_1_488' title='bbox 615 3341 783 3416; x_wconf 82' lang='lat' dir='ltr'>juxta</span> <span class='ocrx_word' id='word_1_489' title='bbox 819 3342 1012 3416; x_wconf 90' lang='lat' dir='ltr'>positis</span> <span class='ocrx_word' id='word_1_490' title='bbox 1042 3343 1196 3400; x_wconf 90' lang='lat' dir='ltr'>vitiis</span> <span class='ocrx_word' id='word_1_491' title='bbox 1223 3344 1543 3418; x_wconf 85' lang='lat' dir='ltr'>fatigantur.</span> <span class='ocrx_word' id='word_1_492' title='bbox 1574 3345 1732 3403; x_wconf 90' lang='lat' dir='ltr'>Prius</span> <span class='ocrx_word' id='word_1_493' title='bbox 1760 3345 1910 3402; x_wconf 90' lang='lat' dir='ltr'>enim</span> 
     </span>
    </p>
   </div>
   <div class='ocr_carea' id='block_1_66' title="bbox 296 3433 1912 3508">
    <p class='ocr_par' dir='ltr' id='par_1_66' title="bbox 296 3433 1912 3508">
     <span class='ocr_line' id='line_1_66' title="bbox 296 3433 1912 3508; baseline 0.001 -17"><span class='ocrx_word' id='word_1_494' title='bbox 296 3433 747 3508; x_wconf 89' lang='lat' dir='ltr'>conspersionem</span> <span class='ocrx_word' id='word_1_495' title='bbox 779 3433 1215 3508; x_wconf 89' lang='lat' dir='ltr'>uniuscujusque</span> <span class='ocrx_word' id='word_1_496' title='bbox 1257 3434 1519 3508; x_wconf 89' lang='lat' dir='ltr'>antiquus</span> <span class='ocrx_word' id='word_1_497' title='bbox 1565 3435 1912 3493; x_wconf 87' lang='lat' dir='ltr'>adversarius</span> 
     </span>
    </p>
   </div>
   <div class='ocr_carea' id='block_1_67' title="bbox 297 3521 1911 3597">
    <p class='ocr_par' dir='ltr' id='par_1_67' title="bbox 297 3521 1911 3597">
     <span class='ocr_line' id='line_1_67' title="bbox 297 3521 1911 3597; baseline 0.002 -18"><span class='ocrx_word' id='word_1_498' title='bbox 297 3521 584 3597; x_wconf 88' lang='lat' dir='ltr'>perspicit,</span> <span class='ocrx_word' id='word_1_499' title='bbox 614 3529 669 3578; x_wconf 89' lang='lat' dir='ltr'>et</span> <span class='ocrx_word' id='word_1_500' title='bbox 706 3531 839 3580; x_wconf 87' lang='lat' dir='ltr'>tunc</span> <span class='ocrx_word' id='word_1_501' title='bbox 867 3522 1191 3580; x_wconf 88' lang='lat' dir='ltr'>tentationis</span> <span class='ocrx_word' id='word_1_502' title='bbox 1220 3523 1442 3597; x_wconf 89' lang='lat' dir='ltr'>laqueos</span> <span class='ocrx_word' id='word_1_503' title='bbox 1470 3524 1717 3596; x_wconf 90' lang='lat' dir='ltr'>apponit.</span> <span class='ocrx_word' id='word_1_504' title='bbox 1750 3524 1911 3582; x_wconf 87' lang='lat' dir='ltr'>Alius</span> 
     </span>
    </p>
   </div>
   <div class='ocr_carea' id='block_1_68' title="bbox 298 3611 1910 3685">
    <p class='ocr_par' dir='ltr' id='par_1_68' title="bbox 298 3611 1910 3685">
     <span class='ocr_line' id='line_1_68' title="bbox 298 3611 1910 3685; baseline 0.002 -19"><span class='ocrx_word' id='word_1_505' title='bbox 298 3626 538 3685; x_wconf 85' lang='lat' dir='ltr'>namque</span> <span class='ocrx_word' id='word_1_506' title='bbox 566 3611 727 3680; x_wconf 86' lang='lat' dir='ltr'>latis,</span> <span class='ocrx_word' id='word_1_507' title='bbox 771 3612 916 3668; x_wconf 89' lang='lat' dir='ltr'>alius</span> <span class='ocrx_word' id='word_1_508' title='bbox 962 3611 1238 3681; x_wconf 90' lang='lat' dir='ltr'>tristibus,</span> <span class='ocrx_word' id='word_1_509' title='bbox 1292 3612 1436 3668; x_wconf 86' lang='lat' dir='ltr'>alius</span> <span class='ocrx_word' id='word_1_510' title='bbox 1473 3611 1712 3683; x_wconf 89' lang='lat' dir='ltr'>timidis,</span> <span class='ocrx_word' id='word_1_511' title='bbox 1768 3611 1910 3669; x_wconf 90' lang='lat' dir='ltr'>alius</span> 
     </span>
    </p>
   </div>
   <div class='ocr_carea' id='block_1_69' title="bbox 298 3699 1910 3772">
    <p class='ocr_par' dir='ltr' id='par_1_69' title="bbox 298 3699 1910 3772">
     <span class='ocr_line' id='line_1_69' title="bbox 298 3699 1910 3772; baseline 0.001 -17"><span class='ocrx_word' id='word_1_512' title='bbox 298 3700 459 3756; x_wconf 89' lang='lat' dir='ltr'>elatis</span> <span class='ocrx_word' id='word_1_513' title='bbox 496 3699 738 3757; x_wconf 89' lang='lat' dir='ltr'>moribus</span> <span class='ocrx_word' id='word_1_514' title='bbox 766 3700 984 3757; x_wconf 81' lang='lat' dir='ltr'>existit.</span> <span class='ocrx_word' id='word_1_515' title='bbox 1034 3700 1154 3768; x_wconf 93' lang='lat' dir='ltr'>Quo</span> <span class='ocrx_word' id='word_1_516' title='bbox 1184 3716 1312 3772; x_wconf 90' lang='lat' dir='ltr'>ergo</span> <span class='ocrx_word' id='word_1_517' title='bbox 1350 3700 1601 3757; x_wconf 90' lang='lat' dir='ltr'>occultus</span> <span class='ocrx_word' id='word_1_518' title='bbox 1644 3701 1910 3757; x_wconf 89' lang='lat' dir='ltr'>adversa-</span> 
     </span>
    </p>
   </div>
   <div class='ocr_carea' id='block_1_70' title="bbox 300 3788 1912 3863">
    <p class='ocr_par' dir='ltr' id='par_1_70' title="bbox 300 3788 1912 3863">
     <span class='ocr_line' id='line_1_70' title="bbox 300 3788 1912 3863; baseline 0.002 -18"><span class='ocrx_word' id='word_1_519' title='bbox 300 3790 415 3847; x_wconf 90' lang='lat' dir='ltr'>rius</span> <span class='ocrx_word' id='word_1_520' title='bbox 443 3789 611 3847; x_wconf 84' lang='lat' dir='ltr'>facile</span> <span class='ocrx_word' id='word_1_521' title='bbox 665 3790 869 3863; x_wconf 89' lang='lat' dir='ltr'>capiat,</span> <span class='ocrx_word' id='word_1_522' title='bbox 902 3788 1115 3847; x_wconf 87' lang='lat' dir='ltr'>vicinas</span> <span class='ocrx_word' id='word_1_523' title='bbox 1144 3791 1165 3825; x_wconf 74' lang='lat'><strong>‘</strong></span> <span class='ocrx_word' id='word_1_524' title='bbox 1214 3788 1699 3861; x_wconf 91' lang='lat' dir='ltr'>conspersionibus</span> <span class='ocrx_word' id='word_1_525' title='bbox 1741 3790 1912 3848; x_wconf 91' lang='lat' dir='ltr'>dece-</span> 
     </span>
    </p>
   </div>
   <div class='ocr_carea' id='block_1_71' title="bbox 299 3877 1913 3954">
    <p class='ocr_par' dir='ltr' id='par_1_71' title="bbox 299 3877 1913 3954">
     <span class='ocr_line' id='line_1_71' title="bbox 299 3877 1913 3954; baseline 0 -17"><span class='ocrx_word' id='word_1_526' title='bbox 299 3878 521 3951; x_wconf 87' lang='lat' dir='ltr'>ptiones</span> <span class='ocrx_word' id='word_1_527' title='bbox 550 3888 723 3954; x_wconf 88' lang='lat' dir='ltr'>parat.</span> <span class='ocrx_word' id='word_1_528' title='bbox 785 3878 927 3948; x_wconf 87' lang='lat' dir='ltr'>Quia</span> <span class='ocrx_word' id='word_1_529' title='bbox 968 3878 1173 3936; x_wconf 90' lang='lat' dir='ltr'>etenim</span> <span class='ocrx_word' id='word_1_530' title='bbox 1222 3877 1427 3935; x_wconf 89' lang='lat' dir='ltr'>latitia</span> <span class='ocrx_word' id='word_1_531' title='bbox 1472 3878 1727 3951; x_wconf 90' lang='lat' dir='ltr'>voluptas</span> <span class='ocrx_word' id='word_1_532' title='bbox 1749 3877 1913 3951; x_wconf 89' lang='lat' dir='ltr'>juxta</span> 
     </span>
    </p>
   </div>
   <div class='ocr_carea' id='block_1_72' title="bbox 298 3967 1909 4042">
    <p class='ocr_par' dir='ltr' id='par_1_72' title="bbox 298 3967 1909 4042">
     <span class='ocr_line' id='line_1_72' title="bbox 298 3967 1909 4042; baseline 0 -17"><span class='ocrx_word' id='word_1_533' title='bbox 298 3978 396 4036; x_wconf 90' lang='lat' dir='ltr'>est,</span> <span class='ocrx_word' id='word_1_534' title='bbox 426 3971 578 4027; x_wconf 71' lang='lat' dir='ltr'>latis</span> <span class='ocrx_word' id='word_1_535' title='bbox 607 3970 857 4027; x_wconf 87' lang='lat' dir='ltr'>moribus</span> <span class='ocrx_word' id='word_1_536' title='bbox 885 3969 1169 4026; x_wconf 82' lang='lat' dir='ltr'>luxuriam</span> <span class='ocrx_word' id='word_1_537' title='bbox 1201 3968 1478 4042; x_wconf 89' lang='lat' dir='ltr'>proponit.</span> <span class='ocrx_word' id='word_1_538' title='bbox 1496 3968 1571 4025; x_wconf 92' lang='lat' dir='ltr'>Et</span> <span class='ocrx_word' id='word_1_539' title='bbox 1598 3967 1727 4042; x_wconf 89' lang='lat' dir='ltr'>quia</span> <span class='ocrx_word' id='word_1_540' title='bbox 1743 3968 1909 4025; x_wconf 91' lang='lat' dir='ltr'>tristi-</span> 
     </span>
    </p>
   </div>
   <div class='ocr_carea' id='block_1_73' title="bbox 299 4057 1909 4131">
    <p class='ocr_par' dir='ltr' id='par_1_73' title="bbox 299 4057 1909 4131">
     <span class='ocr_line' id='line_1_73' title="bbox 299 4057 1909 4131; baseline -0.001 -16"><span class='ocrx_word' id='word_1_541' title='bbox 299 4058 370 4115; x_wconf 87' lang='lat' dir='ltr'>tia</span> <span class='ocrx_word' id='word_1_542' title='bbox 396 4059 457 4116; x_wconf 92' lang='lat' dir='ltr'>in</span> <span class='ocrx_word' id='word_1_543' title='bbox 498 4060 636 4115; x_wconf 89' lang='lat' dir='ltr'>iram</span> <span class='ocrx_word' id='word_1_544' title='bbox 669 4059 830 4117; x_wconf 83' lang='lat' dir='ltr'>facile</span> <span class='ocrx_word' id='word_1_545' title='bbox 863 4058 1086 4128; x_wconf 88' lang='lat' dir='ltr'>labitur,</span> <span class='ocrx_word' id='word_1_546' title='bbox 1117 4057 1370 4116; x_wconf 89' lang='lat' dir='ltr'>tristibus</span> <span class='ocrx_word' id='word_1_547' title='bbox 1398 4058 1659 4131; x_wconf 91' lang='lat' dir='ltr'>poculum</span> <span class='ocrx_word' id='word_1_548' title='bbox 1690 4057 1909 4116; x_wconf 89' lang='lat' dir='ltr'>discor-</span> 
     </span>
    </p>
   </div>
   <div class='ocr_carea' id='block_1_74' title="bbox 2021 3237 3625 3315">
    <p class='ocr_par' dir='ltr' id='par_1_74' title="bbox 2021 3237 3625 3315">
     <span class='ocr_line' id='line_1_74' title="bbox 2021 3237 3625 3315; baseline -0.004 -18"><span class='ocrx_word' id='word_1_549' title='bbox 2021 3239 2422 3315; x_wconf 88' lang='lat' dir='ltr'>persecutionis</span> <span class='ocrx_word' id='word_1_550' title='bbox 2443 3239 2708 3313; x_wconf 88' lang='lat' dir='ltr'>asperitas</span> <span class='ocrx_word' id='word_1_551' title='bbox 2738 3237 3120 3312; x_wconf 87' lang='lat' dir='ltr'>pradicatores</span> <span class='ocrx_word' id='word_1_552' title='bbox 3148 3243 3366 3294; x_wconf 89' lang='lat' dir='ltr'>sanctos</span> <span class='ocrx_word' id='word_1_553' title='bbox 3388 3252 3625 3309; x_wconf 90' lang='lat' dir='ltr'>superno</span> 
     </span>
    </p>
   </div>
   <div class='ocr_carea' id='block_1_75' title="bbox 2020 3324 3625 3404">
    <p class='ocr_par' dir='ltr' id='par_1_75' title="bbox 2020 3324 3625 3404">
     <span class='ocr_line' id='line_1_75' title="bbox 2020 3324 3625 3404; baseline -0.003 -19"><span class='ocrx_word' id='word_1_554' title='bbox 2020 3345 2247 3386; x_wconf 90' lang='lat' dir='ltr'>munere</span> <span class='ocrx_word' id='word_1_555' title='bbox 2275 3328 2493 3403; x_wconf 88' lang='lat' dir='ltr'>adjutos</span> <span class='ocrx_word' id='word_1_556' title='bbox 2509 3346 2540 3386; x_wconf 91' lang='lat' dir='ltr'>a</span> <span class='ocrx_word' id='word_1_557' title='bbox 2558 3328 2965 3404; x_wconf 82' lang='lat' dir='ltr'>pradicationis</span> <span class='ocrx_word' id='word_1_558' title='bbox 2994 3345 3108 3385; x_wconf 88' lang='lat' dir='ltr'>sua</span> <span class='ocrx_word' id='word_1_559' title='bbox 3134 3326 3445 3384; x_wconf 87' lang='lat' dir='ltr'>ministerio</span> <span class='ocrx_word' id='word_1_560' title='bbox 3468 3324 3625 3383; x_wconf 91' lang='lat' dir='ltr'>nullo</span> 
     </span>
    </p>
   </div>
   <div class='ocr_carea' id='block_1_76' title="bbox 2018 3418 3624 3496">
    <p class='ocr_par' dir='ltr' id='par_1_76' title="bbox 2018 3418 3624 3496">
     <span class='ocr_line' id='line_1_76' title="bbox 2018 3418 3624 3496; baseline -0.002 -19"><span class='ocrx_word' id='word_1_561' title='bbox 2018 3422 2219 3479; x_wconf 91' lang='lat' dir='ltr'>timore</span> <span class='ocrx_word' id='word_1_562' title='bbox 2247 3422 2604 3496; x_wconf 87' lang='lat' dir='ltr'>compescuit,</span> <span class='ocrx_word' id='word_1_563' title='bbox 2636 3429 2759 3496; x_wconf 90' lang='lat' dir='ltr'>apte</span> <span class='ocrx_word' id='word_1_564' title='bbox 2787 3419 3073 3494; x_wconf 90' lang='lat' dir='ltr'>subjungit</span> <span class='ocrx_word' id='word_1_565' title='bbox 3104 3438 3116 3477; x_wconf 88' lang='lat'>:</span> <span class='ocrx_word' id='word_1_566' title='bbox 3154 3420 3282 3488; x_wconf 86' lang='lat' dir='ltr'>Quis</span> <span class='ocrx_word' id='word_1_567' title='bbox 3307 3418 3448 3476; x_wconf 88' lang='lat' dir='ltr'>dedit</span> <span class='ocrx_word' id='word_1_568' title='bbox 3483 3419 3624 3474; x_wconf 81' lang='lat' dir='ltr'>vehe-</span> 
     </span>
    </p>
   </div>
   <div class='ocr_carea' id='block_1_77' title="bbox 2017 3507 3621 3580">
    <p class='ocr_par' dir='ltr' id='par_1_77' title="bbox 2017 3507 3621 3580">
     <span class='ocr_line' id='line_1_77' title="bbox 2017 3507 3621 3580; baseline -0.003 -13"><span class='ocrx_word' id='word_1_569' title='bbox 2017 3512 2340 3568; x_wconf 87' lang='lat' dir='ltr'>mentissimo</span> <span class='ocrx_word' id='word_1_570' title='bbox 2376 3512 2536 3568; x_wconf 83' lang='lat' dir='ltr'>imbri</span> <span class='ocrx_word' id='word_1_571' title='bbox 2569 3528 2784 3567; x_wconf 88' lang='lat' dir='ltr'>cursum</span> <span class='ocrx_word' id='word_1_572' title='bbox 2813 3513 2840 3568; x_wconf 75' lang='lat' dir='ltr'>i’</span> <span class='ocrx_word' id='word_1_573' title='bbox 2869 3512 2951 3567; x_wconf 83' lang='lat' dir='ltr'>Ac</span> <span class='ocrx_word' id='word_1_574' title='bbox 2991 3509 3039 3567; x_wconf 90' lang='lat' dir='ltr'>si</span> <span class='ocrx_word' id='word_1_575' title='bbox 3082 3509 3289 3567; x_wconf 85' lang='lat' dir='ltr'>diceret</span> <span class='ocrx_word' id='word_1_576' title='bbox 3321 3525 3333 3564; x_wconf 87' lang='lat'><strong>:</strong></span> <span class='ocrx_word' id='word_1_577' title='bbox 3367 3507 3476 3563; x_wconf 90' lang='lat' dir='ltr'>nisi</span> <span class='ocrx_word' id='word_1_578' title='bbox 3503 3522 3621 3580; x_wconf 87' lang='lat' dir='ltr'>ego.</span> 
     </span>
    </p>
   </div>
   <div class='ocr_carea' id='block_1_78' title="bbox 2018 3596 3622 3669">
    <p class='ocr_par' dir='ltr' id='par_1_78' title="bbox 2018 3596 3622 3669">
     <span class='ocr_line' id='line_1_78' title="bbox 2018 3596 3622 3669; baseline -0.001 -14"><span class='ocrx_word' id='word_1_579' title='bbox 2018 3601 2213 3657; x_wconf 90' lang='lat' dir='ltr'>Diviso</span> <span class='ocrx_word' id='word_1_580' title='bbox 2255 3601 2407 3658; x_wconf 90' lang='lat' dir='ltr'>enim</span> <span class='ocrx_word' id='word_1_581' title='bbox 2455 3610 2611 3669; x_wconf 85' lang='lat' dir='ltr'>astu,</span> <span class='ocrx_word' id='word_1_582' title='bbox 2661 3616 2886 3658; x_wconf 89' lang='lat' dir='ltr'>cursum</span> <span class='ocrx_word' id='word_1_583' title='bbox 2933 3598 3418 3657; x_wconf 89' lang='lat' dir='ltr'>vehementissimo</span> <span class='ocrx_word' id='word_1_584' title='bbox 3456 3596 3622 3654; x_wconf 90' lang='lat' dir='ltr'>imbri</span> 
     </span>
    </p>
   </div>
   <div class='ocr_carea' id='block_1_79' title="bbox 2018 3684 3624 3763">
    <p class='ocr_par' dir='ltr' id='par_1_79' title="bbox 2018 3684 3624 3763">
     <span class='ocr_line' id='line_1_79' title="bbox 2018 3684 3624 3763; baseline -0.001 -19"><span class='ocrx_word' id='word_1_585' title='bbox 2018 3687 2238 3747; x_wconf 89' lang='lat' dir='ltr'>dedisse</span> <span class='ocrx_word' id='word_1_586' title='bbox 2268 3698 2349 3747; x_wconf 90' lang='lat' dir='ltr'>est</span> <span class='ocrx_word' id='word_1_587' title='bbox 2379 3690 2524 3746; x_wconf 90' lang='lat' dir='ltr'>inter</span> <span class='ocrx_word' id='word_1_588' title='bbox 2542 3689 2689 3763; x_wconf 88' lang='lat' dir='ltr'>ipsas</span> <span class='ocrx_word' id='word_1_589' title='bbox 2707 3688 3108 3762; x_wconf 87' lang='lat' dir='ltr'>persecutionis</span> <span class='ocrx_word' id='word_1_590' title='bbox 3132 3688 3411 3762; x_wconf 86' lang='lat' dir='ltr'>angustias</span> <span class='ocrx_word' id='word_1_591' title='bbox 3431 3684 3624 3759; x_wconf 80' lang='lat' dir='ltr'>pradi-</span> 
     </span>
    </p>
   </div>
   <div class='ocr_carea' id='block_1_80' title="bbox 2018 3775 3622 3850">
    <p class='ocr_par' dir='ltr' id='par_1_80' title="bbox 2018 3775 3622 3850">
     <span class='ocr_line' id='line_1_80' title="bbox 2018 3775 3622 3850; baseline -0.002 -15"><span class='ocrx_word' id='word_1_592' title='bbox 2018 3777 2254 3835; x_wconf 85' lang='lat' dir='ltr'>cationis</span> <span class='ocrx_word' id='word_1_593' title='bbox 2283 3780 2550 3850; x_wconf 90' lang='lat' dir='ltr'>impetum</span> <span class='ocrx_word' id='word_1_594' title='bbox 2582 3778 2888 3845; x_wconf 88' lang='lat' dir='ltr'>roborasse,</span> <span class='ocrx_word' id='word_1_595' title='bbox 2919 3779 2940 3813; x_wconf 79' lang='lat'><strong><em>°</em></strong></span> <span class='ocrx_word' id='word_1_596' title='bbox 2972 3785 3036 3832; x_wconf 91' lang='lat' dir='ltr'>ut</span> <span class='ocrx_word' id='word_1_597' title='bbox 3058 3785 3215 3833; x_wconf 90' lang='lat' dir='ltr'>tanto</span> <span class='ocrx_word' id='word_1_598' title='bbox 3241 3775 3415 3846; x_wconf 89' lang='lat' dir='ltr'>magis</span> <span class='ocrx_word' id='word_1_599' title='bbox 3444 3775 3622 3831; x_wconf 89' lang='lat' dir='ltr'>virtus</span> 
     </span>
    </p>
   </div>
   <div class='ocr_carea' id='block_1_81' title="bbox 2019 3865 3623 3941">
    <p class='ocr_par' dir='ltr' id='par_1_81' title="bbox 2019 3865 3623 3941">
     <span class='ocr_line' id='line_1_81' title="bbox 2019 3865 3623 3941; baseline -0.004 -18"><span class='ocrx_word' id='word_1_600' title='bbox 2019 3866 2440 3941; x_wconf 85' lang='lat' dir='ltr'>praedicantium</span> <span class='ocrx_word' id='word_1_601' title='bbox 2483 3873 2767 3934; x_wconf 89' lang='lat' dir='ltr'>cresceret,</span> <span class='ocrx_word' id='word_1_602' title='bbox 2817 3871 3022 3938; x_wconf 89' lang='lat' dir='ltr'>quanto</span> <span class='ocrx_word' id='word_1_603' title='bbox 3069 3865 3244 3936; x_wconf 89' lang='lat' dir='ltr'>magis</span> <span class='ocrx_word' id='word_1_604' title='bbox 3285 3878 3623 3935; x_wconf 86' lang='lat' dir='ltr'>persequen-</span> 
     </span>
    </p>
   </div>
   <div class='ocr_carea' id='block_1_82' title="bbox 2018 3948 3621 4027">
    <p class='ocr_par' dir='ltr' id='par_1_82' title="bbox 2018 3948 3621 4027">
     <span class='ocr_line' id='line_1_82' title="bbox 2018 3948 3621 4027; baseline -0.004 -14"><span class='ocrx_word' id='word_1_605' title='bbox 2018 3957 2161 4014; x_wconf 88' lang='lat' dir='ltr'>tium</span> <span class='ocrx_word' id='word_1_606' title='bbox 2190 3955 2489 4014; x_wconf 86' lang='lat' dir='ltr'>crudelitas</span> <span class='ocrx_word' id='word_1_607' title='bbox 2509 3954 2781 4023; x_wconf 87' lang='lat' dir='ltr'>obviaret,</span> <span class='ocrx_word' id='word_1_608' title='bbox 2813 3960 3083 4027; x_wconf 89' lang='lat' dir='ltr'>quatenus</span> <span class='ocrx_word' id='word_1_609' title='bbox 3110 3949 3322 4008; x_wconf 88' lang='lat' dir='ltr'>arentia</span> <span class='ocrx_word' id='word_1_610' title='bbox 3346 3948 3512 4006; x_wconf 91' lang='lat' dir='ltr'>corda</span> <span class='ocrx_word' id='word_1_611' title='bbox 3528 3966 3621 4006; x_wconf 87' lang='lat' dir='ltr'>au-</span> 
     </span>
    </p>
   </div>
   <div class='ocr_carea' id='block_1_83' title="bbox 2018 4038 3620 4119">
    <p class='ocr_par' dir='ltr' id='par_1_83' title="bbox 2018 4038 3620 4119">
     <span class='ocr_line' id='line_1_83' title="bbox 2018 4038 3620 4119; baseline -0.006 -16"><span class='ocrx_word' id='word_1_612' title='bbox 2018 4046 2292 4104; x_wconf 91' lang='lat' dir='ltr'>dientium</span> <span class='ocrx_word' id='word_1_613' title='bbox 2334 4045 2540 4119; x_wconf 84' lang='lat' dir='ltr'>pluvia</span> <span class='ocrx_word' id='word_1_614' title='bbox 2587 4044 2758 4117; x_wconf 87' lang='lat' dir='ltr'>guttis</span> <span class='ocrx_word' id='word_1_615' title='bbox 2796 4042 3174 4112; x_wconf 82' lang='lat' dir='ltr'>infunderent,</span> <span class='ocrx_word' id='word_1_616' title='bbox 3219 4048 3273 4097; x_wconf 91' lang='lat' dir='ltr'>et</span> <span class='ocrx_word' id='word_1_617' title='bbox 3317 4038 3620 4097; x_wconf 82' lang='lat' dir='ltr'>siccitatem</span> 
     </span>
    </p>
   </div>
   <div class='ocr_carea' id='block_1_84' title="bbox 300 4129 3621 4222">
    <p class='ocr_par' dir='ltr' id='par_1_84' title="bbox 300 4129 3621 4222">
     <span class='ocr_line' id='line_1_84' title="bbox 300 4129 3621 4222; baseline 0.002 -20"><span class='ocrx_word' id='word_1_618' title='bbox 300 4145 396 4205; x_wconf 86' lang='lat' dir='ltr'>dia</span> <span class='ocrx_word' id='word_1_619' title='bbox 418 4148 685 4222; x_wconf 88' lang='lat' dir='ltr'>porrigit.</span> <span class='ocrx_word' id='word_1_620' title='bbox 710 4148 853 4216; x_wconf 89' lang='lat' dir='ltr'>Quia</span> <span class='ocrx_word' id='word_1_621' title='bbox 867 4146 1052 4205; x_wconf 88' lang='lat' dir='ltr'>timidi</span> <span class='ocrx_word' id='word_1_622' title='bbox 1073 4146 1345 4221; x_wconf 91' lang='lat' dir='ltr'>supplicia</span> <span class='ocrx_word' id='word_1_623' title='bbox 1363 4129 1685 4219; x_wconf 84' lang='lat' dir='ltr'>formidant,</span> <span class='ocrx_word' id='word_1_624' title='bbox 1709 4164 1908 4221; x_wconf 89' lang='lat' dir='ltr'>paven-</span> <span class='ocrx_word' id='word_1_625' title='bbox 2018 4133 2263 4208; x_wconf 60' lang='lat' dir='ltr'>Perﬁdia’</span> <span class='ocrx_word' id='word_1_626' title='bbox 2288 4134 2513 4192; x_wconf 62' lang='lat' dir='ltr'>Uberius</span> <span class='ocrx_word' id='word_1_627' title='bbox 2551 4134 2862 4207; x_wconf 71' lang='grc' dir='ltr'>ίττίεειτθηῖ›</span> <span class='ocrx_word' id='word_1_628' title='bbox 2908 4141 2970 4190; x_wconf 67' lang='grc' dir='ltr'>ιιι</span> <span class='ocrx_word' id='word_1_629' title='bbox 3016 4129 3267 4207; x_wconf 65' lang='grc' dir='ltr'>(Ιυδωνίδ</span> <span class='ocrx_word' id='word_1_630' title='bbox 3313 4135 3505 4188; x_wconf 64' lang='lat' dir='ltr'>contra</span> <span class='ocrx_word' id='word_1_631' title='bbox 3528 4144 3621 4185; x_wconf 70' lang='grc'>⁸0³</span> 
     </span>
    </p>
   </div>
   <div class='ocr_carea' id='block_1_85' title="bbox 304 4226 3621 4312">
    <p class='ocr_par' dir='ltr' id='par_1_85' title="bbox 304 4226 3621 4312">
     <span class='ocr_line' id='line_1_85' title="bbox 304 4226 3621 4312; baseline -0.005 -20"><span class='ocrx_word' id='word_1_632' title='bbox 304 4236 439 4295; x_wconf 89' lang='lat' dir='ltr'>tibus</span> <span class='ocrx_word' id='word_1_633' title='bbox 474 4246 720 4295; x_wconf 90' lang='lat' dir='ltr'>terrores</span> <span class='ocrx_word' id='word_1_634' title='bbox 750 4239 1003 4294; x_wconf 89' lang='lat' dir='ltr'>intentat.</span> <span class='ocrx_word' id='word_1_635' title='bbox 1021 4239 1093 4293; x_wconf 90' lang='lat' dir='ltr'>Et</span> <span class='ocrx_word' id='word_1_636' title='bbox 1125 4239 1254 4312; x_wconf 89' lang='lat' dir='ltr'>quia</span> <span class='ocrx_word' id='word_1_637' title='bbox 1285 4239 1459 4295; x_wconf 89' lang='lat' dir='ltr'>elatos</span> <span class='ocrx_word' id='word_1_638' title='bbox 1483 4236 1679 4295; x_wconf 87' lang='lat' dir='ltr'>extolli</span> <span class='ocrx_word' id='word_1_639' title='bbox 1719 4237 1909 4295; x_wconf 88' lang='lat' dir='ltr'>laudi-</span> <span class='ocrx_word' id='word_1_640' title='bbox 2017 4227 2243 4284; x_wconf 64' lang='grc' dir='ltr'>εωνίῑὶῖθ</span> <span class='ocrx_word' id='word_1_641' title='bbox 2274 4234 2437 4284; x_wconf 72' lang='lat' dir='ltr'>aestus</span> <span class='ocrx_word' id='word_1_642' title='bbox 2466 4226 2837 4293; x_wconf 83' lang='lat' dir='ltr'>candesceret,</span> <span class='ocrx_word' id='word_1_643' title='bbox 2870 4240 2965 4297; x_wconf 83' lang='lat' dir='ltr'>per</span> <span class='ocrx_word' id='word_1_644' title='bbox 3007 4240 3099 4280; x_wconf 91' lang='lat' dir='ltr'>eos</span> <span class='ocrx_word' id='word_1_645' title='bbox 3134 4229 3318 4279; x_wconf 87' lang='lat' dir='ltr'>tamen</span> <span class='ocrx_word' id='word_1_646' title='bbox 3346 4236 3621 4312; x_wconf 67' lang='lat' dir='ltr'>voxgra-</span> 
     </span>
    </p>
   </div>
   <div class='ocr_carea' id='block_1_86' title="bbox 300 4309 3622 4400">
    <p class='ocr_par' dir='ltr' id='par_1_86' title="bbox 300 4309 3622 4400">
     <span class='ocr_line' id='line_1_86' title="bbox 300 4309 3622 4400; baseline -0.005 -17"><span class='ocrx_word' id='word_1_647' title='bbox 300 4324 395 4383; x_wconf 91' lang='lat' dir='ltr'>bus</span> <span class='ocrx_word' id='word_1_648' title='bbox 421 4327 729 4400; x_wconf 86' lang='lat' dir='ltr'>conspicit,</span> <span class='ocrx_word' id='word_1_649' title='bbox 760 4344 852 4384; x_wconf 89' lang='lat' dir='ltr'>eos</span> <span class='ocrx_word' id='word_1_650' title='bbox 879 4326 948 4383; x_wconf 84' lang='lat' dir='ltr'>ad</span> <span class='ocrx_word' id='word_1_651' title='bbox 979 4309 1206 4400; x_wconf 65' lang='lat' dir='ltr'>quaque</span> <span class='ocrx_word' id='word_1_652' title='bbox 1237 4327 1475 4383; x_wconf 77' lang='lat' dir='ltr'>voluerit</span> <span class='ocrx_word' id='word_1_653' title='bbox 1502 4326 1721 4384; x_wconf 77' lang='lat' dir='ltr'>blandis</span> <span class='ocrx_word' id='word_1_654' title='bbox 1742 4326 1909 4383; x_wconf 76' lang='lat' dir='ltr'>favo-</span> <span class='ocrx_word' id='word_1_655' title='bbox 2015 4316 2107 4372; x_wconf 87' lang='lat' dir='ltr'>tia</span> <span class='ocrx_word' id='word_1_656' title='bbox 2139 4332 2248 4372; x_wconf 92' lang='lat' dir='ltr'>non</span> <span class='ocrx_word' id='word_1_657' title='bbox 2278 4323 2499 4373; x_wconf 88' lang='lat' dir='ltr'>taceret.</span> <span class='ocrx_word' id='word_1_658' title='bbox 2528 4316 2688 4372; x_wconf 86' lang='lat' dir='ltr'>Hunc</span> <span class='ocrx_word' id='word_1_659' title='bbox 2714 4312 3110 4386; x_wconf 89' lang='lat' dir='ltr'>persecutionis</span> <span class='ocrx_word' id='word_1_660' title='bbox 3128 4318 3320 4367; x_wconf 88' lang='lat' dir='ltr'>astum</span> <span class='ocrx_word' id='word_1_661' title='bbox 3345 4309 3547 4366; x_wconf 90' lang='lat' dir='ltr'>Paulus</span> <span class='ocrx_word' id='word_1_662' title='bbox 3568 4317 3622 4400; x_wconf 77' lang='lat' dir='ltr'>et</span> 
     </span>
    </p>
   </div>
   <div class='ocr_carea' id='block_1_87' title="bbox 300 4397 3621 4488">
    <p class='ocr_par' dir='ltr' id='par_1_87' title="bbox 300 4397 3621 4488">
     <span class='ocr_line' id='line_1_87' title="bbox 300 4397 3621 4488; baseline -0.006 -19"><span class='ocrx_word' id='word_1_663' title='bbox 300 4413 445 4473; x_wconf 89' lang='lat' dir='ltr'>ribus</span> <span class='ocrx_word' id='word_1_664' title='bbox 482 4397 679 4471; x_wconf 83' lang='lat' dir='ltr'>trahit.</span> <span class='ocrx_word' id='word_1_665' title='bbox 712 4415 959 4488; x_wconf 88' lang='lat' dir='ltr'>Singulis</span> <span class='ocrx_word' id='word_1_666' title='bbox 985 4397 1154 4487; x_wconf 71' lang='lat' dir='ltr'>igitur</span> <span class='ocrx_word' id='word_1_667' title='bbox 1176 4412 1498 4470; x_wconf 87' lang='lat' dir='ltr'>hominibus</span> <span class='ocrx_word' id='word_1_668' title='bbox 1526 4414 1682 4470; x_wconf 90' lang='lat' dir='ltr'>vitiis</span> <span class='ocrx_word' id='word_1_669' title='bbox 1710 4430 1907 4471; x_wconf 84' lang='lat' dir='ltr'>conve-</span> <span class='ocrx_word' id='word_1_670' title='bbox 2014 4404 2282 4462; x_wconf 79' lang='lat' dir='ltr'>tolerabat</span> <span class='ocrx_word' id='word_1_671' title='bbox 2310 4411 2366 4461; x_wconf 88' lang='lat' dir='ltr'>et</span> <span class='ocrx_word' id='word_1_672' title='bbox 2393 4404 2675 4476; x_wconf 68' lang='lat' dir='ltr'>irrigibat,</span> <span class='ocrx_word' id='word_1_673' title='bbox 2705 4419 2831 4461; x_wconf 89' lang='lat' dir='ltr'>cum</span> <span class='ocrx_word' id='word_1_674' title='bbox 2852 4402 3060 4458; x_wconf 87' lang='lat' dir='ltr'>diceret</span> <span class='ocrx_word' id='word_1_675' title='bbox 3092 4418 3103 4456; x_wconf 93' lang='lat'>:</span> <span class='ocrx_word' id='word_1_676' title='bbox 3138 4400 3350 4456; x_wconf 87' lang='lat' dir='ltr'>Laboro</span> <span class='ocrx_word' id='word_1_677' title='bbox 3370 4415 3532 4468; x_wconf 84' lang='lat' dir='ltr'>usque</span> <span class='ocrx_word' id='word_1_678' title='bbox 3549 4397 3621 4452; x_wconf 87' lang='lat' dir='ltr'>ad</span> 
     </span>
    </p>
   </div>
   <div class='ocr_carea' id='block_1_88' title="bbox 300 4488 1912 4593">
    <p class='ocr_par' dir='ltr' id='par_1_88' title="bbox 300 4502 1909 4577">
     <span class='ocr_line' id='line_1_88' title="bbox 300 4502 1909 4577; baseline 0.003 -20"><span class='ocrx_word' id='word_1_679' title='bbox 300 4503 585 4562; x_wconf 88' lang='lat' dir='ltr'>nientibus</span> <span class='ocrx_word' id='word_1_680' title='bbox 607 4502 924 4561; x_wconf 89' lang='lat' dir='ltr'>insidiatur.</span> <span class='ocrx_word' id='word_1_681' title='bbox 944 4504 1130 4577; x_wconf 89' lang='lat' dir='ltr'>Neque</span> <span class='ocrx_word' id='word_1_682' title='bbox 1160 4503 1307 4559; x_wconf 92' lang='lat' dir='ltr'>enim</span> <span class='ocrx_word' id='word_1_683' title='bbox 1330 4502 1493 4559; x_wconf 91' lang='lat' dir='ltr'>facile</span> <span class='ocrx_word' id='word_1_684' title='bbox 1513 4503 1836 4575; x_wconf 90' lang='lat' dir='ltr'>captivaret,</span> <span class='ocrx_word' id='word_1_685' title='bbox 1860 4505 1909 4562; x_wconf 90' lang='lat' dir='ltr'>si</span> 
     </span>
    </p>
   </div>
   <div class='ocr_carea' id='block_1_89' title="bbox 2020 4488 3623 4593">
    <p class='ocr_par' dir='ltr' id='par_1_89' title="bbox 2020 4488 3623 4565">
     <span class='ocr_line' id='line_1_89' title="bbox 2020 4488 3623 4565; baseline -0.005 -16"><span class='ocrx_word' id='word_1_686' title='bbox 2020 4494 2251 4560; x_wconf 84' lang='lat' dir='ltr'>vincula,</span> <span class='ocrx_word' id='word_1_687' title='bbox 2280 4494 2437 4565; x_wconf 89' lang='lat' dir='ltr'>quasi</span> <span class='ocrx_word' id='word_1_688' title='bbox 2462 4495 2601 4549; x_wconf 85' lang='lat' dir='ltr'>male</span> <span class='ocrx_word' id='word_1_689' title='bbox 2637 4508 2884 4564; x_wconf 79' lang='lat' dir='ltr'>operam,</span> <span class='ocrx_word' id='word_1_690' title='bbox 2928 4491 3017 4546; x_wconf 90' lang='lat' dir='ltr'>sed</span> <span class='ocrx_word' id='word_1_691' title='bbox 3060 4489 3273 4546; x_wconf 87' lang='lat' dir='ltr'>verbum</span> <span class='ocrx_word' id='word_1_692' title='bbox 3298 4488 3398 4545; x_wconf 89' lang='lat' dir='ltr'>Dei</span> <span class='ocrx_word' id='word_1_693' title='bbox 3422 4504 3527 4542; x_wconf 86' lang='lat' dir='ltr'>non</span> <span class='ocrx_word' id='word_1_694' title='bbox 3547 4492 3623 4542; x_wconf 85' lang='lat' dir='ltr'>est</span> 
     </span>
    </p>
   </div>
   <div class='ocr_carea' id='block_1_90' title="bbox 300 4574 3620 4668">
    <p class='ocr_par' dir='ltr' id='par_1_90' title="bbox 300 4574 3620 4668">
     <span class='ocr_line' id='line_1_90' title="bbox 300 4574 3620 4668; baseline -0.005 -20"><span class='ocrx_word' id='word_1_695' title='bbox 300 4600 389 4649; x_wconf 82' lang='lat' dir='ltr'>aut</span> <span class='ocrx_word' id='word_1_696' title='bbox 418 4594 728 4651; x_wconf 85' lang='lat' dir='ltr'>luxuriosis</span> <span class='ocrx_word' id='word_1_697' title='bbox 761 4594 1008 4668; x_wconf 84' lang='lat' dir='ltr'>praemia,</span> <span class='ocrx_word' id='word_1_698' title='bbox 1025 4574 1121 4650; x_wconf 79' lang='lat' dir='ltr'>aut</span> <span class='ocrx_word' id='word_1_699' title='bbox 1148 4592 1330 4649; x_wconf 88' lang='lat' dir='ltr'>avaris</span> <span class='ocrx_word' id='word_1_700' title='bbox 1358 4599 1540 4649; x_wconf 89' lang='lat' dir='ltr'>scorta</span> <span class='ocrx_word' id='word_1_701' title='bbox 1559 4601 1907 4667; x_wconf 89' lang='lat' dir='ltr'>proponeret,</span> <span class='ocrx_word' id='word_1_702' title='bbox 1940 4574 1988 4593; x_wconf 59' lang='lat' dir='ltr'><strong><em>u</em></strong></span> <span class='ocrx_word' id='word_1_703' title='bbox 2020 4586 2302 4657; x_wconf 68' lang='lat' dir='ltr'>alligatum</span> <span class='ocrx_word' id='word_1_704' title='bbox 2332 4583 2420 4656; x_wconf 91' lang='grc' dir='ltr'>(ΙΙ</span> <span class='ocrx_word' id='word_1_705' title='bbox 2453 4583 2585 4641; x_wconf 86' lang='lat' dir='ltr'>Tim.</span> <span class='ocrx_word' id='word_1_706' title='bbox 2634 4598 2697 4652; x_wconf 80' lang='grc' dir='ltr'>ιι,</span> <span class='ocrx_word' id='word_1_707' title='bbox 2728 4581 2809 4655; x_wconf 88' lang='grc'>9).</span> <span class='ocrx_word' id='word_1_708' title='bbox 2840 4582 2919 4638; x_wconf 91' lang='lat' dir='ltr'>De</span> <span class='ocrx_word' id='word_1_709' title='bbox 2948 4579 3054 4637; x_wconf 92' lang='lat' dir='ltr'>hoc</span> <span class='ocrx_word' id='word_1_710' title='bbox 3100 4578 3276 4636; x_wconf 89' lang='lat' dir='ltr'>imbre</span> <span class='ocrx_word' id='word_1_711' title='bbox 3305 4576 3439 4668; x_wconf 84' lang='lat' dir='ltr'>alias</span> <span class='ocrx_word' id='word_1_712' title='bbox 3466 4574 3620 4668; x_wconf 85' lang='lat' dir='ltr'>dici-</span> 
     </span>
    </p>
   </div>
   <div class='ocr_carea' id='block_1_91' title="bbox 303 4665 3618 4755">
    <p class='ocr_par' dir='ltr' id='par_1_91' title="bbox 303 4665 3618 4755">
     <span class='ocr_line' id='line_1_91' title="bbox 303 4665 3618 4755; baseline -0.005 -11"><span class='ocrx_word' id='word_1_713' title='bbox 303 4682 347 4738; x_wconf 80' lang='lat' dir='ltr'>si</span> <span class='ocrx_word' id='word_1_714' title='bbox 377 4694 473 4743; x_wconf 88' lang='lat' dir='ltr'>aut</span> <span class='ocrx_word' id='word_1_715' title='bbox 506 4701 733 4743; x_wconf 87' lang='lat' dir='ltr'>voraces</span> <span class='ocrx_word' id='word_1_716' title='bbox 760 4665 828 4743; x_wconf 80' lang='lat' dir='ltr'>de</span> <span class='ocrx_word' id='word_1_717' title='bbox 860 4683 1212 4742; x_wconf 89' lang='lat' dir='ltr'>abstinentia</span> <span class='ocrx_word' id='word_1_718' title='bbox 1234 4682 1424 4755; x_wconf 89' lang='lat' dir='ltr'>gloria,</span> <span class='ocrx_word' id='word_1_719' title='bbox 1448 4689 1544 4739; x_wconf 89' lang='lat' dir='ltr'>aut</span> <span class='ocrx_word' id='word_1_720' title='bbox 1569 4665 1910 4749; x_wconf 75' lang='lat' dir='ltr'>abstinentes</span> <span class='ocrx_word' id='word_1_721' title='bbox 2017 4683 2109 4732; x_wconf 79' lang='grc' dir='ltr'>ῑιιι·</span> <span class='ocrx_word' id='word_1_722' title='bbox 2129 4693 2152 4731; x_wconf 74' lang='grc' dir='ltr'><strong>ἐ</strong></span> <span class='ocrx_word' id='word_1_723' title='bbox 2184 4673 2448 4733; x_wconf 77' lang='grc' dir='ltr'>Μαηάαὸο</span> <span class='ocrx_word' id='word_1_724' title='bbox 2478 4671 2702 4729; x_wconf 64' lang='lat' dir='ltr'>nul?th</span> <span class='ocrx_word' id='word_1_725' title='bbox 2745 4688 2809 4727; x_wconf 76' lang='lat' dir='ltr'>ne</span> <span class='ocrx_word' id='word_1_726' title='bbox 2848 4673 3043 4745; x_wconf 73' lang='lat' dir='ltr'>pluunt</span> <span class='ocrx_word' id='word_1_727' title='bbox 3067 4674 3226 4742; x_wconf 62' lang='lat' dir='ltr'>super</span> <span class='ocrx_word' id='word_1_728' title='bbox 3252 4685 3367 4725; x_wconf 78' lang='lat' dir='ltr'>eam</span> <span class='ocrx_word' id='word_1_729' title='bbox 3402 4665 3618 4721; x_wconf 72' lang='lat' dir='ltr'>imbrem</span> 
     </span>
    </p>
   </div>
   <div class='ocr_carea' id='block_1_92' title="bbox 304 4757 3615 4852">
    <p class='ocr_par' dir='ltr' id='par_1_92' title="bbox 304 4757 3615 4852">
     <span class='ocr_line' id='line_1_92' title="bbox 304 4757 3615 4852; baseline 0.004 -24"><span class='ocrx_word' id='word_1_730' title='bbox 304 4771 366 4829; x_wconf 91' lang='lat' dir='ltr'>de</span> <span class='ocrx_word' id='word_1_731' title='bbox 395 4775 540 4848; x_wconf 88' lang='lat' dir='ltr'>gula</span> <span class='ocrx_word' id='word_1_732' title='bbox 578 4774 957 4833; x_wconf 88' lang='lat' dir='ltr'>imbecillitate</span> <span class='ocrx_word' id='word_1_733' title='bbox 985 4775 1246 4848; x_wconf 89' lang='lat' dir='ltr'>pulsaret,</span> <span class='ocrx_word' id='word_1_734' title='bbox 1268 4772 1315 4829; x_wconf 90' lang='lat' dir='ltr'>si</span> <span class='ocrx_word' id='word_1_735' title='bbox 1345 4772 1510 4830; x_wconf 90' lang='lat' dir='ltr'>mites</span> <span class='ocrx_word' id='word_1_736' title='bbox 1538 4789 1634 4846; x_wconf 91' lang='lat' dir='ltr'>per</span> <span class='ocrx_word' id='word_1_737' title='bbox 1662 4773 1908 4831; x_wconf 90' lang='lat' dir='ltr'>studium</span> <span class='ocrx_word' id='word_1_738' title='bbox 2021 4765 2264 4839; x_wconf 63' lang='grc' dir='ltr'>(Ῑδαὶοσ,</span> <span class='ocrx_word' id='word_1_739' title='bbox 2296 4765 2376 4839; x_wconf 61' lang='grc'>6).</span> <span class='ocrx_word' id='word_1_740' title='bbox 2407 4766 2485 4823; x_wconf 74' lang='grc' dir='ltr'>ΒΘ</span> <span class='ocrx_word' id='word_1_741' title='bbox 2513 4764 2618 4822; x_wconf 75' lang='lat' dir='ltr'>hoc</span> <span class='ocrx_word' id='word_1_742' title='bbox 2647 4779 2813 4822; x_wconf 71' lang='lat' dir='ltr'>0111‘s“</span> <span class='ocrx_word' id='word_1_743' title='bbox 2858 4761 3053 4819; x_wconf 65' lang='lat' dir='ltr'>imbris</span> <span class='ocrx_word' id='word_1_744' title='bbox 3098 4760 3194 4852; x_wconf 57' lang='lat' dir='ltr'>(illi</span> <span class='ocrx_word' id='word_1_745' title='bbox 3229 4759 3287 4815; x_wconf 78' lang='grc' dir='ltr'>ί¹¹</span> <span class='ocrx_word' id='word_1_746' title='bbox 3316 4757 3615 4852; x_wconf 54' lang='grc' dir='ltr'>θιῗῗξοτῗω</span> 
     </span>
    </p>
   </div>
   <div class='ocr_carea' id='block_1_93' title="bbox 304 4842 3693 4937">
    <p class='ocr_par' dir='ltr' id='par_1_93' title="bbox 304 4842 3693 4937">
     <span class='ocr_line' id='line_1_93' title="bbox 304 4842 3693 4937; baseline -0.008 -16"><span class='ocrx_word' id='word_1_747' title='bbox 304 4842 621 4921; x_wconf 72' lang='lat' dir='ltr'>certaminis</span> <span class='ocrx_word' id='word_1_748' title='bbox 648 4874 743 4922; x_wconf 90' lang='lat' dir='ltr'>aut</span> <span class='ocrx_word' id='word_1_749' title='bbox 772 4842 1064 4922; x_wconf 83' lang='lat' dir='ltr'>iracundos</span> <span class='ocrx_word' id='word_1_750' title='bbox 1093 4878 1283 4937; x_wconf 90' lang='lat' dir='ltr'>capere</span> <span class='ocrx_word' id='word_1_751' title='bbox 1312 4864 1333 4898; x_wconf 78' lang='grc'><strong><em>⁵</em></strong></span> <span class='ocrx_word' id='word_1_752' title='bbox 1369 4878 1466 4936; x_wconf 91' lang='lat' dir='ltr'>per</span> <span class='ocrx_word' id='word_1_753' title='bbox 1496 4842 1754 4935; x_wconf 75' lang='lat' dir='ltr'>pavorem</span> <span class='ocrx_word' id='word_1_754' title='bbox 1783 4862 1909 4920; x_wconf 91' lang='lat' dir='ltr'>for-</span> <span class='ocrx_word' id='word_1_755' title='bbox 2015 4857 2275 4917; x_wconf 86' lang='lat' dir='ltr'>cordibus</span> <span class='ocrx_word' id='word_1_756' title='bbox 2303 4858 2483 4931; x_wconf 88' lang='lat' dir='ltr'>agitur</span> <span class='ocrx_word' id='word_1_757' title='bbox 2510 4855 2801 4913; x_wconf 84' lang='lat' dir='ltr'>Psalmista</span> <span class='ocrx_word' id='word_1_758' title='bbox 2830 4861 3080 4920; x_wconf 88' lang='lat' dir='ltr'>testatur,</span> <span class='ocrx_word' id='word_1_759' title='bbox 3099 4850 3288 4906; x_wconf 90' lang='lat' dir='ltr'>dicens</span> <span class='ocrx_word' id='word_1_760' title='bbox 3317 4863 3329 4900; x_wconf 89' lang='lat'><strong>:</strong></span> <span class='ocrx_word' id='word_1_761' title='bbox 3367 4842 3619 4902; x_wconf 80' lang='lat' dir='ltr'>Velociter</span> <span class='ocrx_word' id='word_1_762' title='bbox 3680 4853 3693 4863; x_wconf 58' lang='grc' dir='ltr'>δ</span> 
     </span>
    </p>
   </div>
   <div class='ocr_carea' id='block_1_94' title="bbox 307 4937 3615 5032">
    <p class='ocr_par' dir='ltr' id='par_1_94' title="bbox 307 4937 3615 5032">
     <span class='ocr_line' id='line_1_94' title="bbox 307 4937 3615 5032; baseline -0.001 -23"><span class='ocrx_word' id='word_1_763' title='bbox 307 4952 533 5011; x_wconf 89' lang='lat' dir='ltr'>midinis</span> <span class='ocrx_word' id='word_1_764' title='bbox 561 4963 846 5029; x_wconf 83' lang='lat' dir='ltr'>quareret.</span> <span class='ocrx_word' id='word_1_765' title='bbox 894 4955 1035 5024; x_wconf 91' lang='lat' dir='ltr'>Quia</span> <span class='ocrx_word' id='word_1_766' title='bbox 1062 4970 1191 5026; x_wconf 91' lang='lat' dir='ltr'>ergo</span> <span class='ocrx_word' id='word_1_767' title='bbox 1238 4951 1295 5008; x_wconf 90' lang='lat' dir='ltr'>in</span> <span class='ocrx_word' id='word_1_768' title='bbox 1345 4953 1668 5009; x_wconf 89' lang='lat' dir='ltr'>tentationis</span> <span class='ocrx_word' id='word_1_769' title='bbox 1711 4952 1906 5011; x_wconf 90' lang='lat' dir='ltr'>ardore</span> <span class='ocrx_word' id='word_1_770' title='bbox 2013 4948 2188 5005; x_wconf 70' lang='lat' dir='ltr'>currit</span> <span class='ocrx_word' id='word_1_771' title='bbox 2212 4965 2382 5004; x_wconf 65' lang='grc' dir='ltr'>δωηο</span> <span class='ocrx_word' id='word_1_772' title='bbox 2403 4963 2515 5018; x_wconf 65' lang='lat' dir='ltr'>eius</span> <span class='ocrx_word' id='word_1_773' title='bbox 2544 4946 2716 5019; x_wconf 74' lang='lat' dir='ltr'>(Psal-</span> <span class='ocrx_word' id='word_1_774' title='bbox 2750 4960 2961 5032; x_wconf 40' lang='lat' dir='ltr'>CXV/:11,</span> <span class='ocrx_word' id='word_1_775' title='bbox 2993 4937 3615 5032; x_wconf 52' lang='lat' dir='ltr'>‘5)-_Plemlf{qnﬁver?</span> 
     </span>
    </p>
   </div>
   <div class='ocr_carea' id='block_1_95' title="bbox 305 5017 3612 5118">
    <p class='ocr_par' dir='ltr' id='par_1_95' title="bbox 305 5017 3612 5118">
     <span class='ocr_line' id='line_1_95' title="bbox 305 5017 3612 5118; baseline -0.001 -18"><span class='ocrx_word' id='word_1_776' title='bbox 305 5043 505 5101; x_wconf 89' lang='lat' dir='ltr'>callide</span> <span class='ocrx_word' id='word_1_777' title='bbox 532 5017 768 5118; x_wconf 72' lang='lat' dir='ltr'>singulis</span> <span class='ocrx_word' id='word_1_778' title='bbox 788 5017 1056 5104; x_wconf 81' lang='lat' dir='ltr'>insidians</span> <span class='ocrx_word' id='word_1_779' title='bbox 1075 5017 1289 5104; x_wconf 68' lang='lat' dir='ltr'>vicinos</span> <span class='ocrx_word' id='word_1_780' title='bbox 1304 5042 1551 5103; x_wconf 86' lang='lat' dir='ltr'>moribus</span> <span class='ocrx_word' id='word_1_781' title='bbox 1570 5044 1793 5118; x_wconf 90' lang='lat' dir='ltr'>laqueos</span> <span class='ocrx_word' id='word_1_782' title='bbox 1812 5042 1902 5099; x_wconf 84' lang='lat' dir='ltr'>ab-</span> <span class='ocrx_word' id='word_1_783' title='bbox 2010 5036 2187 5094; x_wconf 90' lang='lat' dir='ltr'>imber</span> <span class='ocrx_word' id='word_1_784' title='bbox 2212 5043 2313 5105; x_wconf 90' lang='lat' dir='ltr'>est,</span> <span class='ocrx_word' id='word_1_785' title='bbox 2343 5044 2399 5093; x_wconf 88' lang='lat' dir='ltr'>et</span> <span class='ocrx_word' id='word_1_786' title='bbox 2422 5017 2646 5094; x_wconf 87' lang='lat' dir='ltr'>cursum</span> <span class='ocrx_word' id='word_1_787' title='bbox 2675 5048 2787 5090; x_wconf 91' lang='lat' dir='ltr'>non</span> <span class='ocrx_word' id='word_1_788' title='bbox 2822 5029 3007 5097; x_wconf 88' lang='lat' dir='ltr'>habet,</span> <span class='ocrx_word' id='word_1_789' title='bbox 3038 5027 3168 5099; x_wconf 72' lang='lat' dir='ltr'>quia</span> <span class='ocrx_word' id='word_1_790' title='bbox 3194 5020 3515 5096; x_wconf 57' lang='grc' dir='ltr'>Ρηάίοδίίο</span> <span class='ocrx_word' id='word_1_791' title='bbox 3543 5017 3612 5075; x_wconf 65' lang='grc' dir='ltr'>δά</span> 
     </span>
    </p>
   </div>
   <div class='ocr_carea' id='block_1_96' title="bbox 383 5186 3597 5333">
    <p class='ocr_par' dir='ltr' id='par_1_96' title="bbox 383 5186 3597 5333">
     <span class='ocr_line' id='line_1_96' title="bbox 383 5186 3597 5333; baseline -0.006 -74"><span class='ocrx_word' id='word_1_792' title='bbox 383 5217 397 5253; x_wconf 77' lang='grc' dir='ltr'><strong><em>ι</em></strong></span> <span class='ocrx_word' id='word_1_793' title='bbox 432 5216 691 5284; x_wconf 48' lang='lat' dir='ltr'>Vindoc.,</span> <span class='ocrx_word' id='word_1_794' title='bbox 723 5215 893 5273; x_wconf 58' lang='lat' dir='ltr'>Laud,</span> <span class='ocrx_word' id='word_1_795' title='bbox 923 5223 978 5272; x_wconf 66' lang='grc' dir='ltr'>ει</span> <span class='ocrx_word' id='word_1_796' title='bbox 1005 5214 1166 5274; x_wconf 67' lang='grc' dir='ltr'>ροισι),</span> <span class='ocrx_word' id='word_1_797' title='bbox 1200 5214 1409 5282; x_wconf 41' lang='lat' dir='ltr'>Germ”</span> <span class='ocrx_word' id='word_1_798' title='bbox 1431 5215 1519 5269; x_wconf 66' lang='lat' dir='ltr'>sed</span> <span class='ocrx_word' id='word_1_799' title='bbox 1548 5214 1712 5269; x_wconf 68' lang='grc' dir='ltr'>ηεεσίε</span> <span class='ocrx_word' id='word_1_800' title='bbox 1740 5214 1895 5270; x_wconf 67' lang='lat' dir='ltr'>unde,</span> <span class='ocrx_word' id='word_1_801' title='bbox 2007 5221 2167 5333; x_wconf 60' lang='lat' dir='ltr'>gnem</span> <span class='ocrx_word' id='word_1_802' title='bbox 2196 5202 2512 5260; x_wconf 86' lang='lat' dir='ltr'>curavimus</span> <span class='ocrx_word' id='word_1_803' title='bbox 2534 5200 2821 5257; x_wconf 83' lang='lat' dir='ltr'>emendare</span> <span class='ocrx_word' id='word_1_804' title='bbox 2841 5210 2943 5267; x_wconf 92' lang='lat' dir='ltr'>ope</span> <span class='ocrx_word' id='word_1_805' title='bbox 2961 5193 3093 5250; x_wconf 84' lang='lat' dir='ltr'>Mss.</span> <span class='ocrx_word' id='word_1_806' title='bbox 3116 5189 3359 5270; x_wconf 64' lang='lat' dir='ltr'>Anglic.,</span> <span class='ocrx_word' id='word_1_807' title='bbox 3383 5186 3597 5268; x_wconf 26' lang='lat' dir='ltr'>Normx,</span> 
     </span>
     <span class='ocr_line' id='line_1_97' title="bbox 383 5258 3597 5333; baseline -0.007 0"><span class='ocrx_word' id='word_1_808' title='bbox 383 5288 577 5333; x_wconf 68' lang='lat' dir='ltr'>.ntiam</span> <span class='ocrx_word' id='word_1_809' title='bbox 609 5289 805 5333; x_wconf 64' lang='lat' dir='ltr'>11mm.</span> <span class='ocrx_word' id='word_1_810' title='bbox 839 5304 901 5333; x_wconf 76' lang='lat' dir='ltr'>an</span> <span class='ocrx_word' id='word_1_811' title='bbox 932 5288 1073 5333; x_wconf 71' lang='grc' dir='ltr'>Πιίη,</span> <span class='ocrx_word' id='word_1_812' title='bbox 2049 5275 2167 5332; x_wconf 87' lang='lat' dir='ltr'>orb.</span> <span class='ocrx_word' id='word_1_813' title='bbox 2219 5274 2428 5333; x_wconf 87' lang='lat' dir='ltr'>Germ..</span> <span class='ocrx_word' id='word_1_814' title='bbox 2474 5270 2746 5333; x_wconf 88' lang='lat' dir='ltr'>Laudun.,</span> <span class='ocrx_word' id='word_1_815' title='bbox 2792 5275 2919 5333; x_wconf 92' lang='lat' dir='ltr'>etc.,</span> <span class='ocrx_word' id='word_1_816' title='bbox 2969 5272 3025 5321; x_wconf 90' lang='lat' dir='ltr'>et</span> <span class='ocrx_word' id='word_1_817' title='bbox 3070 5268 3179 5319; x_wconf 89' lang='lat' dir='ltr'>vet.</span> <span class='ocrx_word' id='word_1_818' title='bbox 3229 5260 3382 5317; x_wconf 78' lang='lat' dir='ltr'>Edit.</span> <span class='ocrx_word' id='word_1_819' title='bbox 3432 5258 3597 5314; x_wconf 75' lang='lat' dir='ltr'>Paris.</span> 
     </span>
    </p>
   </div>
   <div class='ocr_carea' id='block_1_97' title="bbox 308 5258 3608 5345">
    <p class='ocr_par' dir='ltr' id='par_1_97' title="bbox 308 5258 3608 5345">
     <span class='ocr_line' id='line_1_98' title="bbox 308 5258 3608 5345; baseline -0.008 -5"><span class='ocrx_word' id='word_1_820' title='bbox 308 5284 387 5340; x_wconf 88' lang='lat' dir='ltr'>Ita</span> <span class='ocrx_word' id='word_1_821' title='bbox 415 5258 901 5345; x_wconf 62' lang='lat' dir='ltr'>eiiZiii&quot;i&gt;&#39;r3iéi.&quot;Ei</span> <span class='ocrx_word' id='word_1_822' title='bbox 1202 5258 1409 5282; x_wconf 47' lang='lat' dir='ltr'>“mm,</span> <span class='ocrx_word' id='word_1_823' title='bbox 1431 5258 1519 5269; x_wconf 52' lang='lat' dir='ltr'>ww</span> <span class='ocrx_word' id='word_1_824' title='bbox 1550 5258 1710 5269; x_wconf 58' lang='lat' dir='ltr'>&quot;mw</span> <span class='ocrx_word' id='word_1_825' title='bbox 1743 5258 1895 5270; x_wconf 43' lang='lat' dir='ltr'><strong><em>mm.</em></strong></span> <span class='ocrx_word' id='word_1_826' title='bbox 2007 5258 2167 5333; x_wconf 66' lang='lat' dir='ltr'>Cdi‘b.</span> <span class='ocrx_word' id='word_1_827' title='bbox 2207 5258 2439 5345; x_wconf 12' lang='grc' dir='ltr'>ἤδει-ω..</span> <span class='ocrx_word' id='word_1_828' title='bbox 2474 5258 2919 5345; x_wconf 54' lang='lat' dir='ltr'>Laudun.,__etc:,</span> <span class='ocrx_word' id='word_1_829' title='bbox 2969 5272 3025 5321; x_wconf 90' lang='lat' dir='ltr'>et</span> <span class='ocrx_word' id='word_1_830' title='bbox 3070 5268 3179 5319; x_wconf 89' lang='lat' dir='ltr'>vet.</span> <span class='ocrx_word' id='word_1_831' title='bbox 3209 5258 3382 5317; x_wconf 52' lang='lat' dir='ltr'>&#39;Edit.</span> <span class='ocrx_word' id='word_1_832' title='bbox 3432 5258 3608 5314; x_wconf 87' lang='lat' dir='ltr'>Paris.</span> 
     </span>
    </p>
   </div>
   <div class='ocr_carea' id='block_1_98' title="bbox 380 5338 3481 5425">
    <p class='ocr_par' dir='ltr' id='par_1_98' title="bbox 380 5338 3481 5425">
     <span class='ocr_line' id='line_1_99' title="bbox 380 5338 3481 5425; baseline 0.003 -15"><span class='ocrx_word' id='word_1_833' title='bbox 380 5338 1664 5425; x_wconf 54' lang='grc' dir='ltr'>ξῦξοξὶὶὶῖᾱῖοτῑίιῐᾶὸὲι).οθτωηνίιιιιοοη</span> <span class='ocrx_word' id='word_1_834' title='bbox 1697 5355 1894 5425; x_wconf 90' lang='lat' dir='ltr'>Laud.,</span> <span class='ocrx_word' id='word_1_835' title='bbox 2010 5345 2153 5425; x_wconf 67' lang='grc' dir='ltr'>ίειβεξ</span> <span class='ocrx_word' id='word_1_836' title='bbox 2174 5352 2228 5402; x_wconf 80' lang='lat' dir='ltr'>et</span> <span class='ocrx_word' id='word_1_837' title='bbox 2259 5338 2713 5425; x_wconf 35' lang='lat'>3495323238“,-</span> <span class='ocrx_word' id='word_1_838' title='bbox 2740 5338 2899 5396; x_wconf 71' lang='lat'>1503-</span> <span class='ocrx_word' id='word_1_839' title='bbox 3036 5424 3039 5425; x_wconf 20' lang='grc' dir='ltr'>ί</span> 
     </span>
    </p>
   </div>
   <div class='ocr_carea' id='block_1_99' title="bbox 309 5409 3527 5497">
    <p class='ocr_par' dir='ltr' id='par_1_99' title="bbox 309 5409 3527 5497">
     <span class='ocr_line' id='line_1_100' title="bbox 309 5409 3527 5497; baseline 0 -10"><span class='ocrx_word' id='word_1_840' title='bbox 309 5409 780 5497; x_wconf 64' lang='grc' dir='ltr'>Ρηιέιῖζ”ἑιὲζ””’</span> <span class='ocrx_word' id='word_1_841' title='bbox 992 5409 1148 5417; x_wconf 43' lang='lat' dir='ltr'>ww</span> <span class='ocrx_word' id='word_1_842' title='bbox 1429 5409 1435 5414; x_wconf 77' lang='grc'><em>’</em></span> <span class='ocrx_word' id='word_1_843' title='bbox 1482 5409 1580 5412; x_wconf 37' lang='grc' dir='ltr'>η’</span> <span class='ocrx_word' id='word_1_844' title='bbox 1697 5409 1894 5425; x_wconf 37' lang='lat' dir='ltr'>mm&quot;</span> <span class='ocrx_word' id='word_1_845' title='bbox 2079 5414 2379 5497; x_wconf 50' lang='lat' dir='ltr'>flaminu-</span> <span class='ocrx_word' id='word_1_846' title='bbox 2402 5409 2459 5497; x_wconf 60' lang='grc' dir='ltr'>ἐξ</span> <span class='ocrx_word' id='word_1_847' title='bbox 2486 5413 2648 5497; x_wconf 62' lang='grc' dir='ltr'>Ορηδο</span> <span class='ocrx_word' id='word_1_848' title='bbox 2673 5413 3080 5497; x_wconf 46' lang='grc' dir='ltr'>(ἓεςιηρβιφνα</span> <span class='ocrx_word' id='word_1_849' title='bbox 3105 5421 3267 5497; x_wconf 46' lang='lat' dir='ltr'>fit“???</span> <span class='ocrx_word' id='word_1_850' title='bbox 3284 5409 3527 5497; x_wconf 55' lang='grc' dir='ltr'>ἕρέξξέἕξς</span> 
     </span>
    </p>
   </div>
   <div class='ocr_carea' id='block_1_100' title="bbox 380 5478 1912 5625">
    <p class='ocr_par' dir='ltr' id='par_1_100' title="bbox 380 5478 1898 5625">
     <span class='ocr_line' id='line_1_101' title="bbox 380 5478 1895 5625; baseline -0.001 -68"><span class='ocrx_word' id='word_1_851' title='bbox 380 5501 401 5535; x_wconf 80' lang='grc'>³</span> <span class='ocrx_word' id='word_1_852' title='bbox 434 5478 665 5561; x_wconf 52' lang='grc' dir='ltr'>ΕΙῦ-οἱξί</span> <span class='ocrx_word' id='word_1_853' title='bbox 686 5503 888 5577; x_wconf 86' lang='lat' dir='ltr'>aliique</span> <span class='ocrx_word' id='word_1_854' title='bbox 932 5501 1120 5558; x_wconf 89' lang='lat' dir='ltr'>Norm.</span> <span class='ocrx_word' id='word_1_855' title='bbox 1163 5517 1225 5557; x_wconf 90' lang='lat' dir='ltr'>ac</span> <span class='ocrx_word' id='word_1_856' title='bbox 1271 5499 1530 5569; x_wconf 84' lang='lat' dir='ltr'>Vindoc.,</span> <span class='ocrx_word' id='word_1_857' title='bbox 1568 5501 1755 5555; x_wconf 87' lang='lat' dir='ltr'>lateres</span> <span class='ocrx_word' id='word_1_858' title='bbox 1784 5516 1895 5625; x_wconf 56' lang='lat' dir='ltr'>reg.</span> 
     </span>
     <span class='ocr_line' id='line_1_102' title="bbox 382 5569 1898 5625; baseline 0 0"><span class='ocrx_word' id='word_1_859' title='bbox 382 5572 402 5605; x_wconf 63' lang='grc'>⁸</span> <span class='ocrx_word' id='word_1_860' title='bbox 433 5572 696 5625; x_wconf 77' lang='lat' dir='ltr'>Intelliait</span> <span class='ocrx_word' id='word_1_861' title='bbox 723 5573 968 5625; x_wconf 82' lang='lat' dir='ltr'>cornoris</span> <span class='ocrx_word' id='word_1_862' title='bbox 981 5581 1035 5625; x_wconf 90' lang='lat' dir='ltr'>et</span> <span class='ocrx_word' id='word_1_863' title='bbox 1058 5571 1257 5625; x_wconf 83' lang='lat' dir='ltr'>anima</span> <span class='ocrx_word' id='word_1_864' title='bbox 1276 5573 1459 5625; x_wconf 86' lang='lat' dir='ltr'>varios</span> <span class='ocrx_word' id='word_1_865' title='bbox 1489 5569 1728 5625; x_wconf 88' lang='lat' dir='ltr'>habitus.</span> <span class='ocrx_word' id='word_1_866' title='bbox 1754 5570 1824 5625; x_wconf 87' lang='lat' dir='ltr'>Vi</span> <span class='ocrx_word' id='word_1_867' title='bbox 1869 5587 1898 5625; x_wconf 88' lang='lat' dir='ltr'>e</span> 
     </span>
    </p>
   </div>
   <div class='ocr_carea' id='block_1_101' title="bbox 2020 5478 3610 5625">
    <p class='ocr_par' dir='ltr' id='par_1_101' title="bbox 2020 5478 3610 5625">
     <span class='ocr_line' id='line_1_103' title="bbox 2079 5478 3610 5556; baseline -0.01 -10"><span class='ocrx_word' id='word_1_868' title='bbox 2079 5492 2099 5525; x_wconf 80' lang='grc'>⁷</span> <span class='ocrx_word' id='word_1_869' title='bbox 2132 5488 2390 5556; x_wconf 88' lang='lat' dir='ltr'>Vindoc.,</span> <span class='ocrx_word' id='word_1_870' title='bbox 2420 5485 2618 5543; x_wconf 88' lang='lat' dir='ltr'>Pratel.</span> <span class='ocrx_word' id='word_1_871' title='bbox 2651 5491 2704 5540; x_wconf 91' lang='lat' dir='ltr'>et</span> <span class='ocrx_word' id='word_1_872' title='bbox 2729 5484 2800 5539; x_wconf 88' lang='lat' dir='ltr'>al.</span> <span class='ocrx_word' id='word_1_873' title='bbox 2846 5478 3062 5547; x_wconf 74' lang='lat' dir='ltr'>Norin.,</span> <span class='ocrx_word' id='word_1_874' title='bbox 3093 5478 3252 5535; x_wconf 89' lang='lat' dir='ltr'>etiam</span> <span class='ocrx_word' id='word_1_875' title='bbox 3274 5482 3610 5550; x_wconf 86' lang='lat' dir='ltr'>proventum,</span> 
     </span>
     <span class='ocr_line' id='line_1_104' title="bbox 2020 5558 2941 5625; baseline -0.007 -2"><span class='ocrx_word' id='word_1_876' title='bbox 2020 5569 2094 5625; x_wconf 79' lang='lat' dir='ltr'>vel</span> <span class='ocrx_word' id='word_1_877' title='bbox 2125 5573 2440 5625; x_wconf 73' lang='lat' dir='ltr'>provectum.</span> <span class='ocrx_word' id='word_1_878' title='bbox 2473 5566 2678 5625; x_wconf 84' lang='lat' dir='ltr'>Graec.</span> <span class='ocrx_word' id='word_1_879' title='bbox 2709 5558 2941 5617; x_wconf 70' lang='grc' dir='ltr'>ἴκϐασιυ.</span> 
     </span>
    </p>
   </div>
   <div class='ocr_carea' id='block_1_102' title="bbox 314 5558 2941 5703">
    <p class='ocr_par' dir='ltr' id='par_1_102' title="bbox 314 5558 2941 5703">
     <span class='ocr_line' id='line_1_105' title="bbox 336 5558 2941 5697; baseline -0.004 -69"><span class='ocrx_word' id='word_1_880' title='bbox 336 5641 347 5650; x_wconf 41' lang='lat'><em>.</em></span> <span class='ocrx_word' id='word_1_881' title='bbox 382 5572 402 5605; x_wconf 72' lang='lat'><strong><em>&quot;</em></strong></span> <span class='ocrx_word' id='word_1_882' title='bbox 433 5558 968 5647; x_wconf 72' lang='lat' dir='ltr'>Intelligitcinoris</span> <span class='ocrx_word' id='word_1_883' title='bbox 981 5581 1035 5631; x_wconf 90' lang='lat' dir='ltr'>et</span> <span class='ocrx_word' id='word_1_884' title='bbox 1058 5571 1257 5628; x_wconf 85' lang='lat' dir='ltr'>anima</span> <span class='ocrx_word' id='word_1_885' title='bbox 1276 5573 1459 5628; x_wconf 88' lang='lat' dir='ltr'>varios</span> <span class='ocrx_word' id='word_1_886' title='bbox 1489 5558 1728 5627; x_wconf 75' lang='lat' dir='ltr'>habitus.</span> <span class='ocrx_word' id='word_1_887' title='bbox 1754 5558 1898 5627; x_wconf 86' lang='lat' dir='ltr'>Vide</span> <span class='ocrx_word' id='word_1_888' title='bbox 2008 5569 2094 5627; x_wconf 84' lang='lat' dir='ltr'>vel</span> <span class='ocrx_word' id='word_1_889' title='bbox 2119 5573 2440 5697; x_wconf 52' lang='lat' dir='ltr'>provectum.</span> <span class='ocrx_word' id='word_1_890' title='bbox 2473 5566 2678 5633; x_wconf 84' lang='lat' dir='ltr'>Graec,</span> <span class='ocrx_word' id='word_1_891' title='bbox 2709 5558 2941 5617; x_wconf 71' lang='grc' dir='ltr'>ἴκϐασιυ.</span> 
     </span>
     <span class='ocr_line' id='line_1_106' title="bbox 314 5638 2680 5703; baseline -0.001 -7"><span class='ocrx_word' id='word_1_892' title='bbox 314 5640 410 5698; x_wconf 75' lang='grc' dir='ltr'>Ιώ.</span> <span class='ocrx_word' id='word_1_893' title='bbox 444 5659 507 5699; x_wconf 82' lang='grc' dir='ltr'>ιιι</span> <span class='ocrx_word' id='word_1_894' title='bbox 534 5645 765 5703; x_wconf 69' lang='grc' dir='ltr'>Βίδιοα..</span> <span class='ocrx_word' id='word_1_895' title='bbox 799 5663 847 5702; x_wconf 94' lang='lat' dir='ltr'>c.</span> <span class='ocrx_word' id='word_1_896' title='bbox 881 5646 935 5702; x_wconf 88' lang='lat'>6.</span> <span class='ocrx_word' id='word_1_897' title='bbox 2082 5641 2103 5675; x_wconf 81' lang='grc'>⁸</span> <span class='ocrx_word' id='word_1_898' title='bbox 2172 5638 2401 5703; x_wconf 90' lang='lat' dir='ltr'>audun.,</span> <span class='ocrx_word' id='word_1_899' title='bbox 2438 5643 2680 5694; x_wconf 86' lang='lat' dir='ltr'>tentator.</span> 
     </span>
    </p>
   </div>
   <div class='ocr_carea' id='block_1_103' title="bbox 336 5659 1897 5785">
    <p class='ocr_par' dir='ltr' id='par_1_103' title="bbox 336 5659 1897 5785">
     <span class='ocr_line' id='line_1_107' title="bbox 336 5659 1897 5785; baseline -0.001 -15"><span class='ocrx_word' id='word_1_900' title='bbox 336 5659 410 5785; x_wconf 35' lang='lat' dir='ltr'>in;</span> <span class='ocrx_word' id='word_1_901' title='bbox 432 5659 1055 5785; x_wconf 42' lang='grc' dir='ltr'>ἶῖἶὲἆῗέῗῗέἐεῗίἷδιιι,</span> <span class='ocrx_word' id='word_1_902' title='bbox 1087 5714 1256 5772; x_wconf 87' lang='lat' dir='ltr'>Paris.</span> <span class='ocrx_word' id='word_1_903' title='bbox 1293 5714 1447 5783; x_wconf 83' lang='grc'><strong>1518,</strong></span> <span class='ocrx_word' id='word_1_904' title='bbox 1480 5714 1673 5785; x_wconf 85' lang='lat' dir='ltr'>Gilot.,</span> <span class='ocrx_word' id='word_1_905' title='bbox 1693 5713 1897 5781; x_wconf 63' lang='lat' dir='ltr'>Vatia,</span> 
     </span>
    </p>
   </div>
   <div class='ocr_carea' id='block_1_104' title="bbox 315 5783 1897 5862">
    <p class='ocr_par' dir='ltr' id='par_1_104' title="bbox 315 5783 1897 5862">
     <span class='ocr_line' id='line_1_108' title="bbox 315 5783 1897 5862; baseline 0 -22"><span class='ocrx_word' id='word_1_906' title='bbox 315 5783 603 5858; x_wconf 86' lang='lat' dir='ltr'>Gussanv.,</span> <span class='ocrx_word' id='word_1_907' title='bbox 629 5806 727 5862; x_wconf 90' lang='lat' dir='ltr'>per</span> <span class='ocrx_word' id='word_1_908' title='bbox 745 5788 982 5860; x_wconf 79' lang='lat' dir='ltr'>favorem</span> <span class='ocrx_word' id='word_1_909' title='bbox 1008 5783 1350 5861; x_wconf 80' lang='lat' dir='ltr'>formidinis;</span> <span class='ocrx_word' id='word_1_910' title='bbox 1382 5784 1672 5841; x_wconf 89' lang='lat' dir='ltr'>manifesto</span> <span class='ocrx_word' id='word_1_911' title='bbox 1692 5801 1897 5854; x_wconf 87' lang='lat' dir='ltr'>errore,</span> 
     </span>
    </p>
   </div>
   <div class='ocr_carea' id='block_1_105' title="bbox 2082 5638 2680 5707">
    <p class='ocr_par' dir='ltr' id='par_1_105' title="bbox 2082 5638 2680 5707">
     <span class='ocr_line' id='line_1_109' title="bbox 2082 5638 2680 5707; baseline -0.007 -10"><span class='ocrx_word' id='word_1_912' title='bbox 2082 5638 2401 5707; x_wconf 72' lang='lat' dir='ltr'>‘Laudun.,</span> <span class='ocrx_word' id='word_1_913' title='bbox 2438 5643 2680 5694; x_wconf 86' lang='lat' dir='ltr'>tentator.</span> 
     </span>
    </p>
   </div>
   <div class='ocr_carea' id='block_1_106' title="bbox 2080 5705 3609 5780">
    <p class='ocr_par' dir='ltr' id='par_1_106' title="bbox 2080 5705 3609 5780">
     <span class='ocr_line' id='line_1_110' title="bbox 2080 5705 3609 5780; baseline -0.009 -13"><span class='ocrx_word' id='word_1_914' title='bbox 2080 5713 2101 5747; x_wconf 68' lang='grc' dir='ltr'>θ</span> <span class='ocrx_word' id='word_1_915' title='bbox 2132 5705 2404 5777; x_wconf 77' lang='lat' dir='ltr'>Laudun.,</span> <span class='ocrx_word' id='word_1_916' title='bbox 2444 5717 2499 5766; x_wconf 88' lang='lat' dir='ltr'>ut</span> <span class='ocrx_word' id='word_1_917' title='bbox 2526 5714 2721 5780; x_wconf 84' lang='lat' dir='ltr'>quanto</span> <span class='ocrx_word' id='word_1_918' title='bbox 2752 5709 2921 5780; x_wconf 85' lang='lat' dir='ltr'>magis</span> <span class='ocrx_word' id='word_1_919' title='bbox 2942 5709 3109 5764; x_wconf 85' lang='lat' dir='ltr'>virtus</span> <span class='ocrx_word' id='word_1_920' title='bbox 3134 5705 3304 5779; x_wconf 63' lang='lat' dir='ltr'>praecl.</span> <span class='ocrx_word' id='word_1_921' title='bbox 3342 5707 3609 5766; x_wconf 81' lang='lat' dir='ltr'>cresceret,</span> 
     </span>
    </p>
   </div>
   <div class='ocr_carea' id='block_1_107' title="bbox 2011 5780 2819 5839">
    <p class='ocr_par' dir='ltr' id='par_1_107' title="bbox 2011 5780 2819 5839">
     <span class='ocr_line' id='line_1_111' title="bbox 2011 5780 2819 5839; baseline -0.006 0"><span class='ocrx_word' id='word_1_922' title='bbox 2011 5789 2221 5839; x_wconf 79' lang='lat' dir='ltr'>tanta...</span> <span class='ocrx_word' id='word_1_923' title='bbox 2254 5782 2540 5838; x_wconf 83' lang='lat' dir='ltr'>crudelitas</span> <span class='ocrx_word' id='word_1_924' title='bbox 2568 5780 2819 5836; x_wconf 84' lang='lat' dir='ltr'>obviaret.</span> 
     </span>
    </p>
   </div>
  </div>
