4152 6182
517 243 625 302 503

1727 246 1977 306 SANCTI
2014 248 2352 309 GREGORII
2390 252 2589 309 MAGN
2596 255 2617 310 Ι

3717 269 3816 328 504

520 383 678 423 aures
712 365 881 433 \enit,
909 364 1023 433 sed,
1074 376 1319 423 cessante
1368 368 1582 426 interna
1624 372 1815 442 gratia,
1862 373 1930 429 ad
1961 375 2125 431 corda
2156 379 2205 438 Α
2235 394 2470 449 superna
2503 380 2766 452 mysteria
2794 382 3118 442 terribiliter
3137 387 3159 421 ⁵
3191 387 3496 457 insonaret,
3526 408 3583 448 se
3609 409 3642 449 a
3671 391 3828 455 seha'

519 453 867 512 audientium
897 470 1008 512 non
1037 457 1354 530 pertransit.
1405 461 1484 516 De
1532 459 1690 533 cujus
1719 460 2130 534 praedicationis

520 542 705 601 verbis
733 551 956 618 propter
995 545 1198 604 electos
1241 546 1448 605 dicitur
1488 566 1500 604 :
1543 550 1754 606 Etenim
1789 550 1991 622 sagitta
2029 556 2131 608 tua

514 635 949 710 pertransierunt
977 635 1152 709 (Psal.
1175 654 1371 704 Lxxvr,
1404 636 1517 708 18).
1551 638 1769 710 Sagitta
1798 640 2001 713 quippe
2028 641 2127 698 Dei

521 731 909 798 pertranseunt
931 723 1151 799 quando
1177 724 1344 781 verba
1363 725 1772 798 praedicationis
1800 726 1918 800 ejus
1937 728 2006 785 ab
2035 745 2127 785 au-

521 813 674 871 ribus
719 813 789 871 ad
833 816 1001 873 corda
1029 813 1388 872 descendunt.
1431 816 1590 884 Quod
1620 816 1751 890 quia
1786 820 1906 875 solo
1934 818 2128 877 divino

520 919 749 961 munere
777 905 977 978 agitur,
1009 904 1176 962 imbri
1205 921 1427 963 cursum
1470 907 1742 965 Dominus
1796 925 1855 965 se
1914 909 2128 967 dedisse

521 1000 770 1053 testatur.

591 1082 681 1141 48.
722 1083 875 1142 Verbi
892 1082 1062 1140 divini
1092 1083 1319 1158 ejﬁcacia
1348 1085 1721 1158 persuadentis
1746 1086 1928 1144 omnia
1955 1088 2132 1145 relin-

520 1188 700 1244 quere,
729 1173 907 1230 omnia
939 1175 1184 1231 tolerare.
1216 1203 1287 1217 —
1315 1174 1421 1232 Sed
1450 1177 1753 1234 notandum
1783 1177 1945 1236 video
1982 1178 2130 1253 quod

521 1261 778 1319 eumdem
813 1262 1049 1320 imbrem
1078 1280 1192 1322 non
1213 1264 1617 1337 vehementem,
1640 1268 1735 1325 sed
1762 1267 2128 1326 vehementis-

520 1351 725 1407 simum
758 1359 938 1409 vocat.
966 1352 1148 1411 Imber
1174 1353 1472 1413 vehemens
1499 1364 1583 1412 est
1601 1356 1688 1414 vis
1713 1373 1931 1430 magna,
1954 1357 2131 1414 imber

520 1454 654 1496 vero
684 1439 1206 1500 vehementissimus
1250 1444 1336 1500 vis
1380 1442 1651 1502 immensa
1697 1445 2124 1518 praedicationis.

522 1526 839 1587 Vehemens
891 1546 1127 1604 namque
1180 1530 1361 1589 imber
1418 1541 1535 1589 erat
1586 1549 1714 1590 cum
1748 1533 2130 1606 praedicatores

520 1618 695 1673 sancti
731 1618 987 1675 ‘credere
1013 1618 1211 1691 gaudia
1242 1627 1447 1676 aeterna
1472 1619 1792 1678 suadebant.
1823 1621 2006 1682 Imber
2036 1638 2129 1680 au-

519 1710 631 1761 tem
660 1705 1200 1778 vehementissimus,
1231 1709 1452 1784 quando
1482 1717 1709 1785 propter
1745 1727 1896 1785 spem
1923 1713 2126 1770 admo-

520 1790 724 1850 nebant
751 1810 867 1851 rem
889 1795 1088 1866 deseri,
1111 1805 1310 1856 cuncta
1339 1797 1588 1856 visibilia
1614 1807 1839 1873 propter
1872 1800 2124 1860 invisibi-

521 1883 598 1940 lia
624 1886 926 1956 contemni,
956 1895 1011 1944 et
1051 1897 1272 1962 propter
1298 1889 1487 1946 audita
1529 1890 1726 1963 gaudia
1773 1890 1795 1925 ²
1842 1892 2124 1965 praesentis

521 1973 707 2031 saeculi
740 1991 931 2048 poenas
972 1977 1357 2053 cruciatusque
1402 1978 1646 2036 tolerari.
1686 1978 1791 2038 Sed
1836 1996 1985 2050 cum,
2015 1980 2124 2038 ﬁde

521 2065 762 2138 cognita,
784 2067 1046 2124 saviente
1074 2077 1209 2127 aestu
1238 2070 1656 2141 persecutionis,
1687 2078 1770 2128 tot
1799 2071 1958 2129 electi
1986 2089 2124 2145 pos-

522 2169 672 2209 sessa
689 2154 1053 2228 reliquerunt,
1085 2158 1106 2192 ³
1136 2158 1370 2215 carnalis
1417 2159 1642 2218 affectus
1684 2160 1844 2218 obliti
1889 2170 2040 2229 sunt,
2069 2172 2125 2222 et

521 2259 632 2317 prae
663 2243 862 2317 gaudio
890 2245 1117 2320 spiritus
1157 2248 1216 2305 in
1263 2250 1599 2308 cruciatibus
1646 2250 1893 2309 membra
1921 2260 2125 2328 pOsue-

520 2340 672 2402 runt,
704 2333 838 2407 quid
864 2336 1019 2394 aliud
1041 2338 1313 2396 Dominus
1332 2339 1488 2410 fecit,
1512 2340 1620 2398 nisi
1642 2342 1807 2398 etiam
1830 2342 2122 2400 vehemen-

521 2422 737 2479 tissimo
765 2424 932 2485 imbri
959 2443 1183 2489 cursum
1232 2430 1489 2503 praebuit,
1537 2432 1632 2506 qui
1663 2448 1836 2507 usque
1861 2432 1931 2489 ad
1958 2449 2126 2491 exse-

523 2512 743 2584 quenda
765 2531 983 2574 summa
1021 2527 1292 2592 praecepta
1318 2536 1416 2592 per
1448 2520 1616 2577 verba
1643 2523 1888 2594 corporis
1918 2522 2125 2579 invisi-

522 2598 659 2661 bilia
685 2603 872 2662 cordis
902 2606 1154 2681 irrigavit
1182 2609 1210 2665 ?
1241 2610 1346 2666 Ubi
1375 2617 1429 2665 et
1461 2616 1585 2683 apte
1611 2610 1968 2685 subjungitur
2000 2630 2012 2669 :

915 2748 1143 2807 CAPUT
1171 2750 1355 2809 XXIV
1386 2749 1524 2825 [νει.
1556 2751 1731 2828 XVI].

602 2869 741 2926 Iam.
771 2897 843 2910 —
867 2868 889 2903 ⁸
918 2869 993 2926 Et
1010 2868 1153 2925 viam
1180 2869 1391 2926 sonanti
1431 2869 1670 2927 tonitrui.

595 2961 687 3020 49.
723 2959 979 3019 Tonitruo
1008 2959 1127 3016 hinc
1156 2960 1326 3017 simile
1352 2960 1567 3018 dicitur.
1603 2962 1758 3020 Solus
1794 2960 1935 3019 Deus
1961 2964 2125 3020 corda

519 3069 618 3126 per
644 3051 875 3125 gratiam
892 3050 1085 3125 aperit.
1114 3080 1185 3093 --
1213 3050 1359 3119 Quid
1377 3052 1526 3108 enim
1550 3068 1647 3126 per
1667 3052 1992 3123 tonitruum,
2016 3053 2122 3110 nisi

524 3144 843 3218 praedicatio
872 3144 1096 3215 superni
1122 3145 1350 3200 terroris
1378 3144 1647 3216 accipitur
1674 3145 1702 3201 ?
1737 3145 1908 3212 Quem
1938 3152 2125 3201 terro-

523 3248 639 3287 rem
670 3231 803 3287 dum
828 3229 1142 3303 percipiunt
1169 3230 1412 3287 humana
1444 3230 1612 3288 corda
1640 3232 1984 3304 quatiuntur.
2011 3232 2123 3288 Ali-

522 3319 744 3397 quando
772 3335 905 3376 vero
935 3320 993 3375 in
1024 3320 1272 3376 tonitruo
1300 3320 1416 3393 ipse
1441 3321 1756 3379 incarnatus
1774 3323 2044 3379 Dominus
2062 3323 2123 3379 ﬁ-

524 3421 771 3488 guratur,
793 3410 890 3486 qui
910 3426 980 3466 ex
998 3411 1355 3483 antiquorum
1374 3417 1593 3483 patrum
1622 3412 1984 3469 conveniente
2005 3430 2125 3486 pro-

524 3501 712 3576 phetia
741 3500 810 3558 ad
838 3500 1094 3557 notitiam
1126 3506 1368 3556 nostram
1414 3501 1569 3574 quasi
1611 3517 1680 3558 ex
1720 3500 1954 3558 nubium
1985 3519 2128 3560 con-

524 3590 780 3649 cursione
806 3591 1054 3665 prolatus
1081 3598 1181 3647 est.
1215 3589 1321 3659 Qui
1352 3589 1498 3646 inter
1525 3607 1625 3647 nos
1652 3590 1950 3650 visibiliter
1968 3610 2126 3667 appa-

526 3697 671 3750 rens,
715 3697 779 3737 ea
826 3696 948 3753 quae
991 3696 1158 3755 super
1198 3696 1299 3736 nos
1347 3686 1505 3736 erant
1550 3678 1873 3737 terribiliter
1918 3683 2123 3740 sonuit.

525 3769 683 3828 Unde
717 3779 771 3828 et
800 3769 904 3844 ipsi
934 3770 1110 3829 sancti
1153 3769 1386 3842 apostoli
1418 3768 1486 3826 de
1516 3768 1634 3842 ejus
1664 3769 1837 3844 gratia
1864 3772 2126 3844 generati,

525 3862 854 3935 Boanerges,
886 3860 943 3918 id
973 3869 1056 3919 est
1074 3860 1179 3918 ﬁlii
1205 3859 1441 3917 tonitrui
1463 3869 1591 3918 sunt
1612 3860 1791 3919 vocati
1810 3861 2010 3932 (Marc.
2043 3879 2126 3931 ιιι,

528 3958 642 4029 17).
673 3957 991 4031 Aliquando
1018 3965 1223 4025 autem,
1269 3957 1413 4015 sicut
1445 3957 1656 4014 dictum
1699 3966 1802 4026 est,
1852 3958 2132 4013 tonitruus

526 4053 645 4124 ipsa
674 4051 792 4121 ejus
838 4053 1155 4122 praedicatio
1196 4053 1485 4124 accipitur,
1519 4050 1664 4107 939
1692 4069 1789 4125 per
1817 4069 1981 4127 quam
2028 4071 2132 4111 su-

526 4154 822 4211 pernorum
848 4136 1190 4209 judiciorum
1222 4148 1399 4196 terror
1426 4140 1670 4197 auditur.
1704 4141 1809 4198 Sed
1839 4141 1970 4215 quia
1998 4143 2132 4216 qui—

528 4227 664 4284 libet
710 4224 1039 4299 praedicator
1080 4226 1249 4283 verba
1292 4228 1420 4284 dare
1467 4227 1696 4285 auribus
1737 4237 1936 4301 potest,
1967 4232 2132 4288 corda

529 4330 661 4371 vero
688 4313 899 4386 aperire
929 4331 1041 4371 non
1071 4322 1249 4389 potest
1279 4334 1293 4384 ;
1338 4323 1393 4373 et
1435 4316 1543 4373 nisi
1573 4334 1670 4391 per
1697 4318 1968 4374 internam
2000 4337 2133 4392 gra-

528 4401 665 4458 tiam
695 4400 845 4457 solus
873 4401 1222 4475 omnipotens
1241 4403 1387 4460 Deus
1408 4403 1828 4477 praedicantium
1856 4405 2037 4463 verbis
2063 4408 2132 4465 ad

530 4491 697 4549 corda
725 4489 1073 4550 audientium
1104 4491 1465 4551 invisibiliter
1507 4495 1719 4553 aditum
1764 4503 2004 4570 praestet,
2035 4496 2133 4553 in-

528 4596 742 4638 cassum
772 4579 1093 4653 praedicatio
1138 4597 1271 4639 aure
1315 4583 1592 4641 audientis
1636 4587 1958 4660 percipitur,
2008 4604 2128 4660 quas

528 4669 816 4745 pervenire
846 4668 916 4727 ad
938 4669 1137 4727 intima
1163 4671 1327 4729 corde
1354 4673 1520 4730 surdo
1548 4674 1894 4747 prohibetur,
1925 4692 1981 4733 se
2009 4678 2131 4733 Do—

529 4760 716 4817 minus
747 4758 894 4816 viam
924 4759 1141 4817 sonanti
1182 4760 1417 4818 tonitrui
1445 4762 1574 4820 dare
1616 4763 1829 4832 asserit,
1861 4760 1955 4836 qll
2002 4781 2128 4821 cum

528 4850 917 4925 pradications
942 4849 1110 4909 verba
1137 4849 1355 4921 tribuit,
1388 4869 1484 4925 per
1505 4861 1771 4910 terrorem
1797 4853 1963 4911 corda
1982 4871 2127 4912 com-

530 4941 744 5015 pungit.
776 4941 929 5000 Hanc
957 4941 1108 5000 viam
1128 4940 1329 5000 Paulus
1357 4940 1682 5016 praedicator
1704 4941 1973 5019 egregius,
1995 4942 2129 5002 dum

605 5140 623 5215 ξ
654 5138 916 5215 Yindoc._,
945 5143 1256 5215 Norm_.,et_
1278 5142 1442 5202 Corb.
1475 5142 1685 5215 Germ.,
1715 5145 1878 5202 credi.

603 5209 624 5244 ³
664 5208 824 5270 Corb.
871 5208 1077 5284 Germ.,
1111 5208 1374 5286 Vindoc.,
1409 5216 1631 5285 Pratel.,
1669 5208 1806 5287 etc.,
1850 5226 2132 5291 prasmtes

524 5295 818 5490 :ﬁdm.
852 5356 1062 5427 Germ.,
1092 5357 1312 5418 Ebroic.
1346 5370 1399 5418 et
1418 5360 1512 5418 alii
1534 5361 1747 5432 Norm.,
1777 5364 2021 5419 carnales
2048 5363 2131 5435 af-

556 5438 714 5476 ecrus.

559 5562 577 5578 τ
605 5492 626 5526 ’⁸
655 5492 717 5547 In
746 5494 870 5578 aliis
900 5499 1097 5578 Editis,
1124 5508 1171 5555 et
1200 5504 1616 5578 viam‘sonantis
1638 5523 1657 5578 ί
1686 5504 1969 5578 sequimur
1997 5507 2125 5578 Mss.

530 5562 742 5648 Normz,
762 5565 871 5648 ,εξὺὶ
901 5562 1119 5638 legitur,
1153 5575 1363 5648 sonanti
1394 5562 2130 5648 ;etgquidem‘convenien-

532 5634 641 5690 tius
661 5634 735 5720 ad_
758 5634 855 5716 illa
883 5634 1001 5709 quae
1030 5634 1343 5720 prtncedunt
1363 5634 1806 5720 _:'guis'dedit.._..
1824 5647 1992 5720 imbri
2010 5665 2128 5720 cur-

529 5723 667 5779 sum,
690 5714 737 5763 et
766 5714 903 5762 viam
924 5714 1131 5764 sonanti
1154 5716 1391 5773 tonitrui.
1410 5714 1640 5777 Dativus
1656 5725 1737 5777 est
1753 5718 1862 5792 hic,
1885 5717 2124 5778 tonitrui.

2238 472 2367 563 bere
2397 489 2509 531 non
2558 491 2714 548 posse
2759 479 3125 552 conspiciens,
3156 481 3458 557 discipulos
3485 486 3826 563 admonebat,

2240 561 2454 619 dicens:
2487 566 2710 623 Orantes
2746 569 2907 627 simul
2933 578 2981 627 et
3018 590 3122 645 pro
3149 574 3316 643 nobis,
3361 582 3423 631 ut
3461 578 3604 635 Deus
3631 561 3834 653 aperiat

2239 653 2389 708 nobis
2426 655 2617 710 ostium
2643 658 2810 724 verbi,
2838 660 2911 715 ad
2941 662 3255 732 loquendum
3300 666 3607 736 mysterium
3638 670 3835 728 Christi

2243 740 2445 813 (Calas.
2480 762 2558 813 1v,
2589 744 2669 817 3).
2700 746 2807 814 Qui
2826 764 2954 822 ergo
2979 749 3306 824 loquebatur
3339 757 3623 827 mysteria,
3656 760 3750 817 sed
3779 762 3835 819 in

2239 830 2403 888 corde
2418 832 2761 891 audientium
2783 835 2987 894 eisdem
3014 840 3295 913 mysteriis
3313 858 3346 898 a
3369 843 3612 904 Domino
3637 849 3834 921 aperiri

2240 921 2443 978 ostium
2480 923 2823 996 precabatur,
2842 925 3079 986 habebat
3106 930 3331 1003 quidem
3354 931 3472 1006 jam
3499 938 3832 1009 tonitruum,

2150 1063 2160 1071 .
2238 1012 2335 1068 sed
2371 1012 2491 1071 dari
2533 1014 2585 1071 ei
2613 1015 2846 1090 desuper
2874 1018 3020 1076 viam
3051 1021 3347 1095 quaerebat.
3384 1026 3540 1085 Hanc
3568 1031 3718 1087 viam
3746 1048 3835 1089 ne-

2240 1116 2515 1193 quaquam
2543 1120 2599 1163 se
2631 1105 2866 1165 Joannes
2896 1107 3027 1167 dare
3052 1126 3207 1184 posse
3235 1124 3590 1187 cognoverat,
3617 1120 3714 1193 qui
3742 1120 3838 1178 di-

2239 1191 2426 1250 cebat:
2459 1195 2580 1252 Non
2606 1213 2803 1254 necesse
2828 1200 3025 1257 habetis
3053 1208 3111 1258 ut
3122 1203 3323 1275 aliquis
3349 1206 3533 1264 doceat
3554 1191 3668 1275 vos,
3702 1212 3723 1246 ⁸
3750 1211 3838 1267 sed

2239 1285 2374 1374 sicut
2419 1288 2594 1344 unctio
2646 1290 2758 1360 ejus
2799 1291 2944 1348 docet
2976 1310 3068 1351 vos
3102 1295 3165 1351 de
3203 1298 3445 1354 omnibus
3483 1300 3541 1372 (Ι
3581 1303 3741 1360 Joan.
3773 1321 3837 1374 ιι,

2240 1373 2358 1463 2]).
2390 1376 2543 1434 Hanc
2562 1377 2711 1435 viam
2729 1396 2951 1439 rursum
2979 1383 3180 1443 Paulus
3205 1387 3328 1460 quis
3349 1389 3506 1446 daret
3524 1373 3835 1463 intimabat,

2240 1462 2462 1523 dicens:
2495 1468 2673 1541 Neque
2697 1472 2790 1541 qui
2810 1473 3030 1544 plantat
3051 1481 3127 1531 est
3162 1478 3395 1549 aliquid,
3425 1499 3587 1555 neque
3623 1484 3717 1556 qui
3745 1462 3837 1540 ri?

2237 1560 2349 1645 gat,
2392 1557 2482 1613 sed
2521 1559 2617 1630 qui
2651 1559 3026 1621 incrementum
3068 1565 3164 1622 dat
3195 1568 3339 1625 Deus
3372 1570 3430 1643 (Ι
3469 1572 3594 1630 Cor.
3631 1590 3715 1641 nr,
3750 1574 3829 1645 7).

2237 1642 2486 1736 Accepta
2505 1648 2676 1721 igitur
2703 1651 2795 1709 via
2822 1653 2955 1726 quid
2985 1654 3087 1711 iste
3118 1656 3293 1717 imber
3320 1642 3389 1717 ac
3404 1661 3684 1719 tonitruus
3709 1642 3837 1736 agat

2152 1737 2201 1800 Β
2235 1741 2359 1808 agat
2384 1735 2696 1796 audiamus.
2726 1741 3019 1815 Sequitur:

2626 1831 2859 1892 CAPUT
2888 1837 3051 1896 XXV
3082 1837 3229 1913 [Rea
3262 1842 3441 1918 XIV].

2306 1913 2479 1975 Vnus.
2523 1918 2612 1976 26.
2638 1951 2710 1963 —
2744 1924 2811 1981 Ut
2837 1928 3046 1997 plueret
3089 1945 3249 2001 super
3287 1913 3487 1989 terram
3511 1933 3704 2005 absque
3733 1935 3839 1991 ho-

2233 2005 2373 2063 mine
2400 2008 2455 2062 in
2478 2008 2699 2075 deserto,
2722 2011 2811 2066 ubi
2836 2015 3021 2071 nullus
3046 2020 3356 2075 mortalium
3382 2029 3765 2078 commoratur.

2305 2096 2395 2154 50.
2431 2098 2709 2156 Gentilitas
2736 2101 2995 2159 desertum
3027 2111 3122 2172 est,
3153 2109 3343 2164 caelesti
3368 2110 3545 2181 gratia
3578 2117 3845 2181 tanquam

2234 2182 2401 2241 imbre
2427 2187 2744 2246 irroratum.
2766 2221 2837 2233 —
2865 2192 3039 2266 Super
3066 2200 3265 2253 terram
3295 2197 3499 2271 absque
3518 2198 3754 2256 homine
3785 2200 3844 2256 in

2236 2274 2450 2335 deserto
2478 2278 2666 2351 pluere
2690 2289 2771 2338 est
2798 2281 3029 2340 verbum
3056 2286 3157 2343 Dei
3187 2287 3485 2360 gentilitati
3514 2289 3843 2361 praedicare.

2235 2364 2367 2434 Qum
2385 2366 2518 2425 dum
2546 2370 2762 2427 nullum
2782 2373 2995 2431 cultum
3023 2375 3345 2434 Divinitatis
3366 2378 3568 2448 tenuit,
3587 2380 3845 2436 nullam-

2236 2472 2342 2530 que
2376 2458 2437 2513 in
2483 2475 2540 2515 se
2576 2461 2816 2533 speciem
2860 2463 2997 2520 boni
3042 2465 3224 2538 operis
3265 2466 3530 2536 ostendit,
3578 2467 3845 2527 videlicet

2236 2545 2513 2605 desertum
2538 2549 2666 2606 fuit.
2689 2552 2751 2607 In
2773 2568 2879 2625 qua
2904 2553 3035 2626 quia
3063 2555 3342 2626 legislator
3371 2573 3484 2614 non
3509 2557 3637 2627 fuit,
3666 2567 3728 2615 et
3746 2557 3840 2632 qui

2237 2638 2639 2696 rationabiliter
2665 2642 2840 2698 Deum
2871 2652 3139 2716 quaereret
3167 2661 3279 2703 non
3309 2647 3436 2716 fuit,
3468 2648 3625 2721 quasi
3654 2648 3835 2705 homi-

2236 2742 2369 2782 num
2399 2727 2585 2785 nullus
2614 2729 2743 2800 fuit,
2773 2740 2827 2789 et
2856 2733 3009 2790 velut
3035 2734 3168 2792 solis
3194 2734 3384 2792 bestiis
3411 2745 3693 2810 occupata,
3730 2756 3838 2795 va-

2235 2833 2339 2875 cua
2364 2834 2397 2874 a
2424 2819 2751 2879 mortalibus
2778 2823 3013 2880 exstitit.
3034 2826 3055 2861 ⁷
3085 2826 3165 2882 De
3184 2825 3288 2883 hac
3306 2826 3503 2884 deserti
3524 2834 3669 2885 terra
3693 2830 3833 2886 alias

2234 2907 2476 2966 dicitur:
2510 2910 2700 2967 Posuit
2732 2912 2791 2967 in
2818 2912 3021 2970 deserto
3050 2915 3193 2972 viam
3220 2916 3379 2987 (Isai.
3411 2932 3567 2985 mn,
3604 2917 3719 2989 19).
3750 2920 3831 2975 De

2235 2998 2339 3058 hac
2367 2999 2757 3073 praedicatione
2786 3003 3082 3075 gentilitati
3111 3022 3369 3064 concessa
3410 3006 3699 3064 Psalmista
3736 3015 3832 3063 te-

2157 3097 2202 3159 ρ
2233 3095 2430 3156 statur,
2461 3089 2681 3147 dicens:
2715 3092 2904 3148 Posuit
2945 3096 3169 3164 ﬂumina
3214 3095 3272 3151 in
3317 3097 3514 3152 deserto
3559 3096 3681 3167 (Ps.
3717 3113 3833 3164 cvr,

2233 3176 2347 3251 33).
2404 3175 2542 3250 [Vet.
2573 3178 2784 3255 XVII.]
2830 3181 3146 3240 Notandum
3183 3200 3317 3240 vero
3365 3192 3448 3241 est
3495 3182 3644 3256 quod
3690 3192 3835 3255 post-

2233 3282 2396 3340 quam
2427 3274 2592 3324 aestus
2619 3284 2783 3341 super
2818 3276 3022 3328 terram
3051 3271 3264 3330 divisus
3292 3280 3393 3342 est,
3417 3289 3642 3330 cursum
3671 3272 3837 3329 vehe-

2236 3354 2611 3412 mentissimus
2657 3355 2836 3414 imber
2862 3362 3091 3434 accepit,
3136 3370 3198 3418 ut
3242 3364 3302 3419 in
3349 3363 3569 3421 deserto
3597 3365 3832 3437 plueret,

2236 3446 2365 3519 quia
2391 3454 2679 3520 postquam
2711 3449 2769 3505 in
2796 3449 2983 3507 Iudaea
3014 3453 3278 3525 asperitas
3310 3453 3708 3526 persecutionis
3741 3454 3835 3508 in-

2235 3533 2474 3606 horruit,
2510 3544 2573 3592 ut
2600 3553 2712 3593 non
2741 3539 2922 3596 solum
2967 3540 3133 3598 ﬁdem
3163 3542 3393 3599 minime
3422 3543 3708 3615 reciperet,
3740 3542 3831 3599 sed

2237 3623 2404 3680 etiam
2448 3640 2567 3681 eam
2615 3625 2812 3699 gladiis
2859 3628 3229 3703 impugnaret,
3273 3631 3344 3688 ad
3404 3631 3573 3689 Israel
3634 3633 3835 3690 missus

2238 3716 2470 3791 quisque
2515 3717 2844 3790 praedicator
2885 3720 2953 3778 ad
3000 3721 3308 3780 evocandas
3350 3732 3538 3798 gentes
3584 3723 3829 3781 deﬂexit.

2238 3805 2394 3863 Unde
2420 3808 2598 3866 sancti
2624 3810 2859 3881 apostoli
2900 3810 3143 3869 Hebraeis
3184 3813 3656 3887 persequentibus,
3699 3830 3833 3888 quos

2237 3892 2516 3964 deserunt,
2547 3896 2767 3955 dicunt:
2808 3900 2959 3958 Vobis
2987 3901 3256 3973 oportebat
3277 3904 3516 3975 primum
3545 3905 3691 3976 loqui
3708 3922 3833 3960 ver—

2240 3981 2361 4037 bum
2389 3984 2522 4050 Dei;
2553 3985 2574 4019 ⁸
2600 3987 2690 4041 sed
2715 3987 2845 4058 quia
2888 3991 3143 4062 repellitis
3185 3992 3345 4059 illud,
3387 3999 3436 4048 et
3462 3994 3702 4066 indignos
3744 4011 3831 4049 vos

2230 4070 2488 4141 judicatis
2540 4080 2747 4131 aeternae
2798 4076 2937 4146 vitae,
2991 4095 3098 4134 ecce
3151 4083 3503 4138 convertimur
3555 4083 3626 4140 ad
3660 4090 3829 4154 gentes

2244 4160 2384 4232 (Act.
2416 4177 2542 4230 xm,
2564 4160 2680 4235 46).
2716 4163 2911 4222 Diviso
2931 4166 3101 4239 igitur
3128 4178 3282 4238 aestu,
3313 4169 3527 4229 deserta
3552 4179 3605 4228 et
3626 4171 3830 4246 absque

2240 4248 2464 4306 homine
2492 4258 2638 4309 terra
2663 4254 3020 4326 compluitur,
3068 4258 3197 4331 quia
3241 4257 3487 4333 dispersa
3532 4260 3589 4317 in
3630 4260 3832 4318 Iudaeae
3937 4304 3949 4314 .

2240 4338 2560 4412 regionibus
2601 4343 2981 4415 persecutione
3009 4344 3281 4416 ﬁdelium,
3317 4347 3579 4407 derelicta
3619 4349 3831 4409 dudum

2159 4454 2209 4514 Β
2240 4435 2294 4485 et
2323 4429 2478 4501 quasi
2505 4429 2574 4487 ab
2617 4430 2895 4489 infusione
2923 4433 3155 4491 rationis
3183 4435 3384 4507 aliena,
3427 4440 3834 4511 praedicationis

2241 4520 2410 4592 guttis
2443 4522 2720 4594 gentilitas
2757 4524 3045 4584 irroratur.
3078 4528 3209 4597 Quae
3237 4530 3516 4604 gentilitas
3541 4532 3698 4605 quasi
3728 4532 3835 4589 ad-

2238 4608 2348 4666 huc
2390 4628 2422 4667 a
2449 4611 2903 4684 pradicatoribus
2945 4616 3017 4673 sit
3055 4616 3281 4675 inventa
3326 4620 3658 4689 ostenditur,
3705 4637 3834 4679 cum

2237 4698 2495 4757 subditur
2519 4719 2531 4757 :

2308 4789 2479 4849 Vnus.
2510 4790 2599 4849 27.
2621 4821 2693 4833 —
2726 4794 2793 4851 Ut
2815 4794 3050 4867 impleret
3075 4796 3276 4853 inviam
3305 4802 3353 4853 et
3380 4798 3687 4856 desolatam.

2309 4880 2453 4949 Quid
2482 4897 2614 4939 vero
2637 4885 2916 4957 compluta
2944 4885 3207 4957 reddidit,
3239 4896 3599 4960 monstratur,
3620 4906 3751 4949 cum
3772 4890 3835 4949 il-

2236 4969 2346 5029 lico
2374 4970 2722 5044 adjungitur:

2310 5147 2331 5219 F
2360 5144 2608 5219 Ebroic.,
2636 5157 2767 5219 etc.,
2794 5149 3077 5209 intonaret.

2310 5218 2332 5255 ⁸
2360 5218 2441 5274 Ita
2482 5219 2706 5291 Pratel.,
2753 5222 2917 5291 Utic.,
2952 5222 3187 5282 Vindoc.
3234 5233 3289 5281 et
3330 5225 3492 5285 Corb.
3539 5228 3725 5286 Germ.
3760 5231 3837 5284 At

2239 5290 2445 5381 Turon:
2476 5264 3492 5381 et‘Laudqued
3512 5264 3833 5381 ﬂagitia};

2238 5366 2390 5490 istaut,
2424 5366 2589 5435 juxta
2630 5372 2845 5422 textum
2890 5366 3173 5436 Graecum;
3206 5368 3358 5426 abest
3375 5366 3675 5429 'tamen'ab
3704 5371 3835 5427 aliis

2326 5451 2342 5488 ι
2371 5451 2438 5490 is.

2238 5434 2438 5490 Editis.
3159 5434 3165 5436 ”

2310 5506 2330 5539 ⁷
2362 5506 2584 5573 Pratel.,
2613 5508 2675 5562 de
2701 5509 2796 5564 hac
2824 5509 3026 5567 deserta
3047 5516 3209 5569 terra.

2310 5576 2331 5611 ⁸
2360 5575 2508 5661 Ideni
2537 5577 2722 5661 _Co_dex
2742 5597 2872 5661 cum
2909 5581 3068 5640 Corb.
3102 5584 3309 5659 Genu,
3342 5587 3431 5644 sed
3459 5586 3584 5661 quia
3610 5586 3829 5661 repuli-

2235 5647 2347 5705 stis.
2361 5690 2371 5702 .
2385 5690 2418 5703 ..
2452 5655 2499 5703 et
2517 5648 2818 5721 judicastis.
