4152 6182
286 299 352 354 .30
998 293 1371 354 MORALIUM
1407 295 1541 354 LIB.
1583 296 1795 356 XXIX.
1837 326 1901 339 —
1942 297 2016 356 IN
2052 296 2280 357 CAPUT
2319 298 2614 356 XXXVIII
2652 300 2714 355 Β.
2757 299 2904 357 JOB.

848 418 1074 478 CAPUT
1102 421 1314 479 XXVI.

348 514 484 571 Iam.
505 540 577 552 —
604 511 684 567 Et
703 508 1017 581 produceret
1033 510 1219 567 herbas
1248 510 1494 569 virentes.

349 601 435 659 5i.
464 598 634 657 Prius
663 598 811 654 invia
833 599 1142 671 prophetia,
1166 600 1346 672 patuit
1381 600 1588 673 gratia.
1621 632 1692 644 —
1719 603 1879 660 Invia

279 704 510 764 namque
528 686 740 744 dudum
762 687 1042 759 gentilitas
1060 688 1187 757 fuit,
1207 689 1276 746 ad
1295 706 1460 763 quam
1477 691 1568 747 via
1586 690 1685 748 Dei
1708 691 1877 747 verbo

280 797 384 839 non
412 776 610 852 patuit.
644 775 1009 849 Redemptore
1037 778 1241 851 quippe
1270 788 1458 836 nostro
1487 780 1765 849 veniente,
1798 782 1880 838 sic

281 868 481 943 accepit
501 865 852 924 vocationem
898 866 1105 940 gratia,
1137 872 1283 931 94o
1311 876 1515 927 ut'non
1546 869 1606 926 in
1636 886 1699 926 ea
1724 870 1877 943 prius

279 967 438 1025 fuerit
469 965 562 1021 via
579 964 906 1037 prophetia.
928 966 1189 1023 Desolata
1213 966 1378 1024 etiam
1400 973 1547 1024 recte
1563 954 1760 1024 vocata
1771 975 1873 1038 est,

281 1057 358 1112 vel
386 1054 604 1112 ratione
634 1053 900 1111 videlicet
925 1055 1166 1126 consilii,
1199 1056 1287 1112 vel
1320 1056 1506 1115 fructu
1534 1056 1668 1114 boni
1697 1058 1877 1132 operis

279 1144 553 1203 destituta.
586 1142 752 1201 Dedit
772 1159 900 1217 ergo
936 1144 1209 1202 Dominus
1238 1144 1731 1204 vehementissimo
1762 1147 1879 1205 im-

278 1237 355 1294 bri
388 1250 638 1302 cursum,
669 1239 725 1290 et
754 1232 901 1289 viam
931 1234 1148 1293 sonanti
1192 1236 1449 1304 tonitrui,
1482 1245 1544 1293 ut
1573 1238 1632 1293 in
1661 1236 1877 1295 deserto

276 1325 502 1399 plueret,
533 1331 590 1381 et
628 1324 883 1396 impleret
913 1322 1123 1380 inviam
1152 1331 1210 1381 et
1234 1324 1560 1394 desolatam,
1592 1334 1647 1383 et
1677 1326 1876 1399 produ-

276 1421 410 1472 ceret
427 1413 631 1471 herbas
659 1411 938 1480 virentes;
972 1409 1029 1469 id
1059 1421 1163 1483 est,
1195 1415 1461 1472 exteriori
1492 1415 1877 1487 pradicationi

275 1504 543 1560 internam
584 1501 975 1574 aspirationem
1003 1502 1265 1571 contulit,
1297 1510 1360 1560 ut
1389 1504 1557 1561 corda
1584 1503 1875 1576 gentilium

274 1593 481 1650 arentia
509 1590 867 1659 virescerent,
897 1590 1085 1649 clausa
1112 1600 1482 1666 patescerent,
1516 1593 1707 1651 inania
1731 1609 1877 1650 com-

274 1683 571 1755 plerentur,
605 1679 907 1736 infecunda
932 1681 1327 1753 germinarent.
1373 1670 1381 1683 ’

3478 305 3585 364 506

1912 426 1971 503 A,
1989 424 2094 483 bus
2122 424 2288 498 hujus
2330 425 2525 483 mundi
2570 425 2764 483 conﬁsi
2793 434 2926 483 sunt
2952 426 3233 489 dicentes:
3266 433 3453 505 Regem
3479 448 3586 488 non

1986 516 2232 573 habemus
2260 517 2367 573 nisi
2410 518 2672 575 Casarem
2703 516 2883 589 (Joan.
2934 534 3055 587 xxx,
3111 520 3225 593 I5).
3277 521 3588 580 Traxerunt

1987 612 2181 661 ventos
2208 605 2363 679 quasi
2392 605 2678 675 dracones,
2705 605 2838 680 quia
2875 607 3077 680 spiritu
3121 608 3378 667 elationis
3406 609 3586 668 inﬂati

1986 694 2242 766 superbia
2270 695 2546 752 malitiosa
2573 703 2916 754 tumuerunt.
2947 697 3278 755 Defecerunt
3306 700 3453 756 oculi
3483 717 3587 756 eo-

1985 799 2130 851 rum,
2153 784 2285 856 quia
2311 784 2521 842 scilicet
2546 802 2670 857 spes
2696 801 2887 843 eorum
2908 788 2977 845 ab
2991 803 3057 843 eo
3086 786 3234 861 quod
3263 787 3586 845 intendebat

1986 872 2213 930 corruit.
2249 873 2265 907 ¹
2316 872 2448 941 Qua
2493 875 2819 947 temporalia
2857 875 3111 949 diligens,
3154 877 3455 949 praestolari
3501 895 3585 933 a-

1985 967 2142 1017 terna
2170 963 2434 1035 neglexit,
2468 970 2523 1021 et
2565 972 2781 1021 terrena
2822 965 2947 1023 ideo
2988 965 3119 1038 quia
3146 967 3260 1023 Deo
3288 967 3586 1039 praposuit

1986 1051 2194 1107 amisit.
2226 1052 2502 1110 Dixerunt
2529 1054 2708 1110 enim:
2745 1054 2805 1112 Si
2825 1055 3139 1111 dimittimus
3152 1072 3270 1111 eum
3297 1056 3390 1124 sic,
3411 1072 3585 1112 omnes

1984 1139 2193 1194 credent
2218 1141 2277 1195 in
2303 1158 2442 1208 eum,
2472 1146 2521 1198 et
2546 1143 2749 1201 venient
2775 1144 3025 1211 Romani,
3054 1150 3101 1199 et
3132 1146 3313 1202 tollent
3340 1151 3586 1201 nostrum

1990 1228 2157 1284 locum
2183 1235 2233 1283 et
2259 1236 2457 1300 gentem
2488 1230 2668 1302 (Joan.
2701 1249 2783 1300 χι,
2814 1232 2929 1306 48).
2964 1233 3289 1290 Timuerunt
3310 1251 3380 1291 ne
3401 1235 3581 1292 locum

1986 1335 2098 1375 non
2126 1318 2309 1375 occiso
2336 1321 2577 1387 Domino
2606 1321 2915 1393 perderent,
2938 1330 2995 1380 et
3020 1331 3209 1381 tamen
3238 1324 3420 1382 occiso
3450 1340 3585 1396 per-

1986 1407 2269 1464 diderunt.
2301 1407 2407 1465 Sed
2434 1424 2535 1465 cur
2582 1409 2686 1466 ista
2735 1412 2953 1468 miseris
3001 1413 3308 1480 evenerint,
3352 1412 3580 1469 subdit:

1990 1495 2127 1565 Quia
2152 1513 2259 1552 non
2301 1503 2417 1554 erat
2461 1498 2663 1563 herba;
2691 1498 2748 1555 id
2794 1508 2897 1565 est,
2938 1500 3069 1575 quia
3104 1517 3293 1557 eorum
3324 1500 3584 1557 cordibus

1986 1583 2164 1642 defuit
2193 1586 2516 1643 aeternitatis
2562 1586 2811 1656 scientia,
2845 1596 2899 1644 et
2944 1589 3099 1646 nullo
3128 1606 3220 1646 eos
3256 1589 3449 1646 refecit
3478 1604 3584 1660 pa-

1986 1673 2118 1730 bulo
2146 1674 2168 1709 ²
2199 1673 2503 1731 viriditatis
2532 1675 2761 1732 interna
2788 1675 3074 1735 doctrina.
3119 1679 3236 1735 Hoc
3264 1678 3433 1751 igitur
3463 1678 3584 1734 loco

337 1769 480 1845 [Vet.
513 1769 748 1845 XVIII.]
784 1769 875 1827 52.
925 1771 1168 1828 Eterna
1213 1772 1336 1827 vita
1363 1788 1527 1844 opera
1554 1771 1875 1828 doctrinam'
1903 1789 1950 1850 Β
1984 1764 2120 1838 quid
2165 1765 2319 1821 aliud
2369 1766 2613 1822 virentes
2662 1765 2859 1823 herbas
2906 1767 3014 1824 nisi
3059 1774 3260 1825 sancta
3317 1767 3584 1825 doctrinae

270 1879 362 1934 que
387 1862 719 1936 geminavit.
742 1892 815 1904 —
842 1863 904 1919 In
934 1860 1215 1935 Scriptura
1234 1863 1380 1920 enim
1402 1878 1555 1921 sacra
1573 1864 1872 1937 aliquando

271 1950 445 2009 herba
473 1951 622 2008 viror
657 1950 845 2025 gloria
893 1951 1215 2023 temporalis
1245 1951 1541 2024 accipitur,
1572 1952 1871 2025 aliquando

269 2039 499 2098 refectio
546 2038 773 2108 diaboli,
817 2039 1122 2113 aliquando
1168 2040 1504 2096 sustentatio
1536 2039 1871 2112 praedicato-

269 2146 408 2198 rum,
442 2127 743 2203 aliquando
769 2127 915 2186 bona
942 2129 1210 2203 operatio,
1229 2127 1529 2203 aliquando
1557 2136 1773 2186 aterna
1787 2130 1868 2185 vi-

269 2226 333 2276 ta
379 2219 617 2277 scientia
660 2227 827 2292 atque
874 2218 1146 2277 doctrina.
1195 2219 1364 2277 Viror
1409 2234 1649 2293 namque
1695 2220 1871 2292 gloria

267 2308 583 2382 temporalis
611 2308 901 2382 accipitur,
933 2309 1078 2367 sicut
1114 2308 1391 2382 Pr0pheta
1409 2310 1519 2365 ait:
1552 2310 1710 2369 Mane
1737 2309 1871 2365 sicut

265 2396 424 2454 herba
473 2403 732 2467 transeat,
796 2413 948 2452 mane
986 2399 1176 2469 ﬂoreat
1220 2404 1269 2453 et
1308 2403 1647 2470 pertranseat
1690 2398 1864 2470 (Psal.

263 2502 498 2554 Lxxxix,
531 2486 614 2557 6).
646 2488 807 2543 Mane
844 2501 1083 2557 namque
1111 2486 1255 2541 sicut
1278 2485 1453 2542 herba
1478 2485 1676 2542 ﬂorere
1707 2493 1870 2559 atque

261 2576 503 2633 transire
531 2580 615 2631 est
635 2574 693 2628 in
734 2573 1098 2643 prosperitate
1126 2571 1294 2644 hujus
1338 2573 1527 2631 saculi
1555 2574 1870 2646 temporalis

258 2663 460 2735 gloria
489 2661 658 2717 decus
685 2659 952 2717 velociter
978 2676 1243 2718 arescere.
1276 2661 1456 2718 Herba
1482 2661 1711 2721 refectio
1738 2662 1869 2720 dia-

254 2751 377 2808 boli
410 2750 705 2823 accipitur,
748 2749 894 2807 sicut
920 2749 989 2807 de
1024 2749 1126 2806 illo
1153 2766 1186 2806 a
1210 2751 1449 2808 Domino
1476 2748 1699 2809 dicitur:
1731 2754 1869 2809 Huic

260 2849 466 2900 montes
504 2843 694 2898 herbas
721 2841 909 2912 ferunt
965 2843 1086 2915 (Job
1116 2859 1208 2912 XL,
1241 2844 1357 2916 15).
1405 2844 1489 2902 Ac
1535 2845 1581 2901 si
1619 2845 1861 2904 diceret:

262 2932 499 3007 Superbi
534 2948 596 2988 ac
625 2930 830 2988 tumidi
860 2930 991 2989 dum
1016 2949 1077 2989 se
1106 2932 1322 2990 illicitis
1342 2934 1774 3007 cogitationibus
1788 2944 1867 2993 at-

265 3039 363 3096 que
382 3020 707 3081 actionibus
737 3021 991 3090 efferunt,
1014 3021 1131 3079 suis
1157 3021 1318 3078 illum
1348 3022 1741 3096 iniquitatibus
1770 3041 1864 3098 pa-

266 3121 441 3170 scunt.
478 3111 662 3208 Herba
697 3112 1026 3168 sustentatio
1057 3110 1481 3184 pradicantium
1511 3112 1866 3171 demonstra-
1904 3148 1947 3208 Ο

267 3208 367 3270 tur,
398 3217 533 3259 cum
581 3199 826 3257 dicitur:
873 3201 1134 3257 Producit
1176 3201 1235 3256 in
1274 3202 1536 3258 montibus
1574 3202 1777 3274 fenum,
1822 3212 1869 3261 et

265 3291 475 3347 herbam
506 3289 753 3345 servituti
778 3289 1049 3345 hominum
1079 3290 1254 3363 (Psal.
1288 3306 1404 3360 cm,
1429 3290 1542 3365 l5).
1577 3293 1638 3349 In
1668 3295 1868 3349 monti-

268 3377 364 3435 bus
390 3379 601 3453 quippe
626 3377 817 3434 fenum
846 3385 902 3435 et
928 3377 1185 3435 servituti
1216 3378 1511 3439 hominum
1541 3382 1712 3441 herba
1730 3401 1869 3457 pro-

267 3465 510 3536 ducitur,
543 3482 669 3524 cum
701 3466 969 3525 sublimes
999 3466 1168 3540 hujus
1195 3469 1404 3538 saeculi,
1437 3469 1506 3526 ad
1534 3470 1664 3529 ﬁdei
1683 3473 1869 3544 cogni-

267 3554 476 3612 tionem
506 3556 709 3624 vocati,
740 3556 946 3613 sanctis
976 3555 1428 3629 pradicatoribus
1458 3558 1516 3615 in
1547 3558 1712 3633 hujus
1740 3563 1869 3617 vitae

269 3642 469 3701 itinere
500 3646 819 3703 transitoria
847 3645 1112 3702 alimenta
1141 3645 1470 3717 largiuntur.
1520 3648 1700 3707 Herba
1725 3649 1871 3706 bona

269 3732 524 3805 operatio
538 3735 779 3806 ponitur,
802 3734 950 3791 sicut
976 3733 1242 3805 scriptum
1273 3743 1391 3791 est:
1431 3736 1695 3793 Geminei
1728 3744 1872 3794 terra

269 3820 490 3879 herbam
515 3823 763 3881 virentem
792 3823 1003 3896 (Genes.
1035 3838 1075 3890 ι,
1110 3823 1170 3879 11
1177 3824 1225 3894 ).
1256 3821 1415 3890 Quod
1440 3822 1571 3881 licet
1592 3825 1651 3881 in
1670 3824 1873 3882 condi-

270 3915 415 3975 tione
444 3917 649 3976 mundi
694 3920 773 3975 ita
799 3918 1064 3976 historice
1091 3918 1298 3976 factum
1339 3925 1642 3983 teneamus,
1671 3923 1871 3971 terram

272 4012 446 4065 tamen
481 4008 790 4067 Ecclesiam
819 4009 1081 4083 ﬁgurasse
1109 4026 1222 4068 non
1252 4007 1709 4067 inconvenienter
1734 4005 1871 4063 acci-

272 4096 470 4167 pimus,
509 4116 630 4173 qua
662 4101 719 4156 in
768 4116 831 4156 eo
872 4100 1202 4173 germinavit
1232 4099 1459 4156 herbam
1489 4099 1782 4165 virentem,
1816 4095 1873 4151 in

274 4202 374 4259 quo
391 4188 463 4245 ad
498 4188 732 4246 verbum
758 4189 859 4246 Dei
889 4189 1125 4247 fecunda
1145 4188 1538 4247 misericordia
1567 4202 1733 4262 opera
1752 4202 1874 4259 pro-

276 4278 414 4334 tulit.
448 4278 694 4336 Herbam
730 4278 1027 4354 aliquando
1055 4280 1345 4337 scientiam
1374 4289 1536 4353 atque
1566 4277 1874 4336 doctrinam

274 4373 490 4426 aeternae
518 4369 821 4428 viriditatis
852 4368 1172 4443 accipimus,
1202 4369 1349 4427 sicut
1368 4384 1464 4442 per
1482 4368 1775 4425 Jeremiam
1794 4365 1876 4424 di-

274 4455 441 4515 citur:
474 4458 680 4531 Onagri
708 4466 960 4517 steterunt
1000 4458 1056 4515 in
1098 4459 1344 4533 rupibus,
1392 4465 1676 4515 traxerunt
1701 4461 1877 4513 ventos

276 4548 422 4615 quasi
448 4547 732 4615 dracones,
755 4547 1056 4620 defecerunt
1080 4547 1222 4605 oculi
1247 4563 1451 4617 eorum,
1483 4547 1612 4619 quia
1628 4562 1735 4604 non
1762 4552 1878 4602 erat

275 4632 429 4692 herba
463 4636 684 4709 (Jerem.
716 4655 837 4708 XIV,
871 4638 951 4711 6).
985 4638 1106 4706 Quo
1125 4636 1276 4695 dicto
1303 4635 1540 4710 superba
1565 4652 1630 4693 ac
1655 4636 1873 4710 nequis-

278 4722 413 4781 sima
457 4726 779 4785 Judaorum
855 4735 937 4785 est
992 4726 1303 4800 persecutio
1360 4723 1705 4799 prophetata.
1762 4725 1871 4797 Ipsi

278 4814 476 4889 quippe
508 4818 697 4891 onagri
726 4834 825 4891 pro
856 4816 1058 4874 mentis
1086 4815 1346 4884 elatione,
1363 4814 1469 4888 ipsi
1491 4813 1754 4873 dracones
1775 4832 1872 4888 pro

280 4904 555 4966 Virulenta
582 4908 915 4982 cogitatione
940 4908 1125 4967 vocati
1163 4914 1313 4965 sunt.
1367 4905 1476 4976 Qui
1514 4911 1786 4964 steterunt
1814 4906 1873 4962 in

279 4997 533 5072 rupibus,
565 4998 697 5075 quia
722 4995 923 5061 nonin
950 4998 1084 5067 Deo,
1116 4995 1213 5055 sed
1241 4996 1300 5055 in
1319 4995 1551 5055 summis
1580 4993 1874 5069 potestati—

355 5188 370 5221 ¹
403 5187 488 5243 Ita
511 5187 790 5257 Laudun.,
830 5188 1116 5255 Norman.,
1159 5194 1262 5243 etc.
1314 5188 1378 5243 In
1407 5186 1569 5245 Corb.
1603 5185 1787 5257 Germ.
1820 5193 1875 5241 et

282 5266 391 5341 vet.
424 5259 575 5341 Edit.
596 5260 830 5341 legitur.
865 5259 969 5341 Qui
1018 5259 1335 5341 temporalia
1370 5257 1615 5341 diligens.
1649 5256 1751 5337 libi
1781 5256 1873 5341 qui

284 5328 534 5413 {refertur
548 5330 616 5387 ad
864 5327 1210 5413 Priusenim,
1243 5329 1340 5413 ubi
1370 5327 1634 5413 habemus
1664 5327 1721 5413 in
1750 5335 1870 5383 cat.

281 5399 409 5474 Mss.
442 5398 783 5474 quiagscilicet
803 5418 936 5474 spes,
961 5402 1071 5474 iste
1100 5417 1226 5458 cum
1257 5407 1368 5456 vet.
1402 5398 1654 5474 Vulgatis
1682 5398 1874 5474 legen-

283 5469 415 5546 dum
441 5468 667 5546 exhibet
693 5468 1045 5546 quia-scilicet
1065 5490 1177 5546 pes_.
1212 5474 1431 5546 Becent.
1471 5468 1625 5546 Editi
1668 5468 1874 5546 optime

285 5542 509 5614 quidem
564 5544 667 5602 hoc
699 5541 1102 5611 amendarunt,
1153 5542 1462 5615 habentque
1507 5542 1635 5615 quia
1680 5541 1877 5597 sviticet

285 5612 398 5694 spes
420 5632 441 5679 ;
470 5623 524 5669 at
551 5616 872 5689 gravissimo
899 5631 1082 5673 errore
1112 5612 1457 5670 retinuerunt
1482 5612 1575 5686 qui
1604 5618 1874 5685 tempora-

289 5684 381 5740 lia.
416 5685 729 5745 Leaendum
757 5704 885 5745 ergo
910 5704 1046 5745 qua.
1078 5685 1289 5743 scilicet
1317 5702 1456 5745 sues.

369 5728 381 5740 .
416 5702 729 5745 Leaenaum
757 5704 885 5745 θταο
910 5704 1046 5745 qua.
1078 5702 1289 5743 δοιιιοθι
1317 5702 1456 5745 sues.

359 5722 381 5740 ν.
416 5702 729 5756 Legenuum
757 5704 817 5745 er
851 5705 885 5745 o
910 5704 1046 5760 qua,
1078 5702 1289 5743 scilicet
1317 5702 1456 5757 spes.

359 5755 381 5789 ³
410 5754 570 5816 Corb.
595 5705 1032 5829 Germ.,gl’ratel.
1063 5764 1118 5816 et
1137 5756 1306 5827 Utic.,
1337 5755 1630 5814 viriditatis
1656 5756 1877 5811 interna

1984 1852 2269 1910 scientiam
2301 1853 2388 1909 vel
2419 1869 2687 1925 congruas
2716 1855 3060 1925 operationes
3090 1857 3441 1930 accipimus?
3467 1858 3584 1913 De-

1983 1951 2127 1999 serta
2155 1942 2323 2015 igitur
2351 1949 2497 2000 terra
2534 1948 2673 2005 941
2708 1944 3066 2015 compluitur,
3097 1952 3159 2001 ut
3201 1946 3269 2001 ab
3298 1962 3369 2002 ea
3390 1946 3583 2002 viren-

1982 2047 2063 2095 tes
2092 2038 2273 2096 herba
2298 2036 2698 2111 producantur,
2737 2040 2870 2113 quia
2897 2039 3030 2096 dum
3078 2048 3278 2098 sancta
3323 2040 3582 2115 pradica-

1981 2129 2149 2186 tionis
2178 2129 2409 2187 imbrem
2439 2130 2716 2202 gentilitas
2744 2130 3007 2202 percepit,
3038 2140 3093 2188 et
3128 2131 3256 2189 vita
3285 2149 3449 2206 opera
3477 2134 3499 2168 ³
3530 2142 3584 2190 et

1980 2217 2244 2275 doctrina
2291 2218 2520 2275 herbam
2577 2219 2928 2292 germinavit.
2980 2221 3089 2275 Ista
3142 2220 3400 2277 viriditas
3445 2238 3580 2277 voce

1981 2307 2300 2380 prophetica
2329 2307 2557 2365 deserta
2586 2315 2745 2364 terra
2792 2307 3106 2381 pollicetur,
3156 2325 3282 2366 cum
3331 2308 3577 2366 dicitur:

1980 2395 2047 2453 In
2075 2394 2329 2451 cubilibus
2356 2394 2415 2451 in
2442 2396 2629 2469 quibus
2652 2397 2811 2470 prius
2839 2397 3093 2453 dracones
3119 2396 3427 2453 habitabant
3450 2397 3582 2453 orie-

1982 2490 2072 2540 tur
2097 2484 2248 2542 viror
2276 2485 2472 2543 calami
2498 2493 2547 2542 et
2567 2486 2724 2557 junci
2756 2484 2912 2557 (Isai.
2945 2502 3125 2554 xxxv,
3158 2486 3236 2559 7).
3268 2486 3414 2554 Quid
3433 2485 3581 2541 enim

1980 2590 2076 2645 per
2103 2575 2375 2631 calamum
2407 2574 2428 2609 ‘
2458 2573 2566 2630 nisi
2614 2573 3017 2647 pradicatores,
3047 2574 3184 2648 quid
3230 2591 3327 2648 per
3344 2574 3576 2647 juncum

1979 2662 2074 2737 qui
2096 2662 2259 2735 juxta
2286 2679 2439 2737 aqua
2489 2662 2777 2719 humorem
2826 2679 3041 2736 semper
3069 2664 3315 2721 nascitur
3342 2663 3449 2719 nisi
3480 2680 3575 2736 pu-

1979 2753 2091 2812 silli
2120 2770 2182 2812 ac
2228 2755 2403 2811 teneri
2431 2754 2710 2812 auditores
2738 2754 2880 2812 sacri
2926 2755 3134 2828 eloquii
3175 2753 3583 2826 designantur?

1978 2843 2039 2899 In
2070 2843 2371 2900 draconum
2405 2860 2534 2917 ergo
2575 2843 2856 2901 cubilibus
2899 2843 3053 2899 viror
3089 2844 3287 2900 calami
3334 2850 3388 2899 et
3422 2841 3581 2915 junci

1978 2932 2175 3001 oritur,
2208 2933 2340 3005 quia
2368 2932 2427 2988 in
2455 2933 2535 2989 eis
2562 2932 2782 3005 populis
2812 2948 2948 3005 quos
2976 2930 3193 3005 antiqui
3224 2931 3398 2988 hostis
3427 2930 3580 2986 mali-

1977 3022 2056 3079 tia
2084 3022 2419 3095 possidebat,
2458 3030 2513 3077 et
2554 3021 2851 3078 doctorum
2900 3021 3151 3089 scientia,
3183 3028 3238 3077 et
3266 3019 3581 3077 auditorum

1978 3113 2293 3171 obedientia
2320 3118 2695 3170 coacervatur.

2050 3202 2188 3278 [Vet.
2219 3202 2398 3278 ΧΙΧ.]
2429 3202 2518 3260 53.
2554 3202 2906 3274 Singulorum
2945 3199 3110 3258 corda
3138 3206 3264 3256 sunt
3302 3201 3445 3257 velut
3483 3202 3582 3257 de—

1976 3299 2195 3359 sertum,
2223 3300 2505 3364 antequam
2531 3291 2696 3347 imbre
2720 3292 2909 3364 gratia
2935 3289 3298 3362 fecundentur.
3340 3320 3411 3332 —
3454 3290 3581 3347 Hac

1978 3391 2162 3439 tamen
2193 3399 2315 3456 qua
2352 3382 2683 3456 generaliter
2728 3382 2796 3439 de
2843 3379 3150 3455 gentilitate
3180 3378 3330 3437 dicta
3376 3388 3505 3437 sunt
3533 3381 3576 3437 si

1978 3473 2207 3530 solerter
2225 3473 2575 3546 inspicimus,
2601 3472 2749 3528 intra
2765 3472 2951 3529 sinum
2981 3477 3182 3528 sanctae
3208 3469 3473 3527 Ecclesia
3493 3471 3578 3541 agi

1978 3561 2038 3616 in
2066 3560 2299 3632 singulis
2330 3560 2604 3617 videmus.
2647 3559 2789 3616 Sunt
2828 3560 2975 3616 enim
3019 3559 3269 3632 plerique
3316 3557 3385 3616 ad
3414 3558 3580 3615 verba

1976 3652 2075 3707 Dei
2092 3650 2251 3707 valde
2268 3649 2634 3717 insensibiles,
2657 3649 2752 3721 qui
2781 3647 2911 3704 ﬁdei
2941 3649 3166 3722 quidem
3196 3648 3421 3705 nomine
3442 3664 3580 3706 cen-

1980 3746 2188 3807 sentur,
2221 3739 2388 3796 verba
2416 3739 2545 3794 vita
2573 3736 2801 3794 auribus
2833 3735 3087 3805 audiunt,
3119 3735 3215 3792 sed
3256 3751 3320 3791 ea
3348 3735 3578 3792 transire

1981 3844 2154 3901 usque
2183 3827 2254 3883 ad
2280 3828 2500 3883 interna
2528 3824 2711 3882 cordis
2740 3825 2972 3880 minime
2989 3824 3335 3903 permittunt.
3355 3823 3425 3878 Ili
3444 3822 3578 3894 quid

1981 3917 2133 3975 aliud
2172 3932 2335 3991 quam
2364 3915 2580 3973 deserta
2604 3922 2753 3971 terra
2787 3915 2957 3970 sunt?
3000 3913 3133 3982 Qua
3179 3911 3392 3969 scilicet
3436 3919 3580 3967 terra

1984 4006 2266 4063 hominem
2298 4021 2411 4062 non
2440 4003 2625 4073 habet,
2657 4002 2788 4078 quia
2814 4017 3004 4059 eorum
3044 4016 3198 4057 mens
3226 4014 3389 4056 sensu
3418 3999 3580 4056 ratio-

1981 4095 2069 4153 nis
2095 4103 2262 4153 caret.
2291 4095 2365 4151 Et
2391 4094 2578 4151 nullus
2606 4090 2923 4149 mortalium
2955 4090 3012 4148 in
3036 4090 3140 4148 hac
3167 4097 3313 4147 terra
3339 4106 3580 4148 commo-

1983 4192 2154 4253 ratur,
2178 4184 2309 4257 quia
2335 4184 2457 4241 etsi
2487 4182 2707 4257 quando
2736 4182 2797 4237 in
2826 4196 3018 4238 eorum
3049 4179 3388 4238 conscientia
3416 4179 3578 4236 ratio-

1984 4273 2254 4331 nabilium
2285 4289 2544 4331 sensuum
2582 4271 2941 4345 cogitationes
2973 4269 3225 4338 veniunt,
3256 4284 3368 4326 non
3399 4268 3581 4342 persi—

1985 4374 2159 4424 stunt.
2181 4366 2357 4422 Prava
2369 4364 2517 4422 enim
2537 4363 2808 4420 desideria
2827 4363 2886 4418 in
2902 4379 3095 4419 eorum
3114 4360 3375 4419 cordibus
3394 4360 3577 4417 sedem

1988 4455 2300 4522 inveniunt,
2332 4460 2482 4510 recta
2508 4468 2639 4509 vero
2667 4453 2714 4509 si
2751 4451 2970 4526 quando
2998 4451 3273 4520 venerint,
3302 4465 3366 4508 ac
3393 4448 3439 4507 si
3470 4450 3578 4505 im-

1986 4545 2280 4618 pellantur,
2320 4541 2633 4599 decuriuut.
2666 4541 2772 4599 Sed
2792 4557 2918 4600 cum
2950 4542 3262 4599 misericors
3289 4542 3435 4598 Deus
3464 4539 3580 4594 im-

1980 4632 2067 4690 bri
2086 4649 2187 4690 suo
2215 4647 2439 4690 cursum
2460 4638 2515 4688 et
2532 4631 2752 4688 sonanti
2781 4629 3018 4687 tonitrui
3038 4632 3187 4687 viam
3205 4629 3369 4688 dare‘
3390 4629 3579 4701 digna-

1980 4732 2090 4791 tur,
2139 4721 2457 4796 compuncti
2507 4737 2605 4795 per
2650 4720 2924 4778 internam
2974 4721 3207 4794 gratiam
3233 4718 3419 4775 verbis
3448 4716 3575 4772 vita

1981 4827 2139 4869 aures
2181 4810 2363 4869 cordis
2396 4809 2668 4884 aperiunt.
2690 4810 2763 4866 Et
2790 4808 3054 4883 impletur
3080 4817 3227 4865 terra
3254 4806 3425 4872 invia,
3448 4803 3576 4876 quia

1980 4901 2112 4958 dum
2142 4900 2347 4975 prabet
2376 4901 2399 4937 ⁶
2427 4898 2681 4959 auditum
2716 4898 2908 4968 verbo,
2946 4897 3260 4957 cumulatur
3287 4890 3571 4964 mysterio.

1980 4992 2053 5048 Et
2084 4990 2340 5064 producit
2366 4989 2562 5049 herbas
2588 4990 2853 5056 virentes,
2886 4987 3017 5060 quia
3044 5001 3140 5058 per
3171 4981 3401 5057 gratiam
3429 4995 3575 5038 com.

1981 5180 2251 5236 doctrina.
2284 5177 2482 5246 Laud.,
2512 5177 2725 5232 interna
2739 5174 3001 5246 doctrina.

2054 5253 2075 5288 ³
2105 5251 2196 5307 Sic
2220 5236 2727 5317 Turon.,'Ebroic.,
2761 5244 2960 5301 Pratel.
2992 5241 3205 5317 aliique
3223 5242 3414 5317 No_rm.
3412 5255 3449 5317 ﬂ;

1981 5320 2256 5389 Laudun.,
2315 5327 2363 5375 et
2408 5308 2698 5392 doc_t_rina_
2710 5308 2871 5392 herba
2917 5308 3247 5392 germinavit.
3296 5308 3570 5392 InhCorb.

1982 5395 2167 5451 Germ.
2200 5386 2254 5449 et
2284 5392 2341 5447 in
2371 5389 2627 5446 omnibus
2656 5388 2857 5454 Editis,
2896 5386 3053 5442 verba
3080 5386 3411 5458 germinavit.

2056 5467 2076 5501 "
2106 5463 2329 5521 Ebroic.
2361 5461 2565 5533 aliique
2593 5461 2806 5533 Normﬂ
2830 5459 2936 5533 nisi
2954 5458 3256 5533 scriptores,

2054 5538 2075 5572 ⁵
2106 5534 2381 5603 Laudun.,
2403 5529 2728 5605 designatur.
2752 5530 2915 5605 Corb.
2940 5529 3253 5605 Germ.,‘sed
3278 5529 3576 5586 misericors

1982 5608 2187 5665 Deus...
2219 5613 2267 5662 et
2295 5601 2532 5662 sonantis
2560 5603 2782 5660 tonitrui
2809 5604 2951 5658 viam
2971 5602 3099 5658 dare
3126 5601 3395 5665 dignatur.

2056 5683 2077 5717 ⁶
2105 5680 2329 5737 Recent.
2361 5676 2465 5733 Ed.
2498 5693 2623 5732 cum
2671 5674 2832 5733 Corb.
2866 5674 3073 5743 Germ.,
3123 5671 3349 5743 aditum,
3380 5671 3573 5730 invitis

1982 5760 2102 5812 cat.
2130 5752 2258 5811 Mss.
2289 5756 2345 5808 et
2372 5755 2482 5806 vet.
2514 5746 2768 5807 Excusis.
