4152 6182
540 263 644 321 507

1758 265 2007 323 SANCTI
2063 267 2401 326 GREGORII
2440 269 2665 326 MAGNI
2774 282 2779 285 ‘

3752 283 3860 341 506

542 385 860 461 punctionis
899 384 1104 453 infusa,
1137 384 1545 458 pradicationis
1592 387 1759 445 verba
1796 406 1908 445 non
1954 391 2132 447 solum
2161 396 2216 460 Α
2245 392 2375 462 dat;
2406 393 2698 452 audiamus
2726 410 2879 454 nunc
2897 395 3175 472 quomodo
3195 410 3393 473 eaquae
3413 401 3571 473 quasi
3601 402 3862 464 videntur

550 475 787 533 libenter
818 473 1036 548 recipit,
1068 473 1166 532 sed
1202 474 1367 533 etiam
1397 476 1637 534 ubertim
1670 478 1872 547 reddit,
1906 487 1971 537 ut
1997 478 2147 553 quod

542 563 739 623 audire
782 580 897 622 non
935 571 1150 638 poterat
1183 563 1297 638 jam
1334 565 1488 640 loqui
1525 568 1913 641 concupiscat;
1947 576 2003 625 et
2025 586 2147 643 quae

542 670 655 711 non
683 652 962 711 audiendo
980 653 1147 711 etiam
1162 653 1506 714 intrinsecus
1530 666 1767 726 aruerat,
1784 657 1899 730 jam
1923 658 2145 733 loquen-

541 743 614 801 do
643 760 765 818 quas
799 751 990 803 sancta
1018 752 1150 802 sunt
1176 744 1461 802 viriditate
1479 762 1581 802 sua
1601 747 1877 820 quoslibet
1903 748 2145 804 esurien-

544 840 625 891 tes
645 841 846 908 pascat.
871 833 1027 892 Unde
1044 834 1186 891 bene
1212 850 1309 907 per
1325 834 1653 908 prophetam
1680 835 1888 893 dicitur
1913 854 1925 892 :
1948 838 2148 894 Emitte

541 925 794 997 spiritum
822 930 971 980 tuum
998 930 1047 980 et
1060 924 1404 991 creabantur,
1426 930 1475 979 et
1491 925 1767 980 renovabis
1786 926 1977 996 faciem
1994 933 2148 982 terra

547 1014 724 1086 (Psal.
758 1031 877 1082 cm,
907 1012 1020 1087 32).
1051 1012 1145 1070 Sic
1173 1011 1321 1069 enim
1353 1013 1434 1071 sic
1461 1013 1630 1070 facies
1650 1022 1810 1071 terra;
1839 1014 2046 1072 virtute
2068 1031 2147 1071 re-

542 1104 858 1163 novationis
875 1105 1223 1172 immutatur,
1245 1103 1378 1160 dum
1400 1103 1549 1160 sicca
1566 1102 1777 1161 dudum
1798 1121 1954 1163 mens
1974 1106 2147 1178 gratia

542 1196 801 1252 veniente
828 1193 1191 1266 compluitur,
1224 1200 1279 1250 et
1309 1202 1433 1267 post
1468 1191 1781 1250 ariditatem
1829 1193 2143 1279 pristinam,

543 1283 700 1356 quasi
731 1283 1014 1356 productis
1045 1281 1254 1352 herbis,
1296 1282 1544 1341 scientiae
1572 1282 1858 1340 viriditate
1887 1284 2143 1342 vestitur.

542 1372 674 1440 Quae
703 1372 1009 1430 conditoris
1032 1372 1208 1429 nostri
1226 1373 1397 1446 gratia
1416 1372 1599 1429 adhuc
1617 1372 1779 1429 nobis
1799 1373 1966 1431 altius
1985 1391 2148 1432 com-

545 1462 863 1532 mendatur,
890 1479 1016 1521 cum
1049 1462 1336 1521 subditur:

780 1633 1012 1692 CAPUT
1036 1634 1253 1693 xxvu
1285 1631 1426 1707 [γει.
1460 1632 1580 1697 XX,
1610 1633 1729 1690 Rec.
1754 1631 1900 1706 XV].

614 1752 787 1813 Vnus.
820 1751 910 1810 28.
933 1783 1004 1794 —
1027 1750 1156 1820 Quis
1175 1757 1250 1807 est
1271 1749 1472 1823 pluvia:
1493 1751 1696 1823 pater?
1722 1750 1805 1805 vel
1831 1748 1952 1821 quis
1975 1748 2153 1823 genuit
2182 1761 2229 1824 Β

542 1844 720 1900 stillas
748 1842 892 1897 roris
910 1843 939 1897 Ϋ

613 1961 702 2020 54.
735 1961 911 2018 Imber
938 1959 1022 2015 hic
1047 1958 1409 2025 voluntarius,
1438 1974 1547 2014 non
1585 1973 1689 2032 pro
1716 1956 1917 2013 nostris
1943 1957 2146 2012 meritis

542 2053 725 2108 datur.
757 2050 1066 2122 Aliquando
1097 2055 1352 2120 tanquam
1390 2065 1481 2104 ros
1526 2047 1718 2113 stillat,
1765 2047 2059 2119 aliquando
2092 2054 2151 2102 ut

539 2138 732 2213 pluvia
760 2140 985 2194 ubertim
1004 2144 1207 2195 manat.
1240 2167 1312 2179 —
1335 2138 1419 2194 Ac
1445 2135 1492 2193 si
1528 2135 1736 2194 diceret
1765 2135 1876 2192 nisi
1900 2151 2021 2210 ego,
2052 2135 2148 2209 qui

543 2229 745 2288 siccam
774 2235 975 2285 terram
1028 2225 1259 2285 humani
1310 2224 1493 2285 cordis
1526 2224 1696 2299 guttis
1726 2224 1971 2283 scientiae
2019 2241 2149 2297 gra-

542 2319 686 2376 tuito
729 2334 974 2392 aspergo.
1028 2317 1108 2376 De
1157 2315 1263 2374 hac
1303 2315 1454 2374 enim
1499 2315 1691 2389 pluvia
1738 2312 1875 2372 alias
1901 2313 2144 2371 dicitur:

540 2408 793 2467 Pluviam
805 2407 1169 2465 voluntariam
1185 2407 1204 2441 ¹
1225 2406 1465 2478 segregab
1472 2404 1538 2475 is,
1550 2407 1720 2474 Deus,
1733 2403 2029 2460 hwreditati
2051 2409 2150 2458 tua:

541 2501 721 2570 (Psal.
754 2516 928 2566 van,
964 2496 1079 2569 10).
1114 2495 1503 2553 Voluntariam
1533 2494 1736 2568 quippe
1767 2493 2013 2566 pluviam
2041 2492 2147 2549 hae-

549 2588 772 2646 reditati
799 2604 912 2644 suae
937 2585 1210 2643 Dominus
1238 2593 1503 2658 segregat,
1544 2583 1675 2656 quia
1701 2598 1814 2639 non
1843 2599 1962 2638 eam
1987 2582 2149 2639 nobis

543 2697 641 2752 pro
668 2676 871 2734 nostris
897 2674 1139 2742 meritis,
1173 2673 1268 2731 sed
1297 2690 1396 2747 pro
1439 2689 1552 2730 sua:
1580 2687 1810 2729 munere
1843 2671 2147 2745 benignita-

542 2768 615 2826 tis
638 2772 878 2842 prtestat.
908 2765 983 2820 Et
1012 2762 1230 2821 idcirco
1250 2761 1356 2820 hoc
1384 2762 1505 2820 loco
1525 2768 1679 2835 pater
1698 2760 1902 2834 pluvias
1917 2759 2146 2829 dicitur,

545 2857 677 2932 quia
704 2870 942 2930 superna
963 2852 1127 2912 nobis
1146 2851 1465 2927 praedicatio
1484 2868 1599 2909 non
1617 2850 1685 2909 de
1703 2857 1895 2907 nostro
1924 2850 2144 2919 merito,

545 2946 642 3005 sed
669 2946 737 3005 de
764 2944 885 3020 ejus
913 2944 1086 3021 gratia
1114 2950 1425 3017 generatur.
1473 2941 1647 2999 Stillm
1688 2941 1836 2999 enim
1868 2941 2010 2999 roris
2040 2941 2147 3014 ipsi

543 3037 720 3096 sancti
750 3036 1135 3110 praedicatores
1163 3042 1314 3105 sunt,
1351 3033 1373 3069 ³
1415 3031 1512 3107 qui
1539 3048 1671 3090 arva
1698 3032 1934 3107 pectoris
1972 3031 2147 3089 nostri

543 3129 687 3187 inter
707 3128 851 3184 mala
878 3128 1010 3183 vita:
1034 3126 1340 3197 praesentis,
1372 3124 1531 3196 quasi
1550 3124 1695 3179 inter
1721 3122 1973 3180 tenebras
1993 3123 2150 3179 siccae
2183 3126 2228 3188 C.

544 3217 724 3275 noctis
752 3214 982 3284 arentia,
1017 3214 1193 3286 gratia
1233 3227 1481 3284 supernae
1511 3211 1781 3282 largitatis
1819 3210 2144 3268 infundunt.

543 3308 624 3363 De
652 3304 741 3361 his
782 3302 947 3360 stillis
976 3300 1290 3358 contumaci
1330 3298 1531 3356 Iudaea
1567 3297 1808 3356 dicitur:
1858 3298 2148 3371 Propterea

537 3392 818 3468 prohibita:
848 3397 975 3447 sunt
995 3392 1141 3453 942
1161 3388 1320 3444 stilla:
1339 3386 1677 3459 pluviarum,
1702 3394 1750 3443 et
1767 3386 2029 3442 serotinus
2051 3388 2147 3442 im-

544 3495 633 3551 ber
652 3510 763 3550 non
788 3491 897 3564 fuit
929 3491 1150 3563 (Jerem.
1174 3505 1259 3557 ιιι,
1284 3487 1364 3561 3).
1395 3489 1532 3562 Ipsae
1555 3487 1758 3561 quippe
1775 3488 1796 3527 ³
1827 3486 1989 3543 stillae
2007 3486 2149 3544 roris

542 3590 673 3641 sunt
697 3599 819 3656 qua
848 3579 1013 3638 stillae
1043 3576 1377 3652 pluviarum.
1412 3575 1646 3645 Quando
1672 3576 1823 3633 enim
1851 3575 2148 3647 dispensa—

541 3672 694 3730 tione
717 3671 905 3745 aliqua
930 3666 1378 3744 praedicationem
1415 3673 1747 3738 temperant,
1778 3665 1934 3739 quasi
1966 3681 2146 3722 rorem

541 3769 793 3820 tenerum
822 3765 1139 3834 aspergunt.
1167 3755 1398 3827 Quando
1415 3772 1549 3813 vero
1568 3772 1632 3812 ea
1656 3771 1780 3830 quae
1806 3754 1874 3812 de
1892 3753 2147 3829 supernis

540 3851 789 3911 sentiunt
808 3851 1015 3909 virtute
1025 3865 1133 3924 qua
1150 3847 1453 3921 prmvalent
1470 3847 1792 3920 loquuntur,
1812 3844 1969 3920 quasi
1990 3843 2146 3901 uber-

542 3944 642 4001 tim
670 3947 986 4000 manantem
1008 3937 1257 4012 pluviam
1286 3936 1551 3993 fundunt.
1573 3937 1594 3971 ⁴
1610 3937 1810 3993 Rorem
1829 3933 2148 4007 aspergebat

540 4033 766 4100 Paulus,
793 4047 921 4088 cum
949 4027 1258 4087 Corinthiis
1293 4026 1536 4086 diceret:
1585 4027 1707 4084 Non
1749 4024 1886 4079 enim
1905 4023 2148 4094 judicavi

540 4121 676 4178 scire
714 4137 794 4178 me
835 4119 1047 4192 aliquid
1084 4118 1223 4175 inter
1259 4134 1373 4183 vos,
1421 4115 1527 4172 nisi
1564 4114 1838 4171 Christum
1872 4115 2072 4182 Iesum,
2100 4119 2147 4169 et

540 4211 676 4266 hunc
706 4210 1026 4281 cruciﬁxum
1058 4208 1116 4279 (Ι
1145 4208 1271 4265 Cor.
1308 4222 1369 4273 II,
1413 4205 1495 4277 2).
1527 4205 1600 4260 Et
1643 4219 1860 4259 rursum
1896 4201 2144 4274 pluviam

542 4299 816 4369 manabat,
845 4298 1072 4357 dicens:
1109 4298 1180 4356 Os
1207 4301 1450 4352 nostrum
1470 4299 1620 4368 patet
1635 4293 1709 4349 ad
1737 4309 1850 4358 vos,
1879 4308 1909 4347 ο
1941 4291 2146 4348 Corin-

543 4388 657 4456 thii,
688 4405 780 4444 cor
805 4395 1050 4445 nostrum
1071 4387 1358 4445 dilatatam
1384 4392 1460 4442 est
1482 4385 1579 4456 (ΙΙ
1603 4383 1728 4441 Cor.
1753 4400 1833 4452 v1,
1858 4381 1971 4453 11).
2004 4381 2147 4438 Hinc

2255 482 2473 540 interna
2502 482 2776 557 projiciat.
2808 486 2996 560 Neque
3022 485 3172 543 enim
3201 486 3283 545 sic
3310 487 3524 564 colligit
3547 492 3772 565 electos,
3800 505 3862 554 ut

2256 589 2368 630 non
2409 574 2573 631 etiam
2601 575 2816 650 judicet
2846 576 3145 650 reprobos;
3195 592 3373 652 neque
3411 578 3493 637 sic
3529 582 3862 655 quibusdam

2254 666 2444 737 culpas
2472 667 2704 738 relaxat,
2736 675 2801 725 ut
2830 683 2941 725 non
2971 677 3024 725 et
3052 667 3111 725 in
3142 669 3471 743 quibusdam
3501 672 3688 733 feriat.
3719 677 3861 736 Scri-

2256 763 2411 828 ptum
2442 757 2644 830 quippe
2670 765 2784 814 est:
2815 759 2838 794 ⁸
2869 757 3241 815 Misericordia
3269 759 3409 815 enim
3448 767 3495 817 et
3530 760 3626 818 ira
3660 767 3729 822 ab
3770 767 3868 825 illo

2259 844 2450 918 (Eccli.
2476 864 2535 915 v,
2566 847 2644 919 7).
2688 846 2843 903 Unde
2882 844 2977 903 hic
3020 864 3238 922 quoque
3282 859 3573 924 postquam
3607 861 3691 912 tot
3720 855 3868 914 dona

2257 938 2444 1008 gratia;
2474 934 2683 1003 intulit,
2718 936 2884 992 etiam
2903 936 3000 994 iras
3030 952 3141 993 suae
3166 936 3383 1009 judicia
3410 957 3523 998 non
3550 943 3865 1004 abscondit.

2256 1026 2393 1083 Nam
2419 1026 2711 1100 sequitur:

2613 1138 2843 1198 CAPUT
2875 1138 3115 1199 XXVIII
3146 1137 3286 1215 [Vet.
3330 1142 3509 1219 XXI].

2328 1259 2502 1318 Vnus.
2525 1259 2614 1318 29.
2649 1292 2719 1302 —
2743 1262 2821 1319 De
2850 1261 3003 1333 cujus
3032 1267 3181 1319 utero
3225 1280 3431 1336 egressa
3474 1272 3552 1322 est
3575 1268 3792 1340 glacies,
3821 1276 3871 1328 et

2254 1350 2372 1422 gelu
2399 1350 2462 1405 de
2485 1352 2611 1408 coelo
2640 1352 2762 1422 quis
2791 1352 3016 1424 genuit?

2325 1440 2415 1497 55.
2445 1441 2621 1498 Judwi
2650 1442 2942 1514 reprobati,
2984 1441 3141 1514 quasi
3166 1459 3235 1501 ea:
3262 1444 3640 1504 misericordia
3668 1448 3869 1505 divina.-

2257 1535 2406 1587 utero
2433 1530 2601 1602 ejecti,
2636 1532 2752 1589 licet
2781 1551 2816 1589 a
2860 1532 3058 1589 sanctis
3090 1532 3421 1606 pauiarchis
3460 1536 3586 1593 orti.
3617 1567 3688 1579 —
3712 1537 3865 1607 Quid

2256 1618 2406 1675 enim
2430 1620 2585 1678 aliud
2611 1620 2670 1677 in
2700 1623 2827 1696 gelu
2855 1622 2944 1680 vel
2971 1620 3145 1696 glacie
3171 1622 3280 1680 nisi
3316 1622 3516 1696 frigida
3535 1631 3591 1681 et
3615 1624 3869 1699 perﬁdia

2257 1716 2478 1783 torpore
2507 1712 2807 1770 constricta
2831 1714 3137 1787 accipimus
3169 1714 3335 1773 corda
3360 1714 3676 1773 Judaeorum
3695 1716 3725 1773 7
3756 1715 3868 1785 Qui

2258 1799 2535 1874 quondam
2553 1817 2651 1874 per
2670 1802 3048 1875 acceptionem
3074 1804 3231 1878 legis,
3252 1822 3347 1878 per
3365 1805 3675 1864 custodiam
3704 1822 3864 1862 man-

2254 1887 2528 1960 datorum,
2560 1907 2657 1962 per
2682 1890 2994 1951 ministeria
3025 1893 3309 1964 sacriﬁcii,
3326 1911 3426 1968 per
3450 1894 3719 1969 mysteria
3738 1910 3865 1968 pro-

2254 1976 2474 2050 phetiae,
2504 1978 2588 2037 sic
2626 1979 2774 2036 intra
2802 1979 2987 2037 sinum
3018 1983 3228 2054 gratim,
3259 1984 3417 2057 quasi
3445 1985 3596 2043 intra
3638 1992 3865 2043 uterum

2255 2069 2535 2138 creatoris,
2568 2067 2931 2128 habebantur.
2973 2070 3080 2128 Sed
3110 2072 3259 2145 quia,
3304 2074 3564 2133 veniente
3594 2076 3869 2145 Domino,

2256 2159 2540 2217 constricti
2569 2159 2771 2232 frigore
2797 2158 3061 2232 perﬁdia,
3091 2159 3367 2217 fervorem
3388 2160 3521 2219 ﬁdei
3534 2170 3590 2219 et
3610 2164 3873 2223 caritatis

2257 2251 2579 2319 amiserunt,
2601 2267 2631 2307 a
2659 2258 2866 2307 secreto
2899 2250 3086 2324 gratim
3112 2252 3241 2310 sinu
3268 2250 3522 2324 projecti,
3554 2255 3721 2327 quasi
3750 2256 3871 2328 gla-

2256 2340 2388 2408 cies,
2419 2341 2487 2397 de
2507 2347 2665 2398 utero
2691 2340 2955 2399 creatoris
2982 2340 3185 2413 egressi
3215 2348 3378 2397 sunt:
3416 2343 3494 2398 Et
3509 2344 3631 2413 gelu
3650 2344 3719 2400 de
3739 2348 3867 2404 calo

2257 2431 2376 2500 quis
2398 2434 2611 2503 genuit?
2631 2432 2776 2499 Quid
2796 2431 2893 2488 hic
2908 2431 3062 2488 aliud
3088 2433 3315 2502 coelum,
3346 2431 3459 2489 nisi
3485 2427 3747 2494 sublimis
3774 2437 3865 2495 de-

2257 2518 2350 2575 bet
2365 2518 2599 2592 intelligi
2616 2519 2731 2576 vita
2746 2528 3063 2578 sanctorum
3078 2520 3106 2578 ?
3123 2522 3218 2579 cui
3237 2521 3378 2579 caelo
3396 2521 3623 2580 dicitur:
3643 2525 3866 2583 Attende

2256 2611 2461 2675 calum,
2491 2616 2540 2664 et
2567 2611 2761 2680 loquar
2786 2610 2972 2681 (Deut.
3000 2626 3181 2678 χχχιι,
3208 2611 3287 2683 1).
3306 2611 3427 2668 Νοιι
3445 2612 3595 2670 enim
3621 2613 3855 2672 insensi-

2257 2697 2381 2768 bili,
2397 2698 2495 2756 sed
2512 2698 2830 2756 rationabili
2848 2706 3111 2757 creaturae
3141 2699 3484 2773 loquebatur.
3502 2702 3581 2758 De
3597 2701 3707 2760 hoc
3721 2704 3857 2761 ccelo

2256 2786 2526 2844 Dominus
2549 2786 2658 2843 ait:
2710 2786 3081 2851 Caelummihi
3116 2788 3257 2845 sedes
3282 2795 3356 2845 est
3375 2790 3538 2860 (Isai.
3570 2775 3732 2861 var,
3768 2794 3850 2865 1).

2255 2879 2335 2935 De
2362 2892 2471 2950 qua
2494 2875 2622 2932 sede
2649 2876 2786 2932 alias
2813 2876 3084 2949 scriptum
3111 2884 3195 2935 est
3224 2880 3281 2934 ⁶;
3311 2878 3507 2934 Anima
3535 2878 3679 2949 justi
3703 2883 3852 2938 sedes

2256 2967 2528 3040 sapientia
2551 2972 2644 3023 est.
2669 2967 2812 3035 Quia
2847 2983 2977 3041 ergo
3004 2968 3279 3040 sapientia
3303 2974 3387 3025 est
3410 2970 3571 3036 Deus,
3602 2968 3649 3025 si
3682 2971 3844 3028 sedes

2256 3057 2357 3114 Dei
2386 3057 2586 3115 caelum
2614 3064 2719 3125 est,
2763 3064 2819 3114 et
2844 3056 3031 3114 anima
3051 3054 3193 3130 justi
3233 3056 3389 3114 sedes
3432 3064 3515 3114 est
3541 3056 3852 3130 sapientiae,

2258 3148 2455 3205 coelum
2487 3155 2569 3204 est
2596 3147 2788 3219 utique
2803 3147 2989 3204 anima
3001 3145 3159 3219 justi.
3189 3146 3403 3205 Caelum
3422 3146 3532 3203 fuit
3550 3146 3855 3217 Abraham,

2256 3239 2457 3294 coelum
2484 3239 2654 3306 Isaac,
2684 3236 2885 3295 omium
2913 3237 3102 3295 Iacob.
3151 3237 3259 3295 Sed
3301 3238 3432 3312 quia
3476 3245 3860 3311 persecutores

2256 3327 2481 3386 Domini
2500 3327 2789 3400 pontiﬁces
2805 3328 3122 3387 Iudaeorum
3143 3328 3387 3402 perﬁdia:
3420 3335 3638 3401 torpore
3665 3329 3855 3402 frigidi

2256 3416 2323 3473 de
2354 3416 2576 3473 illorum
2604 3423 2822 3489 patrum
2871 3418 3130 3490 progenie
3168 3424 3572 3490 processerunt,
3603 3416 3759 3489 quasi
3790 3416 3855 3474 de

2256 3506 2395 3563 casio
2427 3507 2553 3580 gelu
2598 3505 2757 3574 exiit,
2799 3508 2930 3580 quia
2969 3506 3038 3564 de
3083 3505 3311 3564 sublimi
3340 3507 3495 3579 prole
3539 3513 3851 3564 sanctorum

2257 3594 2521 3668 processit
2566 3594 2768 3668 frigida
2808 3596 2964 3669 plebs
3003 3595 3336 3653 inﬁdelium.
3395 3595 3535 3654 Cum
3583 3595 3737 3653 enim
3787 3595 3853 3653 de

2258 3683 2537 3741 Abraham
2564 3691 2724 3743 natus
2751 3693 2834 3742 est
2860 3683 3115 3758 Caiphas,
3148 3684 3286 3758 quid
3312 3684 3466 3742 aliud
3493 3684 3599 3741 nisi
3631 3684 3763 3757 gelu
3788 3683 3853 3741 de

2255 3776 2394 3833 coelo
2424 3777 2689 3848 processit
2710 3776 2739 3833 ‘l
2767 3774 2928 3844 Quod
2964 3782 3147 3833 tamen
3177 3774 3303 3848 gelu
3345 3774 3553 3832 idcirco
3580 3775 3849 3832 Dominus

2256 3866 2509 3938 genuisse
2536 3880 2594 3921 se
2621 3863 2779 3932 dicit,
2812 3865 2944 3936 quia
2967 3864 3206 3934 Iudaeos,
3227 3880 3368 3937 quos
3389 3864 3718 3922 naturaliter
3736 3864 3848 3938 ipse

2254 3954 2431 4012 bonos
2456 3953 2729 4022 condidit,
2742 3953 2894 4026 justo
2908 3952 3129 4026 judicio
3146 3971 3244 4028 per
3261 3971 3453 4012 eorum
3474 3954 3747 4013 malitiam
3760 3953 3853 4011 fri-

2256 4045 2411 4118 gidos
2447 4062 2480 4101 a
2506 4061 2567 4101 se
2594 4044 2747 4101 exire
2775 4044 3045 4117 permisit.
3078 4047 3350 4104 Dominus
3378 4047 3528 4104 enim
3554 4052 3751 4103 auctor
3775 4053 3855 4102 est

2255 4143 2485 4203 naturas,
2514 4150 2626 4190 non
2655 4135 2849 4208 culpae.
2875 4134 3079 4193 Genuit
3105 4152 3235 4209 ergo
3265 4134 3504 4194 creando
3531 4135 3853 4192 naturaliter

2255 4241 2391 4300 quos
2419 4224 2640 4298 iniquos
2666 4223 2918 4297 permisit
2947 4224 3135 4282 vivere
3153 4224 3444 4283 tolerando
3464 4223 3750 4296 patienter.
3779 4224 3855 4280 Et

2255 4315 2386 4389 quia
2410 4315 2507 4373 illa
2534 4312 2814 4390 quondam
2842 4321 3030 4372 tenera
3050 4330 3116 4372 ac
3136 4314 3267 4372 ﬁdei
3298 4311 3660 4387 penetrabilis
3684 4313 3849 4372 corda

2254 4406 2589 4475 Iudaeorum,
2622 4406 2680 4462 in
2710 4404 2953 4478 perﬁdiae
2982 4404 3335 4477 postmodum
3365 4402 3740 4462 obstinatione
3757 4402 3849 4461 du-

541 4482 639 4568 est.
650 4474 799 4568 quod
824 4476 1063 4568 bioyses,
1095 4476 1192 4550 qui
1234 4484 1290 4533 et
1329 4473 1542 4568 valida“
1565 4473 1849 4568 fortibus,—
1870 4478 1926 4529 et
1958 4477 2145 4568 tenera
2174 4493 2221 4553 Β
2252 4504 2369 4554 rata
2396 4503 2547 4565 sum,
2574 4473 2729 4554 ’τθοιέ
2753 4473 3112 4568 sabinas—iml-
3137 4512 3149 4551 ;

547 4560 784 4620 inﬁrmis
810 4562 1092 4621 dicturum
1122 4580 1181 4620 se
1208 4572 1459 4634 noverat,
1489 4563 1745 4622 dicebat:
1794 4564 2144 4634 Exspectetur

541 4654 677 4712 sicut
699 4652 890 4725 pluvia
939 4654 1206 4723 eloquium
1249 4670 1441 4722 meum,
1480 4659 1528 4709 et
1554 4652 1863 4709 descendant
1892 4651 2027 4706 sicut
2052 4666 2142 4705 ros

544 4745 702 4802 verba
729 4761 845 4802 mea
861 4744 1049 4813 (Deut.
1082 4757 1264 4810 χχχιι,
1295 4741 1378 4813 2).

613 4834 720 4894 Sed
746 4850 873 4894 ecce
900 4830 1219 4892 audivimus
1262 4846 1373 4904 quo
1408 4845 1634 4887 munere
1667 4828 1944 4903 gentilitas
1969 4843 2143 4885 voca-

542 4935 652 4997 tur;
671 4926 961 4989 audiamus
974 4940 1126 4984 nunc
1145 4938 1254 4998 qua
1271 4920 1618 4987 districtione
1631 4919 1822 4979 Iudaea
1832 4919 2138 4993 repellitur.

542 5016 878 5074 Audivimus
905 5012 1182 5091 quomodo
1210 5011 1424 5070 deserta
1451 5011 1688 5081 excolat,
1719 5008 1931 5068 arentia
1957 5007 2140 5066 infun-

618 5235 634 5304 ἕ
665 5231 839 5291 Laud.
850 5276 865 5302 ,
896 5238 1117 5304 segrege
1131 5231 1292 5287 Deus.

616 5303 639 5338 ³
667 5300 863 5373 Laud.,
894 5300 987 5374 qui
1014 5300 1192 5358 ardua
1218 5300 1469 5373 pectoris.

617 5375 639 5407 ³
666 5375 723 5444 lu
753 5370 946 5443 cum;
978 5375 1141 5428 stellae
1170 5370 1312 5427 roris
1339 5377 1461 5425 sunt
1489 5388 1608 5442 quo:
1625 5370 2142 5444 stellcegpluviarum.

544 5443 835 5517 Manifesto
850 5461 1053 5517 errore,
1077 5460 1237 5517 quem
1252 5459 1324 5517 ex
1343 5443 1833 5517 parteemendavit
1848 5444 2142 5517 (iusserim,

546 5512 641 5572 sed
671 5514 901 5570 retinuit
930 5512 1439 5586 stella'pluviarum.
1476 5514 1581 5570 Ubi
1611 5523 1823 5571 constat
1854 5513 2144 5586 legendum

545 5586 695 5643 stilla
717 5584 1182 5657 pluviarum,_ut_
1208 5585 1372 5657 etiam
1418 5587 1675 5641 exstatin
1709 5586 1837 5643 Mss.
1883 5584 2144 5657 Vindoc.,

544 5654 1239 5728 duobIRemigngbroic.
1273 5655 1506 5728 aliisque
1545 5657 1760 5726 Norm.,
1794 5657 1851 5711 in
1883 5655 2143 5728 vetustio-

550 5672 716 5715 nuon.
748 5672 903 5712 item:
948 5698 983 5722 .,
1016 5672 1239 5712 nnroxc.
1273 5672 1506 5728 amsque
1545 5672 1760 5726 morm,
1794 5673 1851 5711 ιη
1883 5672 2143 5711 vetustio-

550 5729 706 5786 ribus
728 5726 880 5785 Edit.
905 5672 965 5782 fu
988 5723 1153 5782 Corb.
1180 5725 1362 5781 Germ.
1387 5734 1573 5781 tamen
1596 5728 1798 5798 legitur
1817 5742 2005 5798 supra,
2030 5726 2144 5795 hic,

2250 5566 2485 5638 prudens
2529 5567 2747 5638 thronus
2787 5573 2861 5638 est
2888 5583 3086 5623 sensus.
3131 5567 3203 5623 Et
3246 5566 3327 5638 in
3353 5582 3495 5623 vers.

2254 5634 2608 5710 cautussedes
2637 5643 2714 5710 est
2735 5637 2980 5710 scientiae.
3025 5638 3179 5694 Alias
3206 5636 3551 5710 conjecturas
3585 5634 3845 5709 profere-

2806 4612 3036 4671 CAPUT
3073 4613 3281 4671 XXIX.

2322 4731 2493 4790 Vsus.
2512 4708 2677 4789 30.--
2690 4731 2758 4789 In
2767 4730 3167 4788 similitudinem
3183 4732 3381 4806 lapidis
3395 4747 3549 4805 aqua
3562 4730 3847 4787 durantur.

2331 4826 2475 4885 943
2503 4821 2591 4879 56.
2624 4822 2717 4878 Ea:
2761 4818 2891 4892 ﬁliis
2938 4820 3168 4877 Abrahae
3207 4819 3339 4892 facti
3376 4825 3500 4877 sunt
3545 4818 3767 4893 lapides,
3793 4816 3851 4873 ob

2250 4918 2427 4976 cordis
2472 4918 2772 4985 duritiam;
2819 4925 2866 4976 et
2908 4920 3122 4992 gentiles
3157 4920 3313 4993 prius
3363 4918 3562 4993 lapides
3612 4918 3669 4974 in
3716 4917 3850 4991 ﬁlios

2250 5009 2480 5066 Abrahce
2505 5007 2743 5064 conversi
2769 5014 2909 5066 sunt.
2932 5040 3005 5052 —
3031 5009 3217 5084 Aquas
3234 5009 3385 5066 enim
3414 5008 3647 5081 populos
3675 5001 3849 5077 accipi

2254 5287 2309 5336 et
2336 5280 2503 5350 infra,
2526 5281 2690 5337 stella:
2718 5279 2883 5347 roris,
2909 5286 2957 5335 et
2987 5280 3163 5337 stillas
3186 5280 3352 5336 roris.

2328 5352 2348 5386 ³
2380 5353 2542 5410 Corb.
2567 5352 2749 5424 Germ.
2791 5360 2846 5424 et
2874 5351 3069 5417 Laud.,
3100 5368 3190 5407 ros
3217 5350 3523 5424 aspergebat
3548 5350 3774 5424 Paulus.

2326 5424 2347 5457 ⁵
2382 5425 2600 5497 Ριτιιθιρ
2631 5422 2997 5497 misericordia
3024 5424 3213 5497 e_t_ira,
3243 5421 3447 5497 τέλρᾳρΨ
3474 5422 3633 5497 etaim.

2327 5497 2348 5530 θ
2375 5496 2535 5550 Forte
2561 5495 2724 5550 Prov.
2756 5511 2861 5559 xu,
2889 5495 2980 5563 28,
3012 5494 3108 5551 ubi
3145 5490 3252 5552 sec.
3296 5490 3451 5551 LXX
3479 5494 3711 5619 legitur:
3754 5490 3847 5568 Vir

2327 5566 2485 5619 udens
2529 5567 2747 5619 thronus
2787 5573 2861 5619 est
2888 5583 3086 5619 sensus.
3131 5567 3203 5619 Et
3246 5566 3305 5619 in
3353 5582 3495 5619 vers.
3584 5580 3706 5619 vr.:
3751 5561 3845 5619 νιν

3584 5582 3667 5638 yr.
3693 5580 3717 5638 :_
3756 5575 3845 5619 νιν

2255 5725 2377 5765 mus
2405 5707 2473 5764 ad
2501 5707 2652 5765 hom.
2690 5708 2759 5765 38
2797 5709 2852 5764 in
2881 5710 3093 5783 Evang.
