4152 6182
372 296 481 356 509

1088 302 1461 362 MORALIUM
1499 306 1634 365 LIB.
1677 308 1888 368 XXIX.
1927 341 1999 355 —
2033 314 2108 372 IN
2142 314 2370 375 CAPUT
2407 319 2699 379 XXXVIII
2736 323 2799 380 B.
2839 324 2982 383 JOB.

3569 336 3678 395 510

366 422 485 496 jam
509 421 719 533 saepiqs
1078 444 1165 533 m‘e
1208 431 1457 533 memini.
1490 434 1507 467 ¹
1540 434 1603 490 In
1627 435 1818 533 lapide
1843 453 1974 495 vero
2000 441 2054 502 A
2147 441 2242 499 58.
2275 443 2432 501 Dicta
2459 444 2523 502 de
2547 447 2855 504 Judaorum
2882 450 3089 510 duritia
3116 461 3166 512 et
3197 460 3588 533 reprobatione,
3619 466 3683 521 de

371 527 475 585 pro
504 510 626 584 ipsa
651 511 860 571 duritia
889 514 1187 589 aliquando
1216 520 1447 590 gentiles
1476 523 1667 595 populi
1690 522 1981 596 designan-

369 609 487 658 tur.
508 600 622 673 Ipsi
640 601 846 675 quippe
873 604 1086 676 lapides
1121 608 1433 667 coluerunt.
1454 611 1529 667 Et
1544 610 1612 669 de
1635 612 1724 669 his
1742 629 1839 687 per
1850 615 1980 672 Pro-

369 692 598 767 phetam
619 691 831 750 dictum
861 702 973 752 est:
1001 697 1210 755 Similes
1235 699 1349 757 illis
1378 702 1514 773 fiant
1535 703 1629 774 qui
1657 703 1868 775 faciunt
1893 723 1976 776 ea,

369 789 420 839 et
460 799 636 839 omnes
670 782 764 854 qui
807 785 1081 857 conﬁdunt
1120 787 1179 842 in
1224 789 1297 845 eis
1326 790 1685 863 (Psal.cx1u,
1707 794 1787 867 8).
1824 794 1979 852 Unde

369 873 613 929 Joannes
640 871 858 930 Iudaeos
887 875 1158 947 aspiciens
1190 877 1213 914 ⁸
1242 896 1301 937 se
1329 879 1398 937 de
1425 888 1714 941 stemmate
1744 901 1978 958 genera-

370 961 545 1020 tionis
580 962 870 1031 extollere,
919 971 975 1020 et
1020 966 1248 1038 gentiles
1291 970 1601 1042 praevidens
1640 973 1710 1030 ad
1738 974 1976 1033 Abrahae

372 1052 585 1125 prolem
605 1050 737 1107 ﬁdei
756 1052 1072 1125 cognitione
1092 1057 1350 1129 transire,
1370 1059 1481 1117 ait:
1506 1061 1584 1118 Ne
1610 1063 1786 1120 uelitis
1804 1065 1978 1122 dicere

369 1142 518 1198 intra
540 1160 655 1211 eos,
676 1143 895 1217 Patrem
912 1145 1162 1203 habemus
1191 1148 1486 1208 Abraham.
1518 1152 1648 1209 Dico
1669 1155 1807 1210 enim
1833 1156 1977 1213 vobis

370 1231 500 1303 quia
525 1237 715 1305 potens
741 1238 817 1288 est
840 1234 985 1290 Deus
1012 1235 1075 1292 de
1112 1239 1382 1310 lapidibus
1407 1241 1525 1298 istis
1554 1243 1810 1301 suscitare
1837 1246 1977 1318 ﬁlios

371 1321 606 1378 Abralue
627 1320 842 1393 (Matth.
861 1339 947 1393 III,
967 1324 1060 1396 9);
1092 1326 1302 1400 lapides
1328 1331 1521 1404 utique
1549 1331 1718 1390 duros
1745 1334 1978 1406 perﬁdia

372 1412 603 1484 gentiles
625 1413 646 1448 ³
667 1428 893 1471 vocans.
918 1412 1058 1481 Quia
1085 1431 1214 1488 ergo
1242 1418 1485 1490 primum
1516 1420 1707 1478 Iudaea
1722 1423 1837 1480 Deo
1861 1439 1979 1482 cre-

372 1500 537 1572 didit,
550 1502 860 1576 gentilitate
874 1504 1027 1561 omni
1047 1504 1106 1561 in
1121 1507 1368 1579 perﬁdia:
1382 1524 1495 1566 suae
1507 1510 1879 1570 obstinatione
1894 1529 1976 1571 re-

373 1598 648 1661 manente,
678 1591 1032 1664 postmodum
1053 1609 1184 1652 vero
1202 1596 1275 1653 ad
1303 1596 1469 1655 ﬁdem
1498 1600 1789 1672 gentilium
1810 1601 1976 1659 corda

373 1685 588 1742 mollita
614 1692 766 1754 sunt,
784 1692 841 1742 et
856 1684 1175 1745 Iudaeorum
1200 1686 1504 1748 inﬁdelitas
1521 1691 1813 1759 obdurata,
1833 1692 1975 1751 bene

2090 531 2294 587 Satana
2306 540 2529 604 possunt
2544 535 2785 608 intelligi.
2802 566 2874 580 --
2890 537 2995 596 Per
3014 540 3121 600 hoc
3132 558 3265 602 vero
3293 550 3440 621 quod
3468 531 3677 613 dictum

2087 626 2170 677 est
2192 638 2205 675 :
2235 621 2315 678 De
2340 625 2495 696 cujus
2520 631 2670 682 utero
2688 643 2891 699 egressa
2913 635 2990 685 est
3014 633 3224 703 glacies,
3254 642 3303 690 et
3327 639 3447 709 gelu
3473 640 3535 697 de
3558 645 3683 699 cailo

2087 713 2205 783 quis
2227 716 2403 785 genuit
2421 719 2449 772 ?
2477 717 2642 774 etiam
2680 718 2844 775 Satan
2874 720 2931 777 in
2963 723 3087 796 gelu
3112 730 3166 781 et
3195 726 3366 797 glacie
3395 728 3474 785 nil
3503 730 3684 790 obstat

2085 800 2341 893 intelligi.
2374 805 2492 877 Ipse
2511 807 2713 880 quippe
2742 808 2898 883 quasi
2916 809 2985 867 de
3012 813 3111 869 Dei
3143 822 3302 872 utero
3332 817 3532 888 glacies
3558 836 3684 893 pro-

2084 892 2267 961 cessit,
2285 893 2415 967 quia
2438 911 2470 951 a
2488 896 2668 952 calore
2694 907 3029 956 secretorum
3050 900 3189 974 ejus,
3212 904 3439 962 malitiae
3457 892 3680 980 torpore

2083 979 2340 1053 frigidus,
2388 983 2645 1057 magister
2691 986 3000 1061 iniquitatis
3041 991 3235 1050 exivit.
3280 996 3402 1068 Ipse
3445 979 3569 1071 gelu
3613 997 3681 1054 de

2083 1072 2223 1127 caalo
2250 1080 2332 1127 est
2360 1073 2597 1145 genitus,
2626 1077 2757 1149 quia
2783 1080 3187 1139 constricturus
3214 1084 3381 1142 corda
3405 1087 3681 1161 reprobo—

2082 1176 2228 1228 rum,
2277 1177 2311 1217 a
2355 1164 2588 1219 summis
2617 1165 2809 1222 cadere
2837 1176 2916 1224 est
2962 1170 3030 1227 ad
3072 1171 3186 1228 ima
3217 1176 3533 1245 permissus.
3571 1178 3677 1245 Qui

2082 1247 2221 1305 bene
2250 1249 2309 1305 in
2338 1250 2653 1312 caalestibus
2679 1255 2960 1328 conditus,
2991 1260 3049 1316 in
3077 1263 3252 1336 culpas
3281 1264 3484 1339 frigore
3511 1282 3679 1323 men—

2082 1345 2164 1395 tes
2208 1340 2524 1413 sequacium
2573 1346 2727 1416 quasi
2772 1348 2896 1419 gelu
2924 1349 2946 1384 ⁸
2992 1350 3124 1407 dum
3157 1353 3358 1411 cecidit
3395 1356 3675 1415 astrinxit.

2083 1432 2229 1491 944
2270 1436 2377 1505 Qui
2420 1438 2489 1494 ad
2530 1448 2731 1499 terram
2769 1445 3018 1515 veniens,
3070 1448 3205 1520 quid
3253 1449 3310 1506 in
3355 1449 3678 1511 hominibus

2083 1529 2272 1601 egerit,
2302 1531 2556 1602 expletur
2583 1550 2707 1590 cum
2745 1535 3028 1595 subditur:
3054 1539 3120 1597 In
3148 1541 3346 1613 lapidis
3374 1543 3679 1601 similitudi-

2081 1636 2381 1711 nemaquw
2406 1623 2695 1681 durantur.
2727 1625 2830 1684 Per
2857 1643 3026 1702 aquas
3067 1645 3305 1705 namque
3338 1635 3551 1707 populi,
3582 1652 3679 1711 per

2083 1708 2321 1781 lapidem
2343 1727 2475 1771 vero
2494 1713 2739 1785 ejusdem
2763 1714 2975 1774 Satanae
2995 1718 3203 1778 duritia
3221 1720 3557 1796 designatur.
3574 1708 3680 1781 Illo

370 1775 583 1833 dictum
612 1782 727 1832 est:
762 1775 831 1830 In
852 1775 1255 1835 similitudinem
1276 1780 1475 1852 lapidis
1497 1798 1652 1852 aqua
1678 1782 1969 1841 durantur.

2085 1775 2254 1887 igitur
2267 1799 2332 1856 ad
2355 1800 2468 1856 ima
2488 1775 2761 1873 veniente,
2787 1807 2845 1862 in
2866 1807 3290 1867 similitudinem
3312 1775 3511 1884 lzpidis
3527 1830 3681 1887 aquas

370 1866 453 1922 Ac
480 1865 531 1921 si
559 1864 800 1923 diceret:
834 1866 936 1924 Illa
964 1867 1157 1926 mollia
1183 1885 1248 1929 ac
1274 1872 1639 1945 penetrabilis
1658 1873 1787 1930 ﬁdei
1807 1874 1976 1932 corda

371 1955 689 2012 Iudaeorum
734 1954 792 2013 in
836 1956 1323 2018 insensibilitatem
1369 1969 1664 2019 vertuntur
1700 1964 1971 2036 gentium.

372 2044 513 2104 Cum
543 2047 687 2102 enim
715 2045 1030 2105 misericors
1061 2049 1210 2106 Deus
1237 2057 1425 2123 gentes
1447 2051 1641 2121 traxit,
1677 2053 1852 2110 iratus
1880 2053 1973 2110 lu-

373 2133 544 2192 dasam
572 2136 797 2210 repulit.
814 2137 1126 2211 Actumque
1154 2146 1237 2196 est
1258 2149 1321 2197 ut
1345 2140 1492 2198 sicut
1512 2139 1724 2199 dudum
1754 2141 1824 2199 ad
1855 2158 1974 2215 per-

370 2223 677 2298 cipiendam
697 2224 864 2283 ﬁdem
896 2227 1177 2299 gentilitas
1194 2229 1376 2287 fuerat
1398 2230 1691 2301 obdurata,
1719 2232 1800 2288 ita
1828 2239 1973 2305 post-

372 2314 595 2372 modum
614 2315 685 2374 ad
703 2314 871 2373 ﬁdem
893 2316 1199 2389 gentilitate
1219 2328 1493 2394 suscepta,
1508 2321 1716 2380 Iudaea
1734 2322 1974 2395 populus

370 2406 612 2478 perﬁdiae
648 2414 870 2480 torpore
900 2406 1233 2466 duresceret.
1266 2410 1421 2468 Unde
1440 2411 1645 2468 Paulus
1691 2412 1973 2485 apostolus

366 2496 576 2554 eisdem
607 2496 866 2570 gentibus
886 2495 1059 2556 dicit:
1098 2499 1248 2556 Sicut
1264 2494 1667 2570 aliquando'vos
1693 2518 1798 2557 non
1811 2502 1974 2558 credi-

362 2585 526 2641 distis
554 2586 689 2654 Deo,
735 2601 874 2640 nunc
902 2590 1077 2641 autem
1110 2586 1533 2646 misericordiam
1560 2591 1818 2646 consecuti
1853 2590 1975 2647 estis

352 2678 595 2746 propter
610 2673 834 2730 illorum
849 2673 1304 2742 incredulitatem;
1328 2677 1407 2734 ita
1432 2684 1481 2734 et
1504 2678 1597 2735 isti
1623 2696 1730 2736 non
1748 2680 1973 2736 credide-

358 2766 503 2817 runt
530 2760 587 2815 in
624 2765 799 2815 vestra
824 2760 1215 2828 misericordia,
1247 2769 1306 2819 ut
1330 2770 1380 2820 et
1409 2765 1518 2837 ipsi
1550 2765 1973 2822 misericordiam

363 2853 777 2920 consequantur.
804 2847 1075 2906 Conclusit
1089 2851 1228 2909 enim
1239 2853 1385 2909 Deus
1402 2854 1582 2911 omnia
1603 2855 1662 2911 in
1687 2855 1974 2911 increduli-

369 2949 493 3010 tate,
504 2947 564 2997 ut
580 2940 817 2998 omnium
828 2940 1142 2997 misereatur
1154 2941 1330 3014 (Rom.
1345 2960 1426 3012 χι,
1439 2942 1629 3018 30-32)
1639 2944 1832 3013 .Quam
1849 2961 1970 3003 sen-

366 3032 602 3089 tentiam
629 3046 785 3088 suam
816 3030 1057 3105 primum
1088 3030 1314 3105 quidem
1341 3030 1409 3089 de
1436 3033 1728 3091 vocatione
1756 3035 1970 3093 Iudaeo-

368 3137 515 3191 rum,
561 3128 617 3177 et
660 3120 975 3199 repulsione
1024 3120 1294 3193 gentium,
1344 3122 1697 3195 postmodum
1731 3140 1860 3181 vero
1904 3124 1972 3181 de

368 3210 656 3268 vocatione
674 3209 944 3281 gentium,
959 3216 1016 3266 et
1033 3210 1348 3283 repulsione
1358 3210 1676 3268 Iudaeorum
1691 3211 1973 3269 subtiliter

368 3316 625 3373 pensans,
672 3314 839 3372 seque
877 3299 1100 3356 occulta
1139 3300 1239 3356 Dei
1262 3298 1478 3372 judicia
1503 3302 1972 3375 comprehendere

366 3405 481 3447 non
523 3405 684 3463 posse
724 3387 1097 3458 considerans,
1140 3389 1503 3448 exclamando
1542 3392 1835 3466 subjunxit
1867 3412 1879 3450 :
1930 3394 1975 3451 0

365 3480 593 3536 altitudo
622 3478 938 3536 divitiarum
978 3478 1251 3551 sapientiai
1286 3486 1335 3535 et
1378 3480 1608 3538 scientias
1645 3483 1763 3548 Dei,
1811 3500 1974 3553 quam

366 3568 910 3642 incomprehensibilia
936 3574 1061 3625 sunt
1095 3568 1309 3640 judicia
1336 3569 1470 3640 ejus,
1499 3577 1549 3627 et
1585 3571 1974 3644 inuestigabiles

366 3661 471 3716 vim
498 3658 609 3728 ejus
638 3657 819 3730 (lbid.,
849 3657 942 3729 33)
971 3659 983 3714 l
1034 3657 1191 3715 Unde
1231 3658 1325 3716 hic
1356 3675 1574 3733 quoque
1602 3677 1730 3718 cum
1759 3661 1829 3718 de
1864 3662 1975 3717 Ju-

368 3750 617 3808 daeorum
646 3748 874 3822 perﬁdia
900 3747 1173 3806 Dominus
1190 3747 1430 3807 diceret:
1467 3751 1535 3806 In
1561 3750 1972 3807 similitudinem

370 3837 569 3911 lapidis
595 3854 747 3909 aqua
773 3838 1065 3906 durantur,
1096 3843 1161 3894 ut
1195 3837 1263 3894 de
1302 3837 1618 3912 repulsione
1645 3854 1837 3897 eorum
1869 3857 1975 3898 oc-

365 3928 516 3985 culta
541 3943 658 3985 esse
686 3944 785 3984 sua
820 3926 1035 3999 judicia
1070 3926 1494 3996 demonstraret,
1524 3937 1650 4001 apte
1680 3929 1932 3988 subdidit
1956 3949 1967 3988 :

721 4061 949 4120 CAPUT
985 4063 1149 4120 XXX
1186 4061 1331 4138 [Vet.
1367 4063 1577 4139 XXIII.

434 4179 573 4237 IBlD.
592 4210 664 4220 —
678 4179 752 4236 Et
780 4178 1080 4252 superﬁcies
1098 4178 1277 4251 abyssi
1303 4179 1704 4253 constringitur.

433 4269 522 4325 57.
555 4268 772 4326 Iudicia
798 4266 899 4326 Dei
933 4267 1155 4340 abyssus
1196 4270 1386 4325 multa.
1406 4269 1633 4337 —Quia
1662 4268 1973 4342 superjecto

365 4357 601 4431 quodam
646 4356 973 4431 ignorantiae
1015 4364 1219 4415 nostrae
1264 4357 1559 4428 velamine,
1597 4361 1618 4394 ⁴
1649 4360 1974 4433 incompre-

365 4446 800 4506 hensibilitatem
820 4446 1003 4504 divini
1026 4446 1227 4521 judicii
1256 4446 1514 4504 humanas
1544 4450 1750 4506 mentis
1777 4450 1973 4507 oculus

2082 1885 2289 1943 durata
2335 1896 2485 1959 sunt,
2536 1891 2667 1964 quia
2694 1892 2812 1965 ejus
2852 1895 3120 1952 malitiam
3152 1898 3353 1956 imitati
3404 1885 3678 1972 homines,

2082 1977 2273 2033 mollia
2302 1977 2513 2035 viscera
2553 1981 2838 2039 charitatis
2878 1984 3202 2044 amiserunt.
3240 1988 3413 2062 Cujus
3440 1990 3681 2048 fraudu-

2080 2070 2230 2126 lenta
2254 2072 2485 2129 consilia
2513 2074 2643 2146 quia
2670 2094 2701 2132 a
2727 2075 2970 2135 seductis
2998 2077 3321 2137 hominibus
3341 2080 3678 2155 deprehendi

2080 2175 2194 2217 non
2221 2172 2473 2233 possunt,
2490 2171 2637 2221 recte
2665 2165 3018 2239 subjungitur
3041 2186 3052 2224 :
3078 2170 3153 2224 Et
3179 2171 3479 2242 superﬁcies
3505 2171 3684 2243 abyssi

2081 2250 2479 2323 constringitur.
2512 2252 2682 2309 Aliud
2711 2255 2912 2328 quippe
2938 2257 2989 2313 ei
3037 2255 3369 2314 intrinsecus
3405 2260 3559 2326 latet,
3588 2269 3681 2317 at-

2082 2356 2186 2415 que
2212 2339 2361 2396 aliud
2392 2342 2737 2400 extrinsecus
2759 2344 3020 2403 ostendit.
3045 2345 3422 2420 Transﬁgurat
3450 2348 3597 2405 enim
3625 2366 3683 2406 se

2082 2430 2235 2486 velut
2265 2432 2519 2505 angelum
2550 2433 2691 2490 lucis
2723 2434 2812 2505 (ΙΙ
2838 2435 2964 2492 Cor.
2996 2452 3076 2504 χι,
3112 2436 3224 2510 id),
3256 2445 3311 2494 et
3347 2438 3549 2495 callida
3577 2439 3683 2497 de-

2081 2521 2353 2593 ceptionis
2381 2530 2496 2579 arte
2537 2524 2860 2598 plerumque
2888 2527 3147 2600 proponit
3176 2527 3495 2598 laudabilia,
3525 2536 3588 2586 ut
3614 2528 3684 2586 ad

2082 2611 2280 2670 illicita
2310 2613 2610 2685 pertrahat.
2644 2616 2843 2690 Abyssi
2873 2631 3001 2689 ergo
3038 2618 3355 2689 superﬁcies
3398 2618 3687 2676 constrin-
3729 2672 3734 2676 .

2084 2704 2252 2776 gitur,
2275 2704 2405 2779 quia
2422 2704 2556 2762 dum
2578 2705 2736 2780 quasi
2765 2705 2910 2762 bona
2938 2708 3308 2779 persuasionis
3331 2708 3450 2782 ejus
3477 2708 3684 2781 species

2081 2794 2235 2850 velut
2263 2794 2443 2851 solida
2462 2795 2695 2869 desuper
2723 2797 2922 2870 glacies
2951 2798 3282 2869 ostenditur,
3319 2798 3379 2856 in
3406 2798 3684 2874 profundo

2081 2881 2258 2939 latens
2285 2882 2402 2956 ejus
2440 2886 2655 2943 malitia
2684 2902 2797 2941 non
2827 2886 3069 2944 videtur.

2150 2994 2239 3050 59.
2273 2994 2346 3049 Et
2374 2995 2436 3049 de
2463 2994 2702 3066 superbis
2724 3000 2948 3066 propter
2976 3000 3185 3066 accepta
3212 2994 3353 3050 dona
3378 2994 3687 3052 insolescen-

2081 3083 2237 3139 tibus.
2255 3114 2326 3125 —
2346 3081 2556 3139 Cuncta
2584 3092 2769 3139 tamen
2798 3082 2918 3139 haec
2946 3082 3253 3155 intelligere
3278 3091 3333 3139 et
3361 3082 3522 3139 aliter
3549 3099 3685 3157 pos-

2008 3179 2052 3238 C
2085 3192 2312 3244 sumus,
2367 3172 2415 3231 si
2476 3171 2758 3231 moraliter
2812 3173 3189 3248 exquiramus.
3251 3171 3391 3248 [γει.
3440 3173 3682 3250 ΧΧΙΙΙ.]

2081 3267 2288 3323 Mentes
2321 3281 2559 3340 namque
2588 3263 2880 3322 hominum
2909 3265 3261 3339 omnipotens
3287 3265 3434 3322 Deus
3462 3263 3595 3321 dum
3629 3264 3683 3321 in

2082 3372 2181 3413 suo
2211 3357 2409 3414 timore
2439 3356 2662 3427 format,
2693 3356 2849 3431 quasi
2882 3354 3148 3429 concipit,
3169 3371 3368 3429 easque
3386 3355 3454 3412 ad
3473 3363 3688 3430 apertas

2082 3446 2339 3515 virtutes,
2386 3445 2523 3503 dum
2571 3447 2849 3520 provehit,
2900 3445 3105 3520 gignit;
3153 3445 3248 3503 sed
3277 3446 3323 3501 si
3352 3444 3419 3501 de
3447 3445 3686 3519 acceptis

2082 3537 2389 3593 virtutibus
2426 3535 2795 3606 extolluntur,
2825 3536 3110 3615 relinquit.
3143 3536 3216 3594 Et
3247 3551 3390 3608 saepe
3419 3535 3684 3611 quosdam

2084 3626 2446 3701 cognovimus
2488 3626 2762 3682 malorum
2793 3642 3018 3682 suorum
3056 3624 3495 3683 consideratione
3524 3642 3686 3684 coni—

2082 3717 2273 3789 pungi,
2294 3715 2475 3773 divini
2505 3716 2731 3773 terroris
2754 3731 2955 3787 pavore
2978 3715 3301 3783 fervescere,
3317 3722 3372 3771 et
3389 3731 3485 3787 per
3507 3730 3685 3788 pavo-

2082 3807 2159 3863 ris
2187 3805 2417 3863 exordia
2443 3822 2618 3878 usque
2639 3807 2660 3840 °
2691 3804 2758 3860 ad
2788 3803 3062 3859 virtutum
3109 3820 3327 3860 summa
3359 3804 3679 3875 pervenire;

2087 3896 2183 3955 sed
2211 3897 2344 3954 dum
2373 3896 2441 3953 de
2470 3891 2675 3954 eisdem
2696 3891 2998 3949 virtutibus
3026 3908 3163 3965 quas
3189 3890 3470 3962 accipiunt
3497 3893 3687 3949 extol-

2082 3993 2293 4059 luntur,
2340 3987 2523 4046 inanis
2568 3985 2755 4060 gloriae
2804 3985 2998 4058 laqueo
3023 3982 3257 4052 astricti,
3296 3981 3365 4040 ad
3393 3982 3682 4059 antiquum

2080 4090 2359 4156 torporem
2405 4078 2654 4137 redeunt.
2700 4078 2865 4135 Recte
2906 4090 3033 4149 ergo
3067 4091 3193 4133 cum
3235 4073 3373 4131 tales
3413 4074 3684 4132 Dominus

2080 4171 2305 4246 projicit
2323 4169 2460 4227 dicit
2484 4187 2496 4226 :
2515 4169 2593 4225 De
2610 4167 2761 4239 cujus
2776 4171 2927 4222 utero
2944 4182 3155 4242 egressa
3169 4168 3245 4221 est
3261 4164 3455 4236 glacies
3470 4166 3499 4221 ?
3514 4164 3680 4233 Quasi

2081 4264 2231 4321 enim
2257 4262 2325 4320 de
2352 4261 2451 4319 Dei
2480 4268 2636 4319 utero
2665 4257 2865 4333 glacies
2907 4256 3205 4331 egreditur,
3244 4254 3466 4330 quando
3496 4254 3557 4312 bi
3586 4255 3681 4329 qui

2075 4355 2191 4429 jam
2221 4355 2372 4411 intus
2401 4353 2745 4411 incaluerant
2772 4366 2843 4408 ex
2862 4348 3135 4406 virtutum
3168 4346 3317 4405 dono
3343 4347 3677 4420 frigescunt;

2080 4456 2135 4503 et
2184 4446 2315 4503 inde
2364 4444 2693 4502 exteriorem
2748 4441 2979 4514 gloriam
3040 4447 3323 4514 torpentes
3378 4446 3676 4513 appetunt,

364 4536 680 4594 nullatenus
720 4543 987 4610 penetrat.
1032 4535 1313 4609 Scriptum
1354 4537 1555 4611 quippe
1584 4545 1705 4595 est:
1750 4538 1967 4596 Judicia
1994 4543 2044 4602 D
2073 4535 2223 4594 unde
2242 4538 2262 4571 ⁷
2294 4533 2365 4592 ad
2392 4533 2610 4591 interna
2656 4529 2937 4603 diligenda
2978 4528 3260 4588 ardentius
3296 4529 3526 4603 flagrare
3567 4528 3675 4585 de-

367 4633 459 4683 tua
484 4629 704 4699 abyssus
745 4629 917 4685 multa
949 4627 1124 4699 (Psal.
1154 4642 1330 4695 xxxv,
1364 4628 1443 4700 7).
1475 4629 1649 4685 Nemo
1676 4646 1805 4703 ergo
1832 4646 1969 4702 per-

365 4717 598 4774 scrutari
625 4724 845 4791 appetat
874 4733 973 4775 cur
988 4732 1115 4775 cum
1135 4715 1279 4773 alius
1300 4718 1609 4790 repellitur,
1630 4718 1773 4775 alius
1792 4718 1971 4791 eliga—

366 4812 484 4874 tur;
508 4806 597 4862 vel
617 4822 717 4862 cur
734 4822 865 4863 cum
888 4806 1030 4863 alius
1050 4805 1301 4879 eligitur,
1322 4806 1468 4863 alius
1487 4807 1816 4881 repellatur;
1841 4808 1972 4883 quia

365 4895 683 4969 superﬁcies
711 4894 895 4969 abyssi
920 4895 1338 4970 constringitur,
1360 4904 1436 4967 et,
1455 4904 1745 4957 attestante
1763 4899 1964 4957 Paulo:

364 4984 745 5041 Inscrutabilia
781 4990 907 5040 sunt
941 4983 1154 5054 judicia
1194 4984 1332 5057 ejus,
1368 4993 1417 5043 et
1455 4987 1840 5061 investigabiles
1873 4989 1971 5047 vite

365 5073 478 5145 ejus
509 5074 687 5146 (Rom.
711 5091 795 5142 x1,
828 5073 942 5146 33).

443 5298 955 5383 ‘_Y.indoc.,_.C‘orb.
997 5300 1180 5383 Germ.
1222 5307 1277 5354 et
1319 5301 1454 5371 pler.
1500 5300 1716 5369 Norm.,
1760 5301 1964 5374 lapis...

365 5371 576 5441 gentilis
600 5371 791 5443 populi
819 5371 1144 5444 designatur.

440 5442 463 5477 ³
492 5442 696 5500 Laud..
733 5460 787 5499 se
813 5444 876 5499 de
905 5441 1265 5500 wstimatione.

440 5486 789 5597 igrateltﬂet
819 5515 984 5597 Uticy
1014 5518 1226 5597 uocat.“
1292 5589 1304 5597 _
1348 5582 1361 5597 '
1465 5591 1475 5597 _
1558 5585 1572 5597 ι
1631 5585 1677 5597 _.
1885 5587 1894 5597 _

443 5586 461 5618 ε
492 5584 656 5666 Corb.
691 5585 900 5666 (ierim,
942 5583 1140 5666 Laud,
1185 5582 1482 5666 Pratel._.et
1525 5585 1604 5666 al._
1627 5585 1844 5666 Norm.,
1873 5587 1969 5642 in-

368 5657 968 5728 comprehensibilitas...
1002 5657 1249 5714 humana:
1278 5657 1459 5711 mentis
1485 5658 1635 5713 oculo
1668 5660 1970 5716 nullatenus

364 5733 696 5798 penetratur.

440 5800 461 5833 δ
492 5799 664 5856 Miror
694 5800 799 5874 legi
822 5799 880 5855 in
902 5800 1096 5869 Gilot.,
1123 5798 1438 5857 Gussanvil.
1458 5807 1512 5856 et
1541 5801 1665 5858 aliis
1692 5802 1823 5871 Ed.,
1844 5802 1970 5858 dum

2075 4629 2335 4685 buerunt.
2376 4627 2630 4700 Dumque
2652 4623 2756 4681 iste
2784 4622 2976 4696 signis,
3008 4623 3103 4681 ille
3124 4622 3376 4692 scientia,
3406 4622 3509 4679 iste
3537 4638 3678 4697 pro-

2078 4719 2285 4792 phetia,
2333 4718 2427 4775 ille
2459 4715 2672 4789 magnis
2713 4712 2973 4789 operibus
3002 4714 3193 4787 pollet,
3241 4722 3404 4788 atque
3433 4728 3530 4786 per
3558 4713 3678 4769 hac

2077 4808 2223 4866 dona
2250 4808 2465 4882 placere
2494 4804 2818 4863 hominibus
2861 4804 3094 4878 appetit,
3137 4819 3300 4861 omne
3345 4799 3494 4875 quod
3522 4799 3677 4874 prius

2077 4898 2339 4957 intimum
2367 4899 2630 4967 caluerat,
2677 4894 3008 4953 exteriorem
3043 4893 3262 4951 laudem
3308 4888 3567 4961 diligens,
3614 4888 3675 4945 in

2076 4995 2352 5062 torporem
2377 4987 2564 5045 vertit.
2593 4986 2761 5055 Quasi
2789 5002 2917 5056 ergo
2945 4983 3147 5056 glacies
3175 4979 3244 5038 de
3274 4985 3431 5037 utero
3451 4975 3677 5051 egredi—

2075 5086 2186 5145 tur,
2210 5076 2340 5133 dum
2364 5084 2486 5148 post
2505 5074 2778 5132 donorum
2806 5071 3076 5130 beneﬁcia
3104 5087 3137 5127 a
3155 5066 3675 5142 visceribuspieta-

2077 5298 2279 5363 cecinit,
2301 5296 2447 5372 quod
2476 5311 2640 5372 sensu
2667 5302 2838 5358 caret,
2860 5288 3416 5372 antecedentibnsque
3439 5305 3503 5347 ac
3516 5305 3676 5372 cqu-

2077 5313 2279 5363 cecinit,
2337 5313 2447 5354 uoa
2476 5313 2640 5351 sensu
2667 5313 2838 5358 caret,
2860 5313 3416 5363 anteceueuuuusque
3439 5313 3503 5347 ac
3531 5313 3668 5346 wn-

2077 5313 2432 5444 sequentiaius
2460 5366 2734 5444 cohaerere
2764 5380 2875 5420 non
2906 5372 3101 5444 potest.
3134 5361 3490 5444 antiquiores
3516 5361 3668 5444 ﬁdit.

2076 5433 2248 5497 Paris.
2280 5448 2334 5497 et
2362 5439 2527 5497 Basil.
2559 5436 2763 5493 habent
2791 5433 2940 5509 cuni
2959 5437 3100 5509 Mss.
3128 5435 3255 5490 dum
3282 5433 3482 5509 cecidit.
3516 5433 3676 5509 S_olos

2078 5513 2305 5580 Turon.,
2337 5512 2500 5570 Corb.
2533 5510 2741 5577 Germ.,
2774 5506 2997 5566 Ebroic.
3033 5508 3279 5582 aliosque
3305 5506 3496 5563 Norm.
3545 5507 3674 5563 lau—

2079 5584 2235 5641 dasse
2263 5584 2518 5641 sufﬁciat.

2151 5657 2172 5691 ⁸
2209 5656 2432 5725 Pratel.,
2462 5655 2535 5712 ad
2565 5655 2820 5710 uirtutum
2846 5670 3125 5710 summam.

2150 5730 2170 5763 ⁷
2210 5728 2473 5799 Vindoc.,
2506 5728 2704 5786 Pratel.
2738 5736 2794 5787 et
2818 5729 2890 5787 al.
2920 5727 3131 5797 Norm.,
3160 5726 3233 5783 ad
3260 5730 3476 5783 (eterna.
