4152 6182
476 302 580 361 511

1686 298 1935 357 SANCTI
1968 297 2305 357 GREGORII
2341 298 2543 356 MAGN
2545 300 2568 356 Ι

3676 299 3785 358 512

475 417 548 485 tis
589 439 842 498 supernae
884 429 1189 496 separatur.
1236 423 1444 481 Annon
1485 429 1616 479 sunt
1644 422 1863 495 glacies,
1893 423 2077 497 quiin
2104 426 2156 486 A
2182 441 2336 497 aqua
2379 425 2669 492 durantur,
2716 431 2765 481 et
2807 421 3108 497 superﬁcies
3147 421 3327 495 abyssi
3373 422 3781 496 constringitur,

474 513 776 573 virtutibus
794 527 930 589 quas
957 511 1239 586 accipiunt
1267 512 1457 569 laudes
1483 512 1551 568 ab
1581 511 1909 570 hominibus
1929 529 2073 588 qum-

473 611 605 663 runt
618 603 648 662 ?
666 605 739 661 Et
758 613 942 662 tamen
967 601 1214 661 venienti
1237 602 1417 676 judici
1439 602 1584 659 dona
1601 618 1702 658 sua
1726 602 1796 660 ad
1824 601 1944 675 ejus
1964 619 2074 659 me-

473 694 707 754 moriam
726 700 1068 762 revocantes,
1090 691 1286 749 dicunt
1311 708 1323 748 :
1356 691 1599 761 Domine,
1629 692 1875 758 Domine,
1904 708 2077 748 nonne

408 798 417 801 '
472 786 534 843 in
559 786 766 842 nomine
796 790 882 840 tuo
904 782 1353 856 prophetavimus,
1370 788 1419 838 et
1448 782 1503 837 in
1529 782 1738 838 nomine
1770 788 1857 839 tuo
1886 783 2074 839 daemo-

472 878 566 933 nia
585 875 848 947 ejecimus,
872 880 920 930 et
947 873 1004 930 in
1031 873 1239 929 nomine
1268 878 1355 927 tuo
1380 873 1602 928 virtutes
1628 873 1827 929 multas
1854 872 2073 943 fecimus

476 965 692 1038 (Matth.
715 982 815 1034 vn,
836 963 929 1037 22)
948 963 977 1018 ‘I
1000 962 1113 1019 Sed
1135 960 1412 1036 quomodo
1441 961 1585 1018 hanc
1612 961 1841 1033 glaciem
1872 962 2074 1019 Domi-

474 1070 580 1112 nus
606 1053 860 1128 projiciat
888 1051 1152 1118 ostendit,
1180 1050 1372 1107 dicens
1397 1068 1408 1106 :
1443 1050 1627 1107 Nescio
1649 1068 1738 1105 vos
1766 1052 1904 1107 unde
1931 1052 2071 1118 sitis,

472 1144 716 1201 discedite
728 1162 764 1199 a
775 1160 876 1211 me,
892 1158 1067 1198 omnes
1085 1139 1323 1212 operarii
1337 1140 1637 1212 iniquitatis
1652 1139 1706 1211 (1
1710 1140 1756 1194 b.
1768 1138 1880 1211 ,23)
1892 1182 1903 1195 .
1920 1140 2072 1197 Hanc

474 1234 701 1308 glaciem
721 1248 872 1288 nunc
899 1230 958 1287 in
975 1237 1133 1287 utero
1152 1230 1424 1288 Dominus
1444 1238 1645 1303 portat,
1675 1230 1805 1304 quia
1832 1230 1979 1287 intra
2002 1231 2072 1287 si-

473 1337 607 1379 num
644 1320 903 1379 Ecclesiae
945 1320 1161 1377 tolerat.
1214 1319 1320 1377 Sed
1360 1328 1495 1376 tunc
1523 1326 1707 1392 aperte
1736 1317 1911 1392 ejicit,
1945 1336 2073 1376 cum

470 1411 608 1468 tales
634 1428 667 1467 a
694 1410 915 1467 secretis
932 1408 1248 1467 ccelestibus
1267 1424 1363 1482 per
1377 1416 1687 1465 extremum
1709 1415 1764 1465 et
1788 1407 2074 1481 publicum

466 1500 742 1576 judicium
773 1500 1008 1575 repellit.
1042 1500 1143 1556 His
1170 1498 1354 1572 itaque
1380 1498 1565 1556 verbis
1593 1499 1729 1573 quid
1756 1506 1943 1571 aperte
1964 1499 2075 1571 agi-

472 1597 585 1661 tur,
608 1590 716 1648 nisi
737 1599 799 1647 ut
825 1590 1017 1647 beatus
1036 1587 1137 1644 Job
1158 1587 1225 1645 de
1253 1587 1486 1644 summis
1515 1587 1630 1643 suis
1644 1586 1947 1643 virtutibus
1977 1585 2078 1643 hu-

473 1682 741 1751 milietur,
788 1700 857 1739 ne
903 1683 961 1739 in
1006 1681 1110 1738 hoc
1154 1680 1302 1754 quod
1343 1680 1483 1737 bene
1522 1680 1767 1739 vivendo
1809 1682 2073 1751 caluerat,

2182 514 2354 586 Aquae
2378 513 2525 570 enim
2555 529 2651 586 per
2679 512 2908 587 glaciem
2938 513 2996 569 in
3024 510 3316 584 superficie
3343 509 3668 582 durescunt,
3690 514 3785 572 sed

2183 602 2365 660 ﬂuidae
2394 602 2452 660 in
2482 604 2698 661 intimis
2735 612 3040 661 remanent.
3069 605 3142 660 Et
3178 602 3310 675 quid
3342 618 3441 676 per
3476 616 3647 677 aquas
3674 603 3783 662 nisi

2183 692 2334 749 ﬂuxa
2349 693 2652 766 accipimus
2675 693 2843 751 corda
2856 693 3213 766 reproborum
3231 692 3260 749 ?
3283 692 3416 761 Quae
3432 709 3558 751 cum
3575 709 3645 749 ex
3660 710 3783 767 pro-

2182 783 2359 856 posito
2380 782 2644 839 virtutem
2666 783 2946 853 deserunt,
2969 783 3138 840 fortes
3167 798 3225 839 se
3253 782 3313 839 in
3338 782 3500 840 bonis
3525 784 3785 857 operibus

2184 888 2279 946 per
2307 872 2649 945 hypocrisim
2678 874 3009 941 ostendunt;
3050 873 3293 947 dumque
3332 873 3390 929 in
3425 873 3639 930 intimis
3667 874 3783 931 suis

2184 962 2252 1018 ad
2281 962 2417 1018 vitia
2448 962 2722 1032 deﬂuunt,
2753 971 2808 1020 et
2834 964 2971 1020 foris
3012 979 3068 1019 se
3109 970 3424 1020 sanctorum
3462 979 3525 1020 ac
3553 963 3780 1021 fortium

2186 1052 2489 1109 imitatores
2509 1052 2749 1126 ﬁngunt,
2772 1054 2940 1125 Aqua:
2968 1052 3023 1107 in
3050 1052 3453 1109 similitudinem
3474 1053 3669 1126 lapidis
3686 1054 3781 1109 du-

2184 1147 2400 1208 rantur,
2441 1148 2491 1196 et
2533 1143 2834 1214 superﬁcies
2861 1142 3036 1213 abyssi
3079 1142 3483 1213 constringitur,
3531 1143 3661 1217 quia
3686 1159 3782 1217 per

2183 1233 2571 1307 superductam
2599 1234 2907 1292 sanctitatis
2942 1232 3181 1305 speciem
3211 1232 3363 1291 ﬂuxa
3402 1250 3467 1291 ac
3505 1234 3781 1292 instabilis

2184 1339 2374 1381 eorum
2399 1325 2737 1383 conscientia
2765 1323 3087 1381 hominibus
3115 1324 3336 1397 tegitur.
3369 1325 3508 1382 Nam
3542 1342 3667 1383 cum
3703 1326 3778 1382 si-

2183 1412 2494 1486 bimetipsis
2515 1414 2845 1471 intrinsecus
2869 1422 3057 1487 turpes
3076 1413 3210 1483 sint,
3226 1422 3353 1470 ante
3372 1413 3581 1471 alienos
3596 1421 3780 1471 tamen

2185 1504 2377 1561 oculos
2405 1502 2640 1576 quadam
2670 1502 2900 1561 vivendi
2927 1510 3199 1562 vetustate
3230 1504 3560 1560 vestiuntur.

2256 1600 2346 1658 62.
2368 1602 2727 1673 Prwposteros
2746 1601 2961 1657 virtutis
2987 1599 3020 1672 f
3017 1606 3195 1656 ructus
3213 1601 3353 1657 Deus
3380 1600 3641 1673 sapienter
3652 1615 3775 1671 pre-

2184 1689 2504 1748 mit.—Sed
2531 1706 2601 1747 ne
2629 1691 2753 1763 quis
2782 1690 2901 1747 haec
2930 1689 3098 1746 verba
3126 1689 3348 1746 Domini
3378 1689 3434 1745 in
3462 1688 3662 1745 bonam
3694 1688 3777 1743 in-

471 1771 837 1847 superbiendo
865 1770 1141 1845 frigescat,
1163 1777 1218 1826 et
1263 1786 1295 1826 a
1322 1770 1651 1827 Divinitatis
1687 1777 1845 1827 utero
1875 1772 2071 1843 repul-
2102 1782 2150 1843 Β
2182 1780 2357 1852 ιθιιίεί
2387 1787 2598 1852 partem
2627 1778 2783 1847 velit,
2815 1778 3079 1836 debemus
3107 1779 3187 1836 sic
3214 1779 3378 1835 etiam
3405 1776 3779 1851 quaerentibus

472 1879 564 1920 sus
592 1868 771 1932 exeat,
801 1861 849 1917 si
880 1860 1029 1918 intra
1054 1859 1240 1917 sinum
1276 1859 1364 1916 sui
1394 1859 1579 1917 cordis
1603 1875 1661 1917 se
1691 1858 1939 1917 tumidus
1967 1875 2077 1917 ex-

472 1956 632 2014 tollat
659 1954 687 2011 ?

542 2043 682 2119 [νει.
714 2043 849 2100 XXI
857 2040 942 2117 V.]
981 2042 1070 2100 60.
1112 2042 1384 2114 Superbiae
1414 2059 1596 2114 paena,
1635 2042 1933 2099 induratio.
1960 2044 2073 2110 Quo

470 2150 626 2191 sensu
651 2134 793 2190 Deus
815 2132 1026 2187 dicatur
1052 2131 1503 2187 iacturam—Et
1531 2131 1661 2205 quia
1683 2130 1836 2203 justo
1859 2130 2074 2204 judicio

471 2223 730 2297 superbas
762 2229 974 2279 mentes
1019 2220 1090 2277 ad
1121 2222 1343 2294 culpam
1376 2220 1561 2293 egredi
1600 2237 1671 2277 ex
1698 2229 1922 2294 accepta
1948 2222 2076 2276 vir-

471 2319 590 2369 tute
616 2310 908 2385 permittit,
948 2317 1095 2368 recte
1122 2309 1306 2367 adhuc
1343 2307 1730 2382 subjungitur:
1764 2311 1840 2366 Et
1863 2310 1983 2381 gelu
2011 2310 2075 2365 de

471 2402 597 2458 ccelo
643 2400 761 2473 quis
805 2400 1029 2472 genuit?
1085 2399 1415 2473 Plerumque
1461 2396 1610 2455 enim
1666 2396 1808 2455 sacri
1864 2398 2071 2471 eloquii

471 2489 757 2547 scientiam
776 2496 1016 2561 praestat,
1046 2486 1144 2545 sed
1166 2486 1298 2544 dum
1328 2486 1397 2543 de
1424 2485 1616 2543 eadem
1647 2485 1881 2544 scientia
1907 2487 1953 2544 is
1976 2487 2072 2560 qui

470 2585 674 2658 accipit
700 2585 1010 2653 extollitur,
1042 2582 1189 2639 945
1217 2584 1300 2640 ira
1327 2582 1567 2640 districti
1591 2581 1799 2654 judicis
1846 2583 1904 2639 in
1952 2584 2073 2656 ipso

471 2691 626 2733 sacro
645 2674 865 2747 eloquio
884 2680 1140 2742 caecatur,
1160 2680 1221 2729 ut
1238 2673 1539 2730 exteriores
1559 2670 1776 2727 favores
1796 2687 1894 2743 per
1913 2671 2070 2728 illam

470 2778 723 2838 sequens,
764 2762 883 2835 ejus
905 2761 1020 2835 jam
1050 2762 1270 2819 interna
1297 2777 1409 2817 non
1438 2759 1654 2825 videat;
1700 2766 1756 2815 et
1784 2759 1879 2831 qui
1920 2760 2071 2816 intus

470 2868 699 2910 manens
726 2853 903 2910 calere
934 2858 1167 2926 poterat,
1199 2850 1453 2908 exeundo
1482 2849 1759 2922 frigescat,
1800 2847 2071 2906 duratus-

468 2960 575 3019 que
613 2944 672 3001 in
715 2943 827 3000 ima
864 2950 1103 3012 corruat,
1138 2944 1235 3017 qui
1276 2942 1345 3000 ad
1384 2939 1757 3014 cognitionem
1786 2938 1887 2995 Dei
1916 2937 2071 3011 prius

472 3032 775 3093 tractabilis
795 3033 852 3091 in
880 3033 1113 3091 summis
1135 3032 1380 3107 liquidus
1402 3031 1598 3089 stabat.
1613 3030 1703 3086 An
1724 3045 1941 3086 sacrum
1962 3029 2071 3085 elo-

468 3123 662 3198 quium
683 3125 882 3181 coelum
913 3140 1024 3179 non
1040 3129 1143 3190 est,
1167 3122 1313 3195 quod
1333 3121 1481 3178 diem
1504 3119 1665 3177 nobis
1688 3118 2071 3190 intelligentia;

469 3212 741 3285 aperiens,
789 3213 902 3267 sole
932 3228 1031 3267 nos
1053 3210 1287 3282 justitias
1316 3210 1577 3276 illustrat,
1626 3208 1773 3279 quod
1803 3207 1937 3264 dum
1968 3224 2069 3263 nos

469 3300 599 3356 vitae
628 3299 913 3373 praesentis
941 3316 1055 3355 nox
1083 3298 1349 3366 continet,
1375 3296 1550 3354 stellis
1579 3294 1740 3353 nobis
1772 3295 2068 3353 mandato-

462 3405 588 3447 rum
610 3388 788 3461 fulget
808 3388 836 3444 ?
856 3386 960 3444 Sed
976 3388 1106 3461 quia
1120 3393 1336 3459 oportet
1351 3402 1466 3443 esse
1483 3384 1735 3453 haereses,
1761 3393 1821 3441 ut
1851 3384 2066 3457 probati

466 3476 911 3547 manifesthiant
928 3478 1122 3550 (ICor.
1140 3493 1222 3546 x1,
1244 3476 1358 3548 l9),
1382 3490 1509 3531 cum
1536 3473 1605 3531 ab
1626 3474 1912 3530 intellectu
1932 3488 2067 3528 sano

463 3585 618 3626 mens
638 3568 873 3641 superba
892 3566 1198 3641 repellitur,
1223 3564 1436 3623 ultione
1455 3562 1695 3622 districti
1711 3560 1920 3634 judicis
1942 3563 2068 3634 gelu

462 3657 530 3715 de
568 3657 708 3714 oculo
737 3663 1048 3729 generatur,
1083 3662 1144 3712 ut
1172 3671 1299 3713 cum
1345 3654 1464 3727 ipsa
1498 3652 1784 3725 Scriptura
1811 3666 1965 3708 sacra
2009 3651 2068 3706 in

458 3746 758 3805 electorum
784 3744 1045 3805 cordibus
1073 3745 1267 3814 caleat,
1300 3760 1392 3802 eos
1422 3743 1516 3818 qui
1553 3758 1611 3799 se
1655 3740 1889 3813 superbe
1919 3740 2063 3797 scire

459 3843 723 3909 appetunt
749 3852 781 3893 a
808 3853 865 3894 se
893 3834 1125 3909 frigidos
1144 3834 1380 3892 emittat.
1414 3832 1498 3890 Ibi
1519 3831 1723 3906 quippe
1752 3837 1947 3888 errant
1970 3830 2067 3887 ubi

459 3925 731 4000 corrigere
759 3932 939 3984 errata
959 3924 1295 3991 debuerant;
1330 3931 1385 3980 et
1412 3923 1547 3979 dum
1576 3939 1608 3978 a
1635 3936 1874 3992 superna
1902 3919 2067 3975 intel-

460 4012 687 4085 ligentia
715 4012 1113 4085 resplendentis
1142 4012 1375 4084 eloquii,
1419 4018 1474 4067 et
1502 4008 1761 4065 obdurati
1800 4006 1931 4078 ipsi,
1967 4008 1982 4040 ¹
2015 4013 2070 4061 et

460 4102 742 4159 seducturi
758 4111 1003 4169 caeteros,
1022 4110 1310 4168 corruunt,
1328 4099 1398 4155 ad
1413 4099 1526 4155 ima
1539 4097 1826 4153 venientes
1843 4103 1905 4152 ut
1920 4096 2066 4169 gelu,

459 4197 516 4247 et
542 4189 677 4246 alios
706 4189 1041 4262 astringunt.
1059 4191 1427 4261 Semetipsum
1452 4196 1639 4244 tamen
1654 4187 1928 4244 Dominus
1960 4187 2069 4245 hoc

459 4278 586 4351 gelu
630 4278 850 4351 gignere
879 4278 1154 4351 perhibet,
1194 4293 1310 4334 non
1340 4277 1488 4352 quod
1517 4293 1817 4351 pravorum
1846 4285 2068 4334 mentes

462 4374 577 4446 ipse
606 4372 676 4429 ad
703 4372 922 4445 culpam
963 4374 1183 4443 formet,
1222 4374 1316 4432 sed
1360 4374 1508 4449 quod
1534 4389 1565 4430 a
1592 4374 1754 4447 culpa
1781 4390 1893 4431 non
1921 4372 2070 4431 libe-

460 4471 565 4532 rat,
596 4462 741 4520 sicut
766 4461 1032 4537 scriptum
1062 4472 1175 4522 est:
1210 4465 1325 4537 Ego
1354 4463 1626 4521 obdurabo
1655 4481 1748 4520 cor
1762 4466 2068 4522 Pharaonis

464 4552 668 4625 (Exod.
705 4568 786 4619 1v,
821 4552 937 4626 21).
976 4554 1137 4623 Quod
1174 4554 1306 4628 quia
1341 4553 1779 4612 misericorditer
1816 4555 2067 4611 emollire

461 4641 664 4709 noluit,
685 4640 930 4714 profecto
950 4642 1203 4700 districte
1225 4644 1247 4679 ³
1278 4660 1337 4701 se
1365 4643 1663 4700 obdurasse
1693 4643 1993 4700 nuntiavit.

534 4732 622 4789 61.
670 4732 887 4790 Amissa
906 4734 1144 4799 virtutis,
1164 4734 1354 4790 virtute
1374 4735 1545 4807 imago
1565 4752 1701 4806 saepe
1718 4735 2071 4791 retinetur.—

463 4822 604 4893 Quia
622 4838 754 4880 vero
772 4839 903 4880 cum
928 4822 1187 4881 inchoata
1206 4822 1386 4880 divini
1410 4823 1627 4880 timoris
1648 4825 1669 4859 ³
1695 4823 1876 4881 virtus
1896 4823 2072 4879 amit-

464 4913 620 4981 titur,
665 4920 888 4987 propter
917 4912 1186 4971 humanas
1225 4912 1412 4969 laudes
1441 4912 1667 4968 virtutis
1708 4912 1888 4984 imago
1922 4913 2069 4968 reti-

462 5010 646 5073 netur,
686 5011 832 5062 recte
868 5003 1223 5077 subjungitur
1257 5020 1268 5058 :
1319 5003 1387 5060 In
1426 5001 1825 5059 similitudinem
1876 5002 2071 5074 lapidis

540 5173 558 5252 ξ
587 5170 817 5252 Turon.,
848 5179 896 5227 et
921 5173 1215 5252 seductores
1243 5172 1436 5230 caeteri.
1472 5171 1667 5240 Laud.,
1697 5175 1745 5228 et
1772 5170 2066 5228 seductores

464 5248 665 5296 caeteris
698 5251 975 5299 corruant.

537 5312 559 5346 ³
607 5314 669 5386 In
712 5313 1091 5386 Cprb.rGerm.
1124 5323 1181 5370 et
1219 5315 1395 5386 Edit.,
1442 5332 1494 5373 se
1535 5316 1819 5375 obdurare.
1870 5319 2068 5376 Melius

465 5382 823 5462 Mss._Daud.,
857 5385 1081 5462 Ebroic.
1115 5393 1191 5462 et_
1195 5385 1291 5462 alii
1304 5382 1533 5462 _Norm.,
1553 5405 1619 5462 _se
1641 5389 1954 5462 obdurasse.

539 5453 857 5578 $533,900»
902 5455 1099 5524 Lami,
1147 5456 1371 5516 Ebroic.
1416 5466 1471 5515 et
1518 5453 1589 5514 al.
1635 5461 1850 5530 Norm.,
1896 5462 2066 5518 virtus

466 5540 751 5579 οηιιηιιαν.

493 5666 503 5677 ⁸
540 5593 798 5676 ‘.Laud.,
827 5595 954 5677 dum
982 5599 1177 5677 mundo
1208 5601 1414 5677 minimi
1445 5600 1780 5677 iudicamur.
1820 5603 2065 5677 ὢνπαρ’

465 5669 709 5742 tissime;
755 5679 876 5742 quae
910 5673 1093 5742 tamen
1124 5669 1525 5727 dissimulanda
1568 5690 1677 5729 non
1724 5669 2063 5742 censuimus,

466 5744 529 5797 ut
554 5753 624 5794 ex
653 5735 910 5795 hoc—loco
940 5737 1114 5795 lector
1140 5750 1397 5812 agnoscat
1426 5744 1786 5817 castigatione
1817 5735 2065 5818 indigere

2096 4509 2147 4568 D

2183 1877 2447 1938 astruere,
2480 1870 2502 1905 δ
2543 1868 2847 1926 dummodo
2877 1867 3109 1926 minime
3148 1866 3463 1941 judicemur
3490 1882 3611 1941 quas
3651 1880 3776 1940 per-
3886 1876 3893 1879 ‘

2182 1957 2477 2016 scrutanda
2503 1957 2723 2015 fuerant
2757 1958 3085 2031 neglexisse.
3129 1956 3412 2031 Superiori
3440 1955 3588 2013 enim
3617 1970 3780 2011 versu

2183 2048 2414 2106 dicitur:
2451 2048 2581 2116 Quis
2607 2054 2682 2104 est
2720 2047 2923 2120 pluvia
2954 2053 3113 2119 pater
3140 2049 3220 2102 vel
3252 2047 3372 2117 quis
3397 2046 3578 2117 genuit
3603 2046 3780 2102 stillas

2182 2139 2326 2195 roris
2343 2141 2372 2195 ἵ
2401 2137 2703 2212 Statimque
2731 2136 2986 2194 additur:
3016 2137 3095 2192 De
3120 2135 3275 2206 cujus
3304 2140 3453 2189 utero
3475 2149 3683 2205 egressa
3704 2140 3781 2188 est

2181 2227 2395 2299 glacies,
2425 2233 2474 2282 et
2504 2228 2619 2298 gelu
2660 2228 2723 2282 de
2765 2226 2891 2282 ctelo
2932 2225 3050 2296 quis
3092 2222 3323 2295 genuit?
3367 2221 3427 2278 Si
3453 2237 3583 2295 ergo
3613 2221 3782 2279 dictis

2182 2316 2617 2390 pracedentibus
2644 2331 2879 2390 sequens
2919 2314 3192 2371 sententia
3220 2327 3333 2369 non
3360 2311 3570 2381 dispari
3616 2327 3779 2370 sensu

2181 2406 2556 2480 conjungitur,
2579 2405 2825 2479 profecto
2845 2411 2900 2461 et
2921 2403 2981 2459 in
3008 2402 3209 2459 bonam
3239 2408 3453 2474 partem
3482 2399 3644 2457 nobis
3662 2400 3777 2474 ejus

2182 2495 2548 2567 intelligentia
2601 2494 2721 2551 sine
2775 2493 3061 2550 obstaculo
3113 2489 3461 2548 diﬂicultatia
3514 2490 3771 2563 aperitur.

2184 2582 2324 2657 [νει.
2348 2583 2451 2640 XX
2459 2582 2544 2658 V.]
2574 2583 2740 2639 Terra
2766 2581 2916 2637 enim
2945 2597 3072 2637 cum
3101 2578 3462 2651 compluitur,
3488 2576 3690 2650 jactata
3717 2578 3773 2634 in

2181 2688 2302 2728 eam
2330 2672 2543 2729 semina
2566 2670 2801 2729 feracius
2820 2671 2842 2705 ⁵
2874 2670 3135 2742 ligantur.
3164 2667 3271 2725 Sed
3301 2682 3518 2723 rursum
3547 2667 3593 2723 si
3623 2667 3772 2724 illam

2180 2760 2371 2833 pluvia
2389 2758 2809 2816 immoderatius
2830 2757 3044 2831 irrigat,
3066 2760 3088 2795 ⁶
3104 2757 3163 2814 in
3182 2757 3367 2815 culmo
3384 2755 3773 2828 pinguedinem

2179 2848 2445 2905 frumenti
2474 2848 2849 2921 virtutemque
2880 2854 3077 2904 mutat.
3112 2847 3210 2905 Sin
3238 2861 3367 2902 vero
3388 2844 3656 2916 jactatum
3691 2861 3774 2901 se-

2181 2953 2306 2993 men
2349 2944 2473 3010 post
2517 2937 2764 3009 pluviam
2809 2936 2935 3009 gelu
2977 2936 3264 3010 premitur,
3309 2950 3414 3008 quo
3441 2932 3574 2989 foris
3602 2932 3772 2990 citius

2180 3041 2437 3099 apparere
2458 3025 2767 3100 repellitur,
2790 3042 2856 3082 eo
2885 3026 3036 3082 intus
3065 3024 3356 3082 fecundius
3384 3021 3681 3089 radicatur;
3714 3029 3771 3078 et

2180 3132 2290 3189 quo
2318 3122 2534 3172 vetatur
2554 3115 2829 3189 progredi,
2851 3115 3069 3189 cogitur
3090 3112 3470 3187 multiplicari,
3498 3112 3629 3187 quia
3646 3128 3774 3170 cum

2178 3205 2246 3261 ab
2275 3205 2569 3260 immaturo
2615 3211 2743 3261 ortu
2796 3202 3168 3277 restringitur,
3201 3205 3222 3238 ⁷
3280 3218 3351 3259 ex
3397 3201 3777 3275 conceptionis

2175 3316 2287 3356 suae
2315 3296 2461 3356 946
2484 3299 2742 3357 tarditate
2772 3300 3021 3356 laxatum
3050 3298 3119 3356 ad
3146 3298 3394 3356 fructum
3422 3296 3649 3353 uberius
3678 3297 3780 3352 im-

2177 3388 2374 3461 pletur.
2422 3387 2568 3455 Quid
2613 3397 2695 3445 est
2732 3403 2860 3462 ergo
2889 3388 3037 3461 quod
3066 3387 3338 3445 Dominus
3370 3386 3523 3459 prius
3552 3384 3774 3459 quidem

2177 3487 2386 3553 patrem
2428 3495 2485 3535 se
2514 3478 2718 3551 pluviae
2754 3477 3021 3544 insinuat,
3052 3477 3407 3551 postmodum
3434 3492 3564 3533 vero
3579 3475 3645 3532 de
3672 3492 3775 3532 suo

2176 3568 2359 3642 egredi
2388 3577 2543 3625 utero
2582 3568 2812 3641 glaciem
2843 3576 3050 3637 narrat,
3092 3584 3260 3641 seque
3289 3568 3416 3639 gelu
3460 3565 3677 3638 gignere
3705 3563 3775 3621 de

2175 3660 2313 3717 ctelo
2330 3658 2670 3732 pronuntiat,
2694 3656 2805 3714 nisi
2825 3656 2973 3731 quod
2992 3655 3135 3713 miro
3150 3655 3317 3713 modo
3338 3657 3515 3713 nostri
3540 3653 3777 3729 pectoris

2175 3757 2377 3805 terram
2418 3747 2487 3805 ad
2528 3747 2881 3820 suscipienda
2924 3746 3080 3803 verbi
3122 3746 3353 3817 semina,
3395 3754 3449 3802 et
3498 3746 3654 3819 prius
3682 3759 3777 3817 per

2177 3840 2406 3896 occultae
2436 3839 2622 3913 gratias
2652 3837 2899 3911 pluviam
2929 3835 3200 3905 infundit,
3218 3845 3273 3893 et
3301 3834 3675 3909 postmodum,
3706 3849 3776 3889 ne

2176 3929 2234 3984 in
2264 3927 2545 4000 conceptis
2573 3926 2876 3982 virtutibus
2903 3925 3323 3983 immoderatius
3352 3924 3592 3998 proﬂuat
3611 3921 3775 3980 disci-

2177 4016 2329 4089 plina
2353 4016 2562 4071 intimae
2586 4014 3012 4086 dispensationis
3031 4015 3253 4089 premit,
3270 4022 3514 4089 utquam
3539 4018 3774 4084 acceptae

2178 4103 2363 4177 gratiae
2392 4102 2581 4176 pluvia
2609 4102 2822 4175 irrigat,
2845 4102 3013 4159 etiam
3041 4102 3352 4176 disciplinae
3383 4102 3530 4176 rigor
3558 4101 3777 4158 astrin-

2177 4200 2284 4265 gat,
2315 4207 2384 4248 ne
2426 4191 2474 4247 si
2524 4198 2621 4247 aut
2656 4198 2950 4265 antequam
2981 4191 3161 4260 debet,
3206 4198 3301 4248 aut
3348 4192 3633 4265 plusquam
3664 4205 3776 4245 ne-

2176 4296 2322 4338 cesse
2377 4287 2459 4336 est
2513 4288 2804 4353 conceptas
2857 4279 3093 4337 virtutes
3143 4280 3415 4354 proferat,
3474 4279 3655 4353 fruges
3709 4278 3773 4334 in

2178 4367 2401 4425 herbam
2438 4369 2666 4427 vertat?
2718 4370 3049 4443 Plerumque
3078 4370 3225 4426 enim
3269 4369 3338 4427 ab
3381 4366 3776 4426 inchoantibus

2177 4474 2313 4530 opus
2339 4457 2548 4515 bonum
2579 4456 2711 4513 dum
2742 4457 3063 4531 priusquam
3111 4465 3328 4531 oportet
3377 4455 3710 4525 ostenditur,
3744 4472 3779 4513 a

2177 4562 2345 4620 grano
2382 4544 2737 4620 perfectionis
2778 4545 3045 4615 inanitur,
3088 4553 3143 4602 et
3187 4547 3510 4620 plerumque
3537 4545 3778 4602 virtutes

2177 4636 2311 4693 dum
2332 4636 2456 4709 plus
2468 4651 2633 4712 quam
2656 4650 2877 4694 necesse
2892 4642 2975 4692 est
2992 4634 3302 4693 exuberant
3320 4634 3602 4693 exhalant.
3624 4634 3779 4691 Unde

2179 4736 2234 4784 et
2258 4729 2559 4786 electorum
2590 4743 2817 4786 suorum
2846 4725 3119 4783 Dominus
3148 4726 3236 4782 vel
3266 4734 3397 4783 ante
3424 4733 3642 4799 tempus
3671 4723 3783 4780 de-

2178 4815 2378 4873 sideria
2407 4816 2610 4885 renuit,
2643 4817 2729 4873 vel
2760 4832 2980 4872 rursum
3007 4815 3067 4872 in
3096 4823 3342 4889 tempore
3369 4816 3517 4872 ultra
3545 4818 3799 4870 mensu—'

2178 4922 2295 4961 ram
2324 4904 2601 4977 profectus
2627 4904 2847 4977 premit,
2880 4920 2948 4960 ne
3001 4904 3049 4961 si
3103 4913 3198 4961 aut
3224 4912 3525 4978 antequam
3551 4901 3778 4970 debent,

2177 5003 2272 5052 aut
2299 4996 2421 5068 plus
2446 5009 2610 5068 quam
2632 4992 2858 5064 debent,
2889 4993 3201 5068 proﬁciant,
3255 5009 3351 5067 per
3379 4992 3662 5067 profectus
3690 4990 3781 5047 sui

2176 5175 2433 5235 Codicem
2461 5174 2631 5233 hunc.
2662 5174 3104 5232 Membranarum
3128 5174 3278 5231 enim
3308 5180 3625 5230 nostrarum
3658 5186 3783 5228 cor-

2175 5247 2664 5325 ruptelaazsiquat
2689 5246 2834 5325 sint,
2856 5247 3034 5325 palam
3065 5246 3299 5325 facinus.
3496 5317 3537 5325 __
3558 5314 3596 5325 η

2246 5314 2267 5353 ⁵
2301 5320 2380 5375 Ita
2398 5314 2658 5387 Vindoc.,
2688 5314 2883 5387 Laud.)
2903 5317 3063 5375 Corb.
3116 5318 3327 5386 Germ.,
3351 5326 3461 5374 vet.
3494 5314 3649 5372 Edit.
3682 5314 3783 5370 Pa~

2174 5389 2269 5446 ris.
2307 5399 2362 5446 et
2392 5390 2558 5461 Basil.
2605 5391 2671 5461 In,
2699 5398 2929 5457 recent.,
2960 5390 3233 5461 rigantur.

2246 5464 2267 5497 ⁶
2297 5460 2449 5517 Editi
2480 5477 2607 5518 cum
2637 5460 2799 5518 Corb.
2833 5455 3039 5529 Germ.,
3073 5461 3130 5516 in
3158 5461 3340 5529 culmi,
3365 5455 3775 5517 reluctantibus

2174 5533 2301 5589 Mss.
2321 5530 2817 5613 Turon.,Vindoc.,
2835 5532 3032 5601 Laud.,
3057 5532 3279 5590 Ebroic.
3299 5531 3534 5605 aliisque
3555 5530 3779 5595 Norm.,

2175 5620 2311 5677 quos
2337 5619 2638 5731 secauimur.

2177 5674 2429 5801 “Duxit;
2448 5690 2555 5744 00.,
2591 5674 2786 5744 Laud,
2818 5674 2981 5734 Corb.
3012 5675 3195 5733 Germ.
3228 5683 3282 5733 et
3322 5676 3541 5741 Norm.,
3574 5671 3631 5726 in
3656 5687 3781 5727 con-

2177 5762 2449 5820 cepuoms.
