4152 6182
321 280 421 337 513

1015 281 1387 340 MORALIUM
1425 279 1556 340 LIB.
1602 279 1815 337 XXIX.
1855 310 1928 323 —
1963 278 2036 336 IN
2073 276 2300 338 CAPUT
2340 279 2631 341 XXXVIII
2669 283 2730 340 B.
2773 282 2918 340 JOB.

3508 290 3615 349 5M

323 404 752 478 magnitudinem
791 405 850 462 in
889 407 1142 466 elationis
1188 409 1462 502 detectum
1509 409 1726 467 cadant.
1770 409 1907 467 Nam
1937 410 1988 470 A
2088 427 2174 484 65,
2206 427 2512 484 Αάυενείιαε
2543 427 2852 484 valentiores
2881 429 3032 502 εθῑοίι
3060 439 3283 490 sanctos»,
3324 465 3395 476 _
3433 435 3617 494 potest

319 513 440 554 cum
469 511 566 552 cor
595 504 716 568 post
744 504 963 569 peccata
987 500 1396 571 compungitur,
1425 509 1569 556 terra
1612 515 1731 572 quae
1757 516 1909 556 arue-

318 596 399 643 rat
425 585 704 642 infusione
734 587 935 659 pluviae
961 588 1200 661 rigatur;
1238 598 1292 645 et
1319 605 1445 646 cum
1468 590 1677 647 relictis
1706 590 1908 663 iniqui-

319 681 518 739 tatibus
548 681 694 737 bona
721 683 950 755 exsequi
979 699 1141 756 opera
1181 685 1458 757 proponit,
1490 685 1646 758 quasi
1678 692 1800 756 post
1829 685 1908 739 in-

315 773 584 829 fusionem
615 787 799 828 semen
822 773 1039 844 accipit.
1068 775 1083 808 ¹
1107 773 1178 829 Et
1210 774 1455 848 plerique
1481 792 1607 831 cum
1639 774 1909 831 desideria

313 872 499 924 sancta.
527 863 872 934 concipiunt,
905 864 960 918 in
981 864 1210 920 summis
1225 863 1339 936 jam
1373 866 1394 900 ²
1424 866 1666 922 exerceri
1688 865 1908 922 virtuti-

312 954 410 1011 bus
427 952 788 1010 inardescunt
802 960 864 1008 ut
886 970 996 1009 non
1017 954 1194 1011 solum
1218 957 1379 1027 culpa
1399 955 1772 1027 operationem
1796 972 1906 1011 non

313 1044 586 1117 inquinet,
619 1042 715 1099 sed
745 1058 845 1100 nec
864 1043 1246 1115 cogitationem
1280 1045 1478 1119 pulset.
1503 1045 1574 1100 Et
1593 1044 1774 1102 adhuc
1790 1046 1907 1118 qui-

309 1134 430 1190 dem
467 1133 529 1188 in
561 1148 791 1204 corpore
830 1133 995 1204 positi
1027 1143 1174 1204 sunt,
1221 1134 1316 1190 sed
1349 1135 1429 1190 nil
1452 1134 1567 1206 jam
1599 1134 1808 1208 perpeti
1842 1133 1908 1190 de

308 1222 706 1281 communione
733 1223 1018 1294 praesentis
1046 1223 1174 1280 vitae
1197 1225 1392 1281 volunt
1422 1243 1434 1292 ;
1469 1225 1676 1280 imitari
1703 1240 1799 1296 per
1828 1223 1907 1279 in-

309 1314 609 1370 tentionem
645 1314 665 1348 ³
701 1312 974 1368 internam
1012 1314 1213 1370 mentis
1240 1313 1594 1370 stabilitatem
1623 1321 1906 1386 appetunt,

305 1403 394 1460 sed
422 1401 929 1459 intervenientibus
953 1402 1354 1460 tentationibus
1384 1402 1824 1471 reverberantur,
1848 1411 1910 1458 ut

305 1494 566 1551 videlicet
613 1491 956 1549 inﬁrmitatis
994 1509 1105 1549 suae
1154 1492 1531 1561 meminerint,
1575 1501 1630 1550 et
1671 1493 1799 1550 elati
1843 1492 1909 1548 de

305 1583 608 1640 virtutibus
638 1597 774 1656 quas
802 1581 1086 1654 accipiunt
1113 1598 1225 1640 non
1257 1583 1388 1640 sint.
1423 1582 1581 1652 Quod
1607 1582 1738 1638 dum
1773 1580 1910 1637 mira

303 1673 613 1746 disciplinae
641 1673 981 1745 repressione
1009 1673 1210 1745 agitur,
1233 1673 1368 1746 quid
1389 1671 1539 1728 aliud
1561 1689 1722 1746 quam
1749 1686 1910 1744 super

2019 517 2184 572 etiam
2217 517 2274 572 in
2321 517 2444 589 gelu
2493 519 2579 574 vel
2627 519 2799 591 glacie
2843 521 3128 591 praesentis
3156 523 3284 580 vitae
3316 523 3618 583 adversitas

2019 606 2312 680 designari,
2345 627 2466 683 quae
2495 610 2628 666 dum
2669 612 2692 646 ‘
2737 612 3024 684 asperitate
3054 629 3152 669 sua
3197 624 3413 672 sanctos
3456 633 3618 675 com-

2019 697 2230 768 primit,
2264 699 2595 755 valentiores
2619 698 2821 756 reddit.
2857 702 3001 757 Dum
3041 703 3190 759 enim
3221 720 3322 761 nos
3361 706 3616 778 omnipo-

2017 793 2138 842 tens
2176 789 2320 844 Deus
2365 789 2633 846 molestiis
2681 792 2923 847 exerceri
2996 793 3284 864 permittit,
3336 801 3498 867 atque
3549 794 3617 852 ad

2018 876 2265 932 melioris
2297 877 2426 934 vitae
2445 885 2647 934 statum
2667 879 3066 936 interveniente
3095 882 3318 939 tristitia
3339 883 3614 955 provehit,

2019 967 2162 1023 miro
2191 969 2428 1026 consilio
2448 986 2611 1042 super
2638 970 2878 1027 futuram
2911 972 3125 1044 frugem
3157 973 3279 1044 gelu
3308 980 3362 1029 et
3389 974 3614 1045 glaciem

2019 1054 2213 1125 gignit,
2251 1067 2313 1114 ut
2343 1059 2546 1115 electus
2577 1059 2806 1132 quisque
2837 1061 2892 1116 in
2934 1061 3038 1118 hac
3088 1062 3224 1131 vita,
3267 1069 3525 1134 tanquam
3557 1063 3616 1118 in

2019 1146 2221 1214 hieme,
2245 1147 2472 1204 adversa
2487 1157 2777 1205 ventorum
2796 1158 2850 1205 et
2869 1150 3136 1222 frigorum
3157 1151 3370 1220 toleret,
3393 1158 3447 1206 et
3466 1152 3616 1207 velut

2018 1234 2077 1290 in
2127 1235 2314 1290 aestiva
2365 1237 2652 1293 serenitate
2698 1239 3049 1310 postmodum
3098 1239 3308 1296 fructus
3351 1257 3488 1313 quos
3527 1239 3618 1297 hic

2018 1324 2334 1396 conceperit
2361 1325 2716 1383 demonstret.
2752 1327 2904 1384 Unde
2935 1336 2989 1384 et
3017 1329 3201 1400 sponsi
3242 1345 3375 1386 voce
3403 1329 3617 1387 unicui-

2020 1430 2124 1486 que
2154 1414 2350 1470 animas
2380 1423 2501 1487 post
2531 1415 2697 1486 hujus
2728 1416 2922 1472 mundi
2952 1416 3202 1473 turbines
3231 1417 3300 1473 ad
3329 1418 3425 1474 illa
3453 1426 3618 1474 aeter-

2018 1503 2210 1560 nitatis
2238 1521 2452 1560 amoena
2505 1506 2818 1578 properanti
2861 1506 3066 1562 dicitur
3099 1525 3110 1562 :
3145 1509 3328 1578 Surge,
3355 1524 3614 1579 propera,

2019 1594 2191 1649 amica
2216 1612 2354 1661 mea,
2383 1595 2622 1666 formosa
2650 1612 2784 1663 mea,
2831 1602 2879 1650 et
2913 1595 3030 1650 veni
3058 1612 3081 1660 ;
3116 1595 3236 1666 jam
3277 1597 3412 1652 enim
3459 1598 3621 1652 hiems

2023 1684 2255 1752 transiit,
2283 1684 2450 1739 imber
2473 1684 2604 1739 abiit
2633 1689 2680 1738 et
2709 1685 2916 1740 recessit
2937 1684 3127 1755 (Cant.
3161 1701 3222 1754 II,
3248 1686 3363 1757 10).
3392 1687 3463 1742 Et
3491 1686 3620 1759 quia

302 1765 548 1821 infusam
570 1771 772 1820 terram
807 1763 930 1836 gelu
965 1761 1032 1818 de
1051 1764 1189 1820 coelo
1209 1771 1499 1836 generatur
1525 1763 1552 1818 ?
1582 1762 1727 1830 Quid
1756 1760 1908 1818 aliud
1936 1775 1983 1836 Β
2019 1774 2040 1808 δ
2073 1773 2118 1827 si
2149 1773 2266 1828 sola
2297 1773 2457 1828 nobis
2485 1774 2686 1830 adsunt
2711 1791 2968 1847 prospera
2988 1775 3278 1844 solvimur,
3298 1777 3366 1832 ad
3385 1778 3619 1834 virtutes

300 1871 469 1930 quam
518 1853 584 1911 de
625 1853 726 1912 Dei
771 1861 928 1910 utero
964 1855 1164 1927 glacies
1193 1854 1541 1928 producitur,
1592 1852 1812 1927 quando
1842 1850 1908 1907 de

299 1945 529 2002 interno
557 1951 762 2000 secreto
802 1943 1140 2015 dispensatio
1179 1942 1479 2017 egreditur,
1511 1951 1567 1998 et
1595 1941 1908 1998 voluntates

298 2043 509 2090 nostrae
535 2033 697 2089 etiam
723 2032 782 2088 in
811 2031 975 2088 bonis
1003 2031 1292 2089 desideriis
1315 2032 1602 2088 frenantur
1632 2030 1659 2086 εἰ

367 2124 462 2182 63.
503 2122 658 2192 Quod
697 2123 933 2194 exemplo
973 2122 1029 2178 S.
1072 2123 1236 2178 Pauli
1281 2122 1651 2193 conﬁrmatur.
1697 2149 1768 2159 —-—
1812 2117 1906 2175 Vi-

295 2212 550 2282 deamus,
583 2212 810 2280 Paulus,
846 2210 1030 2266 infusa
1067 2209 1330 2267 videlicet
1373 2217 1535 2280 terra,
1569 2216 1772 2282 quanta
1799 2205 1910 2262 dis-

295 2301 518 2374 ciplinae
561 2301 736 2374 glacie
788 2306 1085 2371 prematur,
1135 2299 1270 2355 dum
1321 2299 1397 2354 ait
1448 2317 1459 2354 :
1520 2296 1910 2367 Vellemljacet

291 2391 450 2458 mihi,
474 2391 731 2463 perﬁcere
757 2395 931 2446 autem
961 2388 1150 2443 bonum
1188 2405 1297 2444 non
1332 2389 1539 2444 invenio
1584 2388 1758 2459 (Rom.
1802 2403 1904 2452 vn,

294 2479 413 2550 18).
451 2479 561 2548 Qui
590 2478 739 2534 enim
769 2478 913 2534 velle
932 2476 1134 2533 habere
1164 2493 1221 2533 se
1252 2477 1466 2543 asserit,
1493 2474 1610 2546 jam
1641 2491 1737 2547 per
1763 2474 1907 2529 infu-

288 2570 516 2625 sionem
555 2567 765 2638 gratiae,
801 2581 920 2636 quae
969 2566 1026 2619 in
1067 2580 1122 2620 se
1169 2565 1376 2620 lateant
1403 2565 1615 2620 semina
1645 2562 1902 2620 ostendit.

288 2660 408 2717 Sed
441 2657 577 2713 dum
613 2655 872 2728 perﬁcere
900 2653 1108 2710 bonum
1138 2670 1251 2710 non
1282 2653 1519 2719 invenit,
1550 2653 1793 2726 profecto
1825 2655 1904 2710 in-

286 2749 451 2806 dicat
503 2756 709 2820 quanta
746 2745 907 2800 illum
944 2744 1369 2817 dispensationis
1409 2761 1656 2817 superna;
1709 2745 1906 2814 glacies

290 2844 536 2913 premat.
571 2839 659 2891 An
695 2835 802 2890 ista
829 2834 1026 2906 glacies
1055 2849 1244 2889 eorum
1276 2834 1442 2890 corda
1475 2851 1587 2890 non
1614 2842 1900 2906 presserat,

288 2928 502 3003 quibus
530 2924 768 2992 dicebat,
798 2925 861 2981 Ut
878 2940 984 2979 non
1013 2939 1332 2995 quacunque
1358 2925 1542 2990 vult-is,
1573 2924 1672 2981 illa
1691 2923 1903 2995 faciatis

292 3019 449 3091 (Gal.
494 3032 554 3080 v,
588 3015 687 3085 17)
711 3013 740 3069 ‘l
764 3013 845 3070 Ac
877 3013 923 3068 si
967 3020 1150 3084 aperte
1179 3012 1387 3070 diceret
1419 3031 1430 3069 :
1465 3013 1694 3071 Occulta
1721 3013 1903 3069 cordis

289 3106 466 3164 vestri
500 3104 713 3161 semina
736 3101 852 3174 jam
901 3101 1121 3174 prodire
1166 3102 1224 3157 in
1254 3102 1468 3175 frugem
1497 3109 1770 3177 quaerunt,
1804 3101 1897 3158 sed

289 3193 519 3268 superni
554 3191 950 3248 moderaminis
979 3193 1104 3264 gelu
1138 3201 1484 3264 premuntur,
1517 3203 1578 3250 ut
1604 3201 1758 3249 tanto
1778 3199 1899 3265 post

290 3283 589 3343 fecundius
622 3290 840 3350 exeant,
885 3289 1089 3355 quanto
1139 3281 1319 3339 divini
1361 3282 1561 3356 judicii
1593 3282 1898 3356 prementia

287 3376 538 3450 pondera
567 3373 864 3447 patientius
892 3380 1132 3445 portant.

359 3494 510 3569 [νει.
555 3494 657 3549 XX
665 3491 782 3568 VL]
811 3491 902 3549 64.
933 3493 1064 3549 Inde
1111 3509 1294 3563 graves
1340 3499 1606 3564 emergunt
1645 3493 1896 3547 tentat-io—

289 3602 398 3652 nes,
420 3601 544 3657 qua:
579 3585 697 3638 bene
721 3583 929 3639 vivendi
957 3582 1324 3638 consuetudine
1357 3589 1699 3654 superantur.
1731 3612 1802 3623 —
1827 3582 1899 3636 Et

290 3675 424 3748 quia
455 3673 777 3746 plerumque
819 3670 1062 3727 humana
1111 3670 1277 3727 corda
1321 3670 1582 3743 quoniam
1614 3685 1899 3742 erumpere

292 3763 361 3819 ad
391 3763 628 3818 virtutes
657 3779 790 3835 quas
838 3767 1106 3834 appetunt
1153 3776 1265 3815 non
1304 3759 1512 3827 valent,
1549 3775 1613 3816 eo
1643 3760 1760 3832 ipso
1791 3776 1899 3831 quo

289 3851 358 3908 ab
403 3851 734 3907 intentionis
781 3867 892 3907 sua)
937 3849 1273 3923 perfectione
1313 3847 1588 3917 resiliunt,
1632 3849 1899 3905 tentatio-

290 3959 423 4000 num
455 3941 704 3998 stimulis
732 3940 1056 4013 fatigantur,
1084 3938 1178 3997 sed
1207 3946 1388 3996 tamen
1410 3938 1624 3997 easdem
1647 3938 1900 3995 tentatio-

290 4057 383 4099 nes
410 4041 823 4112 cogitationum
843 4040 1238 4112 comprimunt,
1266 4056 1428 4113 seque
1449 4056 1544 4112 per
1575 4037 1721 4097 947
1749 4055 1901 4097 exer-

291 4133 578 4190 citationis
605 4148 769 4188 usum
801 4131 860 4186 in
899 4129 1138 4203 quodam
1183 4129 1410 4186 vivendi
1459 4132 1638 4204 rigore
1667 4147 1900 4204 compo—

294 4233 453 4291 nunt,
489 4221 630 4277 bene
665 4219 922 4277 subditur
956 4236 967 4275 :
1001 4220 1067 4275 In
1096 4220 1496 4275 similitudinem
1529 4221 1721 4293 lapidis
1750 4237 1903 4291 aqua:

295 4313 588 4368 durantur.
621 4310 765 4378 Quia
803 4309 904 4366 etsi
953 4307 1116 4364 ﬂuxae
1149 4309 1512 4380 cogitationes
1552 4309 1783 4367 interius
1811 4309 1901 4365 la-

295 4409 539 4470 cessum,
590 4415 935 4474 nequaquam
997 4406 1179 4454 tamen
1241 4414 1414 4470 usque
1460 4397 1528 4453 ad
1575 4416 1898 4455 consensum

2018 1876 2151 1916 vero
2181 1862 2380 1916 melius
2410 1877 2504 1932 per
2531 1861 2761 1918 adversa
2787 1863 3116 1931 solidamur,
3145 1872 3289 1921 recte
3320 1863 3620 1936 subjungi-

2016 1958 2108 2006 tur
2157 1969 2168 2006 :
2223 1949 2362 2023 [Vet.
2396 1951 2500 2006 XX
2509 1949 2653 2024 VII.]
2703 1953 2770 2007 In
2797 1952 3200 2008 similitudinem
3238 1953 3433 2025 lapidis
3464 1970 3618 2025 aqua

2017 2040 2306 2095 durantur.
2338 2039 2546 2096 Mentes
2587 2040 2734 2095 enim
2783 2057 2903 2114 qua:
2944 2058 3040 2114 per
3078 2058 3334 2115 prospera
3376 2042 3618 2100 molliter

2017 2129 2293 2185 tinxerant
2321 2131 2633 2188 constrictae
2664 2131 3089 2189 adversitatibus
3107 2133 3440 2202 durescunt;
3475 2142 3527 2190 et
3548 2132 3616 2190 ad

2017 2217 2444 2275 similitudinem
2474 2220 2674 2291 lapidis
2693 2237 2832 2293 aqua
2861 2220 3199 2292 perducitur,
3223 2223 3444 2294 quando
3465 2224 3615 2280 inﬁr-

2018 2325 2140 2362 mus
2170 2308 2406 2382 quisque
2436 2325 2532 2381 per
2560 2316 2835 2382 acceptam
2856 2309 3090 2383 desuper
3119 2312 3466 2368 tolerantiam
3497 2329 3614 2385 pas-

2016 2397 2198 2454 siones
2225 2398 2310 2455 sui
2345 2397 2760 2471 Redemptionis
2791 2399 3061 2456 imitatur.
3097 2402 3159 2456 In
3189 2401 3613 2459 similitudinem

2016 2485 2216 2559 quippe
2248 2487 2448 2560 lapidis
2477 2504 2616 2561 aqua
2644 2488 2928 2558 duruerat,
2962 2504 3087 2544 cum
3120 2488 3213 2546 ille
3247 2490 3399 2563 prius
3428 2489 3615 2563 impa-

2014 2575 2157 2632 tiens
2187 2585 2501 2648 persecutor
2529 2575 2877 2649 postmodum
2901 2577 3102 2634 Paulus
3122 2577 3337 2635 dicebat
3368 2597 3380 2635 :
3415 2581 3612 2652 Impleo

2013 2682 2072 2722 ea
2101 2683 2218 2737 qua:
2245 2667 2432 2723 desunt
2463 2667 2777 2738 passionum
2809 2667 3009 2725 Christi
3053 2669 3109 2724 in
3134 2685 3292 2726 carne
3326 2687 3442 2727 mea
3473 2670 3613 2744 (Co-

2017 2756 2138 2812 loss.
2172 2773 2213 2822 1,
2243 2756 2359 2830 24).

2083 2846 2170 2902 66.
2189 2847 2263 2902 Et
2289 2847 2361 2902 ad
2388 2847 2597 2902 interna
2625 2848 2765 2904 dona
2793 2848 3132 2904 custodienda
3149 2849 3317 2920 magis
3335 2849 3607 2909 sollicitos.

2011 2963 2082 2974 —
2110 2934 2183 2990 Et
2212 2936 2341 3007 quia
2369 2951 2494 2991 cum
2525 2935 2914 3007 deprimuntur
2943 2933 3209 3004 adversis,
3241 2936 3498 2992 solertius
3527 2937 3609 2992 in-

2011 3031 2167 3078 terna
2194 3023 2340 3080 dona
2367 3024 2706 3091 custodiunt,
2741 3031 2885 3080 recte
2914 3023 3136 3079 additur
3160 3041 3171 3078 :
3205 3025 3280 3080 Et
3305 3025 3606 3095 superﬁcies

1935 3138 1977 3199 ο
2009 3112 2187 3184 abyssi
2215 3111 2614 3183 constringitur.
2638 3113 2786 3168 Solet
2805 3112 2952 3169 enim
2985 3113 3177 3168 laetitia
3196 3128 3393 3169 arcana
3409 3114 3610 3170 mentis

2008 3203 2236 3276 aperire,
2260 3210 2422 3276 atque
2451 3202 2743 3274 aperiendo
2763 3203 3013 3260 amittere
3037 3221 3050 3271 ;
3082 3202 3311 3260 adversa
3325 3219 3456 3259 vero
3481 3220 3608 3262 cum

2007 3310 2107 3349 nos
2142 3293 2388 3350 exterius
2416 3292 2753 3365 deprimunt,
2786 3292 3019 3350 interius
3047 3293 3316 3352 cautiores
3345 3293 3602 3351 reddunt.

2007 3383 2135 3440 Post
2164 3384 2287 3456 gelu
2318 3384 2500 3458 itaque
2529 3384 2616 3440 vel
2647 3383 2875 3456 glaciem
2907 3384 3224 3457 superﬁcies
3251 3383 3437 3458 abyssi
3463 3401 3607 3443 con-

2007 3474 2314 3546 stringitur,
2347 3475 2478 3548 quia
2523 3492 2678 3532 mens
2706 3484 2911 3544 nostra,
2963 3476 3031 3532 ad
3060 3476 3434 3534 conservanda
3470 3493 3608 3548 pro-

2008 3561 2181 3617 funda
2208 3562 2352 3619 dona
2380 3581 2501 3637 quas
2534 3565 2826 3635 acceperit,
2873 3563 3301 3621 adversitatibus
3329 3566 3602 3621 munitur.

2009 3650 2212 3722 Abyssi
2240 3653 2388 3708 enim
2434 3669 2546 3709 suae
2591 3653 2936 3724 superﬁciem
2967 3654 3133 3711 Isaias
3179 3653 3605 3722 constrinxerat,

2009 3757 2135 3799 cum
2164 3743 2380 3801 dicebat
2424 3761 2436 3800 :
2489 3744 2754 3800 Secretum
2782 3760 2953 3799 meum
2981 3733 3132 3812 mihi,
3163 3748 3412 3799 secretum
3438 3760 3610 3799 meum

2008 3831 2139 3886 mihi
2171 3830 2326 3901 (1εαί.
2350 3847 2510 3898 xxiv,
2537 3831 2651 3904 16).
2674 3831 2878 3902 Abyssi
2901 3847 3012 3886 suae
3033 3828 3378 3902 superﬁciem
3407 3829 3610 3886 Paulus

2009 3921 2436 3988 constrinxerat,
2470 3919 2565 3991 qui
2593 3925 2677 3974 tot
2697 3917 2958 3990 periculis
2979 3934 3042 3976 ac
3069 3915 3492 3974 adversitatibus
3522 3919 3608 3974 in-

2011 4011 2234 4079 sudans,
2267 4009 2370 4067 sub
2398 4016 2672 4083 praetextu
2699 4006 2986 4080 cujusdam
3016 4007 3084 4066 de
3113 4007 3405 4080 semetipso
3436 4009 3610 4082 loqui-

2010 4109 2121 4170 tur,
2153 4101 2341 4157 dicens
2374 4118 2385 4156 :
2419 4099 2620 4156 Audivi
2646 4115 2850 4155 arcana
2875 4098 3056 4165 verba,
3085 4115 3203 4169 qua:
3228 4114 3335 4153 non
3366 4098 3483 4154 licet
3505 4099 3612 4154 ho-

2009 4192 2143 4247 mini
2160 4192 2307 4263 loqui
2330 4191 2425 4263 (ΙΙ
2445 4190 2569 4247 Cor.
2593 4206 2699 4259 xu,
2719 4189 2800 4262 4).
2832 4190 2906 4246 Et
2925 4206 3145 4246 rursum
3180 4206 3192 4245 :
3225 4189 3398 4246 Parca
3413 4195 3608 4259 autem,

2009 4299 2074 4337 ne
2101 4282 2219 4353 quis
2245 4298 2325 4336 me
2371 4281 2628 4336 existimet
2672 4297 2837 4352 supra
2864 4280 2923 4335 id
2952 4280 3093 4352 quod
3119 4279 3259 4335 videt
3291 4281 3350 4335 in
3390 4299 3490 4348 me,
3516 4287 3613 4337 aut

2011 4373 2164 4429 audit
2193 4374 2214 4408 ⁵
2241 4373 2450 4442 aliquid
2477 4390 2544 4427 ea:
2570 4373 2694 4444 me(
2697 4372 2835 4428 Ibid.
2845 4415 2862 4442 ,
2897 4373 2977 4446 6).
3008 4372 3115 4441 Qui
3145 4372 3314 4444 igitur
3340 4372 3476 4430 foris
3505 4376 3612 4430 ad-

295 4491 448 4562 pravi
479 4462 662 4561 operis
676 4462 938 4544 ltrabunt.
977 4487 1082 4543 Sed
1114 4503 1270 4543 mens
1300 4462 1402 4542 sub
1433 4486 1624 4542 inolita
1658 4488 1794 4543 bene
1823 4489 1901 4543 vi-
1930 4502 1981 4563 D
2013 4479 2172 4519 versa
2198 4463 2462 4563 τὀῙθΓδΠθζθ
2483 4479 2552 4518 ne
2578 4462 2810 4563 ίοηδὲθέ
2839 4462 2896 4518 in
2929 4462 3496 4563 Ῑδξιξάίξξηδ-(Ῑθθηθτθίν
3529 4481 3612 4519 π’

290 4580 463 4657 vendi
497 4577 895 4635 consuetudine
924 4576 1080 4650 quasi
1105 4576 1208 4632 sub
1238 4575 1473 4649 quadam
1505 4575 1710 4632 duritia
1739 4585 1902 4635 exte-

297 4671 409 4726 rius
440 4669 735 4726 abscondit
762 4666 1035 4743 quidquid
1079 4667 1230 4722 intus
1271 4682 1340 4721 ex
1375 4665 1695 4721 tentationis
1724 4669 1900 4739 pulsa-

296 4760 450 4816 tione
483 4759 777 4816 mollescit.
812 4757 965 4814 Unde
992 4762 1045 4812 et
1090 4754 1228 4810 bene
1267 4753 1621 4826 subjungitur
1653 4773 1664 4811 :
1700 4757 1773 4811 Et
1800 4772 1902 4811 su-

293 4850 538 4922 perﬁcies
566 4847 743 4920 abyssi
769 4845 1166 4917 constringitur.
1201 4843 1341 4912 Quia
1369 4859 1535 4916 prava
1561 4845 1820 4917 cogitatio
1847 4853 1902 4902 et

299 4940 345 4995 si
373 4956 553 5014 usque
598 4939 668 4996 ad
697 4938 1096 5012 suggestionem
1143 4935 1316 5004 venit,
1350 4949 1523 5006 usque
1561 4935 1630 4990 ad
1677 4951 1901 4993 consen-

299 5048 420 5088 sum
452 5049 566 5088 non
595 5031 833 5106 prosilit,
864 5031 993 5104 quia
1020 5028 1348 5085 ﬂuctuantes
1392 5035 1574 5083 motus
1603 5028 1776 5086 animi
1806 5045 1898 5087 su-

300 5121 602 5194 perductus
627 5123 779 5196 rigor
797 5128 996 5180 sanctae
1016 5117 1430 5176 deliberationis
1459 5118 1677 5190 premit.

379 5319 394 5358 ¹
432 5321 541 5392 Α1.,
573 5326 624 5379 et
644 5320 970 5394 plerumque.

377 5394 400 5428 ³
430 5394 598 5451 Laud.
613 5438 628 5463 ,
655 5411 908 5448 exercere.

377 5467 399 5499 ³
425 5458 623 5532 Laud,
666 5465 888 5521 Ebroic.
921 5462 1124 5534 aliique
1152 5458 1368 5534 Norm.,
1422 5464 1672 5534 ceter—nam
1717 5459 1903 5515 mentis

303 5531 662 5593 stabilitatem.
694 5537 857 5594 Corb.
896 5531 1103 5601 Gerrﬁ.,
1144 5545 1242 5602 per
1282 5531 1464 5586 intent.
1506 5531 1692 5586 mentis
1721 5536 1899 5587 cetern.

304 5608 627 5750 millium,
658 5679 818 5739 Corb.
848 5678 1056 5744 Germ.,
1088 5672 1308 5733 Ebroic.
1337 5673 1540 5748 aliique
1567 5676 1780 5742 Norm.,
1811 5673 1903 5730 sub

308 5753 610 5824 asperitate.

2011 4572 2146 4614 cana
2174 4571 2272 4611 sua
2301 4555 2512 4626 aperire
2543 4553 2836 4623 metuebat,
2883 4555 3019 4626 quid
3048 4554 3200 4610 aliud
3229 4571 3394 4628 quam
3423 4570 3612 4610 secre-

2009 4652 2193 4701 torum
2222 4661 2447 4700 suorum
2477 4643 2739 4716 abyssum
2770 4659 2865 4716 per
2884 4644 3241 4702 constrictam
3262 4642 3608 4716 superﬁciem

2010 4742 2277 4808 presserat
2305 4734 2332 4791 ?
2362 4733 2623 4809 Sequitur
2655 4751 2666 4788 :

2398 4851 2625 4910 CAPUT
2656 4851 2845 4908 XXXI
2875 4852 3019 4927 [Rea
3052 4849 3228 4925 XVI].

2081 4943 2250 5001 Vnus.
2283 4943 2370 4999 31.
2415 4974 2486 4984 -
2513 4942 2770 5013 Nunquid
2797 4942 3110 5012 conjungere
3139 4936 3337 4994 valebis
3363 4935 3611 4992 micantes

2009 5034 2188 5087 stellas
2242 5031 2504 5097 Pleiades,
2551 5038 2646 5088 aut
2690 5048 2879 5103 gyrum
2928 5027 3154 5088 Arcturi
3193 5025 3392 5098 poteris
3440 5023 3609 5080 dissi-

2005 5139 2140 5194 pare
2157 5123 2183 5177 ἱ)

2082 5315 2102 5348 δ
2132 5313 2304 5370 Multa
2324 5312 2416 5370 hic
2435 5312 2633 5369 desunt
2663 5312 2721 5366 in
2748 5309 2901 5366 Edit.
2926 5308 3096 5378 αξιοι.
3119 5315 3173 5367 et
3193 5307 3481 5376 Vaticana,
3504 5306 3605 5364 ubi

2010 5386 2210 5458 legitur
2231 5403 2242 5440 :
2267 5386 2313 5458 si
2333 5387 2448 5440 sola
2463 5385 2608 5458 nobis
2625 5383 2818 5438 adsunt
2829 5399 3110 5454 prospera,
3130 5382 3428 5458 solidamu-r
3441 5398 3464 5445 ;
3482 5395 3611 5438 con-

2011 5453 2096 5514 tra
2141 5456 2316 5512 sancti
2362 5455 2614 5512 Doctoris
2660 5461 2922 5523 mentem,
2957 5453 2974 5454 ”
2991 5470 3176 5509 veram
3221 5453 3498 5526 pietatem,
3549 5467 3613 5508 ac

2011 5526 2362 5604 Mss._ﬁdem._
2393 5529 2486 5604 ln_
2504 5527 2720 5599 Anglic.
2772 5527 2940 5604 enim,
2989 5525 3344 5604 Norman’nis,
3377 5525 3610 5604 Turon.,

2013 5599 2210 5668 Laud.,
2242 5599 2402 5657 Corb.
2448 5597 2656 5666 Gerni.,
2697 5604 2830 5666 etc.,
2891 5598 3054 5656 lectio
3084 5605 3270 5656 nostra
3300 5597 3608 5655 invenitur.

2087 5674 2108 5710 ⁸
2138 5674 2301 5730 Deest
2327 5671 2539 5742 aliquid
2570 5670 2628 5726 in
2656 5669 2828 5727 Laud.
