4152 6182
551 248 656 304 515

1749 251 1999 308 SANCTI
2038 252 2384 312 GREGORII
2421 255 2644 312 MAGNI
2725 255 2736 266 “

3753 273 3856 329 516

624 377 769 436 948
814 379 900 434 67.
954 376 1093 444 Quid
1137 377 1377 434 Pleiades
1417 386 1467 436 et
1494 381 1781 438 Arcturus.
1828 383 1928 440 Dei
1967 385 2148 440 omni-
2180 384 2231 443 A
2265 381 2494 453 quidem
2533 383 2875 457 temporibus
2906 385 3083 457 missi,
3114 397 3169 445 et
3213 395 3396 448 tamen
3425 395 3769 452 concorditer
3794 399 3858 455 de

549 472 839 546 potentiam
861 476 1159 543 pensantes,
1189 470 1519 543 inﬁrmitatis
1561 479 1758 528 nostra
1780 474 2147 532 admonemur.

550 599 620 610 —
649 567 894 624 Pleiades
922 569 1094 626 stella
1117 569 1220 621 ἀπὸ
1249 573 1340 622 τοῦ
1369 570 1642 641 πγείστου,
1676 570 1732 627 id
1761 579 1845 627 est
1865 589 1897 628 a
1925 573 2148 644 plurali-

550 663 662 713 tate
691 666 896 715 vocata
946 666 1092 714 sunt.
1141 659 1224 714 Ita
1269 666 1450 715 autem
1485 659 1682 716 vicina
1721 659 1828 716 sibi
1875 669 1928 716 et
1957 660 2151 718 divisa

551 754 680 803 sunt
709 748 964 815 condita,
993 755 1056 803 ut
1105 756 1158 804 et
1205 747 1372 802 simul
1409 748 1539 817 sint,
1593 756 1648 805 et
1676 756 1859 806 tamen
1889 750 2149 824 conjungi

552 855 894 912 nequaquam
944 839 1176 911 possint,
1221 847 1490 911 quatenus
1533 842 1548 874 ί
1596 841 1883 899 vicinitate
1927 843 2149 916 quidem

551 927 858 999 conjuncta
899 929 1030 995 sint,
1064 927 1159 984 sed
1191 935 1339 984 tactu
1367 927 1679 1000 disjuncta.
1717 931 1990 988 Arcturus
2019 948 2149 988 vero

552 1019 630 1075 ita
657 1027 929 1075 nocturna
975 1026 1222 1088 tempora
1249 1017 1510 1086 illustrat,
1545 1027 1606 1074 ut
1635 1018 1694 1074 in
1724 1019 1849 1076 cali
1877 1036 1979 1077 axe
2008 1022 2148 1093 posi-

552 1117 640 1165 tus
670 1124 765 1179 per
794 1106 1014 1163 diversa
1040 1122 1097 1162 se
1127 1114 1324 1175 vertat,
1356 1123 1458 1164 nec
1486 1115 1668 1164 tamen
1697 1107 1932 1166 occidat.
1964 1110 2148 1182 Neque

549 1198 699 1253 enim
729 1204 886 1252 extra
919 1198 940 1230 ²
968 1213 1023 1253 se
1052 1213 1280 1254 currens
1306 1197 1573 1266 volvitur,
1619 1197 1713 1254 sed
1743 1198 1801 1253 in
1837 1199 1958 1255 loco
1987 1198 2147 1267 situs,

550 1286 607 1342 in
645 1286 861 1343 cunctis
890 1286 1085 1343 mundi
1108 1286 1355 1359 partibus
1384 1303 1728 1360 nequaquam
1749 1304 1973 1344 casurus
1993 1287 2150 1344 incli-

548 1385 733 1434 natur.
763 1375 908 1446 Quid
945 1395 1072 1449 ergo
1102 1386 1182 1434 est
1212 1377 1358 1452 quod
1388 1377 1556 1434 homo
1574 1394 1645 1434 ex
1673 1385 1820 1434 terra
1846 1379 2042 1448 factus,
2073 1385 2150 1434 at-

549 1485 655 1541 que
677 1469 735 1524 in
754 1475 901 1524 terra
919 1469 1130 1541 positus
1151 1473 1174 1539 (
1186 1469 1366 1525 Genes.
1393 1469 1638 1541 11,7,15),
1663 1469 1730 1524 de
1749 1469 1960 1525 caelesti
1979 1468 2151 1525 admi-

550 1558 876 1615 nistratione
903 1558 1220 1626 discutitur,
1255 1559 1385 1630 quia
1414 1557 1661 1614 Pleiades
1681 1557 2017 1630 conjungere
2039 1576 2150 1614 non

552 1649 720 1716 valet,
769 1663 902 1720 quas
950 1649 1161 1705 vicinas
1214 1647 1573 1719 sibimetipsis
1631 1647 1880 1705 conditas
1921 1657 1976 1705 et
2016 1667 2153 1722 pene

2266 471 2647 545 Redemptoris
2679 475 2855 530 nostri
2893 475 3211 534 innocentia
3251 480 3569 552 sentientes,
3609 486 3856 544 eumdem

2261 575 2463 633 agnum
2484 553 2721 621 Joannes
2747 565 3104 635 ostendendo,
3130 569 3295 626 Isaias
3319 572 3692 643 pravidendo,
3727 576 3857 632 Abel

2260 653 2537 710 olferendo
2587 656 2802 713 locutus
2833 665 2948 723 est;
3021 667 3075 715 et
3103 677 3264 733 quem
3293 661 3526 720 Joannes
3568 664 3627 720 in
3674 675 3864 722 osten-

2259 743 2431 812 sione,
2464 761 2626 817 quem
2657 746 2823 803 Isaias
2855 746 2912 801 in
2944 748 3256 818 locutione,
3301 751 3448 810 hunc
3475 752 3615 810 Abel
3645 754 3863 827 signiﬁ-

2259 833 2435 890 cando
2459 834 2515 889 in
2546 835 2802 892 manibus
2830 838 3029 894 tenuit.

2335 922 2420 978 70.
2455 924 2595 991 Quia
2625 925 2793 996 igitur
2831 926 3107 998 quomodo
3147 928 3395 987 Pleiades
3438 933 3609 990 stella
3643 933 3711 991 de
3751 935 3865 993 hu-

2262 1014 2523 1070 manitate
2555 1014 2936 1087 Redemptoris
2957 1017 3064 1073 sibi
3095 1019 3392 1077 concinant
3413 1021 3682 1094 diximus,
3715 1043 3861 1085 nunc

2261 1102 2536 1174 quomodo
2559 1103 2616 1160 in
2633 1104 2970 1163 ostendenda
2986 1108 3198 1164 unitate
3215 1109 3504 1168 Trinitatis
3519 1115 3866 1173 concorditer

2260 1191 2478 1249 luceant
2512 1193 2972 1252 demonstremus.
3003 1196 3251 1254 Diversis
3295 1199 3497 1274 quippe
3527 1205 3864 1276 temporibus

2260 1278 2391 1336 huic
2419 1279 2630 1336 mundo
2676 1281 2874 1350 David,
2909 1282 3076 1338 Isaias
3119 1293 3173 1340 et
3210 1285 3413 1344 Paulus
3442 1291 3736 1362 apparuit;
3771 1293 3864 1349 sed
3929 1333 3932 1337 -

2261 1377 2443 1425 tamen
2473 1369 2660 1426 nullus
2689 1387 2880 1427 eorum
2902 1373 3060 1429 alteri
3082 1371 3366 1432 diversum
3387 1378 3581 1448 sensit,
3604 1381 3736 1452 quia
3764 1383 3864 1438 etsi

2261 1460 2586 1531 semetipsos
2616 1476 2726 1515 non
2777 1470 3049 1518 noverant
3095 1462 3254 1532 facie,
3304 1482 3475 1522 unum
3509 1476 3690 1526 tamen
3722 1470 3868 1526 didi-

2261 1557 2449 1605 cerant
2477 1564 2548 1603 ex
2576 1548 2772 1604 divina
2792 1551 3128 1621 cognitione.
3163 1553 3342 1610 David
3369 1556 3568 1629 quippe
3597 1567 3657 1614 ut
3674 1567 3864 1616 aucto-

2261 1653 2376 1692 rem
2399 1637 2653 1693 omnium
2684 1639 2704 1673 ⁵
2737 1640 2914 1695 Deum
2937 1640 2994 1695 in
3017 1640 3289 1700 Trinitate
3313 1645 3636 1716 ostenderet,
3667 1647 3821 1704 dixit
3845 1666 3858 1704 :

549 1737 873 1809 conjunctas
900 1737 1069 1805 videt,
1104 1737 1234 1810 quia
1260 1736 1486 1794 Arcturi
1519 1753 1714 1809 gyrum
1745 1737 2011 1811 dissipare
2039 1757 2148 1796 non
2189 1756 2235 1816 B
2264 1735 2544 1791 Benedicti!
2569 1752 2665 1789 n08
2699 1735 2861 1802 Deus,
2911 1738 3053 1795 Deus
3082 1736 3228 1797 949
3256 1746 3452 1807 ηοεεεν»
3481 1741 3746 1798 beneﬁca!
3770 1759 3868 1797 τιοε

550 1833 749 1898 potest,
783 1842 944 1898 quem
976 1834 1159 1882 tamen
1190 1842 1412 1884 cernere
1442 1827 1560 1898 ipsa
1593 1843 1690 1883 sua
1718 1827 1987 1899 vertigine
2017 1845 2151 1902 pene

553 1915 885 1987 dissipatum
905 1923 1083 1988 potest
1104 1916 1132 1972 ‘l
1150 1917 1238 1972 An
1259 1923 1321 1973 ut
1341 1917 1400 1972 in
1429 1916 1550 1971 istis
1572 1916 1897 1974 ministeriis
1913 1919 2150 1976 auctoris

552 2007 855 2078 potentiam
890 2022 1143 2078 pensans,
1194 2006 1533 2062 inﬁrmitatis
1575 2023 1688 2062 sua
1731 2009 2065 2077 meminerit,
2097 2016 2151 2064 et

555 2111 682 2152 eum
703 2113 868 2170 quem
888 2098 1072 2156 adhuc
1091 2099 1150 2154 in
1173 2098 1455 2170 majestate
1475 2112 1574 2153 sua
1593 2096 1782 2168 videre
1801 2113 1910 2153 non
1941 2106 2151 2170 poterat

553 2204 716 2261 quam
747 2189 822 2245 sit
849 2189 1256 2246 inaestimabilis
1303 2190 1361 2246 in
1409 2189 1528 2261 ipsa
1568 2188 2003 2249 ministeriorum
2031 2205 2152 2248 coe-

553 2278 775 2336 lestium
803 2279 1198 2353 gubernatione
1224 2279 1524 2354 perpendat
1553 2279 1582 2336 ‘l

623 2451 827 2508 Sensus
854 2468 1138 2510 msrrcus.
1177 2483 1226 2492 -—
1270 2452 1556 2509 Pleiadum
1581 2451 1791 2508 nomine
1818 2451 1986 2508 sancti
2005 2449 2153 2506 desi-

551 2548 813 2613 gnantur.
845 2573 915 2583 —
942 2541 1032 2598 68.
1071 2541 1176 2598 Sed
1205 2557 1304 2598 cur
1332 2541 1437 2598 ista
1468 2543 1768 2614 loquimur,
1795 2541 1892 2614 qui
1927 2541 2152 2597 stimulo

550 2636 783 2692 rationis
823 2652 1098 2708 urgemur,
1151 2644 1214 2692 ut
1254 2636 1372 2693 hac
1417 2636 1584 2692 verba
1623 2635 1876 2708 mysticis
1902 2637 2153 2692 sensibus

554 2727 779 2798 gravida
806 2741 1197 2796 cognoscamus
1245 2725 1273 2781 ‘l
1318 2723 1456 2798 [Vet.
1494 2723 1782 2798 XXVIII.]
1829 2723 1974 2791 Quid
2004 2726 2150 2780 enim

555 2815 821 2872 micantes
851 2815 1118 2884 Pleiades,
1153 2832 1274 2889 qua
1304 2825 1358 2873 et
1385 2824 1593 2888 septem
1625 2822 1774 2883 sunt,
1805 2814 1958 2870 aliud
1988 2830 2150 2887 quam

553 2917 775 2965 sanctos
805 2924 996 2964 omnes
1024 2907 1376 2976 denuntiant,
1411 2907 1506 2981 qui
1537 2907 1682 2965 inter
1711 2905 1994 2980 praesentis
2023 2908 2152 2962 vita

552 2998 808 3055 tenebras
838 2999 1176 3071 septiformis
1206 2999 1444 3071 Spiritus
1475 2998 1662 3072 gratia
1692 3016 1791 3055 nos
1832 2998 2044 3055 lumine
2072 2997 2152 3052 il-

556 3089 812 3158 lustrant,
857 3090 954 3162 qui
997 3089 1065 3146 ab
1111 3091 1230 3162 ipsa
1257 3089 1452 3146 mundi
1496 3091 1710 3162 origine
1739 3106 1911 3162 usque
1939 3089 2008 3144 ad
2037 3086 2153 3159 ejus

553 3179 856 3234 terminum
906 3181 1142 3235 diversis
1208 3181 1549 3250 temporibus
1597 3182 1665 3236 ad
1712 3179 2151 3252 prophetandum

553 3267 729 3335 missi,
760 3275 814 3323 et
835 3265 998 3337 juxta
1028 3268 1241 3341 aliquid
1269 3269 1375 3326 sibi
1423 3269 1706 3341 conjuncti
1735 3277 1883 3337 sunt,
1915 3277 1968 3324 et
1991 3267 2154 3339 juxta

551 3356 764 3428 aliquid
781 3355 1045 3426 disjuncti
1076 3358 1103 3412 ‘I
1133 3358 1313 3413 Stella
1342 3359 1492 3414 enim
1520 3359 1784 3428 Pleiades,
1817 3359 1961 3416 sicut
1991 3375 2153 3430 supra

553 3445 762 3503 dictum
799 3453 901 3515 est,
933 3447 1220 3503 vicinitate
1249 3447 1355 3503 sibi
1401 3447 1712 3519 conjuncta
1740 3457 1892 3514 sunt,
1922 3455 1977 3504 et
2003 3455 2153 3504 tactu

552 3535 862 3606 disjuncta.
892 3536 1069 3592 Simul
1105 3535 1328 3610 quidem
1372 3539 1492 3594 sita
1537 3547 1686 3608 sunt,
1719 3547 1774 3596 et
1802 3547 1986 3596 tamen
2014 3538 2152 3596 lucis

551 3642 663 3681 sua
695 3627 715 3660 ³
748 3625 959 3682 viritim
982 3627 1165 3684 radios
1190 3627 1454 3685 fundunt.
1477 3631 1499 3664 ⁴
1525 3631 1607 3686 Ita
1624 3645 1817 3686 omnes
1834 3628 2008 3686 sancti
2029 3628 2152 3685 aliis

553 3724 716 3790 atque
749 3717 876 3775 aliis
902 3717 970 3774 ad
998 3719 1409 3791 pradicandum
1439 3721 1782 3794 temporibus
1807 3728 2148 3794 apparentes,

551 3818 607 3867 et
634 3808 904 3882 disjuncti
931 3819 1062 3868 sunt
1081 3828 1178 3885 per
1194 3812 1469 3869 visionem
1495 3829 1608 3870 sua
1637 3813 1915 3887 imaginis,
1944 3819 1998 3870 et
2025 3828 2150 3870 oon-

546 3900 728 3973 juncti
757 3917 854 3974 per
895 3903 1259 3959 intentionem
1303 3903 1524 3960 mentis.
1555 3903 1733 3960 Simul
1764 3903 1993 3968 micant,
2024 3901 2154 3975 quia

549 4006 723 4046 unum
755 3991 1057 4061 pradicant
1088 4011 1101 4060 ;
1132 3992 1228 4048 sed
1253 4009 1365 4048 non
1395 3993 1716 4064 semetipsos
1734 3999 1988 4064 tangunt,
2020 3991 2152 4064 quia

551 4079 608 4133 in
638 4078 836 4132 divisis
860 4080 1202 4150 temporibus
1239 4082 1572 4151 partiuntur.

618 4166 708 4222 69.
748 4167 957 4232 Omnes,
985 4169 1141 4224 etiam
1167 4169 1259 4238 qui
1291 4169 1563 4225 Christum
1593 4175 1992 4240 praeesserunt,
2032 4189 2150 4228 eum

548 4256 861 4330 pradicant,
884 4263 933 4311 et
967 4259 1250 4314 Trinitatis
1267 4261 1594 4329 mysterium.
1625 4290 1696 4302 —
1724 4260 1898 4328 Quam
1919 4261 2151 4318 diversis

549 4344 893 4417 tamporibus
922 4347 1081 4416 Abel,
1132 4348 1318 4417 Isaias,
1364 4357 1419 4404 et
1454 4350 1691 4407 Joannes
1727 4358 2098 4422 apparuerunt
2134 4353 2145 4408 l

545 4438 727 4497 Divisi
756 4439 976 4511 quidem
1023 4442 1250 4498 fuerunt
1284 4449 1549 4516 tempore,
1593 4443 1688 4500 sed
1734 4459 1846 4500 non
1877 4442 2150 4515 pradica-

547 4529 718 4585 tione.
738 4529 874 4585 Nam
889 4529 1028 4587 Abel
1045 4531 1426 4606 Redemptoris
1456 4533 1631 4590 nostri
1653 4533 1962 4606 passionem
1983 4531 2149 4604 signi-

547 4618 738 4686 ﬁcans,
769 4634 972 4690 agnum
1007 4621 1064 4676 in
1095 4621 1364 4679 sacriﬁcio
1391 4623 1596 4679 obtulit
1625 4624 1834 4695 (Genes.
1867 4640 1946 4691 ιν,
1975 4622 2058 4695 4),
2086 4621 2153 4678 de

547 4706 706 4779 cujus
748 4708 998 4780 passione
1030 4711 1197 4766 Isaias
1238 4711 1316 4766 ait
1355 4729 1366 4766 :
1402 4713 1549 4768 Sicut
1594 4729 1763 4783 agnus
1800 4728 1980 4767 coram
2025 4718 2150 4766 ton-

547 4801 694 4854 dente
723 4815 774 4852 se
797 4798 1121 4868 obmutescet,
1153 4805 1201 4855 et
1218 4817 1325 4855 non
1353 4803 1553 4873 aperiet
1571 4819 1628 4857 os
1647 4818 1802 4857 suum
1819 4801 1982 4873 (Isai.
2027 4818 2143 4870 Lm,

548 4891 629 4962 7).
656 4891 735 4947 De
763 4905 873 4963 quo
900 4890 1136 4949 Joannes
1163 4908 1380 4966 quoque
1407 4893 1484 4949 ait
1518 4911 1530 4948 :
1561 4895 1693 4950 Ecce
1711 4910 1878 4965 agnus
1901 4891 2017 4961 Dei,
2040 4909 2146 4950 ecce

544 4981 637 5050 qui
669 4982 808 5039 tollit
840 4989 1058 5054 peccata
1097 4983 1284 5041 mundi
1326 4983 1515 5056 (Joan.
1547 5001 1588 5054 ι,
1621 4983 1740 5056 29).
1771 4983 1912 5045 Ecce
1946 4982 2142 5042 divisis

621 5244 638 5280 ¹
665 5246 804 5303 Male
834 5247 891 5302 in
923 5247 1099 5316 Edit.,
1129 5248 1395 5305 vicinitate
1423 5250 1672 5316 quadam.

619 5317 640 5391 ξ
670 5317 960 5374 Omittitur
989 5338 1040 5374 se
1064 5321 1141 5375 -in
1187 5321 1384 5390 Laud.,
1416 5317 1577 5378 Corb.
1608 5323 1791 5377 Germ.
1825 5335 1888 5376 ac
1916 5320 2138 5391 Pratel.,

546 5385 778 5468 aliisque
804 5391 991 5468 Norin.
1151 5465 1204 5468 __
1315 5385 1426 5468 -Ἀ
1501 5466 1525 5468 ξ
1717 5465 1763 5468 __

618 5457 639 5491 ³
654 5457 744 5514 Sic
762 5461 1045 5534 legendum
1063 5481 1130 5520 ex
1151 5465 1278 5521 Mss.
1305 5464 1466 5522 Corb.
1487 5466 1694 5534 Germ.,
1715 5465 1904 5522 Norm.
1925 5472 1978 5521 et
1998 5465 2143 5534 aliis,

547 5544 658 5584 non
679 5532 962 5610 va'_r_iatim_.
981 5535 1192 5610 Yigitim
1218 5535 1308 5592 hic
1328 5539 1625 5610 opponitur
1646 5532 1925 5610 particula
1941 5537 2105 5610 simul

547 5555 658 5584 nun
679 5555 953 5589 vu'rtattm.
988 5555 1192 5591 γιν-ιιιηι
1219 5555 1308 5592 mc
1328 5555 1360 5592 ο
1403 5555 1625 5610 ponitur
1682 5555 1925 5593 articuia
1947 5555 2104 5591 simul
2127 5555 2147 5600 ;

544 5617 710 5673 supra
742 5601 867 5729 Yet.
919 5604 1019 5659 Ed.
1054 5607 1227 5662 Paris.
1261 5615 1315 5662 et
1357 5555 1524 5666 ﬁasil.
1573 5555 1775 5665 habent
1806 5608 2023 5678 mistim,
2054 5607 2147 5664 sed

545 5688 748 5729 corrun
776 5689 824 5729 e.

545 5688 824 5746 corrupte.

620 5747 639 5780 ³
666 5745 862 5816 Laud.,
896 5747 970 5804 ita
1002 5749 1172 5804 sancti
1208 5751 1456 5806 homines.

2262 1823 2404 1879 Deus
2423 1823 2594 1894 (Psal.
2614 1841 2763 1892 var,
2784 1825 2864 1898 8).
2885 1829 2967 1884 Ac
2985 1846 3054 1885 ne
3070 1829 3234 1888 tertio
3250 1831 3424 1887 Deum
3442 1831 3740 1888 nominans
3757 1840 3869 1888 tres

2262 1913 2404 1968 Deos
2432 1910 2639 1969 dixisse
2663 1923 2967 1985 putaretur,
3001 1917 3155 1975 illico
3186 1919 3453 1976 unitatem
3482 1919 3729 1992 ejusdem
3751 1919 3867 1976 Tri-

2263 2002 2452 2058 nitatis
2483 2002 2772 2060 insinuans
2792 2005 3009 2064 addidit
3033 2025 3045 2062 :
3071 2009 3145 2063 Et
3159 2016 3397 2065 metuant
3411 2028 3527 2066 eum
3543 2028 3722 2067 omnes
3742 2012 3871 2083 ﬁnes

2265 2097 2418 2146 terra:
2449 2092 2665 2165 (Ibid).
2699 2093 2804 2160 Qui
2835 2095 2982 2150 enim
3014 2112 3124 2151 non
3156 2113 3272 2166 eos,
3303 2097 3398 2153 sed
3428 2114 3554 2154 eum
3588 2099 3872 2168 subdidit,

2262 2197 2434 2236 unum
2465 2183 2573 2239 tria
2601 2200 2721 2256 qua
2751 2183 2967 2241 dixerat
2987 2186 3290 2243 intimavit.
3314 2187 3477 2244 Isaias
3498 2204 3725 2261 quoque
3744 2206 3874 2246 cum

2263 2270 2480 2327 laudem
2533 2272 2601 2329 de
2648 2273 2859 2330 unitate
2918 2275 3209 2332 Trinitatis
3269 2276 3524 2347 aperiret,
3575 2277 3872 2350 Seraphim

2263 2377 2424 2419 voces
2439 2364 2777 2436 exprimens,
2799 2365 2877 2420 ait
2902 2383 2914 2422 :
2953 2366 3196 2434 Sanctus,
3220 2372 3454 2433 sanctus,
3476 2369 3867 2441 sanctus.(Isai.

2264 2467 2341 2518 vr,
2374 2451 2474 2524 3);
2507 2469 2570 2510 ac
2599 2471 2668 2509 ne
2701 2454 2860 2511 tertio
2907 2464 3159 2512 sanctum
3191 2454 3485 2511 nominans
3526 2458 3549 2492 ε
3598 2458 3869 2515 unitatem

2264 2540 2470 2598 divina
2516 2545 2837 2602 substantia
2884 2546 3137 2603 scindere
3184 2546 3487 2615 videretur,
3537 2547 3804 2620 adjunxit
3854 2567 3866 2606 :

2264 2632 2523 2688 Dominus
2551 2635 2694 2690 Deus
2729 2636 2968 2692 sabaoth.
3017 2637 3161 2704 Quia
3205 2654 3332 2709 ergo
3375 2654 3488 2693 non
3517 2638 3738 2695 domini
3768 2639 3867 2709 dii,

2264 2722 2360 2778 sed
2400 2723 2671 2781 Dominus
2727 2727 2876 2781 Deus
2926 2725 3166 2792 addidit,
3218 2743 3388 2783 unum
3436 2729 3670 2784 existere
3721 2727 3866 2802 quod

2265 2813 2426 2868 tertio
2459 2822 2711 2870 sanctum
2742 2823 3036 2872 vocaverat
3083 2815 3369 2874 indicavit.
3409 2818 3612 2873 Paulus
3641 2834 3867 2892 quoque

2264 2909 2326 2956 ut
2362 2903 2736 2974 operationem
2779 2915 2978 2964 sancta
3025 2907 3314 2966 Trinitatis
3353 2909 3681 2979 ostenderet,
3737 2911 3863 2968 ait:

2262 2993 2355 3049 Ea:
2383 2994 2516 3065 ipso,
2567 3002 2613 3050 et
2649 3013 2746 3067 per
2774 2996 2968 3068 ipsum,
2999 3005 3052 3053 et
3075 2999 3134 3054 in
3172 3001 3286 3072 ipso
3323 3006 3442 3055 sunt
3468 3000 3644 3055 omnia
3678 2999 3863 3071 (Rom.

2190 3123 2232 3183 Ο
2266 3099 2346 3150 x1,
2379 3083 2496 3155 36).
2530 3085 2713 3158 Atque
2740 3095 2802 3142 ut
2830 3087 3099 3144 unitatem
3130 3089 3375 3163 ejusdem
3400 3089 3686 3146 Trinitatis
3715 3089 3868 3146 inti-

2262 3182 2455 3240 maret,
2483 3175 2737 3245 protinus
2764 3175 2983 3232 addidit
3016 3195 3027 3232 :
3062 3179 3178 3250 Ipsi
3204 3181 3382 3252 gloria
3406 3180 3465 3234 in
3487 3181 3680 3235 alecula
3712 3195 3867 3235 sacu-

2265 3263 2458 3330 lorum,
2489 3280 2640 3317 amen
2669 3263 2882 3334 (Ibid).
2932 3265 3040 3332 Qui
3089 3267 3262 3338 igitur
3308 3285 3418 3324 non
3448 3269 3608 3340 ipsis,
3638 3268 3738 3325 sed
3765 3269 3867 3342 ipsi

2260 3350 2529 3419 subdidit,
2549 3369 2721 3407 unum
2747 3355 2765 3388 τ
2790 3357 3140 3425 naturaliter,
3162 3357 3269 3412 tria
3288 3356 3592 3414 secundum
3609 3373 3866 3429 personas

2262 3440 2526 3508 innotuit,
2559 3441 2708 3514 quod
2737 3444 2994 3516 superius
3023 3445 3187 3503 tertio
3221 3445 3464 3519 idipsum
3496 3446 3660 3502 dixit.
3694 3446 3860 3515 Quasi

2261 3548 2387 3604 ergo
2418 3540 2471 3588 et
2501 3548 2610 3588 uno
2644 3533 2705 3589 in
2735 3534 2856 3592 loco
2888 3536 3136 3594 Pleiades
3165 3538 3286 3594 sita
3317 3549 3469 3608 sunt,
3500 3538 3628 3611 quia
3655 3537 3725 3594 de
3749 3540 3860 3595 Deo

2259 3620 2607 3679 concorditer
2647 3625 2914 3694 sentiunt,
2947 3635 3005 3683 et
3035 3633 3218 3683 tamen
3258 3629 3579 3702 semetipsas
3607 3645 3723 3684 non
3751 3637 3863 3685 tan-

2262 3721 2418 3785 gunt,
2442 3713 2572 3787 quia
2589 3714 2736 3774 sicut
2757 3716 2970 3775 dictum
2998 3727 3083 3776 est
3099 3735 3195 3792 per
3216 3719 3383 3794 hujus
3403 3721 3602 3780 mundi
3623 3731 3863 3796 tempora

2261 3803 2480 3862 diversa
2509 3808 2848 3879 partiuntur.

2333 3895 2421 3953 71.
2454 3899 2633 3954 Sancti
2654 3916 2828 3954 omnes
2857 3899 2981 3972 ﬁdei
3007 3918 3070 3956 ac
3097 3901 3356 3957 virtutum
3383 3902 3734 3958 unanimitate
3752 3917 3862 3958 con-

2251 3984 2577 4057 junguntur.
2609 4018 2678 4028 —
2709 3988 2865 4057 Quod
2899 3990 3038 4048 bene
3066 4008 3129 4050 ac
3157 3991 3402 4048 breviter
3440 3992 3697 4050 Ezechiel
3732 4009 3865 4064 pro-

2260 4077 2426 4149 pheta
2474 4077 2759 4148 describit,
2792 4081 2888 4154 qui
2935 4099 3060 4139 cum
3098 4082 3306 4140 diversi
3352 4086 3568 4156 generis
3606 4084 3864 4142 animalia

2262 4166 2450 4223 videre
2478 4183 2534 4223 se
2562 4167 2790 4239 diceret,
2844 4170 3100 4244 adjunxit
3133 4193 3144 4230 :
3179 4176 3480 4246 Iunctaque
3507 4183 3658 4232 erant
3679 4192 3866 4247 penna:

2265 4274 2444 4314 eorum
2490 4259 2714 4314 alterius
2758 4262 2831 4317 ad
2876 4263 3105 4318 alterum
3157 4264 3373 4335 (Ezech.
3431 4283 3470 4334 ι,
3536 4266 3614 4337 9).
3662 4266 3860 4322 Penna

2261 4347 2461 4421 quippe
2489 4348 2813 4406 animalium
2856 4351 3082 4409 alterius
3113 4353 3183 4410 ad
3215 4354 3446 4410 alterum
3473 4353 3682 4426 juncta
3713 4363 3857 4422 sunt,

2265 4440 2394 4512 quia
2422 4440 2524 4496 etsi
2553 4439 2853 4498 dissimilia
2881 4453 3010 4499 sunt
3042 4461 3163 4518 qua
3191 4454 3381 4518 agunt,
3409 4461 3522 4501 uno
3560 4454 3749 4501 tamen
3777 4462 3859 4502 eo-

2267 4529 2502 4602 demque
2530 4547 2694 4586 sensu
2721 4531 2830 4587 sibi
2859 4540 3174 4590 sanctorum
3205 4551 3366 4592 voces
3395 4535 3740 4608 virtutesque
3766 4552 3861 4591 so-

2262 4618 2501 4675 ciantur.
2523 4620 2594 4675 Et
2617 4621 2875 4693 quamvis
2895 4621 3040 4679 alius
3059 4624 3462 4681 rationabiliter
3481 4633 3679 4680 cuncta
3705 4640 3862 4697 agen-

2259 4706 2330 4764 do
2379 4708 2451 4764 sit
2498 4707 2686 4779 homo,
2733 4711 2879 4767 alius
2923 4712 2982 4767 in
3030 4713 3379 4786 passionibus
3424 4713 3585 4769 fortis
3635 4712 3864 4769 adversa

2256 4797 2454 4854 mundi
2483 4815 2595 4855 non
2626 4800 2876 4857 timendo
2918 4803 2992 4859 sit
3022 4804 3126 4873 leo,
3177 4804 3319 4860 alius
3348 4819 3444 4875 per
3473 4803 3864 4860 abstinentiam

2253 4888 2607 4961 semetipsum
2653 4891 2841 4947 vivam
2896 4891 3135 4950 hostiam
3184 4891 3470 4949 offerendo
3511 4893 3585 4949 sit
3630 4893 3862 4961 vitulus,

2250 4982 2392 5040 alius
2418 4997 2475 5040 se
2502 4981 2563 5039 in
2581 4981 2694 5039 alta
2721 4982 2743 5019 ³
2772 4982 3034 5058 rapiendo
3054 4984 3547 5058 contemplationis
3568 4984 3763 5041 volatu
3785 4983 3862 5041 sit

2319 5247 2339 5282 ⁵
2369 5245 2604 5325 Ehroic._
2621 5246 2826 5321 aliique
2846 5247 3056 5325 Norm.,
3080 5245 3330 5306 Laudun.
3356 5254 3412 5304 et
3433 5247 3596 5306 Corb.
3630 5246 3824 5304 Germ.
3846 5302 3860 5325 9

2249 5318 2418 5373 Deum
2451 5318 2762 5374 Trinitatem
2793 5321 3107 5376 ostenderet.

2321 5392 2342 5424 ⁶
2373 5390 2601 5474 Turon.,
2636 5397 2740 5474 tres
2777 5391 2896 5474 deos
2926 5391 3124 5474 dirisse
3151 5398 3460 5474 putaretur,
3491 5390 3642 5447 illico
3672 5389 3861 5444 unita-

2254 5467 2347 5540 tem
2375 5461 2571 5540 divina:
2598 5463 2902 5540 substantia
2927 5461 3208 5534 adjunxit.
3535 5536 3545 5540 _
3730 5532 3770 5540 ,ί
3851 5530 3861 5540 ,

2323 5534 2342 5567 ⁷
2375 5531 2436 5610 Id
2464 5542 2563 5601 est,
2612 5535 2892 5610 secundum
2924 5531 3196 5606 naturam,
3240 5543 3295 5593 et
3341 5536 3645 5610 opponitur
3695 5531 3863 5588 alteri

2256 5603 2528 5680 membro,
2557 5607 2835 5662 secundum
2860 5625 3137 5680 personas.

2331 5676 2352 5711 ⁸
2383 5675 2576 5746 Laud.,
2609 5675 2883 5749 sapientia:
