4152 6182
339 239 449 295 517

1062 250 1431 310 MORALIUM
1467 255 1600 311 em.
1623 230 1853 316 'xxrx.
1893 292 1932 302 —

2042 265 2073 321 Ἴ
2105 265 2332 324 CAPUT
2370 270 2657 328 XXXVIII
2702 274 2764 330 Β.
2806 275 2948 331 JOB.

3548 287 3654 343 518

335 365 554 478 aquila;
581 368 777 466 pennis
819 385 875 425 se
922 377 1104 429 tamen
1143 374 1274 474 dum
1307 377 1505 478 volant.
1526 387 1776 478 tangunt,
1810 384 1941 457 quia
1975 393 2023 452 Α
2053 392 2321 448 Arcturus
2351 395 2614 464 volvitur,
2639 399 2768 469 quia
2785 397 2902 456 haec
2930 400 2987 454 in
3017 404 3197 460 noctis
3226 404 3393 478 hujus
3421 409 3652 468 tribula-

333 462 388 512 et
418 455 767 513 confessione
797 475 1020 531 vocum,
1056 471 1109 519 et
1139 464 1410 523 virtutum
1441 469 1548 526 sibi
1579 455 1943 530 unanimitate

326 543 661 617 junguntur.
695 546 851 614 Quod
883 550 1011 622 quia
1041 553 1214 612 solius
1241 555 1447 615 divinae
1494 558 1721 616 virtutis
1748 570 1850 630 est,
1890 571 1943 620 et

331 633 632 706 disjunctis
661 639 1004 710 temporibus
1035 643 1229 701 missos
1278 647 1336 701 in
1379 647 1508 704 ﬁdei
1552 650 1942 722 praedicatione

329 724 687 799 conjungere,
720 734 774 782 et
801 725 1168 790 dissimilibus
1207 734 1510 795 virtutibus
1550 739 1808 811 praeditos
1837 741 1940 797 ful-

330 830 462 887 gore
490 815 820 872 intentionis
861 817 1038 888 unire,
1089 829 1236 878 recte
1281 823 1504 888 dicitur,
1537 828 1796 898 Nunquid
1822 846 1938 883 con-

315 903 549 974 jungere
573 903 769 958 valebis
796 906 1043 962 micantes
1072 912 1251 967 stellas
1279 913 1524 970 Pleiades
1544 917 1572 971 ?
1613 918 1694 973 Ac
1714 917 1760 973 si
1792 917 1941 973 dicat

331 1001 395 1048 ut
425 1009 546 1065 ego,
583 991 677 1064 qui
708 1008 853 1049 unus
887 996 1074 1054 omnia
1120 998 1342 1071 impleo,
1389 1010 1551 1076 atque
1600 1004 1658 1060 in
1709 1006 1940 1064 unitatis

327 1098 496 1138 sensu
529 1083 831 1139 electorum
863 1094 1073 1142 mentes
1106 1087 1387 1161 implendo
1418 1092 1715 1167 conjungo.

401 1211 488 1267 72.
521 1211 790 1266 Arcturus
811 1216 972 1268 totam
998 1215 1288 1272 Ecclesium
1316 1218 1599 1292 signiﬁcat.
1629 1223 1790 1278 Docet
1816 1225 1941 1296 ﬁdei

323 1301 490 1356 simul
515 1318 578 1357 ac
607 1301 866 1359 bonorum
883 1321 1102 1376 operum
1129 1311 1497 1367 necessitatem.
1522 1343 1593 1354 -—-
1611 1313 1674 1368 In
1702 1316 1940 1371 Arcturo

325 1400 534 1458 autem,
565 1393 661 1465 qui
704 1411 800 1467 per
842 1412 1040 1470 gyrum
1086 1415 1249 1456 suum
1297 1412 1571 1460 nocturna
1616 1405 1793 1476 spatia
1825 1422 1937 1461 non

325 1498 621 1539 occasurus
664 1483 930 1555 illustrat,
980 1504 1328 1563 nequaquam
1376 1494 1754 1565 particulatim
1788 1496 1938 1552 edita

331 1575 448 1629 vita
472 1582 814 1645 sanctorum,
848 1577 944 1634 sed
972 1586 1089 1635 tota
1116 1581 1282 1636 simul
1317 1584 1564 1641 Ecclesia
1593 1585 1934 1658 designatur,

325 1681 448 1738 qua:
476 1665 831 1737 fatigationes
860 1667 1084 1740 quidem
1116 1671 1341 1742 patitur,
1367 1689 1469 1729 nec
1490 1680 1671 1729 tamen
1693 1674 1762 1729 ad
1789 1674 1937 1730 defe-

2054 481 2297 541 tionibus
2328 493 2557 542 rotatur.
2591 488 2695 544 Sed
2725 489 2874 546 hunc
2903 492 3124 548 Arcturi
3163 512 3360 568 gyrum
3393 502 3654 573 quando-

2054 589 2158 646 que
2187 576 2454 634 Dominus
2484 577 2734 650 dissipat,
2767 580 2897 652 quia
2926 582 3143 640 labores
3172 587 3431 646 Ecclesiae
3461 593 3533 649 ad
3561 610 3652 650 re-

2053 664 2236 736 quiem
2268 675 2562 738 permutat.
2610 668 2763 726 Tunc
2799 677 2854 726 et
2895 672 3141 729 Pleiades
3187 676 3405 747 plenius
3442 679 3649 756 jungit,

2051 773 2176 812 cum
2207 774 2404 830 gyrum
2451 760 2676 817 Arcturi
2723 761 2977 832 destrbit,
3029 764 3158 838 quia
3205 774 3338 826 tunc
3382 770 3652 830 nimirum

2051 847 2225 902 sancti
2245 863 2435 904 omnes
2459 850 2625 906 etiam
2657 851 2889 909 visionis
2937 853 3044 910 sibi
3073 857 3253 927 specie
3297 859 3649 930 copulantur,

2051 935 2271 1006 quando
2309 938 2368 994 in
2415 938 2524 995 ﬁne
2559 939 2754 997 mundi
2783 950 2972 999 sancta
3015 944 3263 1002 Ecclesia
3290 946 3357 1003 ab
3387 946 3476 1005 his
3514 967 3652 1022 quos

2051 1041 2201 1082 nunc
2228 1027 2462 1085 sustinet
2492 1029 2774 1088 laboribus
2805 1033 3061 1090 solvitur.
3094 1035 3253 1092 Dicat
3291 1053 3452 1110 ergo:
3485 1039 3650 1096 Nun-

2049 1115 2178 1184 quid
2200 1117 2514 1189 conjungere
2541 1120 2738 1176 valebis
2776 1123 3025 1179 micantes
3053 1126 3232 1181 stellas
3260 1127 3525 1197 Pleiades,
3559 1135 3652 1184 aut

2047 1220 2238 1274 gyrum
2262 1207 2487 1261 Arcturi
2514 1211 2715 1280 pater-is
2754 1211 3060 1284 dissipare?
3097 1214 3370 1273 Subaudis
3425 1227 3486 1274 ut
3531 1234 3648 1290 ego,

2050 1293 2144 1364 qui
2176 1302 2309 1352 tunc
2337 1306 2651 1355 sanctorum
2678 1299 2850 1357 vitam
2880 1303 3047 1360 etiam
3070 1321 3165 1376 per
3193 1305 3431 1378 speciem
3455 1308 3476 1342 ²
3495 1307 3648 1376 unio,

2049 1400 2172 1440 cum
2203 1402 2398 1458 gyrum
2433 1389 2762 1446 universalis
2792 1393 3058 1450 Ecclesia:
3087 1399 3447 1468 corporaliter
3473 1399 3649 1456 solvo.

2048 1475 2118 1530 Et
2146 1478 2270 1549 quis
2309 1477 2602 1537 hominum
2651 1483 2823 1539 solius
2869 1483 3075 1541 divinae
3124 1485 3231 1544 hoc
3276 1504 3393 1544 esse
3423 1489 3652 1546 virtutis

2048 1566 2313 1638 ignorat?
2339 1569 2444 1626 Sed
2474 1581 2534 1628 ut
2564 1583 2853 1645 cognoscat
2884 1576 3050 1633 homo
3081 1578 3216 1652 quid
3256 1579 3371 1652 ipse
3397 1581 3490 1650 sit,
3524 1595 3652 1637 me-

2049 1667 2294 1715 moretur
2324 1661 2542 1718 assidue
2568 1664 2702 1736 quid
2731 1666 2880 1722 solus
2911 1668 3180 1726 Dominus
3203 1670 3398 1742 possit.

323 1763 477 1813 ctum
507 1757 718 1829 proprii
746 1764 924 1814 status
953 1759 1284 1817 inclinatur:
1319 1779 1516 1835 gyrum
1554 1763 1805 1819 laborum
1837 1771 1937 1820 to-
1963 1763 2010 1824 B
2117 1749 2203 1804 73-
2235 1751 2472 1807 Rursum
2497 1771 2597 1824 Ρθν
2626 1755 2920 1814 Arcturum
2962 1761 3047 1816 ιεω
3083 1768 3250 1828 “ius:
3281 1779 3380 1834 Ρεν
3409 1764 3456 1820 Ρ
3461 1762 3652 1818 “ad”

325 1847 488 1916 lerat,
521 1847 616 1904 sed
642 1847 709 1904 ad
737 1865 994 1906 occasum
1027 1867 1152 1907 cum
1183 1854 1522 1926 temporibus
1554 1871 1663 1909 non
1685 1854 1928 1910 festinat.

320 1936 518 2007 Neque
537 1937 680 1992 enim
700 1936 768 1993 ad
795 1938 907 1994 ima
922 1940 1035 2011 poli
1056 1941 1326 1999 Arcturus
1347 1959 1472 1999 cum
1491 1951 1765 2000 nocturno
1783 1951 1933 1999 tem-

321 2041 462 2097 pore
481 2025 716 2097 ducitur,
735 2027 828 2084 sed
850 2027 982 2084 dum
1005 2029 1119 2102 ipse
1140 2032 1406 2100 volvitur,
1431 2049 1542 2088 nox
1561 2032 1777 2100 finitur,
1803 2034 1935 2106 quia

325 2115 590 2173 nimirum
619 2115 752 2174 dum
785 2127 973 2176 sancta
1002 2120 1249 2177 Ecclesia
1279 2121 1590 2177 innumeris
1617 2120 1932 2176 tribulatio-

325 2204 490 2260 nibus
520 2207 790 2278 quatitur,
831 2210 1117 2280 praesentis
1147 2209 1276 2266 vitae
1315 2210 1514 2266 umbra
1561 2210 1927 2276 terminatur;

327 2307 496 2366 eaque
525 2302 704 2351 stante
748 2311 860 2352 nox
890 2298 1154 2368 praeterit,
1201 2299 1332 2371 quia
1359 2300 1456 2355 illa
1487 2300 1544 2355 in
1575 2316 1671 2355 sua
1702 2299 1933 2355 incolu-

326 2384 516 2440 mitate
538 2385 896 2458 perdurante,
926 2388 1280 2445 mortalitatis
1310 2390 1476 2463 hujus
1497 2393 1614 2448 vita
1633 2389 1926 2464 percurrit.

324 2470 466 2544 [γει.
516 2475 750 2548 ΧΧΙΧ.]
797 2476 896 2531 Est
936 2476 996 2530 in
1043 2479 1280 2534 Arcturo
1336 2480 1482 2551 quod
1530 2479 1933 2536 consideratius

319 2563 606 2632 possimus
635 2562 864 2617 intueri.
895 2565 960 2618 In
991 2571 1197 2636 septem
1228 2566 1429 2638 quippe
1458 2568 1635 2623 stellis
1661 2568 1928 2640 volvitur,

311 2658 376 2706 et
404 2649 576 2705 modo
605 2649 829 2722 quidem
861 2659 973 2708 tres
992 2652 1061 2708 ad
1081 2670 1295 2710 summa
1319 2655 1514 2726 elevat,
1540 2666 1705 2732 atque
1729 2659 1798 2714 ad
1823 2659 1934 2715 ima

311 2750 565 2814 quatuor
607 2741 860 2810 inclinat,
894 2743 1061 2799 modo
1104 2749 1248 2808 950
1285 2753 1519 2818 quatuor
1539 2749 1790 2820 superius
1811 2750 1930 2805 eri-

259 2868 264 2876 -
321 2836 422 2907 git,
455 2843 511 2890 et
551 2843 667 2890 tres
696 2836 928 2894 inferius
955 2843 1175 2911 premit.
1209 2843 1406 2899 Sancta
1435 2861 1652 2918 quoque
1681 2847 1930 2903 Ecclesia

322 2940 451 2981 cum
503 2924 672 2980 modo
721 2926 1038 2985 inﬁdelibus
1094 2931 1380 2989 Trinitatis
1435 2935 1712 3005 notitiam,
1763 2937 1928 2993 modo

321 3023 509 3071 autem
540 3015 800 3073 ﬁdelibus
829 3018 1064 3077 virtutes
1084 3031 1341 3094 quatuor,
1365 3022 1421 3079 id
1440 3033 1521 3080 est
1547 3026 1899 3096 prudentiam
1915 3071 1929 3095 ,

321 3104 707 3203 fortitudinem
733 3152 748 3176 ,
792 3111 1213 3182 temperantiam
1237 3157 1251 3180 ,
1298 3111 1572 3183 justitiam
1622 3114 1924 3186 praedicat,
1955 3143 1997 3203 ο

321 3196 478 3268 quasi
509 3204 694 3254 rotatu
720 3198 1127 3270 praedicationis
1173 3209 1349 3257 status
1389 3203 1474 3258 sui
1507 3205 1742 3276 speciem
1776 3221 1922 3278 quo-

321 3284 618 3342 dammodo
660 3287 936 3344 immutat.
980 3289 1119 3345 Nam
1160 3307 1286 3346 cum
1318 3291 1648 3363 quibusdam
1678 3295 1745 3351 de
1787 3312 1928 3367 ope-

322 3375 480 3431 ribus
501 3375 617 3431 suis
646 3377 1011 3448 gloriantibus
1037 3379 1431 3437 conﬁdentiam
1472 3385 1685 3456 proprii
1717 3383 1927 3440 laboris

321 3475 569 3536 evacuat,
599 3474 655 3523 et
686 3467 851 3524 fidem
901 3469 1192 3526 Trinitatis
1229 3473 1455 3540 exaltat,
1489 3474 1624 3546 quid
1652 3475 1806 3531 aliud
1837 3475 1928 3529 fa-

320 3561 401 3618 cit
428 3561 539 3617 nisi
562 3567 672 3616 tres
700 3560 886 3618 stellas
926 3565 1198 3620 Arcturus
1244 3565 1442 3632 elevat,
1489 3573 1726 3638 quatuor
1755 3566 1929 3623 incli-

320 3651 466 3706 nat?
493 3651 564 3706 Et
589 3650 722 3706 dum
752 3651 1020 3724 quosdam
1049 3651 1197 3709 bona
1224 3670 1389 3726 opera
1418 3670 1529 3709 non
1569 3655 1833 3711 habentes
1861 3655 1929 3711 de

320 3740 448 3795 sola
488 3739 591 3794 ﬁde
633 3757 960 3812 praesumere
988 3740 1264 3814 prohibet,
1314 3741 1410 3797 sed
1452 3745 1664 3815 operari
1709 3745 1930 3801 enixius

322 3846 450 3902 quae
477 3839 744 3904 praecepta
770 3841 900 3889 sunt
922 3831 1102 3904 jubet,
1135 3830 1269 3905 quid
1297 3831 1450 3889 aliud
1471 3834 1754 3891 Arcturus
1774 3833 1925 3905 facit,

323 3920 436 3976 nisi
462 3928 700 3993 quatuor
728 3922 916 3979 stellas
947 3923 1127 3995 erigit,
1159 3930 1269 3980 tres
1317 3921 1597 3996 deponit?
1627 3923 1932 3984 Videamus

323 4011 602 4084 quomodo
639 4020 751 4070 tres
795 4013 997 4082 elevet,
1047 4021 1283 4086 quatuor
1337 4013 1594 4086 deponat.
1652 4017 1797 4074 Ecce
1835 4033 1932 4090 per

323 4102 556 4158 Paulum
584 4110 778 4160 contra
806 4103 971 4161 ﬁdem
1013 4104 1081 4162 de
1110 4122 1273 4178 opere
1300 4107 1753 4181 superbientibus
1781 4108 1933 4167 dici-

327 4201 448 4250 tur:
485 4194 547 4251 Si
585 4194 861 4250 Abraham
892 4212 957 4250 ea:
1002 4196 1248 4267 operibus
1281 4197 1609 4271 justiﬁcatus
1657 4205 1752 4269 est,
1782 4200 1936 4259 habet

321 4284 572 4354 gloriam,
592 4284 685 4339 sed
710 4301 819 4339 non
842 4286 988 4357 apud
1012 4287 1181 4342 Deum
1204 4286 1379 4358 (Rom.
1405 4305 1485 4357 rv,
1511 4289 1592 4360 2).
1617 4289 1762 4357 Quid
1782 4289 1929 4346 enim

322 4372 608 4446 Scriptura
627 4372 812 4430 dicit?
846 4375 1085 4431 Credidit
1109 4375 1386 4432 Abraham
1413 4377 1540 4445 Deo,
1564 4384 1612 4432 et
1632 4385 1932 4450 reputatu-m

321 4470 396 4519 est
421 4465 510 4520 illi
539 4464 611 4519 ad
646 4464 915 4534 justitiam
941 4465 1158 4537 (Genes.
1190 4482 1289 4533 xv,
1321 4465 1402 4537 6).
1437 4464 1736 4522 Videamus
1783 4483 1932 4540 quo-

323 4554 491 4611 modo
519 4561 756 4628 quatuor
792 4555 992 4622 elevet,
1023 4563 1136 4611 tres
1173 4554 1430 4626 deponat.
1463 4555 1606 4612 Ecce
1635 4571 1732 4628 per
1763 4556 1931 4613 Jaco-

321 4643 456 4700 hum
491 4646 507 4678 ¹
547 4643 616 4700 de
645 4644 751 4701 ﬁde
779 4653 972 4702 contra
999 4661 1165 4717 opera
1192 4644 1641 4716 superbientibus
1671 4644 1880 4702 dicitur
1913 4666 1924 4704 :

325 4735 473 4791 Sicut
499 4751 690 4806 corpus
729 4735 841 4790 sine
887 4735 1084 4806 spiritu
1109 4739 1379 4790 mortuum
1411 4740 1502 4802 est,
1536 4734 1612 4790 ita
1648 4735 1776 4807 ﬁdes
1820 4736 1932 4793 sine

323 4826 572 4897 operibus
586 4832 803 4881 mortua
821 4832 895 4881 est
919 4825 1058 4896 (Jac.
1087 4842 1149 4894 II,
1171 4825 1287 4897 26).
1312 4825 1581 4882 Arcturus
1606 4825 1791 4898 itaque
1813 4827 1928 4882 vol-

325 4915 501 4985 vitur,
535 4915 667 4988 quia
691 4923 880 4972 sancta
904 4915 1155 4973 Ecclesia
1168 4913 1332 4986 juxta
1359 4915 1676 4973 auditorum
1701 4933 1928 4973 suorum

326 5012 540 5064 mentes
558 5005 616 5062 in
636 5004 857 5064 diverso
877 5006 1044 5064 latere
1065 5005 1478 5081 praedicationis
1505 5015 1623 5068 arte
1651 5015 1924 5068 versatur.

403 5196 420 5270 ἕ
473 5196 739 5270 Corrupte
784 5197 842 5254 in
889 5197 1081 5263 Gilot.,
1123 5196 1329 5268 Vatic.,
1380 5199 1649 5256 Gussanv.
1703 5211 1756 5257 et
1799 5201 1924 5256 aliis

324 5266 434 5343 Ed.
483 5266 668 5343 etiam
691 5272 899 5343 antiq.,r
928 5271 989 5343 de
1017 5271 1118 5342 ﬁde
1140 5272 1264 5343 sine
1301 5266 1474 5343 opere.
1510 5273 1647 5343 Nam
1678 5273 1922 5343 Anglic,

265 5370 284 5398 .-
325 5339 544 5414 Νρτωη
577 5341 804 5414 Tui-on.,
826 5339 1096 5408 _Vindo'c.,
1129 5341 1290 5398 Corb.
1323 5339 1509 5398 Germ.
1543 5341 1748 5414 aliique
1775 5339 1921 5398 'Mss.

325 5410 557 5484 habent,
589 5413 650 5484 de
676 5413 778 5484 ﬁde
805 5419 989 5468 contra
1019 5429 1198 5483 opera.

402 5483 427 5520 ⁸
458 5483 655 5551 Laud.,
678 5483 800 5538 inun
810 5485 876 5540 io.

401 5557 424 5590 ³
455 5555 539 5610 Ita
568 5555 729 5612 Corb.
762 5556 971 5624 Germ.,
1002 5554 1262 5621 Vindoc.,
1301 5552 1497 5622 Laud.,
1527 5553 1749 5611 Ebroic.
1791 5555 1929 5610 alii—

365 5642 436 5709 ue
464 5626 1201 5709 Norm.,'ne.cnon_pleri‘que
1230 5624 1403 5680 Editi.
1423 5624 1685 5700 Corrupte
1715 5643 1846 5682 vero
1869 5627 1925 5682 in

327 5643 436 5754 aue
464 5643 678 5695 μοι-πλη
711 5644 924 5684 necnon
955 5643 1201 5754 plerique
1230 5643 1238 5680 l

378 5699 650 5772 ussanvil.
687 5699 882 5772 legitur
910 5701 956 5754 P
979 5698 1238 5772 eiadibus.

403 5772 425 5806 ⁸
455 5770 570 5839 ΑΙ.,
606 5768 820 5841 quaqua
863 5777 1056 5840 autem,
1102 5777 1164 5826 ut
1194 5768 1360 5827 habes
1406 5769 1463 5825 in
1495 5769 1656 5828 Corb.
1707 5770 1919 5838 Germ.,

2042 1839 2180 1896 Novi
2215 1842 2526 1896 Testa-menti
2563 1847 2740 1914 gratia
2769 1847 3032 1916 signatur.
3065 1880 3136 1891 -—
3165 1850 3440 1907 Habemus
3469 1850 3651 1908 adhuc

2043 1928 2190 2000 quod
2221 1928 2288 1984 de
2317 1931 2494 1986 stellis
2525 1932 2841 1992 Pleiadibus
2869 1946 3033 2011 atque
3061 1940 3301 1996 Arcturo
3330 1941 3485 1997 aliud
3515 1955 3650 1998 sen-

2044 2018 2263 2075 tiamus.
2290 2020 2310 2054 ³
2341 2020 2587 2078 Pleiades
2611 2024 2814 2098 quippe
2843 2027 2910 2084 ab
2942 2029 3186 2098 Oriente,
3222 2031 3495 2088 Arcturus
3517 2047 3649 2087 vero

2041 2123 2109 2162 ex
2157 2117 2309 2179 parte
2351 2110 2648 2183 Aquilonis
2693 2115 2886 2187 surgit.
2921 2118 2942 2152 ⁵
2975 2117 3336 2193 Quocumque
3375 2129 3558 2177 autem
3588 2136 3648 2176 se

2040 2213 2135 2269 per
2169 2213 2366 2270 gyrum
2397 2216 2556 2256 suum
2585 2202 2859 2260 Arcturus
2889 2207 3139 2276 verterit,
3172 2209 3419 2265 Pleiades
3448 2219 3646 2266 osten—

2041 2287 2162 2355 dit;
2199 2295 2255 2344 et
2281 2304 2407 2346 cum
2436 2290 2534 2346 lux
2566 2291 2678 2349 diei
2701 2292 2815 2365 jam
2847 2295 3035 2353 vicina
3074 2297 3331 2368 efﬁcitur,
3363 2300 3647 2356 stellarum

2041 2375 2158 2447 ejus
2179 2377 2315 2435 ordo
2344 2381 2366 2414 ⁵
2396 2379 2754 2438 distenditur.
2785 2385 2970 2442 Potest
2999 2386 3174 2459 igitur
3201 2404 3297 2460 per
3324 2390 3644 2458 Arcturum,

2041 2466 2137 2539 qui
2165 2484 2197 2523 a
2225 2469 2384 2541 plaga
2412 2470 2636 2542 frigoris
2665 2472 2930 2544 nascitur,
2966 2475 3088 2543 lex;
3114 2493 3209 2549 per
3225 2476 3472 2534 Pleiades
3491 2495 3644 2547 vero,

2041 2572 2160 2629 quae
2183 2557 2252 2613 ab
2283 2558 2506 2616 Oriente
2535 2571 2768 2634 surgunt
2802 2563 3139 2621 Testamenti
3166 2567 3310 2623 Novi
3338 2569 3513 2639 gratia
3540 2569 3647 2626 de-

2039 2645 2262 2718 signari.
2299 2648 2465 2716 Quasi
2509 2652 2656 2706 enim
2706 2653 2776 2708 ab
2821 2655 3097 2726 Aquilone
3128 2656 3217 2712 lex
3247 2667 3492 2726 venerat,
3526 2675 3646 2731 quae

2040 2744 2190 2792 tanta
2235 2737 2488 2796 subditos
2533 2741 2834 2813 rigiditatis
2878 2745 3172 2816 asperitate
3220 2746 3476 2803 terrebat.
3508 2748 3644 2804 Nam

2038 2826 2170 2883 dum
2200 2845 2302 2900 pro
2326 2830 2506 2902 culpis
2526 2831 2641 2887 suis
2656 2832 2795 2888 alios
2816 2835 3135 2908 praeciperet
3156 2836 3433 2909 lapidibus
3457 2837 3644 2906 obrui,

2038 2918 2174 2974 alios
2206 2919 2373 2990 gladii
2405 2929 2580 2977 morte
2612 2924 2890 2992 mulctari,
2926 2926 3083 2997 plaga
3111 2935 3356 2999 torpens,
3391 2937 3444 2984 et
3488 2928 3644 2983 velut

2037 3025 2068 3062 a
2096 3008 2209 3062 sole
2231 3008 2518 3064 charitatis
2533 3011 2732 3078 aliena,
2757 3022 3157 3085 praeceptorum
3178 3032 3407 3072 suorum
3429 3017 3645 3074 semina

2039 3096 2161 3168 plus
2190 3097 2470 3168 premebat
2499 3114 2569 3154 ex
2598 3099 2802 3172 frigore
2830 3119 2995 3176 quam
3024 3119 3094 3160 ex
3124 3105 3307 3162 calore
3337 3106 3639 3163 nutriebat.

2039 3185 2207 3260 Cujus
2235 3189 2606 3261 oppressionis
2653 3193 2871 3264 pondus
2919 3195 3112 3252 Petrus
3159 3195 3468 3266 horruerat,
3512 3215 3642 3255 cum

2037 3276 2288 3334 dicebat:
2325 3280 2465 3347 Quid
2507 3283 2714 3338 tentatis
2740 3285 2930 3355 Deum,
2965 3285 3230 3359 imponere
3265 3287 3457 3360 jugum
3485 3305 3646 3361 super

2036 3368 2286 3424 cervicem
2326 3369 2731 3443 discipulorum,
2773 3376 2915 3446 quod
2950 3393 3114 3449 neque
3143 3384 3321 3450 patres
3360 3378 3533 3434 nostri
3558 3396 3644 3434 ne-

2037 3473 2134 3527 que
2159 3475 2254 3513 nos
2281 3467 2501 3530 portare
2524 3463 2794 3533 potuimus
2827 3464 2966 3536 (Act.
3000 3484 3098 3536 xv,
3130 3467 3218 3540 10)
3239 3467 3268 3523 ‘l
3294 3467 3406 3523 Nec
3439 3467 3644 3523 mirum

2039 3547 2188 3618 quod
2217 3564 2313 3619 per
2341 3551 2568 3607 Arcturi
2609 3560 2815 3624 septem
2863 3556 3048 3612 stellas
3094 3557 3504 3615 Testamentum
3536 3555 3641 3613 Ve-

2040 3643 2129 3691 tus
2157 3638 2512 3710 exprimitur,
2561 3641 2692 3714 quia
2719 3649 2773 3697 et
2799 3646 3154 3701 veneratione
3183 3647 3319 3718 legis
3348 3650 3488 3708 951
3524 3646 3647 3703 dies

2041 3733 2306 3804 septimus
2342 3737 2559 3793 exstitit
2589 3739 2610 3773 ⁶
2642 3739 2996 3808 venerabilis,
3027 3749 3082 3796 et
3109 3757 3204 3812 per
3234 3741 3644 3798 hebdomadam

2041 3821 2307 3894 integram
2327 3826 2614 3882 constituti
2633 3825 2893 3882 sacriﬁcii
2908 3836 3038 3884 vota
3057 3828 3443 3884 tendebantur.
3466 3830 3645 3886 Pleia-

2041 3911 2136 3969 des
2152 3929 2283 3969 vero
2299 3930 2419 3986 qua:
2435 3914 2565 3986 ipsae
2583 3915 2973 3988 quoque,sicut
2985 3917 3237 3989 superius
3251 3916 3648 3992 diximus,sep-

2040 4013 2150 4062 tem
2181 4013 2328 4074 sunt,
2358 4005 2690 4062 Testamenti
2710 4005 2852 4062 Novi
2880 4007 3110 4080 gratiam
3136 4014 3289 4065 tanto
3305 4009 3551 4081 apertius
3566 4009 3649 4066 in-

2040 4097 2246 4164 dicant,
2276 4103 2484 4169 quanto
2511 4096 2698 4154 cuncti
2747 4097 2964 4171 liquido
2991 4097 3289 4168 cernimus,
3323 4101 3343 4134 ⁷
3375 4099 3523 4173 quod
3551 4117 3649 4173 per

2042 4185 2194 4241 illam
2223 4183 2414 4243 ﬁdeles
2450 4203 2578 4243 suos
2623 4185 2864 4260 Spiritus
2891 4195 3114 4246 sanctus
3143 4187 3482 4262 septiformis
3512 4206 3647 4246 mu-

2041 4274 2188 4330 neris
2217 4275 2427 4332 lumine
2474 4277 2734 4333 illustrat.
2785 4277 3015 4351 Quaqua
3063 4277 3232 4351 igitur
3275 4294 3332 4336 se
3374 4280 3647 4337 Arcturus

2042 4365 2228 4432 vertit,
2262 4365 2505 4422 Pleiades
2535 4367 2794 4434 ostendit,
2844 4367 2974 4440 quia
3013 4383 3109 4440 per
3139 4385 3303 4425 omne
3344 4369 3492 4442 quod
3531 4369 3646 4425 Te-

2041 4463 2372 4512 stamentum
2402 4455 2574 4512 Vetus
2616 4457 2866 4530 loquitur
2910 4457 3244 4514 Testamenti
3291 4459 3430 4516 Novi
3473 4475 3645 4532 opera

2039 4545 2384 4601 nuntiantur.
2417 4545 2531 4602 Sub
2558 4553 2716 4602 textu
2745 4546 2893 4601 enim
2928 4546 3124 4603 littera:
3153 4548 3289 4620 tegit
3317 4549 3644 4621 mysterium

2041 4633 2361 4706 prophetiae.
2393 4634 2466 4690 Et
2494 4636 2649 4708 quasi
2681 4635 2915 4693 inclinat
2942 4652 2999 4692 se
3027 4638 3298 4693 Arcturus
3321 4645 3376 4694 et
3403 4638 3648 4694 demon-

2041 4731 2196 4793 strat,
2229 4726 2358 4798 quia
2385 4724 2454 4781 ad
2484 4724 2616 4780 dum
2647 4724 2950 4797 spiritalem
3001 4725 3342 4783 intellectum
3383 4726 3642 4795 ﬂectitur,

2039 4813 2345 4885 signiﬁcata
2373 4831 2468 4887 per
2496 4814 2635 4871 illud
2665 4814 2764 4870 lux
2794 4817 2982 4888 gratiae
3009 4816 3347 4888 septiformis
3374 4815 3643 4885 aperitur.

2038 4903 2110 4958 Et
2137 4904 2542 4979 propinquante
2569 4905 2680 4962 diei
2711 4906 2852 4976 luce,
2874 4907 3159 4963 stellarum
3188 4904 3307 4975 ejus
3335 4900 3473 4957 ordo
3508 4903 3529 4936 ⁸
3555 4901 3640 4958 di-

2038 4993 2332 5063 stenditur,
2377 4996 2506 5069 quia
2552 4995 2839 5070 postquam
2881 4997 2901 5032 9
2951 5010 3048 5067 per
3079 4991 3429 5064 semetipsam
3474 4988 3646 5046 nobis

2041 5183 2296 5252 Vindoc.,
2329 5185 2551 5242 Ebroic.
2584 5183 2816 5256 aliisque
2845 5183 3038 5240 Norm.

2111 5259 2130 5292 ⁵
2164 5257 2357 5323 Laud.,
2392 5257 2709 5311 ostenditur.

2109 5330 2130 5363 ⁸
2161 5328 2330 5383 Abest
2357 5327 2669 5381 venerabilis
2698 5344 2728 5382 a
2758 5327 2884 5381 Mss.
2915 5324 3080 5383 Corb.
3110 5325 3316 5395 Germ.,
3349 5323 3636 5396 Laudun.,

2037 5399 2236 5455 Pratel.
2271 5400 2504 5455 aliisque
2534 5398 2723 5454 Norm.
3399 5401 3403 5406 “

2108 5474 2125 5506 ⁷
2176 5470 2347 5526 Iidem
2404 5469 2562 5538 Cod.,
2621 5471 2760 5540 quod
2792 5486 2890 5541 per
2942 5470 3100 5539 illud,
3151 5471 3414 5528 nimirum
3478 5475 3645 5525 testa-

2036 5549 2290 5598 mentum.

2111 5616 2132 5650 ⁸
2162 5614 2358 5682 Laud.,
2385 5615 2698 5670 ostenditur.

2108 5689 2130 5722 θ
2160 5685 2421 5754 Vindoc.,
2452 5693 2572 5757 post
2609 5685 2958 5757 semetipsum.
