  <div class='ocr_page' id='page_1' title='image "/cluster/home/n/w/nwhite01/storage/ocr_20150623/76/hvd.32044052772456/267.png"; bbox 0 0 4152 6182; ppageno 0'>
   <div class='ocr_carea' id='block_1_1' title="bbox 565 277 670 338">
    <p class='ocr_par' dir='ltr' id='par_1_1' title="bbox 565 277 670 338">
     <span class='ocr_line' id='line_1_1' title="bbox 565 277 670 338; baseline 0.019 -2"><span class='ocrx_word' id='word_1_1' title='bbox 565 277 670 338; x_wconf 77' lang='grc'><strong>519</strong></span> 
     </span>
    </p>
   </div>
   <div class='ocr_carea' id='block_1_2' title="bbox 1759 254 2753 332">
    <p class='ocr_par' dir='ltr' id='par_1_2' title="bbox 1759 254 2753 332">
     <span class='ocr_line' id='line_1_2' title="bbox 1759 254 2753 332; baseline 0.002 -2"><span class='ocrx_word' id='word_1_2' title='bbox 1759 272 2010 332; x_wconf 88' lang='lat' dir='ltr'><strong>SANCTI</strong></span> <span class='ocrx_word' id='word_1_3' title='bbox 2046 272 2384 332; x_wconf 79' lang='lat' dir='ltr'><strong>GREGORII</strong></span> <span class='ocrx_word' id='word_1_4' title='bbox 2420 273 2649 332; x_wconf 83' lang='lat' dir='ltr'><strong>MAGNI</strong></span> <span class='ocrx_word' id='word_1_5' title='bbox 2720 254 2753 275; x_wconf 74' lang='lat'>‘</span> 
     </span>
    </p>
   </div>
   <div class='ocr_carea' id='block_1_3' title="bbox 3762 272 3862 336">
    <p class='ocr_par' dir='ltr' id='par_1_3' title="bbox 3762 272 3862 336">
     <span class='ocr_line' id='line_1_3' title="bbox 3762 272 3862 336; baseline 0.02 -2"><span class='ocrx_word' id='word_1_6' title='bbox 3762 272 3862 336; x_wconf 72' lang='lat'><strong>520</strong></span> 
     </span>
    </p>
   </div>
   <div class='ocr_carea' id='block_1_4' title="bbox 566 395 3866 472">
    <p class='ocr_par' dir='ltr' id='par_1_4' title="bbox 566 395 3866 472">
     <span class='ocr_line' id='line_1_4' title="bbox 566 395 3866 472; baseline -0.001 -13"><span class='ocrx_word' id='word_1_7' title='bbox 566 403 782 459; x_wconf 87' lang='lat' dir='ltr'><strong>Veritas</strong></span> <span class='ocrx_word' id='word_1_8' title='bbox 827 399 1091 468; x_wconf 76' lang='lat' dir='ltr'><strong>innotuit,</strong></span> <span class='ocrx_word' id='word_1_9' title='bbox 1140 397 1208 455; x_wconf 90' lang='lat' dir='ltr'><strong>ab</strong></span> <span class='ocrx_word' id='word_1_10' title='bbox 1261 396 1541 471; x_wconf 84' lang='lat' dir='ltr'><strong>obsequiis</strong></span> <span class='ocrx_word' id='word_1_11' title='bbox 1589 396 1903 454; x_wconf 81' lang='lat' dir='ltr'><strong>carnalibus</strong></span> <span class='ocrx_word' id='word_1_12' title='bbox 1966 396 2161 453; x_wconf 80' lang='lat' dir='ltr'><strong>litterae</strong></span> <span class='ocrx_word' id='word_1_13' title='bbox 2197 402 2249 461; x_wconf 83' lang='grc' dir='ltr'>Α</span> <span class='ocrx_word' id='word_1_14' title='bbox 2296 415 2430 471; x_wconf 90' lang='lat' dir='ltr'><strong>pore</strong></span> <span class='ocrx_word' id='word_1_15' title='bbox 2457 415 2573 469; x_wconf 90' lang='lat' dir='ltr'><strong>suo,</strong></span> <span class='ocrx_word' id='word_1_16' title='bbox 2610 404 2659 455; x_wconf 89' lang='lat' dir='ltr'><strong>et</strong></span> <span class='ocrx_word' id='word_1_17' title='bbox 2694 411 2969 472; x_wconf 83' lang='lat' dir='ltr'><strong>vesperum</strong></span> <span class='ocrx_word' id='word_1_18' title='bbox 2981 410 3141 470; x_wconf 82' lang='lat' dir='ltr'><strong><em>super</em></strong></span> <span class='ocrx_word' id='word_1_19' title='bbox 3185 395 3326 471; x_wconf 77' lang='lat' dir='ltr'><strong>ﬁlios</strong></span> <span class='ocrx_word' id='word_1_20' title='bbox 3373 402 3527 455; x_wconf 80' lang='lat' dir='ltr'><strong>terra</strong></span> <span class='ocrx_word' id='word_1_21' title='bbox 3568 413 3866 472; x_wconf 77' lang='lat' dir='ltr'><strong>consurgere</strong></span> 
     </span>
    </p>
   </div>
   <div class='ocr_carea' id='block_1_5' title="bbox 564 488 1087 565">
    <p class='ocr_par' dir='ltr' id='par_1_5' title="bbox 564 488 1087 565">
     <span class='ocr_line' id='line_1_5' title="bbox 564 488 1087 565; baseline -0.004 -19"><span class='ocrx_word' id='word_1_22' title='bbox 564 495 835 565; x_wconf 67' lang='lat' dir='ltr'><strong>praecepta</strong></span> <span class='ocrx_word' id='word_1_23' title='bbox 858 488 1087 545; x_wconf 80' lang='lat' dir='ltr'><strong>laxavit.</strong></span> 
     </span>
    </p>
   </div>
   <div class='ocr_carea' id='block_1_6' title="bbox 637 574 2162 653">
    <p class='ocr_par' dir='ltr' id='par_1_6' title="bbox 637 574 2162 653">
     <span class='ocr_line' id='line_1_6' title="bbox 637 574 2162 653; baseline -0.004 -16"><span class='ocrx_word' id='word_1_24' title='bbox 637 576 778 653; x_wconf 76' lang='grc' dir='ltr'><strong>[νει.</strong></span> <span class='ocrx_word' id='word_1_25' title='bbox 809 576 1006 653; x_wconf 83' lang='grc' dir='ltr'><strong><em>ΧΧΧ.]</em></strong></span> <span class='ocrx_word' id='word_1_26' title='bbox 1038 577 1124 634; x_wconf 77' lang='grc'>74.</span> <span class='ocrx_word' id='word_1_27' title='bbox 1161 575 1407 634; x_wconf 75' lang='lat' dir='ltr'><strong>Christus</strong></span> <span class='ocrx_word' id='word_1_28' title='bbox 1439 576 1584 633; x_wconf 89' lang='lat' dir='ltr'><strong>solus</strong></span> <span class='ocrx_word' id='word_1_29' title='bbox 1620 590 1794 631; x_wconf 88' lang='lat' dir='ltr'><strong>omnes</strong></span> <span class='ocrx_word' id='word_1_30' title='bbox 1837 574 2006 631; x_wconf 77' lang='lat' dir='ltr'><strong>sancti</strong></span> <span class='ocrx_word' id='word_1_31' title='bbox 2048 575 2162 647; x_wconf 88' lang='lat' dir='ltr'><strong>Spi-</strong></span> 
     </span>
    </p>
   </div>
   <div class='ocr_carea' id='block_1_7' title="bbox 563 663 2162 742">
    <p class='ocr_par' dir='ltr' id='par_1_7' title="bbox 563 663 2162 742">
     <span class='ocr_line' id='line_1_7' title="bbox 563 663 2162 742; baseline -0.003 -17"><span class='ocrx_word' id='word_1_32' title='bbox 563 668 702 726; x_wconf 88' lang='lat' dir='ltr'><strong>ritus</strong></span> <span class='ocrx_word' id='word_1_33' title='bbox 739 669 1067 742; x_wconf 87' lang='lat' dir='ltr'><strong>operationes</strong></span> <span class='ocrx_word' id='word_1_34' title='bbox 1113 667 1171 722; x_wconf 90' lang='lat' dir='ltr'><strong>in</strong></span> <span class='ocrx_word' id='word_1_35' title='bbox 1206 683 1260 722; x_wconf 91' lang='lat' dir='ltr'><strong>se</strong></span> <span class='ocrx_word' id='word_1_36' title='bbox 1303 672 1568 722; x_wconf 85' lang='lat' dir='ltr'><strong>manentes</strong></span> <span class='ocrx_word' id='word_1_37' title='bbox 1600 664 1800 720; x_wconf 81' lang='lat' dir='ltr'><strong>habuit.</strong></span> <span class='ocrx_word' id='word_1_38' title='bbox 1836 695 1907 706; x_wconf 92' lang='lat'><strong>—</strong></span> <span class='ocrx_word' id='word_1_39' title='bbox 1936 663 2162 721; x_wconf 81' lang='lat' dir='ltr'><strong>Redem-</strong></span> 
     </span>
    </p>
   </div>
   <div class='ocr_carea' id='block_1_8' title="bbox 566 752 2160 832">
    <p class='ocr_par' dir='ltr' id='par_1_8' title="bbox 566 752 2160 832">
     <span class='ocr_line' id='line_1_8' title="bbox 566 752 2160 832; baseline -0.003 -16"><span class='ocrx_word' id='word_1_40' title='bbox 566 766 690 832; x_wconf 87' lang='lat' dir='ltr'><strong>ptor</strong></span> <span class='ocrx_word' id='word_1_41' title='bbox 716 767 900 816; x_wconf 91' lang='lat' dir='ltr'><strong>autem</strong></span> <span class='ocrx_word' id='word_1_42' title='bbox 929 766 1114 814; x_wconf 88' lang='lat' dir='ltr'><strong>noster</strong></span> <span class='ocrx_word' id='word_1_43' title='bbox 1141 756 1200 812; x_wconf 90' lang='lat' dir='ltr'><strong>in</strong></span> <span class='ocrx_word' id='word_1_44' title='bbox 1231 771 1394 812; x_wconf 91' lang='lat' dir='ltr'><strong>carne</strong></span> <span class='ocrx_word' id='word_1_45' title='bbox 1423 755 1652 811; x_wconf 89' lang='lat' dir='ltr'><strong>veniens</strong></span> <span class='ocrx_word' id='word_1_46' title='bbox 1678 754 1925 811; x_wconf 84' lang='lat' dir='ltr'><strong>Pleiades</strong></span> <span class='ocrx_word' id='word_1_47' title='bbox 1948 752 2160 826; x_wconf 85' lang='lat' dir='ltr'><strong>junxit,</strong></span> 
     </span>
    </p>
   </div>
   <div class='ocr_carea' id='block_1_9' title="bbox 565 843 2165 922">
    <p class='ocr_par' dir='ltr' id='par_1_9' title="bbox 565 843 2165 922">
     <span class='ocr_line' id='line_1_9' title="bbox 565 843 2165 922; baseline -0.004 -17"><span class='ocrx_word' id='word_1_48' title='bbox 565 848 697 922; x_wconf 85' lang='lat' dir='ltr'><strong>quia</strong></span> <span class='ocrx_word' id='word_1_49' title='bbox 723 848 1067 921; x_wconf 90' lang='lat' dir='ltr'><strong>operationes</strong></span> <span class='ocrx_word' id='word_1_50' title='bbox 1097 844 1436 918; x_wconf 81' lang='lat' dir='ltr'><strong>septiformis</strong></span> <span class='ocrx_word' id='word_1_51' title='bbox 1462 843 1701 916; x_wconf 79' lang='lat' dir='ltr'><strong>Spiritus</strong></span> <span class='ocrx_word' id='word_1_52' title='bbox 1719 843 1885 899; x_wconf 88' lang='lat' dir='ltr'><strong>simul</strong></span> <span class='ocrx_word' id='word_1_53' title='bbox 1905 843 1965 898; x_wconf 90' lang='lat' dir='ltr'><strong>in</strong></span> <span class='ocrx_word' id='word_1_54' title='bbox 1988 858 2045 899; x_wconf 88' lang='lat' dir='ltr'><strong>se</strong></span> <span class='ocrx_word' id='word_1_55' title='bbox 2072 845 2084 877; x_wconf 80' lang='lat'>&#39;</span> <span class='ocrx_word' id='word_1_56' title='bbox 2110 848 2165 899; x_wconf 92' lang='lat' dir='ltr'><strong>et</strong></span> 
     </span>
    </p>
   </div>
   <div class='ocr_carea' id='block_1_10' title="bbox 564 931 2163 1005">
    <p class='ocr_par' dir='ltr' id='par_1_10' title="bbox 564 931 2163 1005">
     <span class='ocr_line' id='line_1_10' title="bbox 564 931 2163 1005; baseline -0.004 -10"><span class='ocrx_word' id='word_1_57' title='bbox 564 946 789 995; x_wconf 82' lang='lat' dir='ltr'><strong>cunctas</strong></span> <span class='ocrx_word' id='word_1_58' title='bbox 817 946 871 993; x_wconf 92' lang='lat' dir='ltr'><strong>et</strong></span> <span class='ocrx_word' id='word_1_59' title='bbox 899 942 1182 993; x_wconf 87' lang='lat' dir='ltr'><strong>manentes</strong></span> <span class='ocrx_word' id='word_1_60' title='bbox 1211 933 1427 989; x_wconf 81' lang='lat' dir='ltr'><strong>habuit.</strong></span> <span class='ocrx_word' id='word_1_61' title='bbox 1452 934 1531 989; x_wconf 93' lang='lat' dir='ltr'><strong>De</strong></span> <span class='ocrx_word' id='word_1_62' title='bbox 1557 948 1667 1005; x_wconf 91' lang='lat' dir='ltr'><strong>quo</strong></span> <span class='ocrx_word' id='word_1_63' title='bbox 1686 947 1782 1005; x_wconf 89' lang='lat' dir='ltr'><strong>per</strong></span> <span class='ocrx_word' id='word_1_64' title='bbox 1809 931 2006 988; x_wconf 86' lang='lat' dir='ltr'><strong>Isaiam</strong></span> <span class='ocrx_word' id='word_1_65' title='bbox 2026 931 2163 989; x_wconf 90' lang='lat' dir='ltr'><strong>dici-</strong></span> 
     </span>
    </p>
   </div>
   <div class='ocr_carea' id='block_1_11' title="bbox 564 1021 2167 1099">
    <p class='ocr_par' dir='ltr' id='par_1_11' title="bbox 564 1021 2167 1099">
     <span class='ocr_line' id='line_1_11' title="bbox 564 1021 2167 1099; baseline -0.004 -16"><span class='ocrx_word' id='word_1_66' title='bbox 564 1036 687 1083; x_wconf 88' lang='lat' dir='ltr'><strong>tur:</strong></span> <span class='ocrx_word' id='word_1_67' title='bbox 711 1026 1028 1099; x_wconf 87' lang='lat' dir='ltr'><strong>Egredietur</strong></span> <span class='ocrx_word' id='word_1_68' title='bbox 1056 1024 1207 1096; x_wconf 78' lang='lat' dir='ltr'><strong>virga</strong></span> <span class='ocrx_word' id='word_1_69' title='bbox 1228 1024 1291 1078; x_wconf 87' lang='lat' dir='ltr'><strong>de</strong></span> <span class='ocrx_word' id='word_1_70' title='bbox 1313 1022 1494 1078; x_wconf 81' lang='lat' dir='ltr'><strong>radice</strong></span> <span class='ocrx_word' id='word_1_71' title='bbox 1520 1022 1682 1087; x_wconf 76' lang='lat' dir='ltr'><strong>Iesse,</strong></span> <span class='ocrx_word' id='word_1_72' title='bbox 1704 1028 1751 1076; x_wconf 91' lang='lat' dir='ltr'><strong>et</strong></span> <span class='ocrx_word' id='word_1_73' title='bbox 1767 1023 1865 1092; x_wconf 78' lang='lat' dir='ltr'><strong>ﬂos</strong></span> <span class='ocrx_word' id='word_1_74' title='bbox 1893 1022 1956 1077; x_wconf 89' lang='lat' dir='ltr'><strong>de</strong></span> <span class='ocrx_word' id='word_1_75' title='bbox 1987 1021 2167 1077; x_wconf 79' lang='lat' dir='ltr'><strong>radice</strong></span> 
     </span>
    </p>
   </div>
   <div class='ocr_carea' id='block_1_12' title="bbox 566 1111 2163 1190">
    <p class='ocr_par' dir='ltr' id='par_1_12' title="bbox 566 1111 2163 1190">
     <span class='ocr_line' id='line_1_12' title="bbox 566 1111 2163 1190; baseline -0.003 -19"><span class='ocrx_word' id='word_1_76' title='bbox 566 1119 680 1190; x_wconf 86' lang='lat' dir='ltr'><strong>ejus</strong></span> <span class='ocrx_word' id='word_1_77' title='bbox 707 1115 966 1181; x_wconf 83' lang='lat' dir='ltr'><strong>ascendet,</strong></span> <span class='ocrx_word' id='word_1_78' title='bbox 993 1122 1040 1171; x_wconf 90' lang='lat' dir='ltr'><strong>et</strong></span> <span class='ocrx_word' id='word_1_79' title='bbox 1060 1114 1343 1185; x_wconf 77' lang='lat' dir='ltr'><strong>requiescet</strong></span> <span class='ocrx_word' id='word_1_80' title='bbox 1361 1129 1522 1184; x_wconf 88' lang='lat' dir='ltr'><strong>super</strong></span> <span class='ocrx_word' id='word_1_81' title='bbox 1539 1129 1656 1169; x_wconf 88' lang='lat' dir='ltr'><strong>eum</strong></span> <span class='ocrx_word' id='word_1_82' title='bbox 1672 1112 1906 1184; x_wconf 86' lang='lat' dir='ltr'><strong>Spiritus</strong></span> <span class='ocrx_word' id='word_1_83' title='bbox 1924 1111 2163 1180; x_wconf 86' lang='lat' dir='ltr'><strong>Domini,</strong></span> 
     </span>
    </p>
   </div>
   <div class='ocr_carea' id='block_1_13' title="bbox 564 1199 2163 1278">
    <p class='ocr_par' dir='ltr' id='par_1_13' title="bbox 564 1199 2163 1278">
     <span class='ocr_line' id='line_1_13' title="bbox 564 1199 2163 1278; baseline -0.005 -16"><span class='ocrx_word' id='word_1_84' title='bbox 564 1205 785 1278; x_wconf 81' lang='lat' dir='ltr'><strong>spiritus</strong></span> <span class='ocrx_word' id='word_1_85' title='bbox 810 1204 1080 1275; x_wconf 69' lang='lat' dir='ltr'><strong>sapientiae</strong></span> <span class='ocrx_word' id='word_1_86' title='bbox 1105 1209 1155 1258; x_wconf 88' lang='lat' dir='ltr'><strong>et</strong></span> <span class='ocrx_word' id='word_1_87' title='bbox 1178 1202 1487 1271; x_wconf 87' lang='lat' dir='ltr'><strong>intellectus,</strong></span> <span class='ocrx_word' id='word_1_88' title='bbox 1510 1202 1734 1274; x_wconf 82' lang='lat' dir='ltr'><strong>spiritus</strong></span> <span class='ocrx_word' id='word_1_89' title='bbox 1753 1200 1963 1258; x_wconf 79' lang='lat' dir='ltr'><strong>consilii</strong></span> <span class='ocrx_word' id='word_1_90' title='bbox 1980 1206 2028 1255; x_wconf 88' lang='lat' dir='ltr'><strong>et</strong></span> <span class='ocrx_word' id='word_1_91' title='bbox 2051 1199 2163 1271; x_wconf 88' lang='lat' dir='ltr'><strong>for-</strong></span> 
     </span>
    </p>
   </div>
   <div class='ocr_carea' id='block_1_14' title="bbox 566 1292 2167 1366">
    <p class='ocr_par' dir='ltr' id='par_1_14' title="bbox 566 1292 2167 1366">
     <span class='ocr_line' id='line_1_14' title="bbox 566 1292 2167 1366; baseline -0.004 -15"><span class='ocrx_word' id='word_1_92' title='bbox 566 1295 826 1360; x_wconf 87' lang='lat' dir='ltr'><strong>titudinis,</strong></span> <span class='ocrx_word' id='word_1_93' title='bbox 847 1293 1067 1366; x_wconf 82' lang='lat' dir='ltr'><strong>spiritus</strong></span> <span class='ocrx_word' id='word_1_94' title='bbox 1095 1294 1325 1349; x_wconf 70' lang='lat' dir='ltr'><strong>scientia:</strong></span> <span class='ocrx_word' id='word_1_95' title='bbox 1350 1300 1399 1350; x_wconf 89' lang='lat' dir='ltr'><strong>et</strong></span> <span class='ocrx_word' id='word_1_96' title='bbox 1417 1293 1651 1366; x_wconf 85' lang='lat' dir='ltr'><strong>pietatis,</strong></span> <span class='ocrx_word' id='word_1_97' title='bbox 1679 1292 1700 1327; x_wconf 83' lang='grc'>³</span> <span class='ocrx_word' id='word_1_98' title='bbox 1728 1297 1776 1347; x_wconf 89' lang='lat' dir='ltr'><strong>et</strong></span> <span class='ocrx_word' id='word_1_99' title='bbox 1803 1292 2025 1364; x_wconf 87' lang='lat' dir='ltr'><strong>replebit</strong></span> <span class='ocrx_word' id='word_1_100' title='bbox 2050 1307 2167 1346; x_wconf 89' lang='lat' dir='ltr'><strong>eum</strong></span> 
     </span>
    </p>
   </div>
   <div class='ocr_carea' id='block_1_15' title="bbox 562 1378 2166 1457">
    <p class='ocr_par' dir='ltr' id='par_1_15' title="bbox 562 1378 2166 1457">
     <span class='ocr_line' id='line_1_15' title="bbox 562 1378 2166 1457; baseline -0.001 -19"><span class='ocrx_word' id='word_1_101' title='bbox 562 1383 783 1457; x_wconf 83' lang='lat' dir='ltr'><strong>spiritus</strong></span> <span class='ocrx_word' id='word_1_102' title='bbox 814 1383 1020 1439; x_wconf 88' lang='lat' dir='ltr'><strong>timoris</strong></span> <span class='ocrx_word' id='word_1_103' title='bbox 1038 1382 1257 1439; x_wconf 89' lang='lat' dir='ltr'><strong>Domini</strong></span> <span class='ocrx_word' id='word_1_104' title='bbox 1280 1382 1435 1455; x_wconf 87' lang='lat' dir='ltr'><strong>(Isai.</strong></span> <span class='ocrx_word' id='word_1_105' title='bbox 1469 1398 1550 1450; x_wconf 67' lang='grc' dir='ltr'><strong>ιι,</strong></span> <span class='ocrx_word' id='word_1_106' title='bbox 1575 1381 1711 1454; x_wconf 85' lang='grc'><strong>1-3).</strong></span> <span class='ocrx_word' id='word_1_107' title='bbox 1732 1383 1809 1437; x_wconf 92' lang='lat' dir='ltr'><strong>De</strong></span> <span class='ocrx_word' id='word_1_108' title='bbox 1825 1396 1935 1454; x_wconf 91' lang='lat' dir='ltr'><strong>quo</strong></span> <span class='ocrx_word' id='word_1_109' title='bbox 1963 1378 2166 1437; x_wconf 84' lang='lat' dir='ltr'><strong>Zacha-</strong></span> 
     </span>
    </p>
   </div>
   <div class='ocr_carea' id='block_1_16' title="bbox 561 1469 2168 1545">
    <p class='ocr_par' dir='ltr' id='par_1_16' title="bbox 561 1469 2168 1545">
     <span class='ocr_line' id='line_1_16' title="bbox 561 1469 2168 1545; baseline -0.004 -15"><span class='ocrx_word' id='word_1_110' title='bbox 561 1474 671 1531; x_wconf 87' lang='lat' dir='ltr'><strong>rias</strong></span> <span class='ocrx_word' id='word_1_111' title='bbox 716 1474 829 1530; x_wconf 85' lang='lat' dir='ltr'><strong>ait:</strong></span> <span class='ocrx_word' id='word_1_112' title='bbox 892 1474 1063 1545; x_wconf 87' lang='lat' dir='ltr'><strong>Super</strong></span> <span class='ocrx_word' id='word_1_113' title='bbox 1117 1473 1348 1544; x_wconf 86' lang='lat' dir='ltr'><strong>lapidem</strong></span> <span class='ocrx_word' id='word_1_114' title='bbox 1392 1487 1556 1529; x_wconf 89' lang='lat' dir='ltr'><strong>unum</strong></span> <span class='ocrx_word' id='word_1_115' title='bbox 1602 1476 1792 1541; x_wconf 86' lang='lat' dir='ltr'><strong>septem</strong></span> <span class='ocrx_word' id='word_1_116' title='bbox 1844 1469 1985 1525; x_wconf 88' lang='lat' dir='ltr'><strong>oculi</strong></span> <span class='ocrx_word' id='word_1_117' title='bbox 2041 1473 2168 1524; x_wconf 90' lang='lat' dir='ltr'><strong>sunt</strong></span> 
     </span>
    </p>
   </div>
   <div class='ocr_carea' id='block_1_17' title="bbox 560 1558 2164 1636">
    <p class='ocr_par' dir='ltr' id='par_1_17' title="bbox 560 1558 2164 1636">
     <span class='ocr_line' id='line_1_17' title="bbox 560 1558 2164 1636; baseline -0.003 -17"><span class='ocrx_word' id='word_1_118' title='bbox 560 1563 755 1636; x_wconf 87' lang='lat' dir='ltr'><strong>(Zach.</strong></span> <span class='ocrx_word' id='word_1_119' title='bbox 778 1580 861 1630; x_wconf 81' lang='lat' dir='ltr'><strong>nr,</strong></span> <span class='ocrx_word' id='word_1_120' title='bbox 893 1562 976 1634; x_wconf 90' lang='grc'><strong>9).</strong></span> <span class='ocrx_word' id='word_1_121' title='bbox 1008 1564 1187 1635; x_wconf 86' lang='lat' dir='ltr'><strong>Atque</strong></span> <span class='ocrx_word' id='word_1_122' title='bbox 1212 1561 1444 1617; x_wconf 88' lang='lat' dir='ltr'><strong>iterum:</strong></span> <span class='ocrx_word' id='word_1_123' title='bbox 1476 1563 1553 1617; x_wconf 89' lang='lat' dir='ltr'><strong>Et</strong></span> <span class='ocrx_word' id='word_1_124' title='bbox 1578 1560 1637 1615; x_wconf 89' lang='lat' dir='ltr'><strong>in</strong></span> <span class='ocrx_word' id='word_1_125' title='bbox 1654 1558 1970 1615; x_wconf 85' lang='lat' dir='ltr'><strong>candelabro</strong></span> <span class='ocrx_word' id='word_1_126' title='bbox 2000 1575 2164 1614; x_wconf 88' lang='lat' dir='ltr'><strong>aureo</strong></span> 
     </span>
    </p>
   </div>
   <div class='ocr_carea' id='block_1_18' title="bbox 565 1646 2164 1723">
    <p class='ocr_par' dir='ltr' id='par_1_18' title="bbox 565 1646 2164 1723">
     <span class='ocr_line' id='line_1_18' title="bbox 565 1646 2164 1723; baseline -0.002 -16"><span class='ocrx_word' id='word_1_127' title='bbox 565 1653 790 1707; x_wconf 75' lang='lat' dir='ltr'><strong>lucerna:</strong></span> <span class='ocrx_word' id='word_1_128' title='bbox 815 1657 1005 1722; x_wconf 85' lang='lat' dir='ltr'><strong>septem</strong></span> <span class='ocrx_word' id='word_1_129' title='bbox 1033 1650 1223 1723; x_wconf 62' lang='lat' dir='ltr'><strong>(Ibid,</strong></span> <span class='ocrx_word' id='word_1_130' title='bbox 1253 1667 1331 1718; x_wconf 78' lang='grc' dir='ltr'><strong>ιν,</strong></span> <span class='ocrx_word' id='word_1_131' title='bbox 1360 1650 1440 1721; x_wconf 79' lang='grc'><strong>2).</strong></span> <span class='ocrx_word' id='word_1_132' title='bbox 1484 1647 1683 1704; x_wconf 90' lang='lat' dir='ltr'><strong>Nullus</strong></span> <span class='ocrx_word' id='word_1_133' title='bbox 1712 1662 1844 1702; x_wconf 90' lang='lat' dir='ltr'><strong>vero</strong></span> <span class='ocrx_word' id='word_1_134' title='bbox 1872 1646 2164 1704; x_wconf 87' lang='lat' dir='ltr'><strong>hominum</strong></span> 
     </span>
    </p>
   </div>
   <div class='ocr_carea' id='block_1_19' title="bbox 2272 486 2543 558">
    <p class='ocr_par' dir='ltr' id='par_1_19' title="bbox 2272 486 2543 558">
     <span class='ocr_line' id='line_1_19' title="bbox 2272 486 2543 558; baseline 0.004 -15"><span class='ocrx_word' id='word_1_135' title='bbox 2272 486 2413 558; x_wconf 86' lang='lat' dir='ltr'><strong>facis</strong></span> <span class='ocrx_word' id='word_1_136' title='bbox 2432 488 2461 544; x_wconf 77' lang='lat'><strong><em>?</em></strong></span> <span class='ocrx_word' id='word_1_137' title='bbox 2538 550 2543 555; x_wconf 43' lang='grc'><em>,</em></span> 
     </span>
    </p>
   </div>
   <div class='ocr_carea' id='block_1_20' title="bbox 2347 573 3867 645">
    <p class='ocr_par' dir='ltr' id='par_1_20' title="bbox 2347 573 3867 645">
     <span class='ocr_line' id='line_1_20' title="bbox 2347 573 3867 645; baseline 0.001 -13"><span class='ocrx_word' id='word_1_138' title='bbox 2347 575 2431 632; x_wconf 79' lang='grc'><strong>75.</strong></span> <span class='ocrx_word' id='word_1_139' title='bbox 2460 576 2703 633; x_wconf 79' lang='lat' dir='ltr'><strong>Christus</strong></span> <span class='ocrx_word' id='word_1_140' title='bbox 2721 590 2878 631; x_wconf 82' lang='lat' dir='ltr'><strong>verus</strong></span> <span class='ocrx_word' id='word_1_141' title='bbox 2901 573 3364 645; x_wconf 60' lang='lat' dir='ltr'><strong>lucifer,.maxime</strong></span> <span class='ocrx_word' id='word_1_142' title='bbox 3385 575 3444 631; x_wconf 89' lang='lat' dir='ltr'><strong>in</strong></span> <span class='ocrx_word' id='word_1_143' title='bbox 3462 574 3867 644; x_wconf 83' lang='lat' dir='ltr'><strong>resurrectione;</strong></span> 
     </span>
    </p>
   </div>
   <div class='ocr_carea' id='block_1_21' title="bbox 2271 665 3868 737">
    <p class='ocr_par' dir='ltr' id='par_1_21' title="bbox 2271 665 3868 737">
     <span class='ocr_line' id='line_1_21' title="bbox 2271 665 3868 737; baseline 0.001 -16"><span class='ocrx_word' id='word_1_144' title='bbox 2271 683 2454 737; x_wconf 82' lang='lat' dir='ltr'><strong>vesper</strong></span> <span class='ocrx_word' id='word_1_145' title='bbox 2479 672 2655 723; x_wconf 90' lang='lat' dir='ltr'><strong>autem</strong></span> <span class='ocrx_word' id='word_1_146' title='bbox 2683 666 3061 722; x_wconf 83' lang='lat' dir='ltr'><strong>Antichristus.</strong></span> <span class='ocrx_word' id='word_1_147' title='bbox 3094 666 3230 722; x_wconf 86' lang='lat' dir='ltr'><strong>Huic</strong></span> <span class='ocrx_word' id='word_1_148' title='bbox 3257 665 3403 736; x_wconf 84' lang='lat' dir='ltr'><strong>juste</strong></span> <span class='ocrx_word' id='word_1_149' title='bbox 3435 666 3736 723; x_wconf 80' lang='lat' dir='ltr'><strong>subdantur</strong></span> <span class='ocrx_word' id='word_1_150' title='bbox 3772 668 3868 723; x_wconf 89' lang='lat' dir='ltr'><strong>ho-</strong></span> 
     </span>
    </p>
   </div>
   <div class='ocr_carea' id='block_1_22' title="bbox 2271 755 3869 828">
    <p class='ocr_par' dir='ltr' id='par_1_22' title="bbox 2271 755 3869 828">
     <span class='ocr_line' id='line_1_22' title="bbox 2271 755 3869 828; baseline 0.003 -18"><span class='ocrx_word' id='word_1_151' title='bbox 2271 756 2435 810; x_wconf 85' lang='lat' dir='ltr'><strong>mines</strong></span> <span class='ocrx_word' id='word_1_152' title='bbox 2466 761 2620 810; x_wconf 68' lang='lat' dir='ltr'><strong>terra:</strong></span> <span class='ocrx_word' id='word_1_153' title='bbox 2651 755 2831 811; x_wconf 87' lang='lat' dir='ltr'><strong>dediti.</strong></span> <span class='ocrx_word' id='word_1_154' title='bbox 2865 786 2936 797; x_wconf 93' lang='lat'>—</span> <span class='ocrx_word' id='word_1_155' title='bbox 2964 755 3123 812; x_wconf 90' lang='lat' dir='ltr'><strong>Pater</strong></span> <span class='ocrx_word' id='word_1_156' title='bbox 3168 755 3369 828; x_wconf 87' lang='lat' dir='ltr'><strong>quippe</strong></span> <span class='ocrx_word' id='word_1_157' title='bbox 3400 756 3459 812; x_wconf 90' lang='lat' dir='ltr'><strong>in</strong></span> <span class='ocrx_word' id='word_1_158' title='bbox 3496 762 3744 827; x_wconf 89' lang='lat' dir='ltr'><strong>tempore</strong></span> <span class='ocrx_word' id='word_1_159' title='bbox 3770 773 3869 814; x_wconf 90' lang='lat' dir='ltr'><strong>suo</strong></span> 
     </span>
    </p>
   </div>
   <div class='ocr_carea' id='block_1_23' title="bbox 2272 844 3869 919">
    <p class='ocr_par' dir='ltr' id='par_1_23' title="bbox 2272 844 3869 919">
     <span class='ocr_line' id='line_1_23' title="bbox 2272 844 3869 919; baseline 0.001 -20"><span class='ocrx_word' id='word_1_160' title='bbox 2272 844 2565 901; x_wconf 84' lang='lat' dir='ltr'><strong>luciferum</strong></span> <span class='ocrx_word' id='word_1_161' title='bbox 2597 844 2880 917; x_wconf 86' lang='lat' dir='ltr'><strong>produxit,</strong></span> <span class='ocrx_word' id='word_1_162' title='bbox 2930 845 3081 919; x_wconf 87' lang='lat' dir='ltr'><strong>quia,</strong></span> <span class='ocrx_word' id='word_1_163' title='bbox 3122 845 3265 901; x_wconf 85' lang='lat' dir='ltr'><strong>sicut</strong></span> <span class='ocrx_word' id='word_1_164' title='bbox 3296 845 3562 918; x_wconf 90' lang='lat' dir='ltr'><strong>scriptum</strong></span> <span class='ocrx_word' id='word_1_165' title='bbox 3592 851 3707 902; x_wconf 89' lang='lat' dir='ltr'><strong>est:</strong></span> <span class='ocrx_word' id='word_1_166' title='bbox 3745 845 3869 902; x_wconf 85' lang='lat' dir='ltr'><strong>Cum</strong></span> 
     </span>
    </p>
   </div>
   <div class='ocr_carea' id='block_1_24' title="bbox 2272 933 3868 1006">
    <p class='ocr_par' dir='ltr' id='par_1_24' title="bbox 2272 933 3868 1006">
     <span class='ocr_line' id='line_1_24' title="bbox 2272 933 3868 1006; baseline 0.002 -19"><span class='ocrx_word' id='word_1_167' title='bbox 2272 933 2411 988; x_wconf 75' lang='lat' dir='ltr'><strong>venit</strong></span> <span class='ocrx_word' id='word_1_168' title='bbox 2446 934 2722 1006; x_wconf 83' lang='lat' dir='ltr'><strong>plenitudo</strong></span> <span class='ocrx_word' id='word_1_169' title='bbox 2764 934 3033 1006; x_wconf 86' lang='lat' dir='ltr'><strong>temporis,</strong></span> <span class='ocrx_word' id='word_1_170' title='bbox 3081 934 3226 991; x_wconf 82' lang='lat' dir='ltr'><strong>misit</strong></span> <span class='ocrx_word' id='word_1_171' title='bbox 3264 935 3405 990; x_wconf 86' lang='lat' dir='ltr'><strong>Deus</strong></span> <span class='ocrx_word' id='word_1_172' title='bbox 3450 933 3654 990; x_wconf 86' lang='lat' dir='ltr'><strong>Filium</strong></span> <span class='ocrx_word' id='word_1_173' title='bbox 3693 951 3868 1002; x_wconf 88' lang='lat' dir='ltr'><strong>suum,</strong></span> 
     </span>
    </p>
   </div>
   <div class='ocr_carea' id='block_1_25' title="bbox 2271 1021 3872 1096">
    <p class='ocr_par' dir='ltr' id='par_1_25' title="bbox 2271 1021 3872 1096">
     <span class='ocr_line' id='line_1_25' title="bbox 2271 1021 3872 1096; baseline 0 -17"><span class='ocrx_word' id='word_1_174' title='bbox 2271 1030 2457 1079; x_wconf 89' lang='lat' dir='ltr'><strong>natum</strong></span> <span class='ocrx_word' id='word_1_175' title='bbox 2502 1041 2567 1080; x_wconf 77' lang='lat' dir='ltr'><strong>ea:</strong></span> <span class='ocrx_word' id='word_1_176' title='bbox 2607 1025 2850 1092; x_wconf 87' lang='lat' dir='ltr'><strong>muliere,</strong></span> <span class='ocrx_word' id='word_1_177' title='bbox 2889 1024 3091 1096; x_wconf 79' lang='lat' dir='ltr'><strong>factum</strong></span> <span class='ocrx_word' id='word_1_178' title='bbox 3136 1023 3230 1079; x_wconf 88' lang='lat' dir='ltr'><strong>sub</strong></span> <span class='ocrx_word' id='word_1_179' title='bbox 3287 1024 3408 1095; x_wconf 86' lang='lat' dir='ltr'><strong>lege,</strong></span> <span class='ocrx_word' id='word_1_180' title='bbox 3449 1029 3508 1078; x_wconf 88' lang='lat' dir='ltr'><strong>ut</strong></span> <span class='ocrx_word' id='word_1_181' title='bbox 3540 1040 3625 1079; x_wconf 87' lang='lat' dir='ltr'><strong>eos</strong></span> <span class='ocrx_word' id='word_1_182' title='bbox 3668 1025 3760 1095; x_wconf 86' lang='lat' dir='ltr'><strong>qui</strong></span> <span class='ocrx_word' id='word_1_183' title='bbox 3791 1021 3872 1079; x_wconf 89' lang='lat' dir='ltr'><strong>sui</strong></span> 
     </span>
    </p>
   </div>
   <div class='ocr_carea' id='block_1_26' title="bbox 2276 1113 3869 1187">
    <p class='ocr_par' dir='ltr' id='par_1_26' title="bbox 2276 1113 3869 1187">
     <span class='ocr_line' id='line_1_26' title="bbox 2276 1113 3869 1187; baseline -0.001 -16"><span class='ocrx_word' id='word_1_184' title='bbox 2276 1116 2378 1187; x_wconf 86' lang='lat' dir='ltr'><strong>lege</strong></span> <span class='ocrx_word' id='word_1_185' title='bbox 2395 1122 2566 1185; x_wconf 87' lang='lat' dir='ltr'><strong>erant,</strong></span> <span class='ocrx_word' id='word_1_186' title='bbox 2590 1115 2867 1171; x_wconf 84' lang='lat' dir='ltr'><strong>redimeret</strong></span> <span class='ocrx_word' id='word_1_187' title='bbox 2888 1114 3038 1187; x_wconf 85' lang='lat' dir='ltr'><strong>(Gal.</strong></span> <span class='ocrx_word' id='word_1_188' title='bbox 3063 1131 3141 1182; x_wconf 82' lang='lat' dir='ltr'><strong>1v,</strong></span> <span class='ocrx_word' id='word_1_189' title='bbox 3164 1113 3216 1182; x_wconf 77' lang='grc'><strong>4,</strong></span> <span class='ocrx_word' id='word_1_190' title='bbox 3240 1113 3320 1186; x_wconf 80' lang='lat'><strong>5).</strong></span> <span class='ocrx_word' id='word_1_191' title='bbox 3345 1113 3453 1181; x_wconf 89' lang='lat' dir='ltr'><strong>Qui</strong></span> <span class='ocrx_word' id='word_1_192' title='bbox 3472 1121 3638 1171; x_wconf 87' lang='lat' dir='ltr'><strong>natus</strong></span> <span class='ocrx_word' id='word_1_193' title='bbox 3663 1129 3733 1170; x_wconf 81' lang='lat' dir='ltr'><strong>ex</strong></span> <span class='ocrx_word' id='word_1_194' title='bbox 3752 1113 3869 1171; x_wconf 83' lang='lat' dir='ltr'><strong>Vir-</strong></span> 
     </span>
    </p>
   </div>
   <div class='ocr_carea' id='block_1_27' title="bbox 2274 1203 3872 1276">
    <p class='ocr_par' dir='ltr' id='par_1_27' title="bbox 2274 1203 3872 1276">
     <span class='ocr_line' id='line_1_27' title="bbox 2274 1203 3872 1276; baseline -0.001 -17"><span class='ocrx_word' id='word_1_195' title='bbox 2274 1204 2417 1276; x_wconf 91' lang='lat' dir='ltr'><strong>gine,</strong></span> <span class='ocrx_word' id='word_1_196' title='bbox 2449 1205 2603 1261; x_wconf 89' lang='lat' dir='ltr'><strong>velut</strong></span> <span class='ocrx_word' id='word_1_197' title='bbox 2633 1203 2834 1263; x_wconf 85' lang='lat' dir='ltr'><strong>lucifer</strong></span> <span class='ocrx_word' id='word_1_198' title='bbox 2862 1204 3008 1260; x_wconf 91' lang='lat' dir='ltr'><strong>inter</strong></span> <span class='ocrx_word' id='word_1_199' title='bbox 3036 1203 3290 1260; x_wconf 90' lang='lat' dir='ltr'><strong>tenebras</strong></span> <span class='ocrx_word' id='word_1_200' title='bbox 3319 1209 3524 1259; x_wconf 65' lang='lat' dir='ltr'><strong>nostrai</strong></span> <span class='ocrx_word' id='word_1_201' title='bbox 3553 1203 3735 1260; x_wconf 89' lang='lat' dir='ltr'><strong>noctis</strong></span> <span class='ocrx_word' id='word_1_202' title='bbox 3769 1218 3872 1275; x_wconf 89' lang='lat' dir='ltr'><strong>ap—</strong></span> 
     </span>
    </p>
   </div>
   <div class='ocr_carea' id='block_1_28' title="bbox 2273 1292 3870 1370">
    <p class='ocr_par' dir='ltr' id='par_1_28' title="bbox 2273 1292 3870 1370">
     <span class='ocr_line' id='line_1_28' title="bbox 2273 1292 3870 1370; baseline -0.002 -19"><span class='ocrx_word' id='word_1_203' title='bbox 2273 1295 2473 1366; x_wconf 87' lang='lat' dir='ltr'><strong>paruit,</strong></span> <span class='ocrx_word' id='word_1_204' title='bbox 2524 1295 2673 1370; x_wconf 89' lang='lat' dir='ltr'><strong>quia,</strong></span> <span class='ocrx_word' id='word_1_205' title='bbox 2718 1294 2906 1367; x_wconf 88' lang='lat' dir='ltr'><strong>fugata</strong></span> <span class='ocrx_word' id='word_1_206' title='bbox 2948 1292 3281 1350; x_wconf 86' lang='lat' dir='ltr'><strong>obscuritate</strong></span> <span class='ocrx_word' id='word_1_207' title='bbox 3323 1293 3559 1366; x_wconf 87' lang='lat' dir='ltr'><strong>peccati,</strong></span> <span class='ocrx_word' id='word_1_208' title='bbox 3606 1301 3870 1352; x_wconf 70' lang='lat' dir='ltr'><strong>internum</strong></span> 
     </span>
    </p>
   </div>
   <div class='ocr_carea' id='block_1_29' title="bbox 2272 1382 3870 1453">
    <p class='ocr_par' dir='ltr' id='par_1_29' title="bbox 2272 1382 3870 1453">
     <span class='ocr_line' id='line_1_29' title="bbox 2272 1382 3870 1453; baseline 0 -15"><span class='ocrx_word' id='word_1_209' title='bbox 2272 1382 2433 1440; x_wconf 89' lang='lat' dir='ltr'><strong>nobis</strong></span> <span class='ocrx_word' id='word_1_210' title='bbox 2463 1399 2623 1439; x_wconf 91' lang='lat' dir='ltr'><strong>mane</strong></span> <span class='ocrx_word' id='word_1_211' title='bbox 2651 1383 2950 1441; x_wconf 79' lang='lat' dir='ltr'><strong>nuntiavit.</strong></span> <span class='ocrx_word' id='word_1_212' title='bbox 2978 1382 3302 1441; x_wconf 90' lang='lat' dir='ltr'><strong>Luciferum</strong></span> <span class='ocrx_word' id='word_1_213' title='bbox 3330 1398 3462 1439; x_wconf 87' lang='lat' dir='ltr'><strong>vero</strong></span> <span class='ocrx_word' id='word_1_214' title='bbox 3506 1399 3564 1439; x_wconf 91' lang='lat' dir='ltr'><strong>se</strong></span> <span class='ocrx_word' id='word_1_215' title='bbox 3603 1382 3870 1453; x_wconf 88' lang='lat' dir='ltr'><strong>innotuit,</strong></span> 
     </span>
    </p>
   </div>
   <div class='ocr_carea' id='block_1_30' title="bbox 2274 1472 3875 1546">
    <p class='ocr_par' dir='ltr' id='par_1_30' title="bbox 2274 1472 3875 1546">
     <span class='ocr_line' id='line_1_30' title="bbox 2274 1472 3875 1546; baseline 0 -19"><span class='ocrx_word' id='word_1_216' title='bbox 2274 1472 2403 1545; x_wconf 88' lang='lat' dir='ltr'><strong>quia</strong></span> <span class='ocrx_word' id='word_1_217' title='bbox 2431 1472 2678 1530; x_wconf 87' lang='lat' dir='ltr'><strong>diluculo</strong></span> <span class='ocrx_word' id='word_1_218' title='bbox 2722 1490 2792 1530; x_wconf 84' lang='lat' dir='ltr'><strong>ex</strong></span> <span class='ocrx_word' id='word_1_219' title='bbox 2836 1482 3012 1531; x_wconf 92' lang='lat' dir='ltr'><strong>morte</strong></span> <span class='ocrx_word' id='word_1_220' title='bbox 3039 1473 3303 1543; x_wconf 86' lang='lat' dir='ltr'><strong>surrexit,</strong></span> <span class='ocrx_word' id='word_1_221' title='bbox 3335 1481 3391 1530; x_wconf 90' lang='lat' dir='ltr'><strong>et</strong></span> <span class='ocrx_word' id='word_1_222' title='bbox 3418 1473 3632 1546; x_wconf 80' lang='lat' dir='ltr'><strong>fulgore</strong></span> <span class='ocrx_word' id='word_1_223' title='bbox 3664 1473 3750 1530; x_wconf 91' lang='lat' dir='ltr'><strong>sui</strong></span> <span class='ocrx_word' id='word_1_224' title='bbox 3779 1472 3875 1528; x_wconf 91' lang='lat' dir='ltr'><strong>lu-</strong></span> 
     </span>
    </p>
   </div>
   <div class='ocr_carea' id='block_1_31' title="bbox 2273 1561 3867 1637">
    <p class='ocr_par' dir='ltr' id='par_1_31' title="bbox 2273 1561 3867 1637">
     <span class='ocr_line' id='line_1_31' title="bbox 2273 1561 3867 1637; baseline 0.001 -21"><span class='ocrx_word' id='word_1_225' title='bbox 2273 1561 2444 1618; x_wconf 89' lang='lat' dir='ltr'><strong>minis</strong></span> <span class='ocrx_word' id='word_1_226' title='bbox 2472 1563 2829 1621; x_wconf 86' lang='lat' dir='ltr'><strong>mortalitatis</strong></span> <span class='ocrx_word' id='word_1_227' title='bbox 2856 1572 3059 1620; x_wconf 65' lang='lat' dir='ltr'><strong>nostras</strong></span> <span class='ocrx_word' id='word_1_228' title='bbox 3093 1573 3300 1621; x_wconf 89' lang='lat' dir='ltr'><strong>terram</strong></span> <span class='ocrx_word' id='word_1_229' title='bbox 3329 1564 3620 1637; x_wconf 80' lang='lat' dir='ltr'><strong>caliginem</strong></span> <span class='ocrx_word' id='word_1_230' title='bbox 3649 1563 3867 1636; x_wconf 88' lang='lat' dir='ltr'><strong>pressit.</strong></span> 
     </span>
    </p>
   </div>
   <div class='ocr_carea' id='block_1_32' title="bbox 2274 1648 3877 1725">
    <p class='ocr_par' dir='ltr' id='par_1_32' title="bbox 2274 1648 3877 1725">
     <span class='ocr_line' id='line_1_32' title="bbox 2274 1648 3877 1725; baseline 0.001 -19"><span class='ocrx_word' id='word_1_231' title='bbox 2274 1648 2376 1707; x_wconf 91' lang='lat' dir='ltr'><strong>Cui</strong></span> <span class='ocrx_word' id='word_1_232' title='bbox 2403 1650 2543 1709; x_wconf 91' lang='lat' dir='ltr'><strong>bene</strong></span> <span class='ocrx_word' id='word_1_233' title='bbox 2589 1668 2688 1725; x_wconf 91' lang='lat' dir='ltr'><strong>per</strong></span> <span class='ocrx_word' id='word_1_234' title='bbox 2713 1653 2980 1710; x_wconf 85' lang='lat' dir='ltr'><strong>Joannem</strong></span> <span class='ocrx_word' id='word_1_235' title='bbox 3012 1652 3255 1711; x_wconf 89' lang='lat' dir='ltr'><strong>dicitur:</strong></span> <span class='ocrx_word' id='word_1_236' title='bbox 3309 1654 3475 1710; x_wconf 83' lang='lat' dir='ltr'><strong>Stella</strong></span> <span class='ocrx_word' id='word_1_237' title='bbox 3508 1652 3789 1725; x_wconf 87' lang='lat' dir='ltr'><strong>splendida</strong></span> <span class='ocrx_word' id='word_1_238' title='bbox 3827 1657 3877 1707; x_wconf 91' lang='lat' dir='ltr'><strong>et</strong></span> 
     </span>
    </p>
   </div>
   <div class='ocr_carea' id='block_1_33' title="bbox 562 1734 3877 1827">
    <p class='ocr_par' dir='ltr' id='par_1_33' title="bbox 562 1734 3877 1827">
     <span class='ocr_line' id='line_1_33' title="bbox 562 1734 3877 1827; baseline -0 -30"><span class='ocrx_word' id='word_1_239' title='bbox 562 1740 907 1814; x_wconf 90' lang='lat' dir='ltr'><strong>operationes</strong></span> <span class='ocrx_word' id='word_1_240' title='bbox 936 1740 1113 1797; x_wconf 87' lang='lat' dir='ltr'><strong>sancti</strong></span> <span class='ocrx_word' id='word_1_241' title='bbox 1142 1738 1381 1811; x_wconf 88' lang='lat' dir='ltr'><strong>Spiritus</strong></span> <span class='ocrx_word' id='word_1_242' title='bbox 1408 1735 1575 1794; x_wconf 90' lang='lat' dir='ltr'><strong>simul</strong></span> <span class='ocrx_word' id='word_1_243' title='bbox 1596 1751 1789 1827; x_wconf 83' lang='lat' dir='ltr'><strong>omnes</strong></span> <span class='ocrx_word' id='word_1_244' title='bbox 1818 1734 2035 1827; x_wconf 78' lang='lat' dir='ltr'><strong>habuit,</strong></span> <span class='ocrx_word' id='word_1_245' title='bbox 2052 1736 2165 1827; x_wconf 77' lang='lat' dir='ltr'><strong>nisi</strong></span> <span class='ocrx_word' id='word_1_246' title='bbox 2195 1766 2241 1827; x_wconf 83' lang='lat' dir='ltr'><strong>B</strong></span> <span class='ocrx_word' id='word_1_247' title='bbox 2271 1741 2536 1796; x_wconf 75' lang='lat' dir='ltr'><strong>niatutina</strong></span> <span class='ocrx_word' id='word_1_248' title='bbox 2585 1742 2775 1814; x_wconf 88' lang='lat' dir='ltr'><strong>(Apoc.</strong></span> <span class='ocrx_word' id='word_1_249' title='bbox 2821 1759 2965 1812; x_wconf 71' lang='grc' dir='ltr'><strong>χχιι,</strong></span> <span class='ocrx_word' id='word_1_250' title='bbox 3000 1743 3113 1815; x_wconf 78' lang='grc'><strong>16).</strong></span> <span class='ocrx_word' id='word_1_251' title='bbox 3148 1743 3328 1800; x_wconf 80' lang='lat' dir='ltr'><strong>Vivus</strong></span> <span class='ocrx_word' id='word_1_252' title='bbox 3357 1743 3557 1817; x_wconf 88' lang='lat' dir='ltr'><strong>quippe</strong></span> <span class='ocrx_word' id='word_1_253' title='bbox 3604 1756 3877 1815; x_wconf 86' lang='lat' dir='ltr'><strong>apparens</strong></span> 
     </span>
    </p>
   </div>
   <div class='ocr_carea' id='block_1_34' title="bbox 561 1824 2160 1898">
    <p class='ocr_par' dir='ltr' id='par_1_34' title="bbox 561 1824 2160 1898">
     <span class='ocr_line' id='line_1_34' title="bbox 561 1824 2160 1898; baseline -0.003 -12"><span class='ocrx_word' id='word_1_254' title='bbox 561 1831 712 1886; x_wconf 89' lang='lat' dir='ltr'><strong>solus</strong></span> <span class='ocrx_word' id='word_1_255' title='bbox 738 1829 1006 1888; x_wconf 87' lang='lat' dir='ltr'><strong>Mediator</strong></span> <span class='ocrx_word' id='word_1_256' title='bbox 1032 1829 1131 1885; x_wconf 87' lang='lat' dir='ltr'><strong>Dei</strong></span> <span class='ocrx_word' id='word_1_257' title='bbox 1160 1836 1215 1885; x_wconf 94' lang='lat' dir='ltr'><strong>et</strong></span> <span class='ocrx_word' id='word_1_258' title='bbox 1243 1827 1555 1895; x_wconf 87' lang='lat' dir='ltr'><strong>hominum,</strong></span> <span class='ocrx_word' id='word_1_259' title='bbox 1577 1824 1736 1897; x_wconf 89' lang='lat' dir='ltr'><strong>cujus</strong></span> <span class='ocrx_word' id='word_1_260' title='bbox 1763 1832 1845 1881; x_wconf 91' lang='lat' dir='ltr'><strong>est</strong></span> <span class='ocrx_word' id='word_1_261' title='bbox 1875 1824 2021 1881; x_wconf 90' lang='lat' dir='ltr'><strong>idem</strong></span> <span class='ocrx_word' id='word_1_262' title='bbox 2043 1825 2160 1898; x_wconf 90' lang='lat' dir='ltr'><strong>Spi-</strong></span> 
     </span>
    </p>
   </div>
   <div class='ocr_carea' id='block_1_35' title="bbox 562 1914 2160 1993">
    <p class='ocr_par' dir='ltr' id='par_1_35' title="bbox 562 1914 2160 1993">
     <span class='ocr_line' id='line_1_35' title="bbox 562 1914 2160 1993; baseline -0.003 -17"><span class='ocrx_word' id='word_1_263' title='bbox 562 1920 722 1989; x_wconf 88' lang='lat' dir='ltr'><strong>ritus,</strong></span> <span class='ocrx_word' id='word_1_264' title='bbox 753 1920 848 1993; x_wconf 88' lang='lat' dir='ltr'><strong>qui</strong></span> <span class='ocrx_word' id='word_1_265' title='bbox 877 1918 945 1975; x_wconf 89' lang='lat' dir='ltr'><strong>de</strong></span> <span class='ocrx_word' id='word_1_266' title='bbox 978 1918 1135 1975; x_wconf 90' lang='lat' dir='ltr'><strong>Patre</strong></span> <span class='ocrx_word' id='word_1_267' title='bbox 1163 1926 1290 1975; x_wconf 89' lang='lat' dir='ltr'><strong>ante</strong></span> <span class='ocrx_word' id='word_1_268' title='bbox 1317 1917 1517 1974; x_wconf 57' lang='lat' dir='ltr'><strong>saecula</strong></span> <span class='ocrx_word' id='word_1_269' title='bbox 1543 1914 1814 1989; x_wconf 88' lang='lat' dir='ltr'><strong>procedit.</strong></span> <span class='ocrx_word' id='word_1_270' title='bbox 1852 1915 1999 1972; x_wconf 90' lang='lat' dir='ltr'><strong>Bene</strong></span> <span class='ocrx_word' id='word_1_271' title='bbox 2030 1931 2160 1988; x_wconf 91' lang='lat' dir='ltr'><strong>ergo</strong></span> 
     </span>
    </p>
   </div>
   <div class='ocr_carea' id='block_1_36' title="bbox 562 2004 2161 2080">
    <p class='ocr_par' dir='ltr' id='par_1_36' title="bbox 562 2004 2161 2080">
     <span class='ocr_line' id='line_1_36' title="bbox 562 2004 2161 2080; baseline -0.003 -15"><span class='ocrx_word' id='word_1_272' title='bbox 562 2009 798 2065; x_wconf 86' lang='lat' dir='ltr'><strong>dicitur:</strong></span> <span class='ocrx_word' id='word_1_273' title='bbox 830 2009 1000 2080; x_wconf 86' lang='lat' dir='ltr'><strong>Super</strong></span> <span class='ocrx_word' id='word_1_274' title='bbox 1025 2007 1253 2080; x_wconf 85' lang='lat' dir='ltr'><strong>lapidem</strong></span> <span class='ocrx_word' id='word_1_275' title='bbox 1280 2024 1444 2063; x_wconf 88' lang='lat' dir='ltr'><strong>unum</strong></span> <span class='ocrx_word' id='word_1_276' title='bbox 1478 2012 1668 2077; x_wconf 90' lang='lat' dir='ltr'><strong>septem</strong></span> <span class='ocrx_word' id='word_1_277' title='bbox 1688 2005 1829 2061; x_wconf 89' lang='lat' dir='ltr'><strong>oculi</strong></span> <span class='ocrx_word' id='word_1_278' title='bbox 1848 2010 1991 2061; x_wconf 85' lang='lat' dir='ltr'><strong>sunt.</strong></span> <span class='ocrx_word' id='word_1_279' title='bbox 2016 2004 2161 2061; x_wconf 87' lang='lat' dir='ltr'><strong>Huic</strong></span> 
     </span>
    </p>
   </div>
   <div class='ocr_carea' id='block_1_37' title="bbox 563 2094 2157 2171">
    <p class='ocr_par' dir='ltr' id='par_1_37' title="bbox 563 2094 2157 2171">
     <span class='ocr_line' id='line_1_37' title="bbox 563 2094 2157 2171; baseline -0.004 -16"><span class='ocrx_word' id='word_1_280' title='bbox 563 2100 711 2156; x_wconf 89' lang='lat' dir='ltr'><strong>enim</strong></span> <span class='ocrx_word' id='word_1_281' title='bbox 738 2096 909 2171; x_wconf 90' lang='lat' dir='ltr'><strong>lapidi</strong></span> <span class='ocrx_word' id='word_1_282' title='bbox 935 2107 1141 2170; x_wconf 84' lang='lat' dir='ltr'><strong>septem</strong></span> <span class='ocrx_word' id='word_1_283' title='bbox 1170 2097 1360 2154; x_wconf 90' lang='lat' dir='ltr'><strong>oculos</strong></span> <span class='ocrx_word' id='word_1_284' title='bbox 1388 2095 1589 2153; x_wconf 90' lang='lat' dir='ltr'><strong>habere</strong></span> <span class='ocrx_word' id='word_1_285' title='bbox 1618 2104 1701 2153; x_wconf 88' lang='lat' dir='ltr'><strong>est</strong></span> <span class='ocrx_word' id='word_1_286' title='bbox 1737 2094 1905 2152; x_wconf 89' lang='lat' dir='ltr'><strong>simul</strong></span> <span class='ocrx_word' id='word_1_287' title='bbox 1935 2110 2157 2151; x_wconf 90' lang='lat' dir='ltr'><strong>omnem</strong></span> 
     </span>
    </p>
   </div>
   <div class='ocr_carea' id='block_1_38' title="bbox 563 2184 2161 2260">
    <p class='ocr_par' dir='ltr' id='par_1_38' title="bbox 563 2184 2161 2260">
     <span class='ocr_line' id='line_1_38' title="bbox 563 2184 2161 2260; baseline -0.003 -16"><span class='ocrx_word' id='word_1_288' title='bbox 563 2189 822 2246; x_wconf 73' lang='lat' dir='ltr'><strong>virtutem</strong></span> <span class='ocrx_word' id='word_1_289' title='bbox 870 2187 1108 2260; x_wconf 86' lang='lat' dir='ltr'><strong>Spiritus</strong></span> <span class='ocrx_word' id='word_1_290' title='bbox 1155 2185 1492 2259; x_wconf 85' lang='lat' dir='ltr'><strong>septiformis</strong></span> <span class='ocrx_word' id='word_1_291' title='bbox 1537 2185 1724 2258; x_wconf 82' lang='lat' dir='ltr'><strong>gratiae</strong></span> <span class='ocrx_word' id='word_1_292' title='bbox 1754 2184 1812 2240; x_wconf 91' lang='lat' dir='ltr'><strong>in</strong></span> <span class='ocrx_word' id='word_1_293' title='bbox 1842 2184 2161 2257; x_wconf 88' lang='lat' dir='ltr'><strong>operatione</strong></span> 
     </span>
    </p>
   </div>
   <div class='ocr_carea' id='block_1_39' title="bbox 563 2273 2159 2350">
    <p class='ocr_par' dir='ltr' id='par_1_39' title="bbox 563 2273 2159 2350">
     <span class='ocr_line' id='line_1_39' title="bbox 563 2273 2159 2350; baseline -0.005 -14"><span class='ocrx_word' id='word_1_294' title='bbox 563 2280 816 2336; x_wconf 91' lang='lat' dir='ltr'><strong>retinere.</strong></span> <span class='ocrx_word' id='word_1_295' title='bbox 846 2276 1006 2334; x_wconf 90' lang='lat' dir='ltr'><strong>Alius</strong></span> <span class='ocrx_word' id='word_1_296' title='bbox 1025 2292 1261 2350; x_wconf 88' lang='lat' dir='ltr'><strong>namque</strong></span> <span class='ocrx_word' id='word_1_297' title='bbox 1291 2275 1658 2349; x_wconf 89' lang='lat' dir='ltr'><strong>prophetiam,</strong></span> <span class='ocrx_word' id='word_1_298' title='bbox 1688 2273 1829 2331; x_wconf 90' lang='lat' dir='ltr'><strong>alius</strong></span> <span class='ocrx_word' id='word_1_299' title='bbox 1848 2274 2159 2340; x_wconf 87' lang='lat' dir='ltr'><strong>scientiam,</strong></span> 
     </span>
    </p>
   </div>
   <div class='ocr_carea' id='block_1_40' title="bbox 562 2363 2163 2439">
    <p class='ocr_par' dir='ltr' id='par_1_40' title="bbox 562 2363 2163 2439">
     <span class='ocr_line' id='line_1_40' title="bbox 562 2363 2163 2439; baseline -0.005 -12"><span class='ocrx_word' id='word_1_300' title='bbox 562 2370 704 2427; x_wconf 89' lang='lat' dir='ltr'><strong>alius</strong></span> <span class='ocrx_word' id='word_1_301' title='bbox 731 2368 985 2437; x_wconf 86' lang='lat' dir='ltr'><strong>virtutes,</strong></span> <span class='ocrx_word' id='word_1_302' title='bbox 1034 2365 1175 2424; x_wconf 89' lang='lat' dir='ltr'><strong>alius</strong></span> <span class='ocrx_word' id='word_1_303' title='bbox 1205 2381 1402 2439; x_wconf 88' lang='lat' dir='ltr'><strong>genera</strong></span> <span class='ocrx_word' id='word_1_304' title='bbox 1430 2366 1769 2438; x_wconf 79' lang='lat' dir='ltr'><strong>linguarum,</strong></span> <span class='ocrx_word' id='word_1_305' title='bbox 1808 2363 1951 2421; x_wconf 91' lang='lat' dir='ltr'><strong>alius</strong></span> <span class='ocrx_word' id='word_1_306' title='bbox 1982 2363 2163 2420; x_wconf 88' lang='lat' dir='ltr'><strong>inter-</strong></span> 
     </span>
    </p>
   </div>
   <div class='ocr_carea' id='block_1_41' title="bbox 569 2453 2160 2534">
    <p class='ocr_par' dir='ltr' id='par_1_41' title="bbox 569 2453 2160 2534">
     <span class='ocr_line' id='line_1_41' title="bbox 569 2453 2160 2534; baseline -0.004 -17"><span class='ocrx_word' id='word_1_307' title='bbox 569 2460 901 2534; x_wconf 87' lang='lat' dir='ltr'><strong>pretationes</strong></span> <span class='ocrx_word' id='word_1_308' title='bbox 928 2474 1244 2516; x_wconf 88' lang='lat' dir='ltr'><strong>sermonum</strong></span> <span class='ocrx_word' id='word_1_309' title='bbox 1287 2456 1450 2530; x_wconf 80' lang='lat' dir='ltr'><strong>juxta</strong></span> <span class='ocrx_word' id='word_1_310' title='bbox 1493 2454 1944 2514; x_wconf 87' lang='lat' dir='ltr'><strong>distributionem</strong></span> <span class='ocrx_word' id='word_1_311' title='bbox 1985 2453 2160 2513; x_wconf 87' lang='lat' dir='ltr'><strong>sancti</strong></span> 
     </span>
    </p>
   </div>
   <div class='ocr_carea' id='block_1_42' title="bbox 562 2543 2161 2621">
    <p class='ocr_par' dir='ltr' id='par_1_42' title="bbox 562 2543 2161 2621">
     <span class='ocr_line' id='line_1_42' title="bbox 562 2543 2161 2621; baseline -0.003 -16"><span class='ocrx_word' id='word_1_312' title='bbox 562 2549 799 2621; x_wconf 85' lang='lat' dir='ltr'><strong>Spiritus</strong></span> <span class='ocrx_word' id='word_1_313' title='bbox 839 2547 1041 2619; x_wconf 90' lang='lat' dir='ltr'><strong>accipit</strong></span> <span class='ocrx_word' id='word_1_314' title='bbox 1089 2546 1147 2618; x_wconf 96' lang='grc' dir='ltr'><strong>(Ι</strong></span> <span class='ocrx_word' id='word_1_315' title='bbox 1188 2547 1314 2604; x_wconf 87' lang='lat' dir='ltr'><strong>Cor.</strong></span> <span class='ocrx_word' id='word_1_316' title='bbox 1346 2562 1449 2615; x_wconf 85' lang='lat' dir='ltr'><strong>xn,</strong></span> <span class='ocrx_word' id='word_1_317' title='bbox 1481 2546 1570 2619; x_wconf 92' lang='lat'><strong>8);</strong></span> <span class='ocrx_word' id='word_1_318' title='bbox 1619 2544 1689 2601; x_wconf 89' lang='lat' dir='ltr'><strong>ad</strong></span> <span class='ocrx_word' id='word_1_319' title='bbox 1738 2543 1991 2601; x_wconf 89' lang='lat' dir='ltr'><strong>habenda</strong></span> <span class='ocrx_word' id='word_1_320' title='bbox 2031 2560 2161 2601; x_wconf 88' lang='lat' dir='ltr'><strong>vero</strong></span> 
     </span>
    </p>
   </div>
   <div class='ocr_carea' id='block_1_43' title="bbox 560 2633 2162 2707">
    <p class='ocr_par' dir='ltr' id='par_1_43' title="bbox 560 2633 2162 2707">
     <span class='ocr_line' id='line_1_43' title="bbox 560 2633 2162 2707; baseline -0.002 -12"><span class='ocrx_word' id='word_1_321' title='bbox 560 2645 758 2695; x_wconf 88' lang='lat' dir='ltr'><strong>cuncta</strong></span> <span class='ocrx_word' id='word_1_322' title='bbox 785 2633 1028 2706; x_wconf 86' lang='lat' dir='ltr'><strong>ejusdem</strong></span> <span class='ocrx_word' id='word_1_323' title='bbox 1057 2633 1295 2706; x_wconf 87' lang='lat' dir='ltr'><strong>Spiritus</strong></span> <span class='ocrx_word' id='word_1_324' title='bbox 1319 2649 1549 2690; x_wconf 90' lang='lat' dir='ltr'><strong>munera</strong></span> <span class='ocrx_word' id='word_1_325' title='bbox 1577 2650 1739 2689; x_wconf 89' lang='lat' dir='ltr'><strong>nemo</strong></span> <span class='ocrx_word' id='word_1_326' title='bbox 1768 2635 2054 2707; x_wconf 86' lang='lat' dir='ltr'><strong>pertingit.</strong></span> <span class='ocrx_word' id='word_1_327' title='bbox 2089 2635 2162 2691; x_wconf 93' lang='lat' dir='ltr'><strong>At</strong></span> 
     </span>
    </p>
   </div>
   <div class='ocr_carea' id='block_1_44' title="bbox 562 2721 2161 2797">
    <p class='ocr_par' dir='ltr' id='par_1_44' title="bbox 562 2721 2161 2797">
     <span class='ocr_line' id='line_1_44' title="bbox 562 2721 2161 2797; baseline -0.001 -17"><span class='ocrx_word' id='word_1_328' title='bbox 562 2742 692 2782; x_wconf 86' lang='lat' dir='ltr'><strong>vero</strong></span> <span class='ocrx_word' id='word_1_329' title='bbox 722 2723 976 2781; x_wconf 88' lang='lat' dir='ltr'><strong>conditor</strong></span> <span class='ocrx_word' id='word_1_330' title='bbox 1005 2732 1191 2780; x_wconf 89' lang='lat' dir='ltr'><strong>noster</strong></span> <span class='ocrx_word' id='word_1_331' title='bbox 1219 2721 1439 2780; x_wconf 91' lang='lat' dir='ltr'><strong>inﬁrma</strong></span> <span class='ocrx_word' id='word_1_332' title='bbox 1467 2730 1655 2779; x_wconf 86' lang='lat' dir='ltr'><strong>nostra</strong></span> <span class='ocrx_word' id='word_1_333' title='bbox 1683 2722 2009 2795; x_wconf 89' lang='lat' dir='ltr'><strong>suscipiens,</strong></span> <span class='ocrx_word' id='word_1_334' title='bbox 2031 2723 2161 2797; x_wconf 89' lang='lat' dir='ltr'><strong>quia</strong></span> 
     </span>
    </p>
   </div>
   <div class='ocr_carea' id='block_1_45' title="bbox 561 2810 2160 2888">
    <p class='ocr_par' dir='ltr' id='par_1_45' title="bbox 561 2810 2160 2888">
     <span class='ocr_line' id='line_1_45' title="bbox 561 2810 2160 2888; baseline -0.001 -19"><span class='ocrx_word' id='word_1_335' title='bbox 561 2830 658 2888; x_wconf 88' lang='lat' dir='ltr'><strong>per</strong></span> <span class='ocrx_word' id='word_1_336' title='bbox 685 2812 1001 2870; x_wconf 85' lang='lat' dir='ltr'><strong>divinitatis</strong></span> <span class='ocrx_word' id='word_1_337' title='bbox 1014 2827 1127 2870; x_wconf 71' lang='lat' dir='ltr'><strong>sure</strong></span> <span class='ocrx_word' id='word_1_338' title='bbox 1148 2812 1448 2885; x_wconf 85' lang='lat' dir='ltr'><strong>potentiam</strong></span> <span class='ocrx_word' id='word_1_339' title='bbox 1478 2811 1646 2869; x_wconf 91' lang='lat' dir='ltr'><strong>simul</strong></span> <span class='ocrx_word' id='word_1_340' title='bbox 1675 2827 1733 2869; x_wconf 89' lang='lat' dir='ltr'><strong>se</strong></span> <span class='ocrx_word' id='word_1_341' title='bbox 1753 2810 1952 2868; x_wconf 88' lang='lat' dir='ltr'><strong>habere</strong></span> <span class='ocrx_word' id='word_1_342' title='bbox 1970 2828 2160 2868; x_wconf 89' lang='lat' dir='ltr'><strong>omnes</strong></span> 
     </span>
    </p>
   </div>
   <div class='ocr_carea' id='block_1_46' title="bbox 561 2901 2160 2976">
    <p class='ocr_par' dir='ltr' id='par_1_46' title="bbox 561 2901 2160 2976">
     <span class='ocr_line' id='line_1_46' title="bbox 561 2901 2160 2976; baseline -0.003 -14"><span class='ocrx_word' id='word_1_343' title='bbox 561 2904 737 2962; x_wconf 89' lang='lat' dir='ltr'><strong>sancti</strong></span> <span class='ocrx_word' id='word_1_344' title='bbox 783 2903 1022 2976; x_wconf 89' lang='lat' dir='ltr'><strong>Spiritus</strong></span> <span class='ocrx_word' id='word_1_345' title='bbox 1068 2902 1303 2960; x_wconf 84' lang='lat' dir='ltr'><strong>virtutes</strong></span> <span class='ocrx_word' id='word_1_346' title='bbox 1357 2902 1599 2972; x_wconf 90' lang='lat' dir='ltr'><strong>edocuit,</strong></span> <span class='ocrx_word' id='word_1_347' title='bbox 1647 2901 1913 2959; x_wconf 86' lang='lat' dir='ltr'><strong>micantes</strong></span> <span class='ocrx_word' id='word_1_348' title='bbox 1967 2901 2160 2975; x_wconf 89' lang='lat' dir='ltr'><strong>procul</strong></span> 
     </span>
    </p>
   </div>
   <div class='ocr_carea' id='block_1_47' title="bbox 560 2990 2157 3068">
    <p class='ocr_par' dir='ltr' id='par_1_47' title="bbox 560 2990 2157 3068">
     <span class='ocr_line' id='line_1_47' title="bbox 560 2990 2157 3068; baseline -0.003 -17"><span class='ocrx_word' id='word_1_349' title='bbox 560 2994 732 3051; x_wconf 85' lang='lat' dir='ltr'><strong>dubio</strong></span> <span class='ocrx_word' id='word_1_350' title='bbox 759 2992 1006 3051; x_wconf 86' lang='lat' dir='ltr'><strong>Pleiades</strong></span> <span class='ocrx_word' id='word_1_351' title='bbox 1039 2993 1251 3068; x_wconf 80' lang='lat' dir='ltr'><strong>junxit.</strong></span> <span class='ocrx_word' id='word_1_352' title='bbox 1297 2995 1442 3052; x_wconf 92' lang='lat' dir='ltr'><strong>Dum</strong></span> <span class='ocrx_word' id='word_1_353' title='bbox 1489 3010 1621 3050; x_wconf 88' lang='lat' dir='ltr'><strong>vero</strong></span> <span class='ocrx_word' id='word_1_354' title='bbox 1666 2991 1913 3050; x_wconf 87' lang='lat' dir='ltr'><strong>Pleiades</strong></span> <span class='ocrx_word' id='word_1_355' title='bbox 1952 2990 2157 3065; x_wconf 82' lang='lat' dir='ltr'><strong>jungit,</strong></span> 
     </span>
    </p>
   </div>
   <div class='ocr_carea' id='block_1_48' title="bbox 561 3081 2158 3158">
    <p class='ocr_par' dir='ltr' id='par_1_48' title="bbox 561 3081 2158 3158">
     <span class='ocr_line' id='line_1_48' title="bbox 561 3081 2158 3158; baseline -0.003 -18"><span class='ocrx_word' id='word_1_356' title='bbox 561 3085 784 3142; x_wconf 88' lang='lat' dir='ltr'><strong>Arcturi</strong></span> <span class='ocrx_word' id='word_1_357' title='bbox 830 3100 1027 3157; x_wconf 88' lang='lat' dir='ltr'><strong>gyrum</strong></span> <span class='ocrx_word' id='word_1_358' title='bbox 1076 3084 1329 3158; x_wconf 85' lang='lat' dir='ltr'><strong>dissipat,</strong></span> <span class='ocrx_word' id='word_1_359' title='bbox 1359 3085 1490 3158; x_wconf 88' lang='lat' dir='ltr'><strong>quia</strong></span> <span class='ocrx_word' id='word_1_360' title='bbox 1533 3082 1666 3140; x_wconf 90' lang='lat' dir='ltr'><strong>dum</strong></span> <span class='ocrx_word' id='word_1_361' title='bbox 1696 3082 2052 3154; x_wconf 88' lang='lat' dir='ltr'><strong>semetipsum</strong></span> <span class='ocrx_word' id='word_1_362' title='bbox 2082 3081 2158 3137; x_wconf 88' lang='lat' dir='ltr'><strong>fa-</strong></span> 
     </span>
    </p>
   </div>
   <div class='ocr_carea' id='block_1_49' title="bbox 561 3174 2159 3245">
    <p class='ocr_par' dir='ltr' id='par_1_49' title="bbox 561 3174 2159 3245">
     <span class='ocr_line' id='line_1_49' title="bbox 561 3174 2159 3245; baseline -0.003 -14"><span class='ocrx_word' id='word_1_363' title='bbox 561 3184 709 3232; x_wconf 87' lang='lat' dir='ltr'><strong>ctum</strong></span> <span class='ocrx_word' id='word_1_364' title='bbox 740 3174 1025 3231; x_wconf 88' lang='lat' dir='ltr'><strong>hominem</strong></span> <span class='ocrx_word' id='word_1_365' title='bbox 1055 3174 1257 3231; x_wconf 90' lang='lat' dir='ltr'><strong>habere</strong></span> <span class='ocrx_word' id='word_1_366' title='bbox 1285 3183 1512 3232; x_wconf 90' lang='lat' dir='ltr'><strong>cunctas</strong></span> <span class='ocrx_word' id='word_1_367' title='bbox 1541 3175 1719 3231; x_wconf 89' lang='lat' dir='ltr'><strong>sancti</strong></span> <span class='ocrx_word' id='word_1_368' title='bbox 1747 3174 1987 3245; x_wconf 88' lang='lat' dir='ltr'><strong>Spiritus</strong></span> <span class='ocrx_word' id='word_1_369' title='bbox 2018 3188 2159 3245; x_wconf 90' lang='lat' dir='ltr'><strong>ope—</strong></span> 
     </span>
    </p>
   </div>
   <div class='ocr_carea' id='block_1_50' title="bbox 561 3260 2157 3332">
    <p class='ocr_par' dir='ltr' id='par_1_50' title="bbox 561 3260 2157 3332">
     <span class='ocr_line' id='line_1_50' title="bbox 561 3260 2157 3332; baseline -0.001 -14"><span class='ocrx_word' id='word_1_370' title='bbox 561 3264 799 3320; x_wconf 87' lang='lat' dir='ltr'><strong>rationes</strong></span> <span class='ocrx_word' id='word_1_371' title='bbox 826 3262 1092 3332; x_wconf 89' lang='lat' dir='ltr'><strong>innotuit,</strong></span> <span class='ocrx_word' id='word_1_372' title='bbox 1140 3261 1200 3317; x_wconf 91' lang='lat' dir='ltr'><strong>in</strong></span> <span class='ocrx_word' id='word_1_373' title='bbox 1238 3262 1585 3319; x_wconf 86' lang='lat' dir='ltr'><strong>Testamento</strong></span> <span class='ocrx_word' id='word_1_374' title='bbox 1615 3260 1804 3318; x_wconf 82' lang='lat' dir='ltr'><strong>Veteri</strong></span> <span class='ocrx_word' id='word_1_375' title='bbox 1846 3261 2043 3317; x_wconf 73' lang='lat' dir='ltr'><strong>litterae</strong></span> <span class='ocrx_word' id='word_1_376' title='bbox 2083 3261 2157 3316; x_wconf 90' lang='lat' dir='ltr'><strong>la-</strong></span> 
     </span>
    </p>
   </div>
   <div class='ocr_carea' id='block_1_51' title="bbox 560 3348 2157 3424">
    <p class='ocr_par' dir='ltr' id='par_1_51' title="bbox 560 3348 2157 3424">
     <span class='ocr_line' id='line_1_51' title="bbox 560 3348 2157 3424; baseline -0.002 -16"><span class='ocrx_word' id='word_1_377' title='bbox 560 3353 749 3409; x_wconf 89' lang='lat' dir='ltr'><strong>borem</strong></span> <span class='ocrx_word' id='word_1_378' title='bbox 781 3352 969 3421; x_wconf 86' lang='lat' dir='ltr'><strong>solvit,</strong></span> <span class='ocrx_word' id='word_1_379' title='bbox 1012 3358 1076 3406; x_wconf 90' lang='lat' dir='ltr'><strong>ut</strong></span> <span class='ocrx_word' id='word_1_380' title='bbox 1121 3349 1301 3407; x_wconf 91' lang='lat' dir='ltr'><strong>ﬁdelis</strong></span> <span class='ocrx_word' id='word_1_381' title='bbox 1329 3352 1562 3424; x_wconf 90' lang='lat' dir='ltr'><strong>quisque</strong></span> <span class='ocrx_word' id='word_1_382' title='bbox 1587 3348 1704 3422; x_wconf 90' lang='lat' dir='ltr'><strong>jam</strong></span> <span class='ocrx_word' id='word_1_383' title='bbox 1747 3366 1875 3406; x_wconf 92' lang='lat' dir='ltr'><strong>cum</strong></span> <span class='ocrx_word' id='word_1_384' title='bbox 1904 3349 2157 3406; x_wconf 88' lang='lat' dir='ltr'><strong>libertate</strong></span> 
     </span>
    </p>
   </div>
   <div class='ocr_carea' id='block_1_52' title="bbox 558 3437 2160 3515">
    <p class='ocr_par' dir='ltr' id='par_1_52' title="bbox 558 3437 2160 3515">
     <span class='ocr_line' id='line_1_52' title="bbox 558 3437 2160 3515; baseline -0.002 -18"><span class='ocrx_word' id='word_1_385' title='bbox 558 3441 785 3515; x_wconf 85' lang='lat' dir='ltr'><strong>spiritus</strong></span> <span class='ocrx_word' id='word_1_386' title='bbox 813 3439 955 3497; x_wconf 88' lang='lat' dir='ltr'><strong>illud</strong></span> <span class='ocrx_word' id='word_1_387' title='bbox 984 3439 1258 3511; x_wconf 87' lang='lat' dir='ltr'><strong>intelligat</strong></span> <span class='ocrx_word' id='word_1_388' title='bbox 1284 3439 1375 3497; x_wconf 90' lang='lat' dir='ltr'><strong>cui</strong></span> <span class='ocrx_word' id='word_1_389' title='bbox 1414 3438 1569 3512; x_wconf 90' lang='lat' dir='ltr'><strong>prius</strong></span> <span class='ocrx_word' id='word_1_390' title='bbox 1598 3439 1654 3494; x_wconf 94' lang='lat' dir='ltr'><strong>in</strong></span> <span class='ocrx_word' id='word_1_391' title='bbox 1685 3437 1985 3495; x_wconf 82' lang='lat' dir='ltr'><strong>formidine</strong></span> <span class='ocrx_word' id='word_1_392' title='bbox 2015 3437 2160 3494; x_wconf 89' lang='lat' dir='ltr'><strong>inter</strong></span> 
     </span>
    </p>
   </div>
   <div class='ocr_carea' id='block_1_53' title="bbox 558 3526 2154 3602">
    <p class='ocr_par' dir='ltr' id='par_1_53' title="bbox 558 3526 2154 3602">
     <span class='ocr_line' id='line_1_53' title="bbox 558 3526 2154 3602; baseline -0.001 -15"><span class='ocrx_word' id='word_1_393' title='bbox 558 3537 640 3587; x_wconf 84' lang='lat' dir='ltr'><strong>tot</strong></span> <span class='ocrx_word' id='word_1_394' title='bbox 668 3530 990 3587; x_wconf 88' lang='lat' dir='ltr'><strong>discrimina</strong></span> <span class='ocrx_word' id='word_1_395' title='bbox 1021 3527 1315 3586; x_wconf 87' lang='lat' dir='ltr'><strong>serviebat.</strong></span> <span class='ocrx_word' id='word_1_396' title='bbox 1348 3527 1556 3585; x_wconf 85' lang='lat' dir='ltr'><strong>Audiat</strong></span> <span class='ocrx_word' id='word_1_397' title='bbox 1584 3528 1769 3602; x_wconf 88' lang='lat' dir='ltr'><strong>itaque</strong></span> <span class='ocrx_word' id='word_1_398' title='bbox 1796 3527 1987 3587; x_wconf 83' lang='lat' dir='ltr'><strong>beatus</strong></span> <span class='ocrx_word' id='word_1_399' title='bbox 2015 3526 2116 3584; x_wconf 90' lang='lat' dir='ltr'><strong>Job</strong></span> <span class='ocrx_word' id='word_1_400' title='bbox 2142 3545 2154 3585; x_wconf 86' lang='lat'><strong>:</strong></span> 
     </span>
    </p>
   </div>
   <div class='ocr_carea' id='block_1_54' title="bbox 558 3616 2156 3692">
    <p class='ocr_par' dir='ltr' id='par_1_54' title="bbox 558 3616 2156 3692">
     <span class='ocr_line' id='line_1_54' title="bbox 558 3616 2156 3692; baseline -0.003 -14"><span class='ocrx_word' id='word_1_401' title='bbox 558 3619 815 3692; x_wconf 84' lang='lat' dir='ltr'><strong>Nunquid</strong></span> <span class='ocrx_word' id='word_1_402' title='bbox 839 3621 1150 3692; x_wconf 83' lang='lat' dir='ltr'><strong>conjungere</strong></span> <span class='ocrx_word' id='word_1_403' title='bbox 1177 3618 1372 3676; x_wconf 81' lang='lat' dir='ltr'><strong>valebis</strong></span> <span class='ocrx_word' id='word_1_404' title='bbox 1398 3618 1647 3675; x_wconf 87' lang='lat' dir='ltr'><strong>micantes</strong></span> <span class='ocrx_word' id='word_1_405' title='bbox 1673 3619 1852 3675; x_wconf 87' lang='lat' dir='ltr'><strong>stellas</strong></span> <span class='ocrx_word' id='word_1_406' title='bbox 1872 3616 2113 3674; x_wconf 85' lang='lat' dir='ltr'><strong>Pleiades</strong></span> <span class='ocrx_word' id='word_1_407' title='bbox 2128 3618 2156 3673; x_wconf 74' lang='lat' dir='ltr'><strong>i’</strong></span> 
     </span>
    </p>
   </div>
   <div class='ocr_carea' id='block_1_55' title="bbox 559 3709 2155 3786">
    <p class='ocr_par' dir='ltr' id='par_1_55' title="bbox 559 3709 2155 3786">
     <span class='ocr_line' id='line_1_55' title="bbox 559 3709 2155 3786; baseline -0.003 -16"><span class='ocrx_word' id='word_1_408' title='bbox 559 3716 640 3770; x_wconf 89' lang='lat' dir='ltr'><strong>Ac</strong></span> <span class='ocrx_word' id='word_1_409' title='bbox 665 3714 712 3770; x_wconf 88' lang='lat' dir='ltr'><strong>si</strong></span> <span class='ocrx_word' id='word_1_410' title='bbox 742 3720 927 3786; x_wconf 88' lang='lat' dir='ltr'><strong>aperte</strong></span> <span class='ocrx_word' id='word_1_411' title='bbox 964 3711 1273 3771; x_wconf 88' lang='lat' dir='ltr'><strong>diceretur:</strong></span> <span class='ocrx_word' id='word_1_412' title='bbox 1308 3710 1520 3767; x_wconf 89' lang='lat' dir='ltr'><strong>Habere</strong></span> <span class='ocrx_word' id='word_1_413' title='bbox 1549 3710 1773 3785; x_wconf 88' lang='lat' dir='ltr'><strong>quidem</strong></span> <span class='ocrx_word' id='word_1_414' title='bbox 1794 3709 2009 3768; x_wconf 90' lang='lat' dir='ltr'><strong>lumina</strong></span> <span class='ocrx_word' id='word_1_415' title='bbox 2026 3724 2155 3782; x_wconf 91' lang='lat' dir='ltr'><strong>qua-</strong></span> 
     </span>
    </p>
   </div>
   <div class='ocr_carea' id='block_1_56' title="bbox 557 3798 2155 3876">
    <p class='ocr_par' dir='ltr' id='par_1_56' title="bbox 557 3798 2155 3876">
     <span class='ocr_line' id='line_1_56' title="bbox 557 3798 2155 3876; baseline -0.003 -17"><span class='ocrx_word' id='word_1_416' title='bbox 557 3802 814 3861; x_wconf 89' lang='lat' dir='ltr'><strong>rumdam</strong></span> <span class='ocrx_word' id='word_1_417' title='bbox 834 3802 1107 3861; x_wconf 89' lang='lat' dir='ltr'><strong>virtutum</strong></span> <span class='ocrx_word' id='word_1_418' title='bbox 1126 3811 1303 3876; x_wconf 89' lang='lat' dir='ltr'><strong>potes,</strong></span> <span class='ocrx_word' id='word_1_419' title='bbox 1325 3801 1421 3859; x_wconf 87' lang='lat' dir='ltr'><strong>sed</strong></span> <span class='ocrx_word' id='word_1_420' title='bbox 1442 3799 1693 3875; x_wconf 90' lang='lat' dir='ltr'><strong>nunquid</strong></span> <span class='ocrx_word' id='word_1_421' title='bbox 1715 3814 1969 3858; x_wconf 82' lang='lat' dir='ltr'><strong>exercere</strong></span> <span class='ocrx_word' id='word_1_422' title='bbox 1989 3798 2155 3855; x_wconf 90' lang='lat' dir='ltr'><strong>simul</strong></span> 
     </span>
    </p>
   </div>
   <div class='ocr_carea' id='block_1_57' title="bbox 556 3889 2156 3968">
    <p class='ocr_par' dir='ltr' id='par_1_57' title="bbox 556 3889 2156 3968">
     <span class='ocr_line' id='line_1_57' title="bbox 556 3889 2156 3968; baseline -0.003 -18"><span class='ocrx_word' id='word_1_423' title='bbox 556 3910 746 3952; x_wconf 89' lang='lat' dir='ltr'><strong>omnes</strong></span> <span class='ocrx_word' id='word_1_424' title='bbox 773 3894 1116 3968; x_wconf 89' lang='lat' dir='ltr'><strong>operationes</strong></span> <span class='ocrx_word' id='word_1_425' title='bbox 1144 3892 1322 3950; x_wconf 90' lang='lat' dir='ltr'><strong>sancti</strong></span> <span class='ocrx_word' id='word_1_426' title='bbox 1351 3891 1590 3965; x_wconf 89' lang='lat' dir='ltr'><strong>Spiritus</strong></span> <span class='ocrx_word' id='word_1_427' title='bbox 1622 3890 1830 3948; x_wconf 88' lang='lat' dir='ltr'><strong>suﬂicis</strong></span> <span class='ocrx_word' id='word_1_428' title='bbox 1847 3889 1877 3946; x_wconf 75' lang='lat' dir='ltr'><strong>‘I</strong></span> <span class='ocrx_word' id='word_1_429' title='bbox 1914 3889 2000 3949; x_wconf 84' lang='lat' dir='ltr'><strong>Me</strong></span> <span class='ocrx_word' id='word_1_430' title='bbox 2028 3905 2156 3962; x_wconf 92' lang='lat' dir='ltr'><strong>ergo</strong></span> 
     </span>
    </p>
   </div>
   <div class='ocr_carea' id='block_1_58' title="bbox 554 3980 2154 4058">
    <p class='ocr_par' dir='ltr' id='par_1_58' title="bbox 554 3980 2154 4058">
     <span class='ocr_line' id='line_1_58' title="bbox 554 3980 2154 4058; baseline -0.005 -16"><span class='ocrx_word' id='word_1_431' title='bbox 554 3985 980 4058; x_wconf 84' lang='lat' dir='ltr'><strong>eonjungentem</strong></span> <span class='ocrx_word' id='word_1_432' title='bbox 995 3983 1244 4041; x_wconf 91' lang='lat' dir='ltr'><strong>Pleiades</strong></span> <span class='ocrx_word' id='word_1_433' title='bbox 1260 3982 1317 4038; x_wconf 92' lang='lat' dir='ltr'><strong>in</strong></span> <span class='ocrx_word' id='word_1_434' title='bbox 1348 3983 1563 4041; x_wconf 89' lang='lat' dir='ltr'><strong>cunctis</strong></span> <span class='ocrx_word' id='word_1_435' title='bbox 1583 3980 1887 4037; x_wconf 88' lang='lat' dir='ltr'><strong>virtutibus</strong></span> <span class='ocrx_word' id='word_1_436' title='bbox 1913 3987 2154 4036; x_wconf 84' lang='lat' dir='ltr'><strong>contem-</strong></span> 
     </span>
    </p>
   </div>
   <div class='ocr_carea' id='block_1_59' title="bbox 555 4065 2154 4144">
    <p class='ocr_par' dir='ltr' id='par_1_59' title="bbox 555 4065 2154 4144">
     <span class='ocr_line' id='line_1_59' title="bbox 555 4065 2154 4144; baseline -0.003 -17"><span class='ocrx_word' id='word_1_437' title='bbox 555 4074 726 4143; x_wconf 89' lang='lat' dir='ltr'><strong>plare,</strong></span> <span class='ocrx_word' id='word_1_438' title='bbox 752 4082 807 4127; x_wconf 89' lang='lat' dir='ltr'><strong>et</strong></span> <span class='ocrx_word' id='word_1_439' title='bbox 835 4082 899 4128; x_wconf 86' lang='lat' dir='ltr'><strong>tu</strong></span> <span class='ocrx_word' id='word_1_440' title='bbox 927 4072 996 4127; x_wconf 91' lang='lat' dir='ltr'><strong>de</strong></span> <span class='ocrx_word' id='word_1_441' title='bbox 1025 4073 1216 4144; x_wconf 90' lang='lat' dir='ltr'><strong>paucis</strong></span> <span class='ocrx_word' id='word_1_442' title='bbox 1243 4071 1312 4126; x_wconf 87' lang='lat' dir='ltr'><strong>ab</strong></span> <span class='ocrx_word' id='word_1_443' title='bbox 1343 4070 1580 4126; x_wconf 90' lang='lat' dir='ltr'><strong>elatione</strong></span> <span class='ocrx_word' id='word_1_444' title='bbox 1604 4082 1972 4140; x_wconf 88' lang='lat' dir='ltr'><strong>compescere.</strong></span> <span class='ocrx_word' id='word_1_445' title='bbox 2006 4065 2154 4123; x_wconf 86' lang='lat' dir='ltr'><strong>Audi</strong></span> 
     </span>
    </p>
   </div>
   <div class='ocr_carea' id='block_1_60' title="bbox 555 4155 2155 4233">
    <p class='ocr_par' dir='ltr' id='par_1_60' title="bbox 555 4155 2155 4233">
     <span class='ocr_line' id='line_1_60' title="bbox 555 4155 2155 4233; baseline -0.002 -17"><span class='ocrx_word' id='word_1_446' title='bbox 555 4158 703 4233; x_wconf 89' lang='lat' dir='ltr'><strong>quod</strong></span> <span class='ocrx_word' id='word_1_447' title='bbox 730 4157 970 4216; x_wconf 86' lang='lat' dir='ltr'><strong>dicitur:</strong></span> <span class='ocrx_word' id='word_1_448' title='bbox 1015 4160 1126 4216; x_wconf 85' lang='lat' dir='ltr'><strong>Aut</strong></span> <span class='ocrx_word' id='word_1_449' title='bbox 1152 4175 1344 4231; x_wconf 75' lang='lat' dir='ltr'><strong>gyrum</strong></span> <span class='ocrx_word' id='word_1_450' title='bbox 1370 4158 1596 4214; x_wconf 88' lang='lat' dir='ltr'><strong>Arcturi</strong></span> <span class='ocrx_word' id='word_1_451' title='bbox 1614 4157 1816 4228; x_wconf 88' lang='lat' dir='ltr'><strong>poteris</strong></span> <span class='ocrx_word' id='word_1_452' title='bbox 1849 4155 2155 4228; x_wconf 74' lang='lat' dir='ltr'><strong>dissipare?</strong></span> 
     </span>
    </p>
   </div>
   <div class='ocr_carea' id='block_1_61' title="bbox 555 4245 2156 4319">
    <p class='ocr_par' dir='ltr' id='par_1_61' title="bbox 555 4245 2156 4319">
     <span class='ocr_line' id='line_1_61' title="bbox 555 4245 2156 4319; baseline -0.001 -16"><span class='ocrx_word' id='word_1_453' title='bbox 555 4252 636 4304; x_wconf 90' lang='lat' dir='ltr'><strong>Ac</strong></span> <span class='ocrx_word' id='word_1_454' title='bbox 664 4247 710 4303; x_wconf 89' lang='lat' dir='ltr'><strong>si</strong></span> <span class='ocrx_word' id='word_1_455' title='bbox 739 4247 790 4301; x_wconf 90' lang='lat' dir='ltr'><strong>ei</strong></span> <span class='ocrx_word' id='word_1_456' title='bbox 836 4254 1019 4319; x_wconf 88' lang='lat' dir='ltr'><strong>aperte</strong></span> <span class='ocrx_word' id='word_1_457' title='bbox 1048 4247 1361 4303; x_wconf 87' lang='lat' dir='ltr'><strong>diceretur:</strong></span> <span class='ocrx_word' id='word_1_458' title='bbox 1393 4247 1466 4301; x_wconf 89' lang='lat' dir='ltr'><strong>Et</strong></span> <span class='ocrx_word' id='word_1_459' title='bbox 1497 4247 1545 4302; x_wconf 88' lang='lat' dir='ltr'><strong>si</strong></span> <span class='ocrx_word' id='word_1_460' title='bbox 1576 4246 1691 4318; x_wconf 91' lang='lat' dir='ltr'><strong>ipse</strong></span> <span class='ocrx_word' id='word_1_461' title='bbox 1714 4245 1829 4318; x_wconf 88' lang='lat' dir='ltr'><strong>jam</strong></span> <span class='ocrx_word' id='word_1_462' title='bbox 1859 4262 1980 4318; x_wconf 79' lang='lat' dir='ltr'><strong>quae</strong></span> <span class='ocrx_word' id='word_1_463' title='bbox 2009 4254 2156 4303; x_wconf 89' lang='lat' dir='ltr'><strong>recta</strong></span> 
     </span>
    </p>
   </div>
   <div class='ocr_carea' id='block_1_62' title="bbox 555 4334 2155 4409">
    <p class='ocr_par' dir='ltr' id='par_1_62' title="bbox 555 4334 2155 4409">
     <span class='ocr_line' id='line_1_62' title="bbox 555 4334 2155 4409; baseline -0.002 -14"><span class='ocrx_word' id='word_1_464' title='bbox 555 4345 684 4395; x_wconf 89' lang='lat' dir='ltr'><strong>sunt</strong></span> <span class='ocrx_word' id='word_1_465' title='bbox 697 4336 886 4405; x_wconf 86' lang='lat' dir='ltr'><strong>sentis,</strong></span> <span class='ocrx_word' id='word_1_466' title='bbox 905 4335 1158 4409; x_wconf 90' lang='lat' dir='ltr'><strong>nunquid</strong></span> <span class='ocrx_word' id='word_1_467' title='bbox 1174 4335 1380 4392; x_wconf 86' lang='lat' dir='ltr'><strong>virtute</strong></span> <span class='ocrx_word' id='word_1_468' title='bbox 1395 4341 1489 4392; x_wconf 90' lang='lat' dir='ltr'><strong>tua</strong></span> <span class='ocrx_word' id='word_1_469' title='bbox 1503 4335 1667 4392; x_wconf 89' lang='lat' dir='ltr'><strong>etiam</strong></span> <span class='ocrx_word' id='word_1_470' title='bbox 1688 4336 1744 4391; x_wconf 91' lang='lat' dir='ltr'><strong>in</strong></span> <span class='ocrx_word' id='word_1_471' title='bbox 1766 4334 1964 4391; x_wconf 89' lang='lat' dir='ltr'><strong>alienis</strong></span> <span class='ocrx_word' id='word_1_472' title='bbox 1977 4334 2155 4392; x_wconf 90' lang='lat' dir='ltr'><strong>cordi-</strong></span> 
     </span>
    </p>
   </div>
   <div class='ocr_carea' id='block_1_63' title="bbox 556 4422 2150 4498">
    <p class='ocr_par' dir='ltr' id='par_1_63' title="bbox 556 4422 2150 4498">
     <span class='ocr_line' id='line_1_63' title="bbox 556 4422 2150 4498; baseline -0.002 -15"><span class='ocrx_word' id='word_1_473' title='bbox 556 4426 659 4483; x_wconf 89' lang='lat' dir='ltr'><strong>bus</strong></span> <span class='ocrx_word' id='word_1_474' title='bbox 686 4422 928 4481; x_wconf 89' lang='lat' dir='ltr'><strong>laborem</strong></span> <span class='ocrx_word' id='word_1_475' title='bbox 956 4424 1242 4497; x_wconf 89' lang='lat' dir='ltr'><strong>grossioris</strong></span> <span class='ocrx_word' id='word_1_476' title='bbox 1272 4423 1654 4498; x_wconf 72' lang='lat' dir='ltr'><strong>intelligentiae</strong></span> <span class='ocrx_word' id='word_1_477' title='bbox 1693 4424 1932 4481; x_wconf 90' lang='lat' dir='ltr'><strong>destruis</strong></span> <span class='ocrx_word' id='word_1_478' title='bbox 1952 4423 1981 4480; x_wconf 79' lang='lat'>?</span> <span class='ocrx_word' id='word_1_479' title='bbox 2005 4429 2150 4487; x_wconf 83' lang='lat'><strong>952</strong></span> 
     </span>
    </p>
   </div>
   <div class='ocr_carea' id='block_1_64' title="bbox 557 4496 2231 4597">
    <p class='ocr_par' dir='ltr' id='par_1_64' title="bbox 557 4496 2231 4597">
     <span class='ocr_line' id='line_1_64' title="bbox 557 4496 2231 4597; baseline -0.001 -16"><span class='ocrx_word' id='word_1_480' title='bbox 557 4522 641 4581; x_wconf 79' lang='lat' dir='ltr'><strong>Me</strong></span> <span class='ocrx_word' id='word_1_481' title='bbox 668 4521 852 4596; x_wconf 86' lang='lat' dir='ltr'><strong>itaque</strong></span> <span class='ocrx_word' id='word_1_482' title='bbox 879 4521 1185 4593; x_wconf 87' lang='lat' dir='ltr'><strong>considera,</strong></span> <span class='ocrx_word' id='word_1_483' title='bbox 1217 4522 1312 4597; x_wconf 90' lang='lat' dir='ltr'><strong>qui</strong></span> <span class='ocrx_word' id='word_1_484' title='bbox 1343 4496 1647 4581; x_wconf 79' lang='lat' dir='ltr'><strong>carnalium</strong></span> <span class='ocrx_word' id='word_1_485' title='bbox 1695 4523 1866 4581; x_wconf 89' lang='lat' dir='ltr'><strong>stulta</strong></span> <span class='ocrx_word' id='word_1_486' title='bbox 1911 4523 2147 4596; x_wconf 89' lang='lat' dir='ltr'><strong>corrigo,</strong></span> <span class='ocrx_word' id='word_1_487' title='bbox 2180 4496 2231 4556; x_wconf 80' lang='lat' dir='ltr'><strong>D</strong></span> 
     </span>
    </p>
   </div>
   <div class='ocr_carea' id='block_1_65' title="bbox 557 4612 2150 4685">
    <p class='ocr_par' dir='ltr' id='par_1_65' title="bbox 557 4612 2150 4685">
     <span class='ocr_line' id='line_1_65' title="bbox 557 4612 2150 4685; baseline 0 -16"><span class='ocrx_word' id='word_1_488' title='bbox 557 4612 689 4669; x_wconf 90' lang='lat' dir='ltr'><strong>dum</strong></span> <span class='ocrx_word' id='word_1_489' title='bbox 721 4629 808 4669; x_wconf 90' lang='lat' dir='ltr'><strong>me</strong></span> <span class='ocrx_word' id='word_1_490' title='bbox 823 4628 920 4685; x_wconf 89' lang='lat' dir='ltr'><strong>per</strong></span> <span class='ocrx_word' id='word_1_491' title='bbox 943 4613 1124 4670; x_wconf 89' lang='lat' dir='ltr'><strong>carnis</strong></span> <span class='ocrx_word' id='word_1_492' title='bbox 1138 4613 1433 4670; x_wconf 87' lang='lat' dir='ltr'><strong>stultitiam</strong></span> <span class='ocrx_word' id='word_1_493' title='bbox 1452 4614 1766 4683; x_wconf 84' lang='lat' dir='ltr'><strong>manifesto,</strong></span> <span class='ocrx_word' id='word_1_494' title='bbox 1788 4621 1849 4669; x_wconf 91' lang='lat' dir='ltr'><strong>ut</strong></span> <span class='ocrx_word' id='word_1_495' title='bbox 1868 4622 2021 4671; x_wconf 91' lang='lat' dir='ltr'><strong>tanto</strong></span> <span class='ocrx_word' id='word_1_496' title='bbox 2039 4629 2150 4669; x_wconf 89' lang='lat' dir='ltr'><strong>ma-</strong></span> 
     </span>
    </p>
   </div>
   <div class='ocr_carea' id='block_1_66' title="bbox 558 4700 2148 4776">
    <p class='ocr_par' dir='ltr' id='par_1_66' title="bbox 558 4700 2148 4776">
     <span class='ocr_line' id='line_1_66' title="bbox 558 4700 2148 4776; baseline 0 -18"><span class='ocrx_word' id='word_1_497' title='bbox 558 4704 638 4775; x_wconf 87' lang='lat' dir='ltr'><strong>gis</strong></span> <span class='ocrx_word' id='word_1_498' title='bbox 667 4701 786 4759; x_wconf 71' lang='lat' dir='ltr'><strong>haac</strong></span> <span class='ocrx_word' id='word_1_499' title='bbox 813 4717 934 4776; x_wconf 69' lang='lat' dir='ltr'><strong>qum</strong></span> <span class='ocrx_word' id='word_1_500' title='bbox 964 4711 1122 4775; x_wconf 90' lang='lat' dir='ltr'><strong>putas</strong></span> <span class='ocrx_word' id='word_1_501' title='bbox 1139 4702 1410 4759; x_wconf 89' lang='lat' dir='ltr'><strong>virtutum</strong></span> <span class='ocrx_word' id='word_1_502' title='bbox 1441 4710 1658 4759; x_wconf 90' lang='lat' dir='ltr'><strong>tuarum</strong></span> <span class='ocrx_word' id='word_1_503' title='bbox 1681 4702 1847 4758; x_wconf 90' lang='lat' dir='ltr'><strong>fortia</strong></span> <span class='ocrx_word' id='word_1_504' title='bbox 1865 4700 2148 4772; x_wconf 88' lang='lat' dir='ltr'><strong>humilies,</strong></span> 
     </span>
    </p>
   </div>
   <div class='ocr_carea' id='block_1_67' title="bbox 558 4789 2147 4870">
    <p class='ocr_par' dir='ltr' id='par_1_67' title="bbox 558 4789 2147 4870">
     <span class='ocr_line' id='line_1_67' title="bbox 558 4789 2147 4870; baseline -0.003 -18"><span class='ocrx_word' id='word_1_505' title='bbox 558 4803 762 4870; x_wconf 88' lang='lat' dir='ltr'><strong>quanto</strong></span> <span class='ocrx_word' id='word_1_506' title='bbox 788 4810 890 4851; x_wconf 89' lang='lat' dir='ltr'><strong>nec</strong></span> <span class='ocrx_word' id='word_1_507' title='bbox 916 4792 1149 4866; x_wconf 83' lang='lat' dir='ltr'><strong>vestigia</strong></span> <span class='ocrx_word' id='word_1_508' title='bbox 1193 4808 1328 4849; x_wconf 64' lang='lat' dir='ltr'><strong>mea:</strong></span> <span class='ocrx_word' id='word_1_509' title='bbox 1373 4790 1714 4847; x_wconf 90' lang='lat' dir='ltr'><strong>inﬁrmitatis</strong></span> <span class='ocrx_word' id='word_1_510' title='bbox 1760 4789 2147 4864; x_wconf 88' lang='lat' dir='ltr'><strong>apprehendis.</strong></span> 
     </span>
    </p>
   </div>
   <div class='ocr_carea' id='block_1_68' title="bbox 557 4879 2151 4957">
    <p class='ocr_par' dir='ltr' id='par_1_68' title="bbox 557 4879 2151 4957">
     <span class='ocr_line' id='line_1_68' title="bbox 557 4879 2151 4957; baseline -0.004 -15"><span class='ocrx_word' id='word_1_511' title='bbox 557 4882 698 4953; x_wconf 85' lang='lat' dir='ltr'><strong>Quia</strong></span> <span class='ocrx_word' id='word_1_512' title='bbox 724 4900 854 4941; x_wconf 90' lang='lat' dir='ltr'><strong>vero</strong></span> <span class='ocrx_word' id='word_1_513' title='bbox 895 4884 954 4940; x_wconf 91' lang='lat' dir='ltr'><strong>in</strong></span> <span class='ocrx_word' id='word_1_514' title='bbox 984 4883 1104 4957; x_wconf 85' lang='lat' dir='ltr'><strong>ipso</strong></span> <span class='ocrx_word' id='word_1_515' title='bbox 1132 4879 1426 4938; x_wconf 70' lang='lat' dir='ltr'><strong>dominica:</strong></span> <span class='ocrx_word' id='word_1_516' title='bbox 1457 4880 1858 4938; x_wconf 88' lang='lat' dir='ltr'><strong>incarnationis</strong></span> <span class='ocrx_word' id='word_1_517' title='bbox 1885 4880 2151 4952; x_wconf 86' lang='lat' dir='ltr'><strong>mysterio</strong></span> 
     </span>
    </p>
   </div>
   <div class='ocr_carea' id='block_1_69' title="bbox 555 4970 2150 5043">
    <p class='ocr_par' dir='ltr' id='par_1_69' title="bbox 555 4970 2150 5043">
     <span class='ocr_line' id='line_1_69' title="bbox 555 4970 2150 5043; baseline -0.002 -11"><span class='ocrx_word' id='word_1_518' title='bbox 555 4974 680 5031; x_wconf 87' lang='lat' dir='ltr'><strong>aliis</strong></span> <span class='ocrx_word' id='word_1_519' title='bbox 698 4974 798 5031; x_wconf 82' lang='lat' dir='ltr'><strong>lux</strong></span> <span class='ocrx_word' id='word_1_520' title='bbox 825 4973 1076 5032; x_wconf 86' lang='lat' dir='ltr'><strong>veritatis</strong></span> <span class='ocrx_word' id='word_1_521' title='bbox 1104 4970 1433 5040; x_wconf 87' lang='lat' dir='ltr'><strong>ostenditur,</strong></span> <span class='ocrx_word' id='word_1_522' title='bbox 1456 4971 1694 5028; x_wconf 90' lang='lat' dir='ltr'><strong>aliorum</strong></span> <span class='ocrx_word' id='word_1_523' title='bbox 1722 4986 1855 5028; x_wconf 90' lang='lat' dir='ltr'><strong>vero</strong></span> <span class='ocrx_word' id='word_1_524' title='bbox 1884 4985 1981 5043; x_wconf 89' lang='lat' dir='ltr'><strong>per</strong></span> <span class='ocrx_word' id='word_1_525' title='bbox 1998 4986 2150 5029; x_wconf 83' lang='lat' dir='ltr'><strong>scan-</strong></span> 
     </span>
    </p>
   </div>
   <div class='ocr_carea' id='block_1_70' title="bbox 555 5058 1941 5133">
    <p class='ocr_par' dir='ltr' id='par_1_70' title="bbox 555 5058 1941 5133">
     <span class='ocr_line' id='line_1_70' title="bbox 555 5058 1941 5133; baseline 0 -13"><span class='ocrx_word' id='word_1_526' title='bbox 555 5062 742 5121; x_wconf 86' lang='lat' dir='ltr'><strong>dalum</strong></span> <span class='ocrx_word' id='word_1_527' title='bbox 779 5064 947 5124; x_wconf 90' lang='lat' dir='ltr'><strong>corda</strong></span> <span class='ocrx_word' id='word_1_528' title='bbox 968 5063 1345 5131; x_wconf 83' lang='lat' dir='ltr'><strong>tenobrantur,</strong></span> <span class='ocrx_word' id='word_1_529' title='bbox 1378 5069 1523 5119; x_wconf 89' lang='lat' dir='ltr'><strong>recte</strong></span> <span class='ocrx_word' id='word_1_530' title='bbox 1552 5058 1941 5133; x_wconf 87' lang='lat' dir='ltr'><strong>subjuugitur:</strong></span> 
     </span>
    </p>
   </div>
   <div class='ocr_carea' id='block_1_71' title="bbox 909 5170 1790 5247">
    <p class='ocr_par' dir='ltr' id='par_1_71' title="bbox 909 5170 1790 5247">
     <span class='ocr_line' id='line_1_71' title="bbox 909 5170 1790 5247; baseline -0.006 -13"><span class='ocrx_word' id='word_1_531' title='bbox 909 5174 1137 5234; x_wconf 88' lang='lat' dir='ltr'><strong>CAPUT</strong></span> <span class='ocrx_word' id='word_1_532' title='bbox 1165 5171 1380 5231; x_wconf 84' lang='lat' dir='ltr'><strong>xxxn</strong></span> <span class='ocrx_word' id='word_1_533' title='bbox 1411 5170 1555 5247; x_wconf 69' lang='grc' dir='ltr'>[ηερ.</span> <span class='ocrx_word' id='word_1_534' title='bbox 1584 5171 1790 5247; x_wconf 83' lang='lat' dir='ltr'><strong>XVII].</strong></span> 
     </span>
    </p>
   </div>
   <div class='ocr_carea' id='block_1_72' title="bbox 623 5260 2153 5338">
    <p class='ocr_par' dir='ltr' id='par_1_72' title="bbox 623 5260 2153 5338">
     <span class='ocr_line' id='line_1_72' title="bbox 623 5260 2153 5338; baseline -0.003 -15"><span class='ocrx_word' id='word_1_535' title='bbox 623 5260 797 5324; x_wconf 71' lang='lat' dir='ltr'><strong>Vrsas.</strong></span> <span class='ocrx_word' id='word_1_536' title='bbox 829 5263 915 5324; x_wconf 76' lang='lat'><strong>32.</strong></span> <span class='ocrx_word' id='word_1_537' title='bbox 949 5296 1019 5310; x_wconf 87' lang='lat'><strong>-—</strong></span> <span class='ocrx_word' id='word_1_538' title='bbox 1050 5265 1307 5338; x_wconf 86' lang='lat' dir='ltr'><strong>Nunquid</strong></span> <span class='ocrx_word' id='word_1_539' title='bbox 1326 5266 1346 5301; x_wconf 83' lang='grc'><strong>³</strong></span> <span class='ocrx_word' id='word_1_540' title='bbox 1363 5264 1616 5337; x_wconf 85' lang='lat' dir='ltr'><strong>producis</strong></span> <span class='ocrx_word' id='word_1_541' title='bbox 1639 5260 1918 5334; x_wconf 82' lang='lat' dir='ltr'><strong>luciferum</strong></span> <span class='ocrx_word' id='word_1_542' title='bbox 1946 5262 2002 5318; x_wconf 89' lang='lat' dir='ltr'><strong>in</strong></span> <span class='ocrx_word' id='word_1_543' title='bbox 2033 5267 2153 5318; x_wconf 85' lang='lat' dir='ltr'><strong>tem-</strong></span> 
     </span>
    </p>
   </div>
   <div class='ocr_carea' id='block_1_73' title="bbox 630 5526 2152 5600">
    <p class='ocr_par' dir='ltr' id='par_1_73' title="bbox 630 5526 2152 5600">
     <span class='ocr_line' id='line_1_73' title="bbox 630 5526 2152 5600; baseline 0.001 -18"><span class='ocrx_word' id='word_1_544' title='bbox 630 5528 645 5600; x_wconf 63' lang='grc' dir='ltr'><strong>ξ</strong></span> <span class='ocrx_word' id='word_1_545' title='bbox 705 5526 959 5600; x_wconf 88' lang='lat' dir='ltr'><strong>Longip.,</strong></span> <span class='ocrx_word' id='word_1_546' title='bbox 1017 5534 1066 5585; x_wconf 89' lang='lat' dir='ltr'><strong>et</strong></span> <span class='ocrx_word' id='word_1_547' title='bbox 1128 5526 1436 5599; x_wconf 82' lang='lat' dir='ltr'><strong>conjunctas</strong></span> <span class='ocrx_word' id='word_1_548' title='bbox 1489 5526 1720 5585; x_wconf 86' lang='lat' dir='ltr'><strong>innotuit</strong></span> <span class='ocrx_word' id='word_1_549' title='bbox 1781 5532 1830 5584; x_wconf 93' lang='lat' dir='ltr'><strong>et</strong></span> <span class='ocrx_word' id='word_1_550' title='bbox 1890 5534 2152 5585; x_wconf 86' lang='lat' dir='ltr'><strong>manentes</strong></span> 
     </span>
    </p>
   </div>
   <div class='ocr_carea' id='block_1_74' title="bbox 556 5597 758 5655">
    <p class='ocr_par' dir='ltr' id='par_1_74' title="bbox 556 5597 758 5655">
     <span class='ocr_line' id='line_1_74' title="bbox 556 5597 758 5655; baseline -0.015 0"><span class='ocrx_word' id='word_1_551' title='bbox 556 5597 758 5655; x_wconf 78' lang='lat' dir='ltr'><strong>habuit.</strong></span> 
     </span>
    </p>
   </div>
   <div class='ocr_carea' id='block_1_75' title="bbox 627 5668 1216 5735">
    <p class='ocr_par' dir='ltr' id='par_1_75' title="bbox 627 5668 1216 5735">
     <span class='ocr_line' id='line_1_75' title="bbox 627 5668 1216 5735; baseline -0.002 -9"><span class='ocrx_word' id='word_1_552' title='bbox 627 5670 651 5706; x_wconf 79' lang='grc'>³</span> <span class='ocrx_word' id='word_1_553' title='bbox 678 5668 877 5735; x_wconf 85' lang='lat' dir='ltr'><strong>Laud.,</strong></span> <span class='ocrx_word' id='word_1_554' title='bbox 905 5674 954 5724; x_wconf 89' lang='lat' dir='ltr'><strong>et</strong></span> <span class='ocrx_word' id='word_1_555' title='bbox 978 5670 1216 5735; x_wconf 76' lang='lat' dir='ltr'><strong>replevit.</strong></span> 
     </span>
    </p>
   </div>
   <div class='ocr_carea' id='block_1_76' title="bbox 628 5740 1792 5814">
    <p class='ocr_par' dir='ltr' id='par_1_76' title="bbox 628 5740 1792 5814">
     <span class='ocr_line' id='line_1_76' title="bbox 628 5740 1792 5814; baseline 0.002 -15"><span class='ocrx_word' id='word_1_556' title='bbox 628 5744 648 5777; x_wconf 79' lang='grc'><strong>³</strong></span> <span class='ocrx_word' id='word_1_557' title='bbox 677 5740 873 5813; x_wconf 88' lang='lat' dir='ltr'><strong>Laud.,</strong></span> <span class='ocrx_word' id='word_1_558' title='bbox 895 5740 1244 5814; x_wconf 60' lang='lat' dir='ltr'><strong>produces...</strong></span> <span class='ocrx_word' id='word_1_559' title='bbox 1274 5758 1584 5814; x_wconf 86' lang='lat' dir='ltr'><strong>consurgere</strong></span> <span class='ocrx_word' id='word_1_560' title='bbox 1612 5743 1792 5814; x_wconf 85' lang='lat' dir='ltr'><strong>facies.</strong></span> 
     </span>
    </p>
   </div>
   <div class='ocr_carea' id='block_1_77' title="bbox 2272 1829 3877 1902">
    <p class='ocr_par' dir='ltr' id='par_1_77' title="bbox 2272 1829 3877 1902">
     <span class='ocr_line' id='line_1_77' title="bbox 2272 1829 3877 1902; baseline -0.001 -16"><span class='ocrx_word' id='word_1_561' title='bbox 2272 1837 2394 1902; x_wconf 90' lang='lat' dir='ltr'><strong>post</strong></span> <span class='ocrx_word' id='word_1_562' title='bbox 2421 1837 2674 1899; x_wconf 88' lang='lat' dir='ltr'><strong>mortem,</strong></span> <span class='ocrx_word' id='word_1_563' title='bbox 2707 1832 2980 1888; x_wconf 90' lang='lat' dir='ltr'><strong>matutina</strong></span> <span class='ocrx_word' id='word_1_564' title='bbox 3006 1831 3170 1889; x_wconf 90' lang='lat' dir='ltr'><strong>nobis</strong></span> <span class='ocrx_word' id='word_1_565' title='bbox 3197 1832 3383 1890; x_wconf 88' lang='lat' dir='ltr'><strong>stellas</strong></span> <span class='ocrx_word' id='word_1_566' title='bbox 3406 1831 3583 1889; x_wconf 85' lang='lat' dir='ltr'><strong>factus</strong></span> <span class='ocrx_word' id='word_1_567' title='bbox 3610 1839 3715 1898; x_wconf 90' lang='lat' dir='ltr'><strong>est,</strong></span> <span class='ocrx_word' id='word_1_568' title='bbox 3746 1829 3877 1902; x_wconf 86' lang='lat' dir='ltr'><strong>quia</strong></span> 
     </span>
    </p>
   </div>
   <div class='ocr_carea' id='block_1_78' title="bbox 2270 1917 3878 1992">
    <p class='ocr_par' dir='ltr' id='par_1_78' title="bbox 2270 1917 3878 1992">
     <span class='ocr_line' id='line_1_78' title="bbox 2270 1917 3878 1992; baseline -0.001 -18"><span class='ocrx_word' id='word_1_569' title='bbox 2270 1917 2402 1975; x_wconf 92' lang='lat' dir='ltr'><strong>dum</strong></span> <span class='ocrx_word' id='word_1_570' title='bbox 2446 1919 2505 1975; x_wconf 92' lang='lat' dir='ltr'><strong>in</strong></span> <span class='ocrx_word' id='word_1_571' title='bbox 2551 1919 2847 1991; x_wconf 89' lang='lat' dir='ltr'><strong>semetipso</strong></span> <span class='ocrx_word' id='word_1_572' title='bbox 2886 1921 3204 1992; x_wconf 82' lang='lat' dir='ltr'><strong>exemplum</strong></span> <span class='ocrx_word' id='word_1_573' title='bbox 3250 1920 3413 1978; x_wconf 89' lang='lat' dir='ltr'><strong>nobis</strong></span> <span class='ocrx_word' id='word_1_574' title='bbox 3458 1918 3878 1977; x_wconf 88' lang='lat' dir='ltr'><strong>resurrectionis</strong></span> 
     </span>
    </p>
   </div>
   <div class='ocr_carea' id='block_1_79' title="bbox 2271 2007 3878 2082">
    <p class='ocr_par' dir='ltr' id='par_1_79' title="bbox 2271 2007 3878 2082">
     <span class='ocr_line' id='line_1_79' title="bbox 2271 2007 3878 2082; baseline -0.001 -18"><span class='ocrx_word' id='word_1_575' title='bbox 2271 2007 2524 2081; x_wconf 75' lang='lat' dir='ltr'><strong>praebuit,</strong></span> <span class='ocrx_word' id='word_1_576' title='bbox 2541 2025 2660 2082; x_wconf 75' lang='lat' dir='ltr'><strong>quae</strong></span> <span class='ocrx_word' id='word_1_577' title='bbox 2682 2009 2781 2064; x_wconf 83' lang='lat' dir='ltr'><strong>lux</strong></span> <span class='ocrx_word' id='word_1_578' title='bbox 2808 2016 3069 2081; x_wconf 88' lang='lat' dir='ltr'><strong>sequatur</strong></span> <span class='ocrx_word' id='word_1_579' title='bbox 3097 2009 3392 2067; x_wconf 88' lang='lat' dir='ltr'><strong>indicavit.</strong></span> <span class='ocrx_word' id='word_1_580' title='bbox 3415 2009 3720 2082; x_wconf 86' lang='lat' dir='ltr'><strong>Vesperum</strong></span> <span class='ocrx_word' id='word_1_581' title='bbox 3747 2024 3878 2064; x_wconf 91' lang='lat' dir='ltr'><strong>vero</strong></span> 
     </span>
    </p>
   </div>
   <div class='ocr_carea' id='block_1_80' title="bbox 2271 2097 3880 2172">
    <p class='ocr_par' dir='ltr' id='par_1_80' title="bbox 2271 2097 3880 2172">
     <span class='ocr_line' id='line_1_80' title="bbox 2271 2097 3880 2172; baseline -0.001 -18"><span class='ocrx_word' id='word_1_582' title='bbox 2271 2115 2433 2172; x_wconf 88' lang='lat' dir='ltr'><strong>super</strong></span> <span class='ocrx_word' id='word_1_583' title='bbox 2460 2106 2618 2155; x_wconf 64' lang='lat' dir='ltr'><strong>terra:</strong></span> <span class='ocrx_word' id='word_1_584' title='bbox 2647 2098 2791 2154; x_wconf 88' lang='lat' dir='ltr'><strong>ﬁlios</strong></span> <span class='ocrx_word' id='word_1_585' title='bbox 2818 2098 3088 2155; x_wconf 89' lang='lat' dir='ltr'><strong>Dominus</strong></span> <span class='ocrx_word' id='word_1_586' title='bbox 3106 2114 3437 2171; x_wconf 87' lang='lat' dir='ltr'><strong>consurgere</strong></span> <span class='ocrx_word' id='word_1_587' title='bbox 3465 2097 3625 2166; x_wconf 86' lang='lat' dir='ltr'><strong>facit,</strong></span> <span class='ocrx_word' id='word_1_588' title='bbox 3647 2099 3782 2171; x_wconf 87' lang='lat' dir='ltr'><strong>quia</strong></span> <span class='ocrx_word' id='word_1_589' title='bbox 3797 2098 3880 2153; x_wconf 88' lang='lat' dir='ltr'><strong>in-</strong></span> 
     </span>
    </p>
   </div>
   <div class='ocr_carea' id='block_1_81' title="bbox 2271 2185 3880 2245">
    <p class='ocr_par' dir='ltr' id='par_1_81' title="bbox 2271 2185 3880 2245">
     <span class='ocr_line' id='line_1_81' title="bbox 2271 2185 3880 2245; baseline -0.001 -2"><span class='ocrx_word' id='word_1_590' title='bbox 2271 2185 2529 2245; x_wconf 87' lang='lat' dir='ltr'><strong>ﬁdelibus</strong></span> <span class='ocrx_word' id='word_1_591' title='bbox 2546 2186 2861 2244; x_wconf 61' lang='lat' dir='ltr'><strong>Iudaeorum</strong></span> <span class='ocrx_word' id='word_1_592' title='bbox 2880 2186 3141 2244; x_wconf 88' lang='lat' dir='ltr'><strong>cordibus</strong></span> <span class='ocrx_word' id='word_1_593' title='bbox 3159 2186 3437 2243; x_wconf 87' lang='lat' dir='ltr'><strong>dominari</strong></span> <span class='ocrx_word' id='word_1_594' title='bbox 3460 2185 3880 2243; x_wconf 87' lang='lat' dir='ltr'><strong>Antichristum</strong></span> 
     </span>
    </p>
   </div>
   <div class='ocr_carea' id='block_1_82' title="bbox 2273 2276 3880 2350">
    <p class='ocr_par' dir='ltr' id='par_1_82' title="bbox 2273 2276 3880 2350">
     <span class='ocr_line' id='line_1_82' title="bbox 2273 2276 3880 2350; baseline -0.001 -16"><span class='ocrx_word' id='word_1_595' title='bbox 2273 2293 2461 2334; x_wconf 90' lang='lat' dir='ltr'><strong>eorum</strong></span> <span class='ocrx_word' id='word_1_596' title='bbox 2491 2278 2688 2334; x_wconf 90' lang='lat' dir='ltr'><strong>merito</strong></span> <span class='ocrx_word' id='word_1_597' title='bbox 2706 2278 2959 2350; x_wconf 82' lang='lat' dir='ltr'><strong>exigente</strong></span> <span class='ocrx_word' id='word_1_598' title='bbox 2987 2277 3278 2350; x_wconf 89' lang='lat' dir='ltr'><strong>permittit.</strong></span> <span class='ocrx_word' id='word_1_599' title='bbox 3310 2276 3419 2344; x_wconf 88' lang='lat' dir='ltr'><strong>Qui</strong></span> <span class='ocrx_word' id='word_1_600' title='bbox 3452 2276 3668 2335; x_wconf 88' lang='lat' dir='ltr'><strong>idcirco</strong></span> <span class='ocrx_word' id='word_1_601' title='bbox 3698 2292 3733 2331; x_wconf 88' lang='lat' dir='ltr'><strong>a</strong></span> <span class='ocrx_word' id='word_1_602' title='bbox 3760 2277 3880 2332; x_wconf 90' lang='lat' dir='ltr'><strong>Do-</strong></span> 
     </span>
    </p>
   </div>
   <div class='ocr_carea' id='block_1_83' title="bbox 2273 2364 3878 2440">
    <p class='ocr_par' dir='ltr' id='par_1_83' title="bbox 2273 2364 3878 2440">
     <span class='ocr_line' id='line_1_83' title="bbox 2273 2364 3878 2440; baseline -0.001 -18"><span class='ocrx_word' id='word_1_603' title='bbox 2273 2367 2424 2423; x_wconf 91' lang='lat' dir='ltr'><strong>mino</strong></span> <span class='ocrx_word' id='word_1_604' title='bbox 2455 2366 2586 2426; x_wconf 89' lang='lat' dir='ltr'><strong>huic</strong></span> <span class='ocrx_word' id='word_1_605' title='bbox 2613 2366 2829 2440; x_wconf 90' lang='lat' dir='ltr'><strong>vesperi</strong></span> <span class='ocrx_word' id='word_1_606' title='bbox 2853 2366 3004 2440; x_wconf 89' lang='lat' dir='ltr'><strong>juste</strong></span> <span class='ocrx_word' id='word_1_607' title='bbox 3032 2364 3369 2434; x_wconf 87' lang='lat' dir='ltr'><strong>subduntur,</strong></span> <span class='ocrx_word' id='word_1_608' title='bbox 3400 2365 3532 2439; x_wconf 88' lang='lat' dir='ltr'><strong>quia</strong></span> <span class='ocrx_word' id='word_1_609' title='bbox 3552 2364 3661 2437; x_wconf 90' lang='lat' dir='ltr'><strong>ipsi</strong></span> <span class='ocrx_word' id='word_1_610' title='bbox 3686 2373 3878 2437; x_wconf 87' lang='lat' dir='ltr'><strong>sponte</strong></span> 
     </span>
    </p>
   </div>
   <div class='ocr_carea' id='block_1_84' title="bbox 2273 2452 3874 2526">
    <p class='ocr_par' dir='ltr' id='par_1_84' title="bbox 2273 2452 3874 2526">
     <span class='ocr_line' id='line_1_84' title="bbox 2273 2452 3874 2526; baseline -0.002 -15"><span class='ocrx_word' id='word_1_611' title='bbox 2273 2472 2370 2512; x_wconf 90' lang='lat' dir='ltr'><strong>sua</strong></span> <span class='ocrx_word' id='word_1_612' title='bbox 2396 2455 2503 2511; x_wconf 88' lang='lat' dir='ltr'><strong>ﬁlii</strong></span> <span class='ocrx_word' id='word_1_613' title='bbox 2530 2465 2689 2513; x_wconf 74' lang='lat' dir='ltr'><strong>terrae</strong></span> <span class='ocrx_word' id='word_1_614' title='bbox 2716 2472 2831 2512; x_wconf 88' lang='lat' dir='ltr'><strong>esse</strong></span> <span class='ocrx_word' id='word_1_615' title='bbox 2851 2456 3170 2512; x_wconf 89' lang='lat' dir='ltr'><strong>voluerunt.</strong></span> <span class='ocrx_word' id='word_1_616' title='bbox 3191 2454 3433 2510; x_wconf 91' lang='lat' dir='ltr'><strong>Terrena</strong></span> <span class='ocrx_word' id='word_1_617' title='bbox 3461 2452 3670 2526; x_wconf 88' lang='lat' dir='ltr'><strong>quippe</strong></span> <span class='ocrx_word' id='word_1_618' title='bbox 3690 2461 3874 2513; x_wconf 81' lang='lat' dir='ltr'><strong>etnon</strong></span> 
     </span>
    </p>
   </div>
   <div class='ocr_carea' id='block_1_85' title="bbox 2273 2544 3875 2622">
    <p class='ocr_par' dir='ltr' id='par_1_85' title="bbox 2273 2544 3875 2622">
     <span class='ocr_line' id='line_1_85' title="bbox 2273 2544 3875 2622; baseline -0.002 -16"><span class='ocrx_word' id='word_1_619' title='bbox 2273 2548 2518 2606; x_wconf 76' lang='lat' dir='ltr'><strong>cmlestia</strong></span> <span class='ocrx_word' id='word_1_620' title='bbox 2545 2549 2905 2622; x_wconf 89' lang='lat' dir='ltr'><strong>requirentes,</strong></span> <span class='ocrx_word' id='word_1_621' title='bbox 2952 2550 2974 2584; x_wconf 79' lang='grc'><strong>⁴</strong></span> <span class='ocrx_word' id='word_1_622' title='bbox 3020 2564 3053 2604; x_wconf 90' lang='lat' dir='ltr'><strong>a</strong></span> <span class='ocrx_word' id='word_1_623' title='bbox 3092 2544 3480 2620; x_wconf 85' lang='lat' dir='ltr'><strong>perspicienda</strong></span> <span class='ocrx_word' id='word_1_624' title='bbox 3507 2545 3740 2605; x_wconf 88' lang='lat' dir='ltr'><strong>luciferi</strong></span> <span class='ocrx_word' id='word_1_625' title='bbox 3769 2563 3875 2603; x_wconf 87' lang='lat' dir='ltr'><strong>no-</strong></span> 
     </span>
    </p>
   </div>
   <div class='ocr_carea' id='block_1_86' title="bbox 2273 2636 3874 2710">
    <p class='ocr_par' dir='ltr' id='par_1_86' title="bbox 2273 2636 3874 2710">
     <span class='ocr_line' id='line_1_86' title="bbox 2273 2636 3874 2710; baseline -0.002 -14"><span class='ocrx_word' id='word_1_626' title='bbox 2273 2639 2374 2696; x_wconf 87' lang='lat' dir='ltr'><strong>stri</strong></span> <span class='ocrx_word' id='word_1_627' title='bbox 2391 2638 2642 2697; x_wconf 87' lang='lat' dir='ltr'><strong>claritate</strong></span> <span class='ocrx_word' id='word_1_628' title='bbox 2666 2638 2927 2697; x_wconf 73' lang='lat' dir='ltr'><strong>excaecati</strong></span> <span class='ocrx_word' id='word_1_629' title='bbox 2953 2646 3115 2705; x_wconf 90' lang='lat' dir='ltr'><strong>sunt;</strong></span> <span class='ocrx_word' id='word_1_630' title='bbox 3148 2644 3203 2694; x_wconf 91' lang='lat' dir='ltr'><strong>et</strong></span> <span class='ocrx_word' id='word_1_631' title='bbox 3229 2636 3363 2694; x_wconf 91' lang='lat' dir='ltr'><strong>dum</strong></span> <span class='ocrx_word' id='word_1_632' title='bbox 3393 2653 3625 2710; x_wconf 70' lang='lat' dir='ltr'><strong>praeesse</strong></span> <span class='ocrx_word' id='word_1_633' title='bbox 3654 2636 3764 2694; x_wconf 88' lang='lat' dir='ltr'><strong>sibi</strong></span> <span class='ocrx_word' id='word_1_634' title='bbox 3792 2653 3874 2693; x_wconf 85' lang='lat' dir='ltr'><strong>ve-</strong></span> 
     </span>
    </p>
   </div>
   <div class='ocr_carea' id='block_1_87' title="bbox 2272 2726 3874 2801">
    <p class='ocr_par' dir='ltr' id='par_1_87' title="bbox 2272 2726 3874 2801">
     <span class='ocr_line' id='line_1_87' title="bbox 2272 2726 3874 2801; baseline -0.001 -18"><span class='ocrx_word' id='word_1_635' title='bbox 2272 2744 2492 2800; x_wconf 90' lang='lat' dir='ltr'><strong>sperum</strong></span> <span class='ocrx_word' id='word_1_636' title='bbox 2523 2735 2808 2801; x_wconf 80' lang='lat' dir='ltr'><strong>expetunt,</strong></span> <span class='ocrx_word' id='word_1_637' title='bbox 2856 2726 3245 2800; x_wconf 88' lang='lat' dir='ltr'><strong>subsequentis</strong></span> <span class='ocrx_word' id='word_1_638' title='bbox 3273 2727 3644 2785; x_wconf 88' lang='lat' dir='ltr'><strong>damnationis</strong></span> <span class='ocrx_word' id='word_1_639' title='bbox 3673 2734 3874 2783; x_wconf 60' lang='lat' dir='ltr'><strong>aeterna</strong></span> 
     </span>
    </p>
   </div>
   <div class='ocr_carea' id='block_1_88' title="bbox 2272 2816 3870 2892">
    <p class='ocr_par' dir='ltr' id='par_1_88' title="bbox 2272 2816 3870 2892">
     <span class='ocr_line' id='line_1_88' title="bbox 2272 2816 3870 2892; baseline -0.001 -17"><span class='ocrx_word' id='word_1_640' title='bbox 2272 2827 2430 2877; x_wconf 89' lang='lat' dir='ltr'><strong>nocte</strong></span> <span class='ocrx_word' id='word_1_641' title='bbox 2459 2828 2800 2892; x_wconf 87' lang='lat' dir='ltr'><strong>merguntur.</strong></span> <span class='ocrx_word' id='word_1_642' title='bbox 2834 2817 2978 2875; x_wconf 90' lang='lat' dir='ltr'><strong>Hinc</strong></span> <span class='ocrx_word' id='word_1_643' title='bbox 3003 2819 3063 2874; x_wconf 91' lang='lat' dir='ltr'><strong>in</strong></span> <span class='ocrx_word' id='word_1_644' title='bbox 3091 2816 3393 2891; x_wconf 84' lang='lat' dir='ltr'><strong>Evangelia</strong></span> <span class='ocrx_word' id='word_1_645' title='bbox 3420 2816 3694 2873; x_wconf 88' lang='lat' dir='ltr'><strong>Dominus</strong></span> <span class='ocrx_word' id='word_1_646' title='bbox 3714 2816 3870 2874; x_wconf 86' lang='lat' dir='ltr'><strong>dicit:</strong></span> 
     </span>
    </p>
   </div>
   <div class='ocr_carea' id='block_1_89' title="bbox 2270 2906 3873 2981">
    <p class='ocr_par' dir='ltr' id='par_1_89' title="bbox 2270 2906 3873 2981">
     <span class='ocr_line' id='line_1_89' title="bbox 2270 2906 3873 2981; baseline -0.002 -16"><span class='ocrx_word' id='word_1_647' title='bbox 2270 2910 2384 2981; x_wconf 90' lang='lat' dir='ltr'><strong>Ego</strong></span> <span class='ocrx_word' id='word_1_648' title='bbox 2412 2909 2529 2964; x_wconf 86' lang='lat' dir='ltr'><strong>veni</strong></span> <span class='ocrx_word' id='word_1_649' title='bbox 2562 2908 2621 2965; x_wconf 89' lang='lat' dir='ltr'><strong>in</strong></span> <span class='ocrx_word' id='word_1_650' title='bbox 2648 2908 2856 2964; x_wconf 87' lang='lat' dir='ltr'><strong>nomine</strong></span> <span class='ocrx_word' id='word_1_651' title='bbox 2883 2907 3070 2965; x_wconf 87' lang='lat' dir='ltr'><strong>Patris</strong></span> <span class='ocrx_word' id='word_1_652' title='bbox 3098 2908 3218 2977; x_wconf 92' lang='lat' dir='ltr'><strong>mei,</strong></span> <span class='ocrx_word' id='word_1_653' title='bbox 3250 2913 3299 2963; x_wconf 92' lang='lat' dir='ltr'><strong>et</strong></span> <span class='ocrx_word' id='word_1_654' title='bbox 3324 2923 3427 2963; x_wconf 86' lang='lat' dir='ltr'><strong>non</strong></span> <span class='ocrx_word' id='word_1_655' title='bbox 3453 2906 3731 2978; x_wconf 83' lang='lat' dir='ltr'><strong>accepistis</strong></span> <span class='ocrx_word' id='word_1_656' title='bbox 3757 2922 3873 2972; x_wconf 84' lang='lat' dir='ltr'><strong>me;</strong></span> 
     </span>
    </p>
   </div>
   <div class='ocr_carea' id='block_1_90' title="bbox 2269 2994 3869 3069">
    <p class='ocr_par' dir='ltr' id='par_1_90' title="bbox 2269 2994 3869 3069">
     <span class='ocr_line' id='line_1_90' title="bbox 2269 2994 3869 3069; baseline 0 -17"><span class='ocrx_word' id='word_1_657' title='bbox 2269 2997 2413 3053; x_wconf 89' lang='lat' dir='ltr'><strong>alius</strong></span> <span class='ocrx_word' id='word_1_658' title='bbox 2440 2997 2605 3053; x_wconf 82' lang='lat' dir='ltr'><strong>veniet</strong></span> <span class='ocrx_word' id='word_1_659' title='bbox 2632 2995 2691 3051; x_wconf 86' lang='lat' dir='ltr'><strong>in</strong></span> <span class='ocrx_word' id='word_1_660' title='bbox 2721 2997 2930 3053; x_wconf 87' lang='lat' dir='ltr'><strong>nomine</strong></span> <span class='ocrx_word' id='word_1_661' title='bbox 2956 3013 3074 3066; x_wconf 89' lang='lat' dir='ltr'><strong>suo,</strong></span> <span class='ocrx_word' id='word_1_662' title='bbox 3105 3002 3155 3053; x_wconf 90' lang='lat' dir='ltr'><strong>et</strong></span> <span class='ocrx_word' id='word_1_663' title='bbox 3194 2996 3370 3069; x_wconf 86' lang='lat' dir='ltr'><strong>ipsum</strong></span> <span class='ocrx_word' id='word_1_664' title='bbox 3394 2994 3649 3069; x_wconf 73' lang='lat' dir='ltr'><strong>recipietis</strong></span> <span class='ocrx_word' id='word_1_665' title='bbox 3683 2995 3869 3068; x_wconf 84' lang='lat' dir='ltr'><strong>(Joan.</strong></span> 
     </span>
    </p>
   </div>
   <div class='ocr_carea' id='block_1_91' title="bbox 2269 3084 3875 3161">
    <p class='ocr_par' dir='ltr' id='par_1_91' title="bbox 2269 3084 3875 3161">
     <span class='ocr_line' id='line_1_91' title="bbox 2269 3084 3875 3161; baseline 0 -18"><span class='ocrx_word' id='word_1_666' title='bbox 2269 3104 2325 3156; x_wconf 89' lang='lat' dir='ltr'><strong>v,</strong></span> <span class='ocrx_word' id='word_1_667' title='bbox 2358 3087 2474 3161; x_wconf 80' lang='grc'>43).</span> <span class='ocrx_word' id='word_1_668' title='bbox 2505 3088 2650 3145; x_wconf 88' lang='lat' dir='ltr'><strong>Hinc</strong></span> <span class='ocrx_word' id='word_1_669' title='bbox 2675 3087 2878 3145; x_wconf 89' lang='lat' dir='ltr'><strong>Paulus</strong></span> <span class='ocrx_word' id='word_1_670' title='bbox 2906 3088 2986 3144; x_wconf 88' lang='lat' dir='ltr'><strong>ait</strong></span> <span class='ocrx_word' id='word_1_671' title='bbox 3008 3106 3020 3146; x_wconf 93' lang='lat'><strong>:</strong></span> <span class='ocrx_word' id='word_1_672' title='bbox 3066 3090 3150 3146; x_wconf 94' lang='lat' dir='ltr'><strong>Eo</strong></span> <span class='ocrx_word' id='word_1_673' title='bbox 3176 3087 3318 3159; x_wconf 87' lang='lat' dir='ltr'><strong>quod</strong></span> <span class='ocrx_word' id='word_1_674' title='bbox 3344 3087 3655 3143; x_wconf 83' lang='lat' dir='ltr'><strong>charitatem</strong></span> <span class='ocrx_word' id='word_1_675' title='bbox 3680 3084 3875 3143; x_wconf 78' lang='lat' dir='ltr'><strong>verita-</strong></span> 
     </span>
    </p>
   </div>
   <div class='ocr_carea' id='block_1_92' title="bbox 2271 3176 3875 3251">
    <p class='ocr_par' dir='ltr' id='par_1_92' title="bbox 2271 3176 3875 3251">
     <span class='ocr_line' id='line_1_92' title="bbox 2271 3176 3875 3251; baseline 0.002 -20"><span class='ocrx_word' id='word_1_676' title='bbox 2271 3177 2335 3231; x_wconf 89' lang='lat' dir='ltr'><strong>tis</strong></span> <span class='ocrx_word' id='word_1_677' title='bbox 2362 3194 2470 3232; x_wconf 90' lang='lat' dir='ltr'><strong>non</strong></span> <span class='ocrx_word' id='word_1_678' title='bbox 2505 3183 2831 3249; x_wconf 84' lang='lat' dir='ltr'><strong>receperunt,</strong></span> <span class='ocrx_word' id='word_1_679' title='bbox 2868 3183 2928 3233; x_wconf 90' lang='lat' dir='ltr'><strong>ut</strong></span> <span class='ocrx_word' id='word_1_680' title='bbox 2953 3178 3093 3234; x_wconf 78' lang='lat' dir='ltr'><strong>salvi</strong></span> <span class='ocrx_word' id='word_1_681' title='bbox 3118 3178 3324 3251; x_wconf 74' lang='lat' dir='ltr'><strong>ﬁerent,</strong></span> <span class='ocrx_word' id='word_1_682' title='bbox 3354 3178 3468 3234; x_wconf 83' lang='lat' dir='ltr'><strong>ideo</strong></span> <span class='ocrx_word' id='word_1_683' title='bbox 3496 3178 3518 3213; x_wconf 76' lang='grc'>³</span> <span class='ocrx_word' id='word_1_684' title='bbox 3548 3177 3725 3234; x_wconf 79' lang='lat' dir='ltr'><strong>mittet</strong></span> <span class='ocrx_word' id='word_1_685' title='bbox 3762 3176 3875 3234; x_wconf 85' lang='lat' dir='ltr'><strong>illis</strong></span> 
     </span>
    </p>
   </div>
   <div class='ocr_carea' id='block_1_93' title="bbox 2267 3265 3873 3338">
    <p class='ocr_par' dir='ltr' id='par_1_93' title="bbox 2267 3265 3873 3338">
     <span class='ocr_line' id='line_1_93' title="bbox 2267 3265 3873 3338; baseline -0.001 -15"><span class='ocrx_word' id='word_1_686' title='bbox 2267 3267 2407 3323; x_wconf 89' lang='lat' dir='ltr'><strong>Deus</strong></span> <span class='ocrx_word' id='word_1_687' title='bbox 2434 3267 2788 3338; x_wconf 85' lang='lat' dir='ltr'><strong>operationem</strong></span> <span class='ocrx_word' id='word_1_688' title='bbox 2814 3267 3038 3336; x_wconf 86' lang='lat' dir='ltr'><strong>erroris,</strong></span> <span class='ocrx_word' id='word_1_689' title='bbox 3072 3273 3131 3323; x_wconf 89' lang='lat' dir='ltr'><strong>ut</strong></span> <span class='ocrx_word' id='word_1_690' title='bbox 3152 3267 3372 3323; x_wconf 84' lang='lat' dir='ltr'><strong>credant</strong></span> <span class='ocrx_word' id='word_1_691' title='bbox 3397 3268 3694 3337; x_wconf 85' lang='lat' dir='ltr'><strong>mendacio,</strong></span> <span class='ocrx_word' id='word_1_692' title='bbox 3718 3265 3873 3338; x_wconf 67' lang='lat' dir='ltr'><strong>utiu-</strong></span> 
     </span>
    </p>
   </div>
   <div class='ocr_carea' id='block_1_94' title="bbox 2265 3354 3869 3427">
    <p class='ocr_par' dir='ltr' id='par_1_94' title="bbox 2265 3354 3869 3427">
     <span class='ocr_line' id='line_1_94' title="bbox 2265 3354 3869 3427; baseline 0.001 -17"><span class='ocrx_word' id='word_1_693' title='bbox 2265 3354 2506 3410; x_wconf 89' lang='lat' dir='ltr'><strong>dicentur</strong></span> <span class='ocrx_word' id='word_1_694' title='bbox 2536 3372 2709 3411; x_wconf 90' lang='lat' dir='ltr'><strong>omnes</strong></span> <span class='ocrx_word' id='word_1_695' title='bbox 2735 3355 2829 3427; x_wconf 89' lang='lat' dir='ltr'><strong>qui</strong></span> <span class='ocrx_word' id='word_1_696' title='bbox 2862 3371 2969 3410; x_wconf 87' lang='lat' dir='ltr'><strong>non</strong></span> <span class='ocrx_word' id='word_1_697' title='bbox 2999 3356 3338 3413; x_wconf 83' lang='lat' dir='ltr'><strong>crediderunt</strong></span> <span class='ocrx_word' id='word_1_698' title='bbox 3375 3357 3611 3423; x_wconf 83' lang='lat' dir='ltr'><strong>veritati,</strong></span> <span class='ocrx_word' id='word_1_699' title='bbox 3640 3357 3732 3413; x_wconf 87' lang='lat' dir='ltr'><strong>sed</strong></span> <span class='ocrx_word' id='word_1_700' title='bbox 3755 3372 3869 3412; x_wconf 82' lang='lat' dir='ltr'><strong>con-</strong></span> 
     </span>
    </p>
   </div>
   <div class='ocr_carea' id='block_1_95' title="bbox 2265 3445 3865 3522">
    <p class='ocr_par' dir='ltr' id='par_1_95' title="bbox 2265 3445 3865 3522">
     <span class='ocr_line' id='line_1_95' title="bbox 2265 3445 3865 3522; baseline 0.001 -22"><span class='ocrx_word' id='word_1_701' title='bbox 2265 3450 2538 3501; x_wconf 88' lang='lat' dir='ltr'><strong>senserunt</strong></span> <span class='ocrx_word' id='word_1_702' title='bbox 2550 3445 2823 3517; x_wconf 87' lang='lat' dir='ltr'><strong>iniquitati</strong></span> <span class='ocrx_word' id='word_1_703' title='bbox 2838 3446 2935 3517; x_wconf 90' lang='lat' dir='ltr'><em>(II</em></span> <span class='ocrx_word' id='word_1_704' title='bbox 2958 3446 3131 3503; x_wconf 86' lang='lat' dir='ltr'><strong>Thess.</strong></span> <span class='ocrx_word' id='word_1_705' title='bbox 3154 3463 3217 3515; x_wconf 82' lang='grc' dir='ltr'><strong>ιι,</strong></span> <span class='ocrx_word' id='word_1_706' title='bbox 3250 3446 3336 3516; x_wconf 78' lang='grc'><strong>10,</strong></span> <span class='ocrx_word' id='word_1_707' title='bbox 3364 3448 3480 3522; x_wconf 83' lang='grc'><strong>11).</strong></span> <span class='ocrx_word' id='word_1_708' title='bbox 3509 3448 3865 3521; x_wconf 84' lang='lat' dir='ltr'><strong>Nequaquam</strong></span> 
     </span>
    </p>
   </div>
   <div class='ocr_carea' id='block_1_96' title="bbox 2265 3537 3866 3610">
    <p class='ocr_par' dir='ltr' id='par_1_96' title="bbox 2265 3537 3866 3610">
     <span class='ocr_line' id='line_1_96' title="bbox 2265 3537 3866 3610; baseline 0.001 -18"><span class='ocrx_word' id='word_1_709' title='bbox 2265 3551 2392 3607; x_wconf 90' lang='lat' dir='ltr'><strong>ergo</strong></span> <span class='ocrx_word' id='word_1_710' title='bbox 2418 3552 2584 3609; x_wconf 91' lang='lat' dir='ltr'><strong>super</strong></span> <span class='ocrx_word' id='word_1_711' title='bbox 2610 3552 2704 3593; x_wconf 90' lang='lat' dir='ltr'><strong>eos</strong></span> <span class='ocrx_word' id='word_1_712' title='bbox 2733 3552 2930 3609; x_wconf 88' lang='lat' dir='ltr'><strong>vesper</strong></span> <span class='ocrx_word' id='word_1_713' title='bbox 2964 3545 3339 3610; x_wconf 88' lang='lat' dir='ltr'><strong>consurgeret,</strong></span> <span class='ocrx_word' id='word_1_714' title='bbox 3370 3537 3420 3594; x_wconf 88' lang='lat' dir='ltr'><strong>si</strong></span> <span class='ocrx_word' id='word_1_715' title='bbox 3459 3538 3586 3597; x_wconf 76' lang='lat' dir='ltr'><strong>cmli</strong></span> <span class='ocrx_word' id='word_1_716' title='bbox 3612 3538 3723 3595; x_wconf 91' lang='lat' dir='ltr'><strong>ﬁlii</strong></span> <span class='ocrx_word' id='word_1_717' title='bbox 3752 3552 3866 3593; x_wconf 90' lang='lat' dir='ltr'><strong>esse</strong></span> 
     </span>
    </p>
   </div>
   <div class='ocr_carea' id='block_1_97' title="bbox 2265 3624 3862 3701">
    <p class='ocr_par' dir='ltr' id='par_1_97' title="bbox 2265 3624 3862 3701">
     <span class='ocr_line' id='line_1_97' title="bbox 2265 3624 3862 3701; baseline 0.001 -20"><span class='ocrx_word' id='word_1_718' title='bbox 2265 3625 2587 3683; x_wconf 90' lang='lat' dir='ltr'><strong>voluissent.</strong></span> <span class='ocrx_word' id='word_1_719' title='bbox 2619 3624 2725 3683; x_wconf 90' lang='lat' dir='ltr'><strong>Sed</strong></span> <span class='ocrx_word' id='word_1_720' title='bbox 2751 3624 2885 3683; x_wconf 92' lang='lat' dir='ltr'><strong>dum</strong></span> <span class='ocrx_word' id='word_1_721' title='bbox 2915 3626 3169 3683; x_wconf 77' lang='lat' dir='ltr'><strong>visibilis</strong></span> <span class='ocrx_word' id='word_1_722' title='bbox 3196 3635 3485 3701; x_wconf 89' lang='lat' dir='ltr'><strong>appetunt,</strong></span> <span class='ocrx_word' id='word_1_723' title='bbox 3516 3628 3725 3686; x_wconf 84' lang='lat' dir='ltr'><strong>amisso</strong></span> <span class='ocrx_word' id='word_1_724' title='bbox 3752 3642 3862 3686; x_wconf 88' lang='lat' dir='ltr'><strong>cor-</strong></span> 
     </span>
    </p>
   </div>
   <div class='ocr_carea' id='block_1_98' title="bbox 2264 3714 3563 3786">
    <p class='ocr_par' dir='ltr' id='par_1_98' title="bbox 2264 3714 3563 3786">
     <span class='ocr_line' id='line_1_98' title="bbox 2264 3714 3563 3786; baseline 0.002 -15"><span class='ocrx_word' id='word_1_725' title='bbox 2264 3714 2350 3773; x_wconf 89' lang='lat' dir='ltr'><strong>dis</strong></span> <span class='ocrx_word' id='word_1_726' title='bbox 2380 3716 2611 3786; x_wconf 90' lang='lat' dir='ltr'><strong>lumine,</strong></span> <span class='ocrx_word' id='word_1_727' title='bbox 2643 3715 2746 3773; x_wconf 87' lang='lat' dir='ltr'><strong>sub</strong></span> <span class='ocrx_word' id='word_1_728' title='bbox 2775 3716 2956 3774; x_wconf 91' lang='lat' dir='ltr'><strong>noctis</strong></span> <span class='ocrx_word' id='word_1_729' title='bbox 2986 3715 3126 3775; x_wconf 91' lang='lat' dir='ltr'><strong>duce</strong></span> <span class='ocrx_word' id='word_1_730' title='bbox 3154 3716 3563 3775; x_wconf 87' lang='lat' dir='ltr'><strong>tenebreseunt.</strong></span> 
     </span>
    </p>
   </div>
   <div class='ocr_carea' id='block_1_99' title="bbox 2336 3821 3863 3900">
    <p class='ocr_par' dir='ltr' id='par_1_99' title="bbox 2336 3821 3863 3900">
     <span class='ocr_line' id='line_1_99' title="bbox 2336 3821 3863 3900; baseline -0.007 -13"><span class='ocrx_word' id='word_1_731' title='bbox 2336 3823 2475 3900; x_wconf 75' lang='grc' dir='ltr'><strong>[γει.</strong></span> <span class='ocrx_word' id='word_1_732' title='bbox 2522 3824 2751 3900; x_wconf 83' lang='grc' dir='ltr'><strong>ΧΧΧΙ.]</strong></span> <span class='ocrx_word' id='word_1_733' title='bbox 2806 3825 2892 3882; x_wconf 83' lang='grc'><strong>76.</strong></span> <span class='ocrx_word' id='word_1_734' title='bbox 2941 3824 3122 3882; x_wconf 90' lang='lat' dir='ltr'><strong>Sermo</strong></span> <span class='ocrx_word' id='word_1_735' title='bbox 3165 3825 3277 3882; x_wconf 90' lang='lat' dir='ltr'><strong>Dei-</strong></span> <span class='ocrx_word' id='word_1_736' title='bbox 3306 3825 3401 3897; x_wconf 88' lang='lat' dir='ltr'><strong>qui</strong></span> <span class='ocrx_word' id='word_1_737' title='bbox 3445 3824 3619 3881; x_wconf 83' lang='lat' dir='ltr'><strong>electis</strong></span> <span class='ocrx_word' id='word_1_738' title='bbox 3679 3821 3863 3893; x_wconf 82' lang='lat' dir='ltr'><strong>lucifer</strong></span> 
     </span>
    </p>
   </div>
   <div class='ocr_carea' id='block_1_100' title="bbox 2263 3911 3862 3986">
    <p class='ocr_par' dir='ltr' id='par_1_100' title="bbox 2263 3911 3862 3986">
     <span class='ocr_line' id='line_1_100' title="bbox 2263 3911 3862 3986; baseline -0.003 -17"><span class='ocrx_word' id='word_1_739' title='bbox 2263 3920 2355 3986; x_wconf 76' lang='lat' dir='ltr'><strong>est,</strong></span> <span class='ocrx_word' id='word_1_740' title='bbox 2386 3914 2627 3986; x_wconf 89' lang='lat' dir='ltr'><strong>reprobis</strong></span> <span class='ocrx_word' id='word_1_741' title='bbox 2654 3914 2715 3984; x_wconf 85' lang='lat' dir='ltr'><strong>ﬁt</strong></span> <span class='ocrx_word' id='word_1_742' title='bbox 2753 3930 2953 3985; x_wconf 81' lang='lat' dir='ltr'><strong>vesper.</strong></span> <span class='ocrx_word' id='word_1_743' title='bbox 2985 3943 3056 3956; x_wconf 92' lang='lat'><strong>—-</strong></span> <span class='ocrx_word' id='word_1_744' title='bbox 3084 3913 3245 3982; x_wconf 90' lang='lat' dir='ltr'><strong>Quod</strong></span> <span class='ocrx_word' id='word_1_745' title='bbox 3274 3922 3458 3970; x_wconf 86' lang='lat' dir='ltr'><strong>tamen</strong></span> <span class='ocrx_word' id='word_1_746' title='bbox 3495 3912 3543 3969; x_wconf 90' lang='lat' dir='ltr'><strong>si</strong></span> <span class='ocrx_word' id='word_1_747' title='bbox 3585 3911 3862 3968; x_wconf 87' lang='lat' dir='ltr'><strong>moraliter</strong></span> 
     </span>
    </p>
   </div>
   <div class='ocr_carea' id='block_1_101' title="bbox 2262 4002 3858 4079">
    <p class='ocr_par' dir='ltr' id='par_1_101' title="bbox 2262 4002 3858 4079">
     <span class='ocr_line' id='line_1_101' title="bbox 2262 4002 3858 4079; baseline -0.003 -18"><span class='ocrx_word' id='word_1_748' title='bbox 2262 4002 2611 4071; x_wconf 87' lang='lat' dir='ltr'><strong>discutimus,</strong></span> <span class='ocrx_word' id='word_1_749' title='bbox 2663 4003 2943 4076; x_wconf 90' lang='lat' dir='ltr'><strong>quomodo</strong></span> <span class='ocrx_word' id='word_1_750' title='bbox 2980 4005 3234 4079; x_wconf 86' lang='lat' dir='ltr'><strong>quotidie</strong></span> <span class='ocrx_word' id='word_1_751' title='bbox 3282 4012 3481 4077; x_wconf 88' lang='lat' dir='ltr'><strong>agatur</strong></span> <span class='ocrx_word' id='word_1_752' title='bbox 3526 4003 3858 4067; x_wconf 88' lang='lat' dir='ltr'><strong>invenimus,</strong></span> 
     </span>
    </p>
   </div>
   <div class='ocr_carea' id='block_1_102' title="bbox 2264 4088 3859 4168">
    <p class='ocr_par' dir='ltr' id='par_1_102' title="bbox 2264 4088 3859 4168">
     <span class='ocr_line' id='line_1_102' title="bbox 2264 4088 3859 4168; baseline -0.004 -18"><span class='ocrx_word' id='word_1_753' title='bbox 2264 4094 2394 4168; x_wconf 88' lang='lat' dir='ltr'><strong>quia</strong></span> <span class='ocrx_word' id='word_1_754' title='bbox 2419 4090 2687 4148; x_wconf 90' lang='lat' dir='ltr'><strong>nimirum</strong></span> <span class='ocrx_word' id='word_1_755' title='bbox 2735 4100 2791 4149; x_wconf 91' lang='lat' dir='ltr'><strong>et</strong></span> <span class='ocrx_word' id='word_1_756' title='bbox 2818 4091 3008 4149; x_wconf 90' lang='lat' dir='ltr'><strong>electis</strong></span> <span class='ocrx_word' id='word_1_757' title='bbox 3055 4092 3254 4152; x_wconf 87' lang='lat' dir='ltr'><strong>lucifer</strong></span> <span class='ocrx_word' id='word_1_758' title='bbox 3283 4093 3486 4160; x_wconf 89' lang='lat' dir='ltr'><strong>oritur,</strong></span> <span class='ocrx_word' id='word_1_759' title='bbox 3522 4101 3577 4150; x_wconf 91' lang='lat' dir='ltr'><strong>et</strong></span> <span class='ocrx_word' id='word_1_760' title='bbox 3608 4088 3859 4165; x_wconf 88' lang='lat' dir='ltr'><strong>reprobis</strong></span> 
     </span>
    </p>
   </div>
   <div class='ocr_carea' id='block_1_103' title="bbox 2262 4179 3859 4254">
    <p class='ocr_par' dir='ltr' id='par_1_103' title="bbox 2262 4179 3859 4254">
     <span class='ocr_line' id='line_1_103' title="bbox 2262 4179 3859 4254; baseline -0.004 -15"><span class='ocrx_word' id='word_1_761' title='bbox 2262 4184 2376 4239; x_wconf 92' lang='lat' dir='ltr'><strong>Deo</strong></span> <span class='ocrx_word' id='word_1_762' title='bbox 2405 4179 2754 4254; x_wconf 90' lang='lat' dir='ltr'><strong>permittente</strong></span> <span class='ocrx_word' id='word_1_763' title='bbox 2775 4196 2971 4253; x_wconf 90' lang='lat' dir='ltr'><strong>vesper</strong></span> <span class='ocrx_word' id='word_1_764' title='bbox 2991 4181 3332 4240; x_wconf 89' lang='lat' dir='ltr'><strong>dominatur.</strong></span> <span class='ocrx_word' id='word_1_765' title='bbox 3358 4182 3513 4239; x_wconf 88' lang='lat' dir='ltr'><strong>Unus</strong></span> <span class='ocrx_word' id='word_1_766' title='bbox 3532 4182 3680 4238; x_wconf 91' lang='lat' dir='ltr'><strong>enim</strong></span> <span class='ocrx_word' id='word_1_767' title='bbox 3702 4188 3859 4250; x_wconf 86' lang='lat' dir='ltr'><strong>atque</strong></span> 
     </span>
    </p>
   </div>
   <div class='ocr_carea' id='block_1_104' title="bbox 2265 4268 3858 4347">
    <p class='ocr_par' dir='ltr' id='par_1_104' title="bbox 2265 4268 3858 4347">
     <span class='ocr_line' id='line_1_104' title="bbox 2265 4268 3858 4347; baseline -0.004 -19"><span class='ocrx_word' id='word_1_768' title='bbox 2265 4271 2410 4328; x_wconf 92' lang='lat' dir='ltr'><strong>idem</strong></span> <span class='ocrx_word' id='word_1_769' title='bbox 2439 4286 2618 4328; x_wconf 89' lang='lat' dir='ltr'><strong>sermo</strong></span> <span class='ocrx_word' id='word_1_770' title='bbox 2645 4271 2745 4328; x_wconf 91' lang='lat' dir='ltr'><strong>Dei</strong></span> <span class='ocrx_word' id='word_1_771' title='bbox 2775 4280 2857 4329; x_wconf 91' lang='lat' dir='ltr'><strong>est</strong></span> <span class='ocrx_word' id='word_1_772' title='bbox 2898 4271 2957 4328; x_wconf 92' lang='lat' dir='ltr'><strong>in</strong></span> <span class='ocrx_word' id='word_1_773' title='bbox 2989 4289 3084 4329; x_wconf 91' lang='lat' dir='ltr'><strong>ore</strong></span> <span class='ocrx_word' id='word_1_774' title='bbox 3118 4273 3491 4347; x_wconf 71' lang='lat' dir='ltr'><strong>praedicantis.</strong></span> <span class='ocrx_word' id='word_1_775' title='bbox 3524 4272 3697 4341; x_wconf 86' lang='lat' dir='ltr'><strong>Quem</strong></span> <span class='ocrx_word' id='word_1_776' title='bbox 3726 4268 3858 4326; x_wconf 89' lang='lat' dir='ltr'><strong>dum</strong></span> 
     </span>
    </p>
   </div>
   <div class='ocr_carea' id='block_1_105' title="bbox 2264 4360 3856 4434">
    <p class='ocr_par' dir='ltr' id='par_1_105' title="bbox 2264 4360 3856 4434">
     <span class='ocr_line' id='line_1_105' title="bbox 2264 4360 3856 4434; baseline -0.002 -17"><span class='ocrx_word' id='word_1_777' title='bbox 2264 4361 2355 4418; x_wconf 89' lang='lat' dir='ltr'><strong>isti</strong></span> <span class='ocrx_word' id='word_1_778' title='bbox 2376 4360 2680 4434; x_wconf 87' lang='lat' dir='ltr'><strong>gaudendo,</strong></span> <span class='ocrx_word' id='word_1_779' title='bbox 2695 4361 2782 4418; x_wconf 90' lang='lat' dir='ltr'><strong>illi</strong></span> <span class='ocrx_word' id='word_1_780' title='bbox 2803 4377 2934 4419; x_wconf 89' lang='lat' dir='ltr'><strong>vero</strong></span> <span class='ocrx_word' id='word_1_781' title='bbox 2954 4362 3257 4420; x_wconf 89' lang='lat' dir='ltr'><strong>invidendo</strong></span> <span class='ocrx_word' id='word_1_782' title='bbox 3275 4363 3530 4430; x_wconf 89' lang='lat' dir='ltr'><strong>audiunt,</strong></span> <span class='ocrx_word' id='word_1_783' title='bbox 3553 4362 3856 4418; x_wconf 87' lang='lat' dir='ltr'><strong>claritatem</strong></span> 
     </span>
    </p>
   </div>
   <div class='ocr_carea' id='block_1_106' title="bbox 2262 4450 3859 4527">
    <p class='ocr_par' dir='ltr' id='par_1_106' title="bbox 2262 4450 3859 4527">
     <span class='ocr_line' id='line_1_106' title="bbox 2262 4450 3859 4527; baseline -0.002 -19"><span class='ocrx_word' id='word_1_784' title='bbox 2262 4452 2371 4509; x_wconf 89' lang='lat' dir='ltr'><strong>sibi</strong></span> <span class='ocrx_word' id='word_1_785' title='bbox 2392 4452 2610 4511; x_wconf 85' lang='lat' dir='ltr'><strong>luciferi</strong></span> <span class='ocrx_word' id='word_1_786' title='bbox 2629 4453 2690 4509; x_wconf 91' lang='lat' dir='ltr'><strong>in</strong></span> <span class='ocrx_word' id='word_1_787' title='bbox 2706 4454 2925 4527; x_wconf 89' lang='lat' dir='ltr'><strong>vesperi</strong></span> <span class='ocrx_word' id='word_1_788' title='bbox 2944 4454 3199 4512; x_wconf 89' lang='lat' dir='ltr'><strong>tenebras</strong></span> <span class='ocrx_word' id='word_1_789' title='bbox 3219 4455 3626 4513; x_wconf 88' lang='lat' dir='ltr'><strong>vertunt.Dum</strong></span> <span class='ocrx_word' id='word_1_790' title='bbox 3649 4452 3743 4510; x_wconf 86' lang='lat' dir='ltr'><strong>isti</strong></span> <span class='ocrx_word' id='word_1_791' title='bbox 3764 4450 3859 4506; x_wconf 87' lang='lat' dir='ltr'><strong>hu-</strong></span> 
     </span>
    </p>
   </div>
   <div class='ocr_carea' id='block_1_107' title="bbox 2260 4537 3859 4617">
    <p class='ocr_par' dir='ltr' id='par_1_107' title="bbox 2260 4537 3859 4617">
     <span class='ocr_line' id='line_1_107' title="bbox 2260 4537 3859 4617; baseline -0.003 -18"><span class='ocrx_word' id='word_1_792' title='bbox 2260 4542 2467 4599; x_wconf 88' lang='lat' dir='ltr'><strong>militer</strong></span> <span class='ocrx_word' id='word_1_793' title='bbox 2486 4559 2678 4601; x_wconf 89' lang='lat' dir='ltr'><strong>vocem</strong></span> <span class='ocrx_word' id='word_1_794' title='bbox 2708 4552 2910 4601; x_wconf 77' lang='lat' dir='ltr'><strong>sanctas</strong></span> <span class='ocrx_word' id='word_1_795' title='bbox 2931 4543 3346 4617; x_wconf 66' lang='lat' dir='ltr'><strong>pradicationis</strong></span> <span class='ocrx_word' id='word_1_796' title='bbox 3375 4537 3685 4617; x_wconf 79' lang='lat' dir='ltr'><strong>accipiunt,</strong></span> <span class='ocrx_word' id='word_1_797' title='bbox 3709 4537 3859 4615; x_wconf 82' lang='lat' dir='ltr'><strong>quasi</strong></span> 
     </span>
    </p>
   </div>
   <div class='ocr_carea' id='block_1_108' title="bbox 2259 4631 3858 4708">
    <p class='ocr_par' dir='ltr' id='par_1_108' title="bbox 2259 4631 3858 4708">
     <span class='ocr_line' id='line_1_108' title="bbox 2259 4631 3858 4708; baseline -0.004 -19"><span class='ocrx_word' id='word_1_798' title='bbox 2259 4632 2328 4689; x_wconf 89' lang='lat' dir='ltr'><strong>ad</strong></span> <span class='ocrx_word' id='word_1_799' title='bbox 2355 4632 2527 4690; x_wconf 60' lang='lat' dir='ltr'><strong>stellae</strong></span> <span class='ocrx_word' id='word_1_800' title='bbox 2569 4633 2746 4690; x_wconf 90' lang='lat' dir='ltr'><strong>lucem</strong></span> <span class='ocrx_word' id='word_1_801' title='bbox 2776 4635 2968 4691; x_wconf 88' lang='lat' dir='ltr'><strong>oculos</strong></span> <span class='ocrx_word' id='word_1_802' title='bbox 3008 4634 3193 4692; x_wconf 90' lang='lat' dir='ltr'><strong>cordis</strong></span> <span class='ocrx_word' id='word_1_803' title='bbox 3220 4633 3517 4708; x_wconf 89' lang='lat' dir='ltr'><strong>aperiunt;</strong></span> <span class='ocrx_word' id='word_1_804' title='bbox 3563 4631 3703 4689; x_wconf 90' lang='lat' dir='ltr'><strong>dum</strong></span> <span class='ocrx_word' id='word_1_805' title='bbox 3733 4641 3858 4685; x_wconf 89' lang='lat' dir='ltr'><strong>vero</strong></span> 
     </span>
    </p>
   </div>
   <div class='ocr_carea' id='block_1_109' title="bbox 2259 4723 3854 4793">
    <p class='ocr_par' dir='ltr' id='par_1_109' title="bbox 2259 4723 3854 4793">
     <span class='ocr_line' id='line_1_109' title="bbox 2259 4723 3854 4793; baseline 0.001 -11"><span class='ocrx_word' id='word_1_806' title='bbox 2259 4724 2345 4782; x_wconf 89' lang='lat' dir='ltr'><strong>illi</strong></span> <span class='ocrx_word' id='word_1_807' title='bbox 2392 4723 2742 4782; x_wconf 90' lang='lat' dir='ltr'><strong>benedicenti</strong></span> <span class='ocrx_word' id='word_1_808' title='bbox 2787 4723 3062 4793; x_wconf 87' lang='lat' dir='ltr'><strong>invident,</strong></span> <span class='ocrx_word' id='word_1_809' title='bbox 3109 4734 3165 4782; x_wconf 90' lang='lat' dir='ltr'><strong>et</strong></span> <span class='ocrx_word' id='word_1_810' title='bbox 3208 4740 3322 4781; x_wconf 89' lang='lat' dir='ltr'><strong>non</strong></span> <span class='ocrx_word' id='word_1_811' title='bbox 3366 4723 3566 4782; x_wconf 87' lang='lat' dir='ltr'><strong>salutis</strong></span> <span class='ocrx_word' id='word_1_812' title='bbox 3611 4734 3854 4784; x_wconf 68' lang='lat' dir='ltr'><strong>causam.</strong></span> 
     </span>
    </p>
   </div>
   <div class='ocr_carea' id='block_1_110' title="bbox 2260 4806 3858 4895">
    <p class='ocr_par' dir='ltr' id='par_1_110' title="bbox 2260 4806 3858 4895">
     <span class='ocr_line' id='line_1_110' title="bbox 2260 4806 3858 4895; baseline -0.004 -24"><span class='ocrx_word' id='word_1_813' title='bbox 2260 4813 2354 4871; x_wconf 89' lang='lat' dir='ltr'><strong>sed</strong></span> <span class='ocrx_word' id='word_1_814' title='bbox 2382 4815 2638 4895; x_wconf 79' lang='lat' dir='ltr'><strong>elationis</strong></span> <span class='ocrx_word' id='word_1_815' title='bbox 2666 4815 2896 4887; x_wconf 88' lang='lat' dir='ltr'><strong>gloriam</strong></span> <span class='ocrx_word' id='word_1_816' title='bbox 2927 4826 3200 4890; x_wconf 60' lang='lat' dir='ltr'><strong>quaerunt,</strong></span> <span class='ocrx_word' id='word_1_817' title='bbox 3232 4821 3627 4890; x_wconf 89' lang='lat' dir='ltr'><strong>prorumpente</strong></span> <span class='ocrx_word' id='word_1_818' title='bbox 3656 4806 3858 4885; x_wconf 84' lang='lat' dir='ltr'><strong>iniqui-</strong></span> 
     </span>
    </p>
   </div>
   <div class='ocr_carea' id='block_1_111' title="bbox 2259 4902 3851 4976">
    <p class='ocr_par' dir='ltr' id='par_1_111' title="bbox 2259 4902 3851 4976">
     <span class='ocr_line' id='line_1_111' title="bbox 2259 4902 3851 4976; baseline -0.002 -17"><span class='ocrx_word' id='word_1_819' title='bbox 2259 4905 2388 4961; x_wconf 88' lang='lat' dir='ltr'><strong>tatis</strong></span> <span class='ocrx_word' id='word_1_820' title='bbox 2407 4920 2518 4960; x_wconf 71' lang='lat' dir='ltr'><strong>suse</strong></span> <span class='ocrx_word' id='word_1_821' title='bbox 2539 4920 2762 4976; x_wconf 89' lang='lat' dir='ltr'><strong>vespere</strong></span> <span class='ocrx_word' id='word_1_822' title='bbox 2781 4905 2840 4961; x_wconf 92' lang='lat' dir='ltr'><strong>in</strong></span> <span class='ocrx_word' id='word_1_823' title='bbox 2855 4922 3111 4963; x_wconf 88' lang='lat' dir='ltr'><strong>somnum</strong></span> <span class='ocrx_word' id='word_1_824' title='bbox 3131 4906 3326 4963; x_wconf 91' lang='lat' dir='ltr'><strong>mortis</strong></span> <span class='ocrx_word' id='word_1_825' title='bbox 3339 4906 3536 4964; x_wconf 88' lang='lat' dir='ltr'><strong>oculos</strong></span> <span class='ocrx_word' id='word_1_826' title='bbox 3564 4902 3851 4963; x_wconf 89' lang='lat' dir='ltr'><strong>claudunt.</strong></span> 
     </span>
    </p>
   </div>
   <div class='ocr_carea' id='block_1_112' title="bbox 2258 4992 3858 5070">
    <p class='ocr_par' dir='ltr' id='par_1_112' title="bbox 2258 4992 3858 5070">
     <span class='ocr_line' id='line_1_112' title="bbox 2258 4992 3858 5070; baseline -0.003 -19"><span class='ocrx_word' id='word_1_827' title='bbox 2258 4992 2361 5051; x_wconf 93' lang='lat' dir='ltr'><strong>Per</strong></span> <span class='ocrx_word' id='word_1_828' title='bbox 2388 4993 2668 5051; x_wconf 91' lang='lat' dir='ltr'><strong>occultum</strong></span> <span class='ocrx_word' id='word_1_829' title='bbox 2698 5010 2826 5067; x_wconf 89' lang='lat' dir='ltr'><strong>ergo</strong></span> <span class='ocrx_word' id='word_1_830' title='bbox 2841 4993 3115 5067; x_wconf 91' lang='lat' dir='ltr'><strong>judicium</strong></span> <span class='ocrx_word' id='word_1_831' title='bbox 3144 4995 3193 5052; x_wconf 91' lang='lat' dir='ltr'><strong>is</strong></span> <span class='ocrx_word' id='word_1_832' title='bbox 3212 4996 3309 5070; x_wconf 89' lang='lat' dir='ltr'><strong>qui</strong></span> <span class='ocrx_word' id='word_1_833' title='bbox 3336 4995 3530 5053; x_wconf 90' lang='lat' dir='ltr'><strong>electis</strong></span> <span class='ocrx_word' id='word_1_834' title='bbox 3559 5004 3645 5051; x_wconf 88' lang='lat' dir='ltr'><strong>est</strong></span> <span class='ocrx_word' id='word_1_835' title='bbox 3663 4992 3858 5051; x_wconf 85' lang='lat' dir='ltr'><strong>lucifer</strong></span> 
     </span>
    </p>
   </div>
   <div class='ocr_carea' id='block_1_113' title="bbox 2259 5082 3857 5160">
    <p class='ocr_par' dir='ltr' id='par_1_113' title="bbox 2259 5082 3857 5160">
     <span class='ocr_line' id='line_1_113' title="bbox 2259 5082 3857 5160; baseline -0.003 -20"><span class='ocrx_word' id='word_1_836' title='bbox 2259 5082 2508 5157; x_wconf 90' lang='lat' dir='ltr'><strong>reprobis</strong></span> <span class='ocrx_word' id='word_1_837' title='bbox 2545 5082 2893 5142; x_wconf 88' lang='lat' dir='ltr'><strong>auditoribus</strong></span> <span class='ocrx_word' id='word_1_838' title='bbox 2927 5084 2991 5141; x_wconf 91' lang='lat' dir='ltr'><strong>ﬁt</strong></span> <span class='ocrx_word' id='word_1_839' title='bbox 3035 5101 3248 5160; x_wconf 89' lang='lat' dir='ltr'><strong>vesper,</strong></span> <span class='ocrx_word' id='word_1_840' title='bbox 3299 5086 3430 5160; x_wconf 90' lang='lat' dir='ltr'><strong>quia</strong></span> <span class='ocrx_word' id='word_1_841' title='bbox 3461 5082 3857 5141; x_wconf 79' lang='lat' dir='ltr'><strong>exhortatione</strong></span> 
     </span>
    </p>
   </div>
   <div class='ocr_carea' id='block_1_114' title="bbox 2262 5168 3854 5249">
    <p class='ocr_par' dir='ltr' id='par_1_114' title="bbox 2262 5168 3854 5249">
     <span class='ocr_line' id='line_1_114' title="bbox 2262 5168 3854 5249; baseline -0.004 -16"><span class='ocrx_word' id='word_1_842' title='bbox 2262 5179 2449 5233; x_wconf 85' lang='lat' dir='ltr'><strong>sancta</strong></span> <span class='ocrx_word' id='word_1_843' title='bbox 2468 5176 2490 5211; x_wconf 85' lang='grc'>⁶</span> <span class='ocrx_word' id='word_1_844' title='bbox 2511 5190 2620 5249; x_wconf 87' lang='lat' dir='ltr'><strong>qua</strong></span> <span class='ocrx_word' id='word_1_845' title='bbox 2645 5173 2780 5233; x_wconf 89' lang='lat' dir='ltr'><strong>boni</strong></span> <span class='ocrx_word' id='word_1_846' title='bbox 2803 5174 2875 5236; x_wconf 87' lang='lat' dir='ltr'><strong>ad</strong></span> <span class='ocrx_word' id='word_1_847' title='bbox 2901 5175 3073 5233; x_wconf 89' lang='lat' dir='ltr'><strong>vitam</strong></span> <span class='ocrx_word' id='word_1_848' title='bbox 3094 5175 3326 5235; x_wconf 89' lang='lat' dir='ltr'><strong>redeunt</strong></span> <span class='ocrx_word' id='word_1_849' title='bbox 3352 5175 3511 5249; x_wconf 88' lang='lat' dir='ltr'><strong>pravi</strong></span> <span class='ocrx_word' id='word_1_850' title='bbox 3539 5168 3854 5232; x_wconf 88' lang='lat' dir='ltr'><strong>deteriusin</strong></span> 
     </span>
    </p>
   </div>
   <div class='ocr_carea' id='block_1_115' title="bbox 2262 5262 3852 5342">
    <p class='ocr_par' dir='ltr' id='par_1_115' title="bbox 2262 5262 3852 5342">
     <span class='ocr_line' id='line_1_115' title="bbox 2262 5262 3852 5342; baseline -0.006 -17"><span class='ocrx_word' id='word_1_851' title='bbox 2262 5266 2425 5339; x_wconf 86' lang='lat' dir='ltr'><strong>culpa</strong></span> <span class='ocrx_word' id='word_1_852' title='bbox 2469 5266 2801 5324; x_wconf 90' lang='lat' dir='ltr'><strong>moriuntur.</strong></span> <span class='ocrx_word' id='word_1_853' title='bbox 2852 5265 3006 5325; x_wconf 92' lang='lat' dir='ltr'><strong>Unde</strong></span> <span class='ocrx_word' id='word_1_854' title='bbox 3033 5266 3172 5325; x_wconf 88' lang='lat' dir='ltr'><strong>bene</strong></span> <span class='ocrx_word' id='word_1_855' title='bbox 3199 5283 3297 5342; x_wconf 91' lang='lat' dir='ltr'><strong>per</strong></span> <span class='ocrx_word' id='word_1_856' title='bbox 3323 5266 3556 5325; x_wconf 89' lang='lat' dir='ltr'><strong>Paulum</strong></span> <span class='ocrx_word' id='word_1_857' title='bbox 3602 5262 3852 5323; x_wconf 90' lang='lat' dir='ltr'><strong>dicitur:</strong></span> 
     </span>
    </p>
   </div>
   <div class='ocr_carea' id='block_1_116' title="bbox 2332 5526 3567 5602">
    <p class='ocr_par' dir='ltr' id='par_1_116' title="bbox 2332 5526 3567 5602">
     <span class='ocr_line' id='line_1_116' title="bbox 2332 5526 3567 5602; baseline 0.002 -17"><span class='ocrx_word' id='word_1_858' title='bbox 2332 5531 2354 5565; x_wconf 78' lang='lat'><strong>‘</strong></span> <span class='ocrx_word' id='word_1_859' title='bbox 2384 5527 2685 5602; x_wconf 71' lang='lat' dir='ltr'><strong>Laud.,_ad</strong></span> <span class='ocrx_word' id='word_1_860' title='bbox 2707 5529 3215 5602; x_wconf 68' lang='lat' dir='ltr'><strong>perspiciendum...</strong></span> <span class='ocrx_word' id='word_1_861' title='bbox 3246 5526 3567 5588; x_wconf 85' lang='lat' dir='ltr'><strong>claritatem.</strong></span> 
     </span>
    </p>
   </div>
   <div class='ocr_carea' id='block_1_117' title="bbox 2330 5598 2980 5671">
    <p class='ocr_par' dir='ltr' id='par_1_117' title="bbox 2330 5598 2980 5671">
     <span class='ocr_line' id='line_1_117' title="bbox 2330 5598 2980 5671; baseline 0.003 -14"><span class='ocrx_word' id='word_1_862' title='bbox 2330 5601 2351 5635; x_wconf 78' lang='grc'><strong><em>⁵</em></strong></span> <span class='ocrx_word' id='word_1_863' title='bbox 2384 5598 2535 5671; x_wconf 89' lang='lat' dir='ltr'><strong>Idem</strong></span> <span class='ocrx_word' id='word_1_864' title='bbox 2565 5598 2772 5671; x_wconf 64' lang='lat' dir='ltr'><strong>Code&#39;x,</strong></span> <span class='ocrx_word' id='word_1_865' title='bbox 2802 5598 2980 5659; x_wconf 72' lang='lat' dir='ltr'><strong>mittit.</strong></span> 
     </span>
    </p>
   </div>
   <div class='ocr_carea' id='block_1_118' title="bbox 2331 5662 3859 5749">
    <p class='ocr_par' dir='ltr' id='par_1_118' title="bbox 2331 5662 3859 5749">
     <span class='ocr_line' id='line_1_118' title="bbox 2331 5662 3859 5749; baseline -0.003 -20"><span class='ocrx_word' id='word_1_866' title='bbox 2331 5673 2353 5707; x_wconf 84' lang='grc'>⁶</span> <span class='ocrx_word' id='word_1_867' title='bbox 2381 5670 2641 5749; x_wconf 82' lang='lat' dir='ltr'><strong>Vind9c.,</strong></span> <span class='ocrx_word' id='word_1_868' title='bbox 2684 5662 2905 5732; x_wconf 79' lang='lat' dir='ltr'><strong>Ebroic.</strong></span> <span class='ocrx_word' id='word_1_869' title='bbox 2957 5682 3012 5734; x_wconf 92' lang='lat' dir='ltr'><strong>et</strong></span> <span class='ocrx_word' id='word_1_870' title='bbox 3062 5674 3134 5733; x_wconf 90' lang='lat' dir='ltr'><strong>al.</strong></span> <span class='ocrx_word' id='word_1_871' title='bbox 3179 5674 3394 5746; x_wconf 89' lang='lat' dir='ltr'><strong>Norm.,</strong></span> <span class='ocrx_word' id='word_1_872' title='bbox 3425 5691 3587 5749; x_wconf 87' lang='lat' dir='ltr'><strong>quam</strong></span> <span class='ocrx_word' id='word_1_873' title='bbox 3622 5670 3748 5728; x_wconf 82' lang='lat' dir='ltr'><strong>boni</strong></span> <span class='ocrx_word' id='word_1_874' title='bbox 3783 5662 3859 5725; x_wconf 84' lang='lat' dir='ltr'><strong>ad</strong></span> 
     </span>
    </p>
   </div>
   <div class='ocr_carea' id='block_1_119' title="bbox 2258 5743 2691 5801">
    <p class='ocr_par' dir='ltr' id='par_1_119' title="bbox 2258 5743 2691 5801">
     <span class='ocr_line' id='line_1_119' title="bbox 2258 5743 2691 5801; baseline 0.007 -4"><span class='ocrx_word' id='word_1_875' title='bbox 2258 5743 2421 5801; x_wconf 79' lang='lat' dir='ltr'><strong>vitam</strong></span> <span class='ocrx_word' id='word_1_876' title='bbox 2447 5743 2691 5801; x_wconf 87' lang='lat' dir='ltr'><strong>audiunt.</strong></span> 
     </span>
    </p>
   </div>
  </div>
