4152 6182
254 302 359 359 521

969 307 1342 364 MORALIUM
1384 309 1515 364 LIB.
1559 309 1742 365 XXX.
1783 340 1852 351 —
1893 310 1965 365 IN
2002 308 2229 365 CAPUT
2268 309 2558 366 XXXVIII
2598 311 2658 365 B.
2701 311 2842 366 JOB.

3451 317 3562 374 522

260 429 466 486 Christi
493 430 638 490 953
669 429 834 484 bonus
861 429 996 484 odor
1034 448 1215 486 sumus
1260 433 1367 488 Deo
1397 432 1454 487 in
1495 433 1576 487 his
1603 433 1696 503 qui
1724 434 1861 491 salvi
1887 436 1939 495 A
1972 450 2065 489 sus
2079 431 2243 504 jacet.
2267 433 2424 488 Alius
2445 449 2632 489 vacare
2653 434 2879 506 appetit,
2911 442 2965 490 et
2995 434 3304 496 innumeris
3330 445 3570 514 negotiis

255 531 413 602 ﬁunt,
439 537 488 586 et
503 547 561 586 in
575 530 656 586 his
677 530 770 600 qui
784 533 1036 601 pereunt;
1075 529 1203 585 aliis
1224 530 1433 601 quidem
1453 531 1587 586 odor
1603 531 1791 586 mortis
1807 530 1865 586 in

254 630 503 688 mortem,
527 622 653 678 aliis
673 628 847 677 autem
867 621 1000 677 odor
1019 621 1141 677 vitae
1161 621 1214 676 in
1235 620 1399 677 vitam
1426 623 1520 690 (II
1541 623 1666 680 Cor.
1687 639 1749 688 II,
1775 622 1862 689 15,

257 714 376 786 16).
403 713 647 770 Verbum
671 712 854 785 itaque
875 729 1036 768 suum
1059 712 1406 770 auditoribus
1426 730 1542 770 esse
1571 713 1862 770 luciferum

253 805 428 860 simul
459 812 514 860 et
545 819 835 875 vesperum
880 802 1045 870 vidit,
1096 819 1192 874 per
1224 803 1375 874 quod
1405 811 1459 860 et
1487 804 1625 860 alios
1648 803 1718 860 ab
1746 803 1866 859 ini-

256 895 474 968 quitate
502 892 782 959 suscitari,
805 901 859 948 et
879 909 907 947 e
928 901 1122 948 contra
1141 893 1279 948 alios
1299 893 1472 964 sopiri
1494 893 1550 948 in
1574 879 1874 966 iniquitate.

257 981 743 1056 conspexit.Quod
765 982 894 1054 quia
915 983 1150 1038 occultis
1171 982 1270 1039 Dei
1287 983 1519 1055 judiciis
1537 983 1866 1056 agitur,quaa

257 1074 319 1130 in
351 1073 457 1130 hac
489 1073 605 1128 vita
629 1072 698 1128 ab
721 1071 1044 1129 hominibus
1064 1073 1461 1146 comprehendi
1483 1089 1592 1129 non
1615 1080 1865 1145 possunt,

257 1169 409 1220 recte
430 1164 549 1219 illic
572 1161 823 1218 subdidit
841 1181 852 1218 :
874 1164 947 1218 Et
965 1163 1036 1218 ad
1056 1165 1160 1219 haec
1181 1164 1299 1235 quis
1321 1171 1427 1220 tam
1443 1165 1660 1220 idoneus
1677 1162 1866 1234 (Ibid.,

262 1255 330 1310 16
335 1255 402 1324 )Ϋ
421 1255 503 1308 Ac
519 1253 566 1308 si
587 1251 798 1308 diceret
819 1269 829 1306 :
855 1251 1043 1308 Idonei
1065 1253 1288 1325 quidem
1307 1271 1499 1310 sumus
1520 1253 1587 1310 ad
1605 1253 1722 1310 haec
1741 1269 1869 1310 con-

257 1341 556 1400 sideranda
581 1344 596 1376 ί
629 1342 760 1414 quia
784 1340 947 1410 ﬁunt,
976 1343 1071 1400 sed
1097 1343 1283 1400 idonei
1313 1360 1425 1400 non
1450 1361 1644 1401 sumus
1663 1343 1730 1399 ad
1753 1342 1870 1398 haec

260 1431 650 1504 investiganda
680 1448 781 1488 cur
813 1431 969 1488 ﬁant.
1016 1433 1169 1490 Unde
1200 1433 1294 1490 hic
1322 1451 1539 1507 quoque
1579 1433 1870 1498 Dominus,

259 1523 392 1596 quia
433 1523 559 1579 aliis
602 1520 833 1594 produci
875 1521 1194 1592 luciferum,
1223 1524 1350 1580 aliis
1386 1540 1517 1579 vero
1547 1537 1873 1595 consurgere

263 1629 558 1686 vesperum
595 1612 834 1680 dixerat,
865 1629 936 1669 ne
963 1613 1301 1685 perscrutari
1334 1613 1502 1671 homo
1531 1615 1746 1672 occulta
1773 1610 1874 1670 Dei

258 1701 476 1772 judicia
505 1702 724 1770 audeat,
758 1701 909 1758 illico
936 1702 1224 1776 subjungit
1255 1723 1266 1759 :

391 1792 620 1851 CAPUT
649 1791 891 1848 XXXIII
923 1790 1061 1866 [Vet.
1095 1793 1325 1860 XXXII,
1350 1795 1470 1850 Rec.
1502 1791 1740 1865 XVIII].

340 1882 513 1940 Vnus.
547 1881 631 1938 33.
655 1912 725 1922 —
754 1882 1011 1952 Nunquid
1038 1883 1178 1938 nosti
1204 1883 1443 1938 ordinem
1471 1882 1607 1950 cceli,
1637 1887 1686 1936 et
1707 1895 1868 1952 pones

263 1971 534 2027 rationem
565 1969 672 2039 ejus
701 1971 756 2025 in
786 1977 932 2026 terra
953 1973 980 2026 9

345 2060 435 2116 77.
467 2060 796 2116 Judiciorum
823 2066 871 2115 et
887 2061 1370 2132 prwdestinationis
1388 2061 1488 2118 Dei
1514 2077 1704 2116 causas
1723 2076 1872 2114 nemo

269 2151 370 2206 scit
391 2168 410 2215 ;
438 2167 584 2206 nemo
611 2157 893 2207 scrutetur.
921 2182 990 2193 —
1023 2152 1286 2210 Ordinem
1317 2151 1443 2209 caeli
1473 2167 1630 2207 nosse
1661 2157 1744 2206 est
1771 2166 1876 2206 su-

273 2255 569 2312 pemarum
606 2239 1035 2314 dispositionum
1087 2243 1330 2299 occultas
1371 2239 1878 2314 praedestinationes

277 2329 490 2386 videre.
523 2329 813 2386 Rationem
839 2346 971 2386 vero
995 2330 1112 2402 ejus
1139 2332 1197 2386 in
1220 2338 1364 2387 terra
1392 2347 1615 2403 ponere,
1645 2337 1727 2385 est
1753 2336 1879 2384 ante

273 2417 519 2476 humana
541 2420 710 2477 corda
731 2419 927 2476 talium
950 2430 1287 2477 secretorum
1309 2437 1498 2477 causas
1518 2419 1748 2492 aperire.
1781 2419 1879 2473 Ra-

274 2509 484 2565 tionem
508 2509 777 2565 videlicet
797 2509 924 2565 c-mli
946 2509 1003 2564 in
1027 2517 1168 2564 terra
1189 2525 1392 2580 ponere
1411 2517 1493 2564 est
1521 2524 1882 2579 supernorum

267 2596 626 2669 judiciorum
660 2597 926 2668 mysteria
946 2597 1032 2651 vel
1053 2597 1455 2652 considerando
1484 2596 1777 2665 discutere,
1800 2597 1886 2651 vel

272 2683 566 2756 loquendo
590 2684 960 2740 manifestare.
991 2683 1150 2751 Quod
1171 2683 1364 2756 utique
1384 2685 1559 2742 facere
1579 2684 1635 2740 in
1659 2684 1760 2742 hac
1777 2685 1890 2740 vita

269 2773 498 2848 positus
547 2775 737 2831 nullus
783 2781 978 2846 potest.
1027 2776 1094 2832 Ut
1140 2775 1285 2830 enim
1317 2793 1347 2831 a
1375 2774 1558 2847 parvis
1587 2774 1653 2830 ad
1684 2774 1889 2848 majora

280 2865 600 2932 veniamus,
635 2865 761 2937 quis
779 2865 1052 2937 intelligat
1073 2865 1094 2900 ³
1115 2882 1237 2938 quae
1256 2882 1371 2922 esse
1392 2866 1532 2921 ratio
1552 2874 1886 2922 secretorum

286 2959 488 3024 potest,
514 2951 664 3023 quod
694 2967 834 3023 saepe
856 2951 944 3007 vir
958 2950 1142 3023 justus
1168 2968 1200 3007 a
1214 2951 1427 3023 judicio
1448 2969 1559 3008 non
1580 2955 1758 3009 solum
1776 2971 1890 3010 non

286 3039 629 3108 vindicatus,
655 3040 750 3096 sed
771 3040 936 3096 etiam
958 3041 1188 3113 punitus
1217 3041 1422 3110 redeat,
1455 3051 1508 3098 et
1529 3043 1754 3115 iniquus
1772 3043 1892 3115 ejus

285 3132 634 3191 adversarius
661 3149 771 3188 non
801 3133 978 3189 solum
1010 3150 1122 3190 non
1143 3134 1393 3205 punitus,
1411 3133 1506 3190 sed
1527 3135 1691 3190 etiam
1715 3135 1892 3190 victor

284 3222 578 3280 abscedat?
597 3223 734 3290 Quis
751 3222 1022 3297 intelligat
1041 3241 1141 3281 cur
1151 3223 1446 3281 vivitalius
1460 3224 1730 3281 insidians
1748 3241 1888 3282 mor-

293 3316 444 3374 tibus
473 3315 879 3388 proximorum,
929 3324 982 3371 et
1012 3314 1247 3371 moritur
1274 3315 1415 3372 alius
1443 3315 1538 3388 qui
1568 3317 1890 3387 profuturus

287 3413 430 3463 esset
458 3406 586 3462 vitae
609 3405 914 3461 multorum
939 3405 966 3461 ?
996 3405 1158 3462 Alius
1186 3407 1406 3463 culmen
1439 3408 1722 3479 potestatis
1750 3423 1890 3463 asse-

288 3498 504 3574 quitur,
519 3495 615 3570 qui
637 3511 748 3550 non
771 3494 878 3551 nisi
901 3494 1096 3551 Iadere
1117 3495 1330 3563 studet;
1350 3497 1490 3553 alius
1505 3495 1892 3553 tantummodo

291 3592 453 3647 lassos
482 3587 776 3644 defendere
805 3586 1171 3660 concupiscit,
1217 3595 1272 3643 et
1299 3594 1486 3644 tamen
1516 3586 1630 3658 ipse
1659 3602 1893 3659 oppres-

375 3747 386 3779 ¹
423 3744 488 3800 In
515 3742 703 3812 Gilot.,
725 3742 935 3811 Vatic.,
960 3741 1232 3798 Gussanv.
1258 3741 1384 3808 Ed.,
1409 3749 1538 3807 etc.,
1561 3742 1762 3812 legitur
1781 3759 1898 3812 qute

291 3820 465 3892 ﬁmtt_._
493 3815 683 3892 Melius
703 3817 830 3886 quia
846 3817 1008 3892 ﬁunt,
1039 3821 1100 3868 ut
1121 3813 1326 3892 habent
1346 3814 1474 3868 Mss.
1496 3812 1664 3892 Cor'b:
1685 3814 1893 3892 Genu,

293 3820 458 3892 ﬁunt.
493 3817 683 3870 Melius
703 3817 830 3886 quia
846 3817 1008 3942 {fu-nt,
1039 3821 1100 3868 ut
1121 3817 1326 3893 habent
1346 3817 1474 3868 Mss.
1496 3817 1658 3868 Corb.
1685 3817 1893 3893 Germ.,

293 3887 545 3959 Anglic,
590 3888 802 3954 Norm.,
890 3885 1016 3959 aud.
1051 3893 1104 3940 et
1133 3885 1252 3950 alii,
1295 3901 1358 3941 ac
1387 3892 1546 3940 vetus
1584 3883 1688 3939 Ed.
1723 3884 1893 3940 Paris.

294 3957 461 4024 M93,
493 3966 554 4014 ut
583 3959 649 4014 de
677 3959 890 4015 caeteris
918 3957 1196 4013 sileamus.

373 4033 402 4118 "
415 4030 598 4112 _Editi,
629 4048 869 4118 quat-esse
888 4037 1203 4084 secretorum
1223 4028 1897 4118 sth.ilimspotest.nAliam

297 4104 594 4159 lectionem
627 4103 991 4174 praetulimus,
1041 4117 1160 4172 quze
1190 4108 1272 4156 est
1301 4101 1426 4156 Mss.
1475 4101 1636 4174 Corb.
1687 4102 1896 4170 Germ.,

295 4177 512 4240 Norm.,
545 4172 743 4241 Laud,
776 4172 1033 4239 Vindoc.,
1067 4180 1469 4244 annotaturque
1495 4190 1525 4228 a
1554 4173 1825 4229 Gussanv.

375 4247 396 4280 ³
426 4245 588 4302 Corb.
609 4246 820 4312 Germ.,
840 4245 1063 4316 Ebroic.
1084 4243 1286 4316 aliique
1312 4243 1523 4312 Norm.,
1557 4262 1658 4314 quo
1687 4247 1758 4301 ad
1783 4263 1902 4316 per-

296 4335 453 4374 versa
471 4323 809 4388 prorumpat.
830 4315 1026 4383 Laud.,
1048 4317 1188 4388 quod
1207 4315 1277 4388 ad
1293 4332 1540 4385 perversa
1559 4315 1898 4388 prorumpat.

379 4392 398 4423 ⁴
429 4386 599 4444 Multa
628 4386 720 4444 hic
741 4388 945 4444 omissa
967 4386 1194 4460 iniEdit.
1229 4386 1500 4443 Gussanv.
1526 4386 1905 4460 snpplevimus

300 4478 372 4516 ex
403 4461 529 4516 Mss.
562 4460 726 4517 Corb.
760 4459 968 4526 Germ.,
1003 4459 1213 4526 Norm,,
1246 4466 1373 4527 etc.,
1407 4474 1619 4514 necnon
1635 4459 1712 4515 ex
1741 4460 1812 4515 al.

1976 522 2331 595 implicatur;
2361 522 2504 579 alius
2532 523 2768 594 negotiis
2797 528 2944 586 954
2970 522 3244 597 implicari
3276 528 3570 602 desiderat,

1973 627 2030 676 et
2056 627 2278 676 coactus
2307 626 2481 676 vacat.
2512 619 2675 676 Alius
2705 621 2846 677 male
2873 620 3142 679 inchoans
3161 639 3334 697 usque
3354 625 3421 682 ad
3442 627 3572 684 vitai

1973 726 2085 766 suae
2113 709 2413 767 terminum
2445 708 2511 766 ad
2543 708 2726 782 pejora
2751 710 3121 784 protrahitur;
3155 712 3298 769 alius
3327 713 3464 771 bene
3493 716 3573 771 in-

1974 800 2182 872 cipiens
2213 817 2308 873 per
2338 801 2740 873 longitudinem
2770 810 3081 875 temporum
3104 803 3325 876 proﬁcit
3354 805 3421 861 ad
3445 822 3573 879 aug-

1975 899 2159 947 menta
2189 892 2534 949 meritorum.
2566 893 2639 948 At
2668 899 2879 961 contra,
2911 893 3051 949 alius
3082 895 3222 949 male
3250 894 3445 952 vivens
3476 895 3576 954 diu

1977 993 2289 1040 reservatur
2317 991 2378 1039 ut
2407 1000 2464 1040 se
2491 985 2750 1056 corrigat,
2775 983 2916 1040 alius
2937 1001 3067 1042 vero
3088 984 3229 1043 bene
3249 986 3471 1060 quidem
3496 987 3575 1043 vi-

1977 1071 2138 1130 detur
2167 1075 2377 1142 vivere,
2408 1073 2504 1130 sed
2528 1073 2584 1129 in
2607 1073 2709 1130 hac
2729 1074 2845 1130 vita
2873 1090 2938 1131 eo
2957 1091 3131 1149 usque
3151 1074 3315 1134 durat
3346 1078 3368 1112 ³
3397 1075 3576 1150 quoad

1978 1163 2035 1218 in
2067 1179 2322 1235 perversa
2349 1172 2693 1235 prorumpat.
2727 1164 2888 1221 Alius
2918 1165 2974 1223 in
3004 1182 3188 1223 errore
3235 1165 3578 1223 inﬁdelitatis

1979 1260 2143 1308 natus
2163 1253 2220 1308 in
2243 1268 2428 1308 errore
2449 1251 2656 1321 deﬁcit,
2681 1255 2702 1288 ⁸
2724 1253 2868 1310 alius
2887 1255 2942 1310 in
2965 1254 3253 1312 catholicae
3270 1253 3399 1312 ﬁdei
3420 1255 3577 1312 recti-

1979 1341 2173 1398 tudine
2197 1342 2414 1414 genitus
2430 1341 2486 1396 in
2505 1341 2794 1398 catholicae
2809 1343 2939 1401 ﬁdei
2960 1343 3292 1400 rectitudine
3313 1359 3582 1402 consum-

1982 1439 2184 1488 matur.
2218 1433 2264 1488 E
2294 1438 2488 1488 contra
2517 1447 2648 1488 vero
2677 1432 2819 1489 alius
2847 1433 3138 1491 catholicae
3169 1435 3359 1491 matris
3390 1442 3581 1490 ventre

1981 1521 2164 1580 editus
2191 1521 2355 1595 juxta
2374 1522 2504 1579 vitae
2520 1523 2820 1580 terminum
2839 1523 3041 1582 erroris
3066 1523 3327 1597 voragine
3355 1521 3580 1581 devora.

1982 1621 2094 1681 tur,
2127 1611 2268 1668 alius
2288 1619 2470 1668 autem
2492 1613 2670 1670 vitam
2693 1630 2846 1670 suam
2871 1615 2928 1670 in
2944 1613 3218 1672 catholica
3234 1613 3436 1687 pietate
3455 1629 3582 1670 con-

1986 1711 2245 1771 summat,
2270 1703 2364 1776 qui
2386 1712 2540 1760 ortus
2570 1704 2628 1761 in
2659 1705 2886 1777 perﬁdia
2913 1723 3038 1763 cum
3071 1706 3209 1764 lacte
3242 1705 3432 1762 matris
3450 1705 3582 1762 hau-

1900 1802 1946 1864 Β
1984 1800 2128 1849 serat
2151 1793 2305 1849 virus
2324 1793 2546 1850 erroris.
2565 1794 2724 1850 Alius
2743 1795 3132 1852 celsitudinem
3156 1798 3177 1832 ³
3198 1795 3337 1853 bene
3357 1795 3583 1872 vivendi

1979 1890 2232 1956 appetere
2261 1892 2316 1939 et
2344 1883 2487 1951 vult,
2519 1890 2572 1940 et
2596 1884 2774 1951 valet;
2809 1883 2950 1939 alius
2980 1900 3081 1941 nec
3109 1885 3253 1953 vult,
3286 1900 3390 1941 nec
3415 1885 3583 1952 valet,

1980 1971 2140 2027 Alius
2164 1972 2305 2039 vult,
2323 1979 2377 2027 et
2397 1987 2507 2027 non
2529 1972 2706 2038 valet;
2727 1972 2870 2028 alius
2890 1973 3055 2041 valet,
3080 1979 3134 2028 et
3155 1987 3270 2029 non
3291 1973 3432 2028 vult.
3451 1971 3588 2040 Quis

1983 2075 2110 2132 ergo
2141 2060 2248 2115 ista
2283 2059 2627 2132 judiciorum
2675 2060 2983 2119 cmlestium
3030 2070 3242 2120 secreta
3284 2059 3590 2120 discutiat?

1987 2151 2009 2185 ⁸
2029 2149 2167 2216 Quis
2197 2149 2471 2222 intelligat
2492 2158 2756 2207 secretam
2777 2151 2989 2208 lancem
3011 2150 3290 2224 aquitatis
3318 2153 3544 2208 occultae
3560 2149 3590 2206 τ

1987 2239 2074 2294 Ad
2102 2237 2508 2310 cognoscendos
2540 2239 2741 2311 quippe
2763 2242 2782 2275 ⁷
2817 2239 2951 2296 istos
2973 2238 3316 2312 judiciorum
3345 2245 3591 2296 secreto-

1989 2345 2111 2384 rum
2136 2328 2290 2385 sinus
2310 2328 2499 2386 nullus
2514 2327 2781 2386 ascendit.
2805 2327 3034 2385 Dicatur
3052 2344 3182 2402 ergo
3197 2327 3436 2396 homini,
3454 2335 3515 2384 ut
3534 2344 3591 2384 se

1991 2419 2202 2476 nescire
2233 2426 2554 2491 cognoscat;
2599 2419 2932 2476 nescientem
2965 2435 3099 2474 vero
3125 2433 3181 2474 se
3209 2424 3504 2490 cognoscat
3530 2423 3593 2472 ut

1993 2506 2216 2574 timeat;
2249 2507 2442 2563 timeat
2470 2516 2531 2564 ut
2559 2506 2907 2576 bumilietur,
2942 2505 3268 2563 bumilietur
3297 2521 3364 2562 ne
3394 2520 3592 2578 prasu-

1995 2604 2109 2652 mat
2147 2597 2204 2652 in
2238 2613 2328 2664 se;
2379 2613 2488 2652 non
2533 2606 2830 2670 praesumat
2876 2597 2934 2652 in
2964 2613 3042 2666 se,
3086 2604 3148 2652 ut
3175 2595 3480 2654 conditoris
3507 2593 3594 2652 sui

1995 2687 2270 2744 auxilium
2302 2687 2581 2760 requirat;
2623 2695 2678 2744 et
2706 2687 2799 2761 qui
2830 2687 2886 2744 in
2917 2703 2974 2743 se
3005 2685 3182 2743 ﬁdens
3211 2693 3463 2743 mortuus
3491 2692 3593 2753 est,

1997 2778 2238 2834 auctoris
2263 2779 2348 2834 sui
2365 2775 2703 2850 adjutorium
2730 2784 2990 2850 appetens
3005 2776 3392 2834 vivat.Audiat
3413 2777 3596 2849 itaque
3691 2815 3701 2826 .

1998 2869 2085 2924 vir
2107 2867 2292 2940 justus
2313 2867 2428 2939 jam
2461 2867 2681 2940 quidem
2713 2883 2770 2924 se
2799 2868 2998 2932 sciens,
3029 2866 3123 2923 sed
3152 2866 3334 2923 adhuc
3361 2882 3480 2938 qua:
3509 2881 3597 2920 su-

1999 2973 2097 3029 pra
2125 2973 2181 3012 se
2211 2963 2340 3012 sunt
2369 2957 2618 3013 nesciens
2644 2973 2655 3012 :
2688 2955 2946 3026 Nunquid
2973 2954 3112 3010 nosti
3131 2954 3369 3008 ordinem
3398 2951 3531 3018 aeli,
3553 2957 3601 3006 et

1995 3063 2158 3118 pones
2179 3047 2413 3102 rationes
2432 3045 2545 3114 ejus
2567 3046 2621 3100 in
2645 3051 2789 3099 terra
2805 3047 2832 3100 ?
2854 3043 2909 3100 id
2939 3051 3041 3112 est,
3072 3040 3325 3115 nunquid
3355 3039 3601 3098 occultos

1921 3170 1964 3231 Ο
2003 3135 2226 3192 ordines
2265 3133 2607 3207 judiciorum
2657 3132 2965 3190 crelestium
3015 3129 3458 3203 comprehendis,
3506 3135 3602 3184 aut

2003 3227 2216 3300 aperire
2245 3225 2507 3282 humanis
2535 3223 2767 3281 auribus
2795 3221 3000 3280 sulﬁcis
3018 3222 3046 3279 ?
3075 3223 3274 3279 Beatus
3304 3221 3472 3294 igitur
3499 3218 3602 3276 Job

1999 3316 2066 3372 de
2095 3315 2439 3388 judiciorum
2485 3312 3130 3388 incomprehensibilium
3181 3310 3603 3383 investigatione

1999 3407 2320 3480 requiritur,
2363 3423 2427 3465 ac
2472 3407 2517 3463 si
2558 3407 2608 3462 ei
2638 3413 2822 3479 aperte
2869 3404 3146 3462 diceretur
3179 3420 3190 3458 :
3243 3402 3456 3460 Cuncta
3482 3415 3603 3473 quae

2001 3495 2204 3566 pateris
2229 3502 2385 3550 tanto
2415 3495 2650 3551 tolerare
2671 3495 2971 3566 patientius
2991 3491 3176 3560 debes,
3206 3497 3412 3565 quanto
3431 3504 3604 3546 secre-

2001 3591 2186 3639 torum
2215 3583 2519 3640 caelestium
2552 3583 2773 3655 ignarus
2802 3599 2900 3638 cur
2929 3581 3046 3638 haec
3075 3581 3277 3653 pateris
3305 3579 3504 3636 nescis.

2004 3733 2155 3789 Edit.
2202 3735 2462 3789 Attamen
2505 3741 2732 3806 veteres
2761 3731 2937 3806 Paris.
2974 3728 3120 3806 _Ui_8_8
3148 3737 3201 3806 et
3223 3727 3372 3806 _l!iQ5
3400 3724 3609 3806 habent

2005 3812 2242 3872 tantum,
2263 3812 2323 3858 ut
2337 3806 2607 3879 Gussanv.
2619 3845 2637 3879 ,_
2655 3803 2797 3856 alius
2815 3803 2869 3855 in
2884 3799 3151 3879 catlioiicw
3299 3797 3612 3879 ντςεειίιιέάῥῃο

2007 3866 2422 3931 consummatur.
2447 3875 2577 3940 Quae
2607 3866 2831 3928 deerant
2859 3866 3234 3940 suppeditavit
3261 3867 3425 3940 etiam
3455 3866 3610 3940 E_dit.

2006 3947 2180 4003 Paris.
2217 3947 2374 4002 1518.
2425 3936 2622 4019 Nostra
2667 3941 2831 4019 lectio
2879 3936 3411 4019 meliusrespondet
3452 3936 3611 3992 alteri

2011 4019 2258 4075 membro
2293 4035 2304 4074 :
2337 4019 2480 4074 alius
2508 4017 2566 4071 in
2593 4032 2776 4070 errore
2803 4013 3135 4086 inﬁdelitatis
3159 4017 3318 4066 natus
3345 4013 3406 4064 in
3431 4025 3614 4065 errore

2010 4092 2202 4163 deﬁcit.

2081 4166 2103 4240 ξ
2133 4162 2394 4240 Yindoc.,
2427 4160 2624 4240 Pratel:
2659 4158 2857 4240 et__a_lii,_
2891 4156 3010 4240 bene
3036 4155 3286 4240 vivenqu
3411 4225 3425 4240 Δ
3521 4223 3555 4240 μ

2085 4236 2106 4269 ⁵
2137 4235 2199 4290 In
2228 4223 2403 4300 Editi,
2435 4234 2555 4304 quis
2601 4223 2860 4302 intelligat
2900 4229 3201 4284 discretam.
3232 4227 3362 4286 Mss.
3393 4223 3613 4298 Anglic.

2014 4313 2067 4360 et
2098 4306 2274 4361 nostri
2307 4305 2530 4371 habent,
2563 4309 2832 4358 secretam.

2088 4380 2106 4411 ⁷
2139 4378 2370 4445 Turon.,
2403 4383 2457 4431 et
2487 4374 2685 4443 Laud.,
2707 4374 2902 4444 justas.

1388 4746 1723 4832 LIBER
1811 4741 2530 4829 TRIGESIMUS.

309 4909 800 4995 Expositionem
827 4919 962 4995 octo
986 4925 1294 4995 versuum
1323 4907 1718 4995 ultimorum
1769 4903 2028 4995 capitis.
2062 4919 2279 4995 XXXIII,
2313 4908 2373 4994 et
2403 4903 2668 4995 totidem
2695 4903 3198 4995 capitishxxxrv,
3249 4895 3624 4995 complecti:

357 4975 524 5057 {iu-ri.
561 4975 709 5057 Ubi
747 4994 826 5057 de
869 4991 1213 5071 Evangelii
1247 4989 1708 5070 pradicatione
1741 4975 2103 5066 praesertim
2139 4975 2442 5062 plurima
2495 4986 2600 5063 pie
2654 5001 2734 5046 ac
2775 4975 3028 5045 erudite
3070 4987 3344 5043 sanctus
3398 4975 3625 5038 Doctor

395 5077 716 5138 edisserit.

399 5219 545 5277 955
576 5211 714 5286 [νει.
747 5217 794 5267 et
823 5212 939 5268 Rec.
964 5208 1039 5283 1.]
1077 5209 1124 5264 1.
1163 5207 1276 5264 Cur
1303 5206 1398 5263 Job
1428 5222 1462 5261 a
1481 5205 1591 5261 Deo
1617 5203 1679 5259 de
1709 5207 1782 5258 tot
1812 5209 1923 5258 tan-
1953 5202 2002 5262 D
2032 5207 2207 5267 ratur,
2251 5197 2318 5255 de
2355 5213 2420 5254 eo
2459 5195 2654 5254 divina
2682 5195 2785 5253 Job
2827 5209 2963 5251 voce
3005 5190 3339 5266 requiritur;
3385 5189 3628 5248 dicitur-

316 5315 490 5384 tisque
516 5312 969 5382 interrogatus.—
986 5308 1184 5363 Beatus
1211 5305 1314 5362 Job
1343 5305 1474 5359 talia
1505 5310 1764 5357 utrumne
1787 5301 1924 5357 fecer

315 5404 413 5470 rit,
446 5400 689 5458 Domino
725 5401 1118 5470 interrogante,
1163 5394 1484 5468 requiritur,
1522 5392 1705 5464 qualia
1734 5391 1924 5462 utique

317 5493 502 5549 facere
534 5508 647 5547 non
679 5498 856 5563 potest
901 5489 1091 5555 homo,
1126 5493 1186 5542 ut
1218 5485 1350 5541 dum
1381 5499 1436 5539 se
1472 5482 1576 5538 ista
1606 5482 1784 5538 facere
1813 5497 1926 5536 non

320 5599 482 5656 posse
502 5580 889 5653 deprehendit,
923 5578 990 5635 ad
1012 5593 1136 5633 eum
1159 5574 1395 5646 refugiat
1411 5591 1570 5646 quem
1594 5574 1772 5630 solum
1795 5572 1927 5629 talia

322 5673 454 5745 quia
475 5671 659 5728 facere
679 5671 850 5743 possit
871 5667 1150 5739 intelligit,
1187 5673 1350 5738 atque
1369 5672 1493 5720 ante
1513 5665 1703 5721 oculos
1719 5662 1926 5736 judicis

325 5763 442 5818 suis
465 5761 641 5834 magis
661 5770 854 5834 potens
875 5764 1150 5832 appareat,
1182 5756 1228 5814 si
1259 5771 1356 5812 sua
1376 5753 1561 5810 verius
1591 5751 1812 5808 inﬁrma
1839 5768 1926 5810 co-

328 5858 576 5922 gnoscat.
625 5849 783 5918 Quod
813 5866 941 5921 ergo
971 5849 1106 5904 mire
1137 5864 1168 5903 a
1195 5847 1433 5904 Domino
1468 5843 1586 5899 ﬁeri
1619 5860 1728 5900 non
1761 5844 1928 5915 igno-

621 5949 862 6006 Ρλτιιοιι.
897 5945 1146 6005 LXXVI.

2039 5306 2143 5363 que
2171 5289 2220 5345 ei
2255 5305 2267 5343 :

2548 5382 2776 5443 CAPUT
2815 5381 3110 5438 PRIMUM.

2105 5481 2234 5538 Car.
2254 5478 2675 5546 xxxvrrr,Vr.-:us.
2693 5472 3117 5544 34.—Nunquid
3135 5471 3357 5528 eleoabis
3376 5471 3433 5528 in
3445 5469 3636 5528 nebula

2035 5587 2204 5627 vocem
2233 5577 2396 5638 tuam,
2428 5575 2477 5625 et
2500 5569 2724 5640 impetus
2751 5580 3018 5636 aquarum
3047 5562 3247 5635 aperiet
3275 5565 3362 5619 te?

2108 5662 2161 5718 2.
2196 5663 2261 5718 In
2288 5659 2478 5716 nebula
2505 5657 2719 5713 verbum
2748 5653 2846 5710 Dei
2873 5653 3168 5725 spargitur,
3187 5651 3313 5708 dum
3340 5649 3638 5724 inﬁdelibus

2040 5750 2699 5808 annuntiatur.—Vocem
2731 5745 2932 5820 quippe
2963 5760 3118 5801 suam
3148 5743 3207 5800 in
3237 5740 3437 5799 nebula
3454 5738 3641 5799 Domi-

2040 5859 2146 5899 nus
2173 5843 2371 5910 elevat,
2417 5838 2637 5914 quando
2666 5853 2762 5910 per
2791 5835 3215 5910 praedicatorum
3260 5847 3486 5889 suorum
3522 5828 3642 5885 lin-

3324 5929 3393 5985 17
