4152 6182
603 317 709 373 523

1811 293 2060 350 SANCTI
2098 286 2436 346 GREGORII
2472 283 2701 341 MAGNI
3804 277 3900 333 524

605 453 734 514 guas
764 436 782 473 ¹
811 433 881 493 ad
907 431 1206 505 caliginosa
1224 426 1391 486 corda
1408 422 1720 483 inﬁdelium
1749 418 2194 514 exbortationem
2225 417 2274 477 Α
2299 427 2408 514 non
2427 410 2626 514 'solu‘m
2667 405 2899 464 solvebat
2925 403 3247 514 isabbatu‘m,
3287 401 3471 514 sednet
3505 400 3729 514 [Data-em

605 505 838 593 format;
869 536 1106 595 eumque
1131 533 1399 594 aquarum
1429 516 1666 588 impetus
1685 510 1884 584 operit,
1906 507 2043 565 dum
2064 505 2202 562 bene

605 613 822 690 agentia
850 611 1095 670 membra
1123 608 1240 682 ejus
1266 607 1432 665 turba
1462 601 1840 661 resistentium
1871 597 2202 672 populorum

609 705 826 781 premit.
853 703 996 761 Hinc
1015 709 1096 760 est
1116 699 1264 758 enim
1287 696 1435 772 quod
1455 695 1721 766 scriptum
1743 698 1858 748 est:
1893 690 2113 746 Factum
2133 691 2206 741 est

610 775 821 852 berbum
847 791 1064 851 Domini
1090 791 1162 847 ad
1189 787 1474 846 Ieremia-1n
1501 783 1714 840 dicens:
1743 781 1838 837 Sta
1860 779 1919 834 in
1943 777 2086 834 atrio
2115 775 2206 831 do-

608 902 725 942 mus
753 883 991 951 Domini,
1022 881 1046 919 ²
1079 883 1294 952 loquens
1337 876 1411 932 ad
1447 890 1621 930 omnes
1661 871 1896 927 civitates
1941 868 2104 936 Iuda,
2145 867 2208 921 de

610 975 802 1048 quibus
827 973 1064 1037 veniunt,
1085 976 1145 1026 ut
1169 969 1393 1024 adorent
1419 965 1476 1020 in
1489 964 1642 1019 domo
1670 959 1908 1027 Domini,
1937 956 2208 1011 universos

611 1043 870 1120 sermones
899 1077 1028 1134 quos
1057 1075 1146 1130 ego
1173 1053 1426 1112 mandavi
1457 1052 1550 1109 tibi
1580 1051 1793 1124 (Ierem.
1825 1062 1988 1112 xxvr,
2020 1043 2100 1118 2).
2137 1045 2208 1100 Et

612 1153 776 1227 paulo
805 1159 926 1224 post
959 1169 970 1207 :
1029 1150 1104 1206 Et
1128 1145 1417 1202 audierunt
1461 1141 1749 1198 sacerdotes
1787 1144 1836 1194 et
1868 1135 2136 1209 prophetae
2163 1139 2212 1188 et

612 1224 783 1296 omnis
803 1239 1035 1312 populus
1060 1235 1346 1292 Jeremiam
1372 1235 1663 1303 loquentem
1678 1228 1837 1284 verba
1857 1228 1963 1282 hac
1981 1225 2036 1280 in
2056 1224 2210 1280 domo

612 1330 848 1388 Domini.
875 1329 1108 1400 Cumque
1123 1325 1478 1398 complevisset
1493 1321 1748 1379 Ieremias
1769 1320 2004 1390 loquens,
2023 1331 2210 1388 appre-

612 1419 904 1476 henderunt
921 1434 1038 1473 eum
1057 1416 1346 1472 sacerdotes
1363 1419 1411 1468 et
1423 1411 1692 1484 propheta:
1708 1415 1756 1463 et
1773 1406 1942 1462 omnis
1956 1405 2210 1477 populus,

615 1509 790 1566 dicens
813 1525 830 1562 :
859 1507 1029 1567 Morte
1057 1503 1344 1568 moriatur,
1373 1517 1539 1572 quare
1561 1495 1896 1572 prophetavit
1922 1493 1979 1548 in
2006 1491 2214 1548 nomine

615 1599 833 1657 Domini
850 1597 1041 1670 (Ibid,
1059 1593 1218 1666 7-9)?
1235 1593 1378 1649 Ecce
1408 1591 1467 1646 in
1496 1587 1696 1644 nebula
1724 1585 1994 1642 Dominus
2021 1598 2210 1638 vocem

616 1687 843 1756 levavit,
867 1685 998 1760 quia
1015 1683 1279 1741 obscuras
1305 1685 1515 1736 mentes
1535 1674 1975 1748 superbientium
2003 1670 2212 1728 directo

615 1777 882 1854 propheta
903 1774 1194 1848 corripuit.
1217 1773 1362 1828 Ecce
1379 1783 1646 1842 aquarum
1675 1766 1914 1838 impetus
1941 1779 2066 1818 eum
2093 1778 2212 1833 pro-
2248 1781 2294 1841 Β

617 1853 768 1928 tinus
789 1866 1027 1942 operuit,
1049 1863 1180 1938 quia
1199 1861 1268 1918 ab
1289 1855 1703 1930 insurgentibus
1721 1853 1960 1927 populis,
1982 1859 2036 1907 et
2055 1867 2216 1907 causa

619 1976 731 2018 suae
771 1952 1134 2029 correptionis
1175 1948 1474 2022 instigatis,
1521 1946 1637 2019 ipse
1666 1945 1726 2000 in
1754 1942 1992 1999 Ieremia
2017 1948 2217 1998 cuncta

620 2047 868 2124 pertulit,
917 2043 1014 2118 qui
1055 2037 1418 2112 correptionis
1449 2033 1618 2092 verba
1646 2030 1952 2088 mandavit.
2002 2029 2104 2086 Per
2131 2045 2213 2085 se-

620 2117 916 2210 metipsum
934 2117 1157 2206 quoque
1175 2127 1450 2186 Dominus
1468 2125 1526 2181 in
1549 2122 1751 2181 nebula
1773 2136 1966 2178 vocem
1988 2117 2214 2186 levavit,

621 2205 843 2302 quando
867 2205 1189 2297 praesentem
1219 2233 1276 2273 se
1303 2215 1470 2271 etiam
1499 2218 1781 2284 assumpto
1809 2225 2036 2281 corpore
2063 2205 2216 2263 exhi-

621 2297 981 2383 bens,-multa
997 2310 1113 2368 suis
1141 2303 1585 2381 persecutoribus
1605 2300 1703 2358 sed
1731 2299 1923 2372 ﬁguris
1951 2297 2220 2370 aenigma-

622 2412 741 2461 tum
787 2403 966 2461 velata
1013 2395 1350 2474 praedicavit.
1383 2396 1404 2430 ³
1437 2394 1500 2450 In
1529 2391 1733 2448 nebula
1763 2403 1954 2446 vocem
1991 2387 2218 2454 levavit,

623 2493 754 2568 quia
771 2493 1067 2548 veritatem
1096 2503 1250 2544 suam
1281 2499 1395 2540 non
1419 2480 1692 2540 secuturis
1722 2477 2040 2535 inﬁdelibus
2067 2475 2222 2550 quasi

623 2567 719 2655 per
738 2580 1029 2652 caliginem
1051 2577 1257 2648 sonuit.
1282 2572 1458 2640 Unde,
1498 2579 1552 2626 et
1573 2571 1713 2626 bene
1745 2569 1806 2624 in
1828 2567 1986 2624 libris
2015 2567 2221 2639 Regum

626 2671 892 2742 scriptum
939 2673 1020 2722 est
1052 2683 1064 2721 ;
1123 2662 1327 2720 Nebula
1367 2658 1605 2731 implevit
1644 2657 1857 2712 domum
1897 2655 2136 2719 Domini,
2179 2658 2228 2708 et

624 2775 733 2814 non
754 2760 1006 2828 poterant
1043 2751 1335 2810 sacerdotes
1379 2748 1690 2804 ministrare
1723 2750 1945 2818 propter
1983 2744 2226 2800 nebulam

630 2847 750 2924 (III
774 2849 897 2919 Reg.
930 2861 1052 2924 vin,
1097 2842 1182 2910 10,
1218 2839 1330 2913 li).
1380 2837 1748 2910 Exigentibus
1794 2835 1944 2892 enim
1993 2831 2224 2900 meritis,

627 2923 761 2994 dum
775 2923 1000 3009 supei’bi
1015 2931 1334 2990 Iudaeorum
1350 2926 1640 3002 pontiﬁces
1649 2925 1842 2982 divina
1858 2923 2118 2998 mysteria
2135 2937 2230 2994 per

629 3028 914 3105 parabolas
929 3016 1186 3106 audiunt,
1210 3019 1522 3080 sacerdotes
1542 3018 1601 3074 in
1621 3017 1790 3075 domo
1817 3015 2044 3072 Domini
2073 3012 2228 3086 quasi

630 3101 851 3191 propter
879 3101 1136 3172 nebulam
1166 3111 1486 3168 ministrare
1515 3106 1906 3180 nequiverunt.
1953 3103 2060 3172 Qui
2089 3109 2143 3158 et
2169 3101 2224 3157 in

2311 499 2514 555 dicebat
2539 499 2731 563 Deum,
2763 495 3020 567 aequalem
3043 509 3096 548 se
3136 489 3337 562 faciens
3363 489 3472 547 Deo
3505 488 3687 563 (Joan.
3715 507 3772 557 v,
3797 493 3900 566 18).

2313 591 2392 647 De
2433 590 2541 647 hoc
2585 604 2852 662 aquarum
2898 585 3110 657 impetu
3154 599 3249 656 per
3295 579 3628 654 Prophetam
3676 581 3900 637 clamat:

2317 679 2338 713 ⁸
2369 678 2842 735 Circumdederunt
2863 675 3001 730 sicut
3025 689 3168 744 aqua
3199 677 3310 728 tota
3339 671 3442 738 die,
3471 669 3908 725 circumdederunt

2317 787 2397 828 me
2429 772 2590 827 simul
2616 770 2798 839 (Psal.
2831 782 3088 834 Lxxxvn,
3129 762 3240 836 18).
3283 762 3357 818 Et
3384 775 3608 817 rursum
3643 777 3654 815 :
3707 761 3911 817 Salvum

2314 877 2395 915 me
2420 858 2531 930 fac,
2564 859 2728 924 Deus,
2761 858 2784 892 θ
2813 855 3067 926 quoniam
3111 851 3454 906 intrauerunt
3484 863 3640 918 aqua
3665 863 3825 919 usque
3847 846 3912 902 ad

2316 949 2553 1005 animam
2575 963 2745 1004 meam
2768 945 2941 1018 (Psal.
2971 957 3170 1010 vam,
3193 939 3275 1014 2).
3307 937 3456 1006 Quas
3484 937 3729 1010 profecto
3755 950 3914 1008 aquas

2317 1041 2378 1097 in
2406 1037 2700 1112 semetipso
2749 1044 2876 1092 ante
2923 1039 3178 1100 mortem,
3229 1029 3290 1086 in
3332 1028 3454 1086 suis
3497 1035 3680 1084 autem
3720 1033 3774 1082 et
3799 1026 3916 1098 post

2317 1129 2692 1187 ascensionem
2722 1125 2972 1200 pertulit.
3006 1123 3150 1179 Hinc
3168 1127 3250 1178 est
3269 1119 3421 1177 enim
3441 1117 3592 1192 quod
3610 1124 3665 1174 et
3683 1115 3752 1172 de
3771 1123 3918 1188 supe‘

2319 1218 2559 1274 rioribus
2586 1217 2788 1274 clamat
2821 1231 2834 1272 :
2885 1214 3068 1278 Saule,
3101 1211 3283 1276 Saule,
3323 1207 3456 1279 quid
3493 1223 3576 1262 me
3597 1203 3920 1278 persequeris

2323 1308 2463 1380 (Act.
2485 1324 2567 1376 ix,
2583 1306 2640 1379 4)
2660 1306 2689 1363 ?
2715 1307 2860 1362 Ecce
2875 1303 2990 1376 jam
3005 1303 3205 1360 caelum
3231 1298 3648 1367 conscenderat,
3668 1305 3724 1354 et
3742 1304 3919 1354 tamen

2320 1398 2503 1455 adhuc
2529 1414 2656 1454 eum
2685 1396 2884 1454 Saulus
2911 1409 3177 1468 aquarum
3199 1394 3218 1428 ⁷
3242 1390 3555 1447 inﬁdelium
3578 1389 3789 1461 impetu
3809 1401 3921 1460 per-

2321 1502 2576 1561 sequens,
2617 1493 2674 1544 et
2721 1485 2996 1542 tumidior
3041 1482 3258 1540 caeteris
3299 1481 3452 1538 unda
3491 1478 3764 1553 tangebat.
3809 1478 3924 1549 Ipse

2322 1576 2525 1648 quippe
2555 1582 2638 1632 est
2668 1574 2765 1648 qui
2795 1589 2890 1648 per
2915 1573 3092 1630 bonos
3122 1577 3273 1628 recta
3302 1571 3570 1643 loquitur,
3600 1569 3712 1640 ipse
3739 1565 3837 1638 qui
3868 1565 3925 1618 in

2321 1663 2594 1720 bonorum
2627 1663 2880 1736 passione
2910 1663 3208 1719 laceratur.
3232 1661 3302 1717 Ut
3329 1675 3456 1732 ergo
3481 1656 3714 1714 miriﬁca
3739 1652 3925 1710 Domi-

2323 1770 2427 1810 nus
2445 1752 2732 1810 charitatis
2753 1753 2988 1820 unitate,
3007 1757 3341 1807 monstraret
3358 1765 3415 1805 se
3433 1763 3548 1804 esse
3567 1746 3665 1819 qui
3685 1740 3929 1814 indignis

2323 1843 2668 1900 auditoribus
2726 1859 2825 1915 per
2879 1849 3201 1899 sanctorum
3241 1856 3465 1898 suorum
3509 1853 3605 1894 ora
3646 1833 3927 1908 pradicat,

2323 1933 2434 1990 ait:
2470 1932 2729 2005 Nunquid
2758 1932 2981 1988 elevabis
3008 1933 3065 1986 in
3088 1931 3280 1986 nebula
3300 1946 3471 1985 vocem
3495 1934 3641 1984 tuam
3656 1927 3684 1982 ἵ
3713 1925 3788 1980 Ut
3805 1936 3930 1976 vero

2324 2024 2638 2081 ostenderet
2665 2037 2722 2080 se
2753 2038 2870 2078 esse
2901 2021 2997 2094 qui
3028 2021 3088 2076 in
3118 2020 3326 2076 sanctis
3353 2019 3470 2074 suis
3497 2015 3685 2072 omnia
3707 2013 3932 2070 adversa

2326 2122 2622 2189 pateretur,
2653 2110 2933 2170 subdidit:
2965 2112 3041 2166 Et
3067 2110 3292 2181 impetus
3316 2123 3582 2178 aquarum
3615 2104 3825 2176 aperiet
3855 2101 3932 2156 te?

2327 2203 2590 2261 subaudis
2612 2210 2674 2259 ut
2700 2217 2807 2270 me,
2837 2215 3002 2274 quem
3025 2200 3046 2234 ⁸
3067 2197 3250 2271 iniqui
3269 2212 3462 2253 omnes
3481 2209 3662 2268 neque
3684 2208 3788 2265 per
3808 2207 3933 2264 pra:-

2329 2295 2574 2352 dicantes
2616 2299 2833 2349 sanctos
2877 2291 3192 2363 loquentem
3239 2287 3583 2357 intelligunt,
3633 2297 3820 2355 neque
3848 2295 3934 2353 per

2330 2381 2630 2438 morientes
2658 2381 2958 2453 patientem
3001 2377 3215 2433 vident.
3265 2377 3462 2432 Narrat
3492 2388 3622 2444 ergo
3669 2369 3934 2427 Dominus

2333 2473 2480 2548 quod
2507 2473 2576 2528 ab
2605 2470 2929 2527 hominibus
2958 2468 3189 2540 patitur,
3212 2475 3274 2522 ut
3300 2465 3463 2522 dolor
3482 2463 3672 2519 aﬂlicti
3697 2460 3932 2518 hominis

2332 2563 2642 2635 mitigetur,
2667 2575 2730 2616 ac
2756 2559 2802 2614 si
2832 2559 2918 2614 illi
2947 2566 3130 2628 aperte
3151 2555 3333 2612 dicat:
3365 2554 3488 2610 Mea
3511 2553 3792 2610 subtiliter
3813 2565 3931 2624 pen-

2333 2667 2412 2720 sa,
2449 2658 2504 2706 et
2532 2659 2628 2706 tua
2661 2645 3050 2721 aequanimiter
3077 2653 3340 2716 tempera.
3370 2643 3548 2700 Multo
3576 2643 3729 2699 enim
3759 2640 3932 2697 minus

2335 2749 2417 2797 est
2441 2747 2494 2796 te
2521 2740 2756 2796 vulnera
2783 2752 2950 2810 quam
2983 2751 3072 2792 me
3101 2733 3342 2791 humana
3370 2733 3620 2789 tolerare.

2406 2827 2459 2884 4.
2491 2828 2578 2884 Ad
2605 2843 2836 2884 arcanas
2857 2824 3232 2896 inspirationes
3250 2822 3348 2878 Dei
3364 2821 3522 2877 etiam
3529 2821 3811 2890 justorum
3829 2833 3934 2874 cor-

2337 2921 2408 2976 da
2437 2917 2967 2991 caligant—Adhuc
2996 2924 3185 2973 tamen
3203 2913 3366 2971 verba
3385 2912 3502 2968 haec
3525 2911 3792 2968 subtilius
3821 2926 3937 2984 per-

2335 3009 2572 3068 scrutari
2601 3025 2915 3082 possumus,
2945 3008 2991 3064 si
3013 3009 3160 3065 inter
3189 3006 3333 3063 dona
3359 3003 3596 3061 caelestia
3615 3010 3806 3060 nostra
3833 3001 3940 3058 sol-

2338 3101 2489 3159 licite
2517 3099 2684 3159 corda
2710 3115 3022 3172 pensamus.
3053 3100 3173 3155 lam
3204 3096 3427 3170 quidem
3455 3097 3478 3132 θ
3508 3093 3698 3151 ﬁdeles
3727 3109 3938 3161 sumus,

629 3182 977 3260 Testamento
1007 3201 1194 3256 Veteri
1222 3199 1356 3254 dum
1383 3212 1575 3254 sensus
1606 3195 1869 3266 mysticos
1896 3193 2092 3248 litterae
2125 3205 2232 3245 ve—
2262 3182 2305 3204 υ
2332 3190 2448 3263 jam
2467 3207 2588 3264 quae
2609 3189 2866 3245 audimus
2884 3204 3121 3260 superna
3138 3185 3438 3255 credimus,
3465 3183 3580 3258 jam
3611 3200 3738 3258 quae
3757 3182 3940 3242 credi-

632 3291 836 3348 lamine
877 3295 1164 3360 coopertos
1201 3285 1348 3340 inter
1377 3283 1638 3340 obscuras
1671 3281 2056 3354 allegoriarum
2086 3278 2232 3335 cali-

569 3441 578 3454 _
635 3381 787 3454 gines
816 3373 1513 3450 investigare-despiciunt,
1543 3370 1800 3426 debitum
1832 3369 1963 3424 ﬁdei
1991 3385 2102 3424 suae
2133 3368 2231 3422 mi-

636 3467 924 3527 nisterium
967 3471 1188 3540 propter
1213 3461 1474 3518 nebulam
1516 3457 1896 3532 perdiderunt.
1941 3457 2152 3526 Quibus
2179 3463 2234 3512 et

635 3575 786 3615 nunc
824 3557 884 3614 in
911 3554 1113 3613 nebula
1139 3551 1404 3610 doctrinae
1438 3565 1550 3607 suae
1579 3563 1771 3605 vocem
1800 3547 2070 3604 Dominus
2097 3561 2234 3619 pro-

636 3648 788 3718 tulit,
816 3662 945 3705 cum
973 3645 1040 3702 de
1068 3660 1126 3702 se
1167 3643 1334 3698 etiam
1363 3645 1508 3704 956
1555 3645 1742 3712 aperta
1778 3636 2045 3694 narravit.
2090 3633 2235 3702 Quid

637 3755 720 3806 est
747 3745 898 3804 enim
925 3744 1168 3818 apertius
1194 3756 1360 3814 quam
1394 3758 1406 3796 :
1457 3739 1572 3812 Ego
1600 3743 1649 3794 et
1675 3737 1838 3794 Pater
1865 3751 2031 3792 unum
2056 3750 2238 3789 sumus
2259 3751 2279 3768 ο

557 3889 562 3897 .
641 3837 824 3912 (Joan.
856 3851 915 3906 x,
946 3833 1086 3908 30)?
1131 3829 1276 3901 Quid
1323 3829 1564 3904 apertius
1601 3827 1784 3884 dicere
1814 3841 2017 3899 quam:
2064 3823 2238 3879 Ante-

638 3943 800 4000 quam
829 3925 1103 3982 Abraham
1131 3923 1298 3995 fieret,
1328 3935 1416 3992 ego
1445 3935 1562 3974 sum
1595 3917 1776 3990 (Joan.
1811 3932 1936 3985 vm,
1966 3913 2059 3988 58)
2084 3913 2113 3971 7
2135 3912 2240 3970 Sed

641 4017 772 4088 quia
791 4015 1106 4070 auditorum
1124 4017 1335 4067 mentes
1349 4006 1698 4064 inﬁdelitatis
1717 4005 1894 4076 caligo
1913 4004 2238 4076 repleverat,

643 4104 799 4177 quasi
854 4101 1114 4158 emissum
1169 4099 1301 4157 solis
1365 4097 1581 4154 radium
1647 4093 1852 4152 nebula
1916 4090 2243 4163 interjacens

645 4193 1030 4252 abscondebat.

719 4283 859 4359 [νει.
872 4285 938 4341 II
941 4282 982 4358 .]
1007 4283 1058 4340 3.
1090 4279 1243 4339 Verbi
1260 4277 1428 4334 divini
1441 4277 1819 4351 praedicatores
1837 4274 2060 4348 impetus
2079 4291 2244 4346 aqua-

2339 3301 2463 3340 mus
2480 3298 2748 3338 amamus.
2773 3281 2879 3338 Sed
2904 3280 3038 3338 dum
3059 3277 3391 3354 quibusdam
3411 3279 3776 3350 supervacuis
3797 3275 3941 3333 curis

2339 3375 2662 3450 premimur,
2706 3372 2944 3430 obducta
2988 3372 3314 3430 confusione
3348 3371 3680 3444 caligamus;
3739 3375 3793 3425 et
3819 3378 3939 3424 cum

2341 3468 2501 3526 nobis
2519 3468 2686 3525 etiam
2699 3467 2908 3524 talibus
2924 3467 3067 3524 mira
3080 3465 3331 3540 quaedam
3369 3465 3640 3523 Dominus
3659 3461 3730 3520 de
3743 3477 3801 3518 se
3819 3473 3940 3517 sen-

2341 3557 2528 3615 tienda
2555 3557 2824 3625 insinuat,
2855 3557 3011 3631 quasi
3037 3557 3097 3614 in
3126 3555 3330 3613 nebula
3359 3570 3556 3613 vocem
3585 3554 3754 3610 levat.
3798 3550 3939 3606 Dum

2346 3647 2394 3682 ¹⁰
2414 3646 2738 3721 caliginosis
2756 3647 2960 3703 nostris
2988 3645 3271 3704 mentibus
3290 3643 3648 3718 semetipsum
3675 3639 3938 3715 loquitur,

2343 3735 2498 3793 velut
2525 3735 2584 3792 in
2612 3735 2814 3794 nebula
2841 3732 2887 3794 is
2915 3734 3013 3810 qui
3042 3749 3155 3792 non
3183 3735 3430 3792 cernitur
3456 3733 3700 3790 auditur.
3726 3731 3942 3788 Summa

2345 3834 2476 3883 sunt
2517 3843 2753 3900 namque
2784 3843 2906 3900 quae
2940 3825 3008 3884 de
3036 3826 3135 3883 illo
3181 3826 3586 3900 cognoscimus,
3628 3821 3728 3880 sed
3767 3828 3940 3878 tamen

2346 3916 2528 3973 adhuc
2571 3933 2695 3973 eum
2728 3917 2786 3972 in
2816 3924 3024 3974 secreta
3057 3917 3418 3990 inspiratione
3465 3931 3574 3990 qua
3621 3911 3943 3970 instruimur

2347 4021 2464 4068 non
2488 4004 2762 4061 videmus.
2787 4005 2892 4072 Qui
2916 4006 3086 4078 igitur
3115 4011 3260 4070 957
3290 4005 3554 4064 cordibus
3573 4003 3780 4061 nostris
3799 4015 3942 4074 prae-

2349 4105 2440 4162 bet
2467 4103 2688 4178 quidem
2715 4104 3073 4173 locutionem,
3105 4103 3199 4161 sed
3230 4105 3472 4162 occultat
3511 4101 3772 4177 speciem,
3800 4097 3946 4154 velut

2353 4195 2412 4249 in
2451 4192 2653 4249 nebula
2698 4192 2900 4250 format
2940 4210 3154 4251 vocem.
3199 4193 3306 4251 Sed
3347 4209 3472 4251 ecce
3513 4193 3623 4265 jam
3655 4189 3824 4247 verba
3851 4183 3946 4242 Dei

2354 4282 2686 4340 intrinsecus
2705 4284 2747 4318 “
2771 4283 3126 4356 semetipsum
3146 4283 3424 4356 loquentis
3437 4281 3716 4350 audimus,
3727 4278 3948 4352 jamque

645 4395 769 4437 rum
789 4375 980 4450 operit,
1009 4391 1126 4431 cum
1154 4373 1211 4428 in
1247 4387 1330 4428 eos
1358 4371 1591 4443 inﬁdeles
1621 4367 1863 4424 savium.
1891 4397 1960 4408 —
1988 4364 2075 4421 Ad
2103 4364 2227 4421 hanc

2353 4373 2526 4429 amori
2547 4371 2682 4444 ejus
2710 4388 2816 4446 qua
2845 4373 3286 4441 continuatione,
3334 4387 3443 4446 quo
3471 4370 3658 4429 studio
3687 4369 3949 4426 inhaerere

648 4484 885 4544 namque
912 4465 1273 4523 elevationem
1316 4460 1469 4518 vocis
1509 4475 1636 4516 eum
1680 4458 1933 4530 protinus
1977 4471 2244 4528 aquarum

2356 4463 2649 4521 debeamus
2672 4465 3042 4537 agnoscimus,
3072 4471 3126 4520 et
3149 4471 3328 4520 tamen
3354 4462 3424 4520 ab
3445 4462 3676 4519 internae
3695 4453 3953 4517 conside-

649 4562 886 4634 impetus
931 4554 1168 4630 operuit,
1209 4551 1339 4625 quia
1383 4556 1576 4606 contra
1631 4547 1791 4604 illum
1844 4561 1977 4634 mox
2017 4543 2252 4612 Smiens
2289 4543 2330 4560 ’³
2361 4552 2592 4608 rationis
2619 4552 2860 4608 culmine
2884 4550 2952 4607 ad
2981 4558 3244 4608 consueta
3282 4557 3471 4608 nostra
3497 4566 3567 4606 ex
3597 4549 3716 4622 ipsa
3745 4550 3952 4602 morta—

649 4649 980 4724 populorum
1024 4644 1189 4702 turba
1229 4639 1489 4698 surrexit.
1547 4636 1826 4708 Scriptum
1873 4633 2074 4706 quippe
2117 4639 2200 4689 est
2232 4649 2243 4687 :

647 4723 938 4814 Propterea
955 4753 1076 4808 ergo
1094 4731 1396 4806 quaerebant
1413 4744 1532 4786 eum
1549 4726 1725 4784 Judsei
1743 4727 1766 4760 ⁸
1787 4724 2102 4796 interﬁcere,
2121 4723 2248 4795 quia

727 4917 742 4950 ¹
774 4913 902 4971 Mss.
943 4907 1065 4968 Val.
1116 4905 1199 4964 Cl.
1247 4901 1593 4973 trigesimum
1633 4896 1838 4973 librum
1871 4895 2074 4973 ⁵Μονξιι,
2111 4897 2268 4973 reli;

653 4966 898 5060 quosque
925 4966 1234 5060 continens,
1266 4966 1591 5043 ad'caligosa
1611 4968 1810 5033 corda;
1839 4966 1920 5024 sic
1945 4966 2112 5024 etiam
2141 4969 2250 5024 ha-

653 5052 746 5114 bet
773 5052 936 5114 Cbrb.
967 5052 1152 5109 Germ.

724 5111 749 5168 ὁ
781 5111 944 5184 Corb.
977 5124 1194 5196 Germ,
1235 5115 1498 5196 Vindoc.,
1541 5113 1740 5195 Pratel.
1767 5111 2000 5196 ‘al‘iique
2034 5113 2247 5196 Normz,

655 5198 779 5260 Val.
799 5183 896 5256 iCl.
927 5203 982 5252 et
1007 5195 1146 5250 alter
1172 5183 1370 5257 Laud.,
1401 5185 1532 5260 qui,
1549 5185 1722 5257 priori
1751 5183 2061 5260 deﬁciente,
2092 5183 2253 5241 nobis

655 5257 967 5344 suppeditat
995 5267 1234 5337 reliquos
1259 5257 1450 5318 Moral.
1476 5257 1668 5325 libros,
1695 5262 1744 5312 et
1771 5257 2018 5326 loqueris.

728 5345 750 5377 ³
781 5339 1004 5396 Pratel..
1034 5339 1091 5392 in
1116 5335 1306 5390 nebula
1329 5339 1524 5388 autem.

823 5348 1004 5396 ratel..
1034 5355 1091 5392 in
1116 5348 1306 5390 nebula
1329 5348 1524 5388 autem.

731 5413 752 5446 ⁸
782 5381 1007 5478 Pratel.:
1037 5406 1286 5463 occidere.

730 5483 752 5517 ⁵
781 5467 1016 5537 Textum
1059 5479 1209 5534 hunc
1252 5491 1508 5533 mancum
1535 5489 1599 5530 ac
1644 5470 1904 5527 mutilum
1950 5468 2010 5524 in
2055 5467 2250 5537 Gilot.,

662 5551 868 5621 Vatia,
915 5552 1213 5621 Gussanv.,
1251 5549 1360 5621 sed
1391 5548 1687 5621 integrum_
1714 5549 1990 5621 repertum
2033 5539 2249 5621 in‘blss.

659 5611 882 5706 énglic'.
913 5629 968 5706 et
993 5611 1223 5706 nostris:
1243 5611 1590 5706 perfecimus.
1625 5611 1846 5706 'Nem‘pe
1889 5613 1946 5668 in
1964 5611 2254 5706 praedictis

659 5683 812 5754 Edi't.
845 5700 1063 5764 tantum
1093 5683 1314 5764 legitur,
1341 5683 1799 5764 circumdederunt
1822 5701 1902 5740 me
1927 5683 2107 5738 simul.

732 5769 756 5804 ⁶
783 5765 908 5825 Val.
940 5763 1047 5830 CL,
1076 5761 1326 5833 quoniam
1352 5761 1688 5815 introierunt.

2358 4641 2528 4697 litatis
2556 4639 2724 4714 hujus
2750 4641 3121 4698 mutabilitate
3151 4641 3473 4720 relabimur,
3511 4640 3557 4675 ¹²
3581 4646 3636 4694 et
3667 4635 3952 4692 imminens

2359 4729 2498 4788 tium
2531 4738 2882 4804 peccatorum
2912 4731 3054 4788 male
3095 4730 3287 4788 sedula
3313 4727 3742 4804 importunitate
3771 4729 3954 4783 tenta-

2431 4903 2452 4981 ξ
2480 4902 2643 4981 Deest
2667 4901 2960 4981 inﬁdelium
2993 4901 3051 4957 in
3082 4901 3229 4981 Prat.

2431 4973 2454 5052 ξ
2480 4965 2740 5052 Xindoc.,
2770 4973 3006 5052 Ebroic.
3025 4974 3217 5052 _et_alii
3237 4973 3436 5052 _N_orrn_.
3448 5015 3477 5052 ,_
3492 4971 3666 5042 iniqui
3697 4965 3950 5026 homines.

2429 5042 2740 5116 °,V_indioc.,
2770 5044 2993 5113 Pratel.,
3025 5046 3191 5114 Utic.,
3221 5045 3324 5116 ﬁde
3351 5044 3530 5116 ﬁdeles
3556 5059 3760 5116 sumus.

2390 5115 2480 5196 __'°
2511 5114 2687 5196 Corb.
2707 5109 2914 5186 Germ.,
2949 5109 3076 5196 val.
3107 5109 3190 5196 (ξιξ
3221 5109 3276 5172 et
3303 5109 3502 5196 baud?
3535 5109 3956 5196 dum‘caligosis.

2359 5185 2531 5258 Iidem
2563 5194 2819 5258 praeterea
2846 5204 2972 5244 cum
3007 5187 3271 5257 Vindoc.,
3317 5187 3517 5243 Pratel.
3550 5193 3605 5242 et
3633 5185 3707 5240 al.
3739 5185 3956 5246 Norm.,

2360 5257 2586 5340 habent,
2617 5259 2872 5314 montibus
2895 5261 3224 5340 seinetipsum
3254 5259 3514 5340 loquitur,
3531 5266 3814 5340 egrpuncta
3842 5267 3959 5340 pay-

2360 5331 2531 5456 ἓξὲξὲῆ
2553 5323 2672 5401 per,
2717 5346 2835 5402 quae
2877 5339 2958 5387 est
2999 5323 3346 5404 in‘Vulgati's
3391 5323 3518 5386 aliis
3564 5323 3656 5386 hic
3695 5337 3752 5386 et
3797 5323 3963 5400 paulo

2363 5419 2526 5457 lnll'a.

2419 5471 2687 5553 'U‘Editi,
2705 5489 2804 5553 per
2830 5473 3176 5553 semetipsum.
3215 5472 3680 5553 _Nor_i_admittu_nt
3701 5488 3806 5546 per
3832 5469 3964 5550 Mss.

2361 5541 2622 5670 Χξᾞξῖῗη
2649 5539 2812 5601 C6rb.
2844 5539 3053 5615 Germi,
3084 5545 3279 5614 Laud.,
3317 5545 3444 5603 Val.
3477 5554 3534 5602 et
3576 5545 3674 5602 alii
3701 5539 3968 5615 superius

2382 5629 2568 5670 81103.“
2577 5657 2588 5669 .

2434 5685 2480 5722 η
2508 5685 2657 5744 Edit.
2690 5686 2856 5770 Basil.
2883 5687 3232 5770 ramparts.
3259 5689 3471 5770 1518_et
3501 5685 3970 5770 1571,Ῡειιὶοῡτιιξ,

2362 5755 2654 5828 Gussanv.,
2703 5765 2757 5815 et
2797 5755 3178 5818 imminentium
3217 5767 3552 5834 peccatorum
3591 5755 3725 5819 mole
3776 5755 3973 5813 sedula
