4152 6182
329 269 439 326 525

3524 341 3635 399 526

327 409 474 451 mur.
510 394 651 453 Cum
682 415 809 471 ergo
853 405 1012 462 caecis
1056 410 1261 467 nostris
1300 416 1580 474 mentibus
1608 420 1835 478 subtilia
1863 424 1931 482 de
1956 430 2009 490 A
2039 435 2270 490 tuorum.
2304 437 2507 510 Fulgor
2525 442 2724 515 quippe
2746 462 3027 506 armorum
3050 462 3132 510 est
3160 459 3382 519 claritas
3401 465 3637 524 miracu-

327 484 632 524 gnmntincn
665 486 910 524 inci-nm.
970 494 1023 524 ς..
1055 497 1250 524 κηι..-ι-
1285 517 1466 524 -.--___
1508 505 1644 524 l_,,,.
2046 519 2060 524 -

325 484 632 556 semetipso
664 486 936 561 insinuat,
968 494 1027 549 in
1054 497 1256 556 nebula
1285 517 1472 559 vocem
1504 505 1669 564 levat.

398 570 541 645 [Vet.
608 575 749 650 ΙΙῙ.]
796 579 849 636 5.
932 583 1323 645 Tentationibus
1371 592 1685 652 intellectum
1729 599 1791 654 de
1824 602 1934 657 Deo

319 661 686 730 obruentibus,
710 666 820 738 ipse
859 670 996 727 Deus
1024 677 1181 744 quasi
1197 680 1352 749 aquis
1367 685 1624 753 operitur.
1655 686 1798 743 Deus
1815 706 1930 758 nos,

318 768 386 806 ne
420 753 636 822 quidem
665 755 791 811 dum
818 763 1115 834 respuitur,
1136 785 1242 823 non
1262 772 1534 844 relinquit.
1556 807 1628 817 —
1643 776 1779 834 Cum
1803 796 1932 835 vero

318 841 631 898 tentatione
664 846 932 906 vitiorum
981 853 1096 927 ipse
1135 856 1203 913 de
1245 861 1358 917 Deo
1400 841 1587 921 noster
1615 866 1929 925 intellectus

322 931 341 964 ι
365 932 727 1004 opprimitur,
748 940 903 1009 quasi
924 958 1187 1015 aquarum
1209 947 1417 1021 impetu
1439 952 1495 1008 in
1515 971 1648 1013 voce
1665 975 1763 1015 sua
1782 962 1927 1018 Deus

318 1020 587 1091 operitur.
641 1023 744 1080 Tot
788 1028 937 1084 enim
982 1049 1145 1104 super
1208 1020 1363 1094 illum
1409 1058 1578 1115 aquas
1624 1046 1921 1118 mittimus,

317 1107 340 1141 ³
372 1117 508 1181 quot
537 1119 662 1182 post
702 1113 1124 1187 inspirationem
1172 1125 1291 1198 ejus
1328 1107 1534 1200 gratiae,
1566 1107 1924 1205 cogitationes

316 1197 550 1255 illicitas
597 1202 657 1256 in
700 1204 865 1261 corde
903 1197 1208 1269 versamus.
1247 1197 1359 1273 Nec
1408 1227 1588 1276 tamen
1629 1240 1731 1279 nos
1774 1228 1795 1260 ³
1836 1226 1923 1282 vel

316 1302 610 1359 oppressos
641 1291 869 1365 deserit,
899 1314 1026 1354 nam
1058 1301 1209 1359 illico
1239 1304 1309 1361 ad
1339 1318 1580 1366 mentem
1610 1312 1776 1383 redit,
1809 1323 1923 1371 ten-

314 1376 594 1435 tationnm
610 1382 844 1441 nebulas
858 1385 1107 1459 discutit,
1131 1391 1364 1450 imbrem
1380 1402 1825 1471 compunctionis
1841 1403 1922 1459 in-

316 1462 523 1535 fundit,
555 1477 610 1524 et
638 1469 864 1529 subtilis
884 1474 1270 1551 intelligentiae
1289 1483 1460 1540 solem
1483 1462 1701 1545 reducit
1721 1507 1736 1557 ;
1760 1499 1923 1563 atque

315 1555 396 1612 sic
414 1558 661 1617 ostendit
690 1573 956 1635 quantum
982 1584 1081 1624 nos
1101 1570 1306 1643 diligit,
1330 1576 1426 1647 qui
1456 1593 1557 1644 nos
1582 1594 1683 1637 nec
1699 1597 1825 1637 cum
1842 1597 1922 1638 re-

313 1647 535 1717 spuitur
564 1651 852 1724 relinquit,
886 1664 947 1711 ut
969 1659 1159 1715 saltem
1182 1663 1263 1718 sic
1286 1665 1502 1722 erudita
1522 1667 1764 1725 humana
1792 1688 1919 1727 con-

312 1733 548 1793 scientia
576 1738 645 1794 ad
664 1756 722 1796 se
742 1745 1078 1803 tentationes
1106 1750 1389 1808 erubescat
1408 1752 1721 1822 admittere,
1751 1774 1914 1830 quam
1946 1791 1993 1851 Β

312 1823 647 1851 ῺΑᾹηκ,...ι-..
687 1847 813 1851 ,μ--
854 1841 895 1851 Α.
1111 1846 1121 1851 -
1804 1850 1845 1851 κέ

310 1823 648 1899 Redemptor
684 1847 818 1888 suus
846 1841 900 1889 et
928 1846 1217 1908 vagantem
1247 1857 1359 1897 non
1374 1852 1550 1900 cessat
1574 1863 1776 1902 amare.
1802 1850 1917 1905 Hoc

308 1908 373 1966 in
403 1913 566 1971 nobis
594 1932 687 1987 per
715 1922 1068 1995 semetipsum
1110 1928 1328 2000 tolerat,
1360 1931 1467 1990 hoc
1496 1935 1565 1990 ab
1597 1935 1915 1994 inﬁdelibus

311 2016 415 2072 per
443 2020 569 2060 suos
597 2008 842 2079 quotidie
884 2014 1271 2083 praedicatores
1311 2029 1510 2091 portat.
1547 2024 1568 2057 ἰ
1599 2023 1735 2095 Ejus
1764 2027 1912 2081 enim

310 2088 519 2148 donum
550 2097 780 2155 suborta
807 2099 865 2155 in
895 2103 1055 2159 nobis
1074 2088 1378 2164 tentatione
1409 2088 1717 2181 repellitur,
1753 2122 1807 2169 et
1837 2123 1913 2170 ta-

310 2194 438 2236 men
467 2182 534 2239 ab
562 2185 910 2245 infundendo
939 2191 1271 2253 intrinsecus
1302 2215 1529 2255 munere
1560 2218 1910 2276 nequaquam

310 2279 494 2330 nostra
524 2274 850 2335 inﬁrmitate
871 2294 1175 2341 revocatur.
1193 2286 1332 2358 Ejus
1361 2289 1579 2360 publice
1608 2274 1776 2349 verba
1804 2310 1910 2350 res-

306 2371 573 2434 puuntur,
608 2374 664 2422 et
691 2375 875 2426 tamen
897 2370 964 2427 ab
986 2375 1258 2446 eroganda
1286 2379 1472 2449 gratiae
1490 2380 1740 2452 largitate
1756 2384 1911 2439 nulla

304 2446 616 2508 inﬁdelium
647 2455 942 2529 iniquitate
984 2446 1370 2534 compescitur.
1411 2468 1548 2523 Nam
1576 2446 1723 2526 'cum
1754 2473 1911 2542 pravi

298 2534 562 2596 homines
609 2544 1037 2613 praedicamenta
1074 2550 1408 2621 despiciunt,
1451 2555 1704 2628 adjungit
1746 2534 1909 2616 etiam

293 2625 581 2682 miracula
609 2645 737 2700 quas,
763 2643 1109 2693 venerentur.
1134 2638 1290 2695 Unde
1319 2648 1441 2712 post
1469 2625 1672 2701 editam
1695 2664 1906 2718 vocem,

290 2722 430 2784 post
458 2714 855 2776 inundantium
873 2739 1137 2797 aquarum
1158 2728 1446 2801 impetum,
1469 2740 1592 2805 apte
1617 2735 1739 2809 subj
1748 2714 1901 2811 ungi;

294 2809 393 2857 tur
428 2820 440 2857 :

792 2916 1019 2975 CAPUT
1047 2921 1097 2977 II
1126 2920 1269 2994 [Rea
1300 2924 1409 2999 II].

373 3028 543 3087 Vsus.
576 3030 664 3088 35.
691 3064 751 3074 —
776 3014 1034 3107 Nunquid
1061 3040 1082 3073 ⁵
1118 3039 1287 3095 mittes
1314 3041 1560 3115 fulgura,
1583 3052 1631 3101 et
1659 3048 1827 3118 ibunt,
1861 3057 1909 3106 et

299 3122 612 3177 reuertentia
639 3121 812 3178 dicent
839 3125 951 3194 tibi,
982 3127 1252 3185 Adsumus
1277 3133 1306 3187 Ῡ

372 3236 424 3291 6.
455 3237 501 3292 A
532 3238 641 3293 Deo
661 3247 849 3295 exeunt
864 3245 1033 3299 sancti
1045 3247 1424 3316 pradicatores
1438 3257 1485 3306 et
1502 3252 1574 3307 ad
1593 3271 1710 3310 eum
1729 3272 1902 3311 rever-

300 3332 507 3393 tuntur,
530 3329 798 3386 miracula
821 3333 1011 3403 quibus
1037 3347 1333 3409 coruscant,
1358 3342 1446 3398 illi
1472 3345 1575 3400 soli
1604 3347 1896 3406 tribuendo.

294 3444 368 3456 --
398 3416 636 3488 Fulgura
663 3419 865 3493 quippe
894 3438 962 3478 ex
990 3425 1238 3485 nubibus
1283 3439 1507 3500 exeunt,
1543 3435 1563 3469 ⁶
1595 3434 1737 3492 sicut
1761 3438 1901 3494 mira

295 3520 462 3576 opera
489 3523 558 3561 ex
574 3510 780 3565 sanctis
800 3512 1253 3582 praedicatoribus
1270 3520 1658 3579 ostenduntur.
1692 3525 1818 3595 Qui,
1838 3532 1900 3582 ut

294 3610 441 3667 saepe
471 3595 736 3669 diximus,
771 3601 979 3660 idcirco
1011 3605 1192 3663 nubes
1236 3610 1421 3666 vocari
1458 3611 1655 3681 solent,
1687 3615 1817 3686 quia
1845 3624 1899 3673 et

289 3696 591 3744 coruscant
629 3691 929 3763 miraculis,
976 3703 1030 3751 et
1068 3698 1252 3754 verbis
1289 3702 1507 3771 pluunt.
1541 3704 1612 3758 Et
1639 3705 1769 3777 quia
1797 3707 1896 3762 hu-

287 3791 463 3831 mana
479 3777 657 3837 corda.
688 3791 976 3855 postquam
1007 3802 1104 3858 per
1132 3787 1577 3860 przedicationem
1611 3803 1761 3850 mota
1785 3812 1897 3853 non

288 3865 520 3935 fuerint,
556 3868 674 3926 istis
703 3873 1099 3932 miraculorum
1129 3878 1438 3951 fulgoribus
1467 3883 1893 3957 conturbantur,

288 3945 566 4028 Propheta
622 3968 914 4020 attestante
960 3945 1278 4036 didicimus,
1326 3970 1420 4042 qui
1467 3971 1544 4027 ait
1596 3990 1607 4028 :
1653 3945 1894 4047 Fulgura

287 4046 691 4117 multiplicabis,
724 4057 773 4105 et
807 4055 1143 4111 conturbabis
1171 4074 1256 4112 eos
1287 4059 1461 4130 (Psal.
1488 4078 1629 4132 xvn,
1664 4046 1779 4134 l5).
1812 4065 1894 4121 Ac

288 4133 337 4188 si
370 4133 577 4193 diceret
611 4155 622 4193 :
656 4141 799 4197 Dum
833 4144 1000 4199 verba
1047 4146 1458 4218 praedicationis
1488 4157 1596 4207 tua:
1638 4168 1749 4206 non
1780 4169 1891 4210 au-

287 4220 470 4292 diunt,
538 4243 635 4298 per
689 4230 1109 4301 praedicantium
1155 4236 1422 4294 miracula
1468 4240 1885 4300 conturbantur.

288 4312 445 4369 Unde
472 4316 609 4372 alias
638 4320 902 4391 scriptum
937 4332 1019 4379 est
1053 4342 1063 4378 :
1100 4326 1163 4380 In
1188 4328 1383 4383 lumine
1391 4328 1581 4398 jacula
1599 4336 1689 4387 tua
1715 4332 1886 4400 ibunt,

282 4402 343 4457 in
353 4404 631 4473 splendore
649 4409 669 4442 ⁷
688 4407 918 4479 fulgoris
933 4429 1209 4468 armorum
1223 4421 1432 4471 tuorum
1444 4418 1883 4493 (Habac.m,ll).

2046 519 2243 579 lorum.
2277 526 2463 585 Armis
2489 546 2726 607 namque
2768 551 2868 594 nos
2908 545 3150 612 tuemur,
3178 544 3381 616 jaculis
3409 554 3637 614 adversa

2043 607 2394 671 destrnimus.
2440 619 2611 677 Arma
2651 639 2777 695 ergo
2815 643 2941 683 cum
2965 628 3167 701 jaculis
3215 645 3343 693 sunt
3372 642 3637 701 miracula

2041 714 2166 755 cum
2190 704 2646 773 praedicamentis.
2667 713 2850 771 Sancti
2873 719 3020 775 enim
3044 724 3424 794 praedicatores
3451 735 3635 792 verbis

2039 791 2153 846 suis
2191 797 2343 865 quasi
2376 799 2703 870 quibusdam
2740 804 2941 876 jaculis
2988 791 3332 874 adversarios
3375 819 3629 891 feriunt;

2038 884 2182 942 958
2210 894 2378 952 armis
2407 914 2558 969 vero,
2592 902 2648 957 id
2686 911 2767 960 est
2796 906 3098 979 miraculis,
3127 915 3449 989 semetipsos
3477 927 3631 977 tuen-

2036 986 2146 1048 tur,
2170 992 2233 1038 ut
2248 994 2301 1040 et
2322 998 2587 1059 quantum
2612 994 2725 1051 sint
2748 997 3007 1056 audiendi
3030 1015 3225 1062 sonent
3245 986 3341 1079 per
3361 1009 3629 1083 impetum

2029 1069 2362 1144 jaculorum,
2395 1088 2447 1134 et
2478 1092 2745 1153 quantum
2768 1088 2880 1146 sint
2900 1095 3187 1151 reverendi
3216 1098 3517 1157 clarescant
3537 1118 3632 1174 per

2034 1177 2184 1260 arma
2202 1166 2615 1260 miraculorum.
2638 1174 2661 1249 [
2672 1177 2775 1233 νει.
2797 1179 2831 1234 Ι
2838 1179 2922 1254 ν.]
2945 1181 3162 1240 Dicitur
3175 1201 3302 1260 ergo
3321 1188 3390 1244 ad
3408 1166 3628 1248 beatum

2033 1248 2133 1341 Job
2163 1268 2174 1306 :
2209 1252 2466 1326 Nunquid
2491 1260 2663 1316 mittes
2686 1248 2930 1338 fulgura,
2965 1278 3014 1326 et
3038 1273 3208 1341 ibunt,
3236 1248 3292 1332 ἷξε
3317 1282 3629 1339 revertentia

2033 1336 2203 1395 dicent
2226 1344 2341 1413 tibi,
2361 1346 2629 1406 Adsumus
2646 1355 2674 1409 ?
2689 1336 2951 1414 subaudis
2974 1369 3035 1417 ut
3056 1336 3216 1419 mihi.
3240 1364 3466 1423 Vadunt
3479 1336 3626 1426 enim

2031 1426 2251 1500 fulgura
2300 1451 2426 1492 cum
2480 1441 2864 1511 praedicatores
2913 1449 3199 1509 miraculis
3245 1466 3534 1514 coruscant
3574 1468 3629 1516 et

2032 1532 2266 1589 superna
2322 1532 2628 1587 reverentia
2683 1535 2999 1595 auditorum
3054 1542 3221 1599 corda
3273 1546 3622 1620 transﬁgant.

2030 1605 2380 1668 Bevertentia
2398 1631 2529 1673 vero
2546 1619 2758 1692 dicunt,
2782 1625 3083 1697 Adsumus,
3101 1647 3227 1687 cum
3242 1649 3355 1689 non
3375 1635 3506 1706 sibi,
3528 1637 3624 1695 sed

2027 1694 2126 1749 Dei
2157 1698 2371 1757 viribus
2400 1705 2655 1765 tribuunt
2684 1712 2955 1787 quidquid
2995 1733 3051 1773 se
3068 1694 3299 1777 fortiter
3324 1694 3626 1795 egisselco-

2028 1797 2316 1878 gnoscunt.
2369 1791 2390 1826 ⁸
2436 1792 2579 1860 Quid
2626 1806 2709 1853 est
2739 1815 2865 1871 ergo
2906 1805 3020 1859 Deo
3056 1806 3258 1878 dicere,
3292 1791 3571 1871 Adsumus
3595 1815 3626 1873 7

2024 1870 2309 1937 Quoddam
2326 1895 2562 1954 namque
2575 1885 2631 1940 in
2649 1885 2755 1943 hoc
2766 1870 2934 1946 verbo
2947 1870 3275 1967 obsequium
3290 1870 3618 1959 declaratur.

2022 1965 2377 2027 Revertentes
2406 1972 2590 2047 itaque
2628 1978 3013 2048 praedicatores
3059 1965 3278 2044 sanctos
3308 1989 3490 2048 dicere
3518 2000 3619 2063 est,

2022 2057 2303 2130 adsumus,
2339 2063 2422 2121 illi
2454 2067 2671 2126 laudem
2702 2072 2944 2132 tribuere
2964 2079 3152 2150 gratia
3186 2097 3219 2136 a
3247 2097 3357 2155 quo
3384 2100 3441 2141 se
3469 2057 3619 2144 accc;

2022 2146 2166 2216 pisse
2182 2153 2428 2209 sentiunt
2444 2156 2734 2217 victoriam
2752 2146 3055 2236 pugnaefne
3076 2169 3181 2226 sibi
3202 2146 3454 2229 tribuant
3470 2176 3619 2247 quod

2021 2245 2342 2333 operantur.
2373 2243 2445 2297 Et
2472 2245 2553 2301 ire
2581 2249 2806 2320 quidem
2826 2252 3045 2326 fulgura
3060 2259 3340 2330 operando
3367 2243 3616 2333 possunt,

2020 2323 2113 2379 sed
2144 2330 2345 2386 reverti
2376 2333 2744 2405 superbiendo
2771 2356 2884 2397 non
2913 2323 3165 2415 possunt.

2093 2433 2143 2535 ἴ.
2184 2436 2249 2491 Id
2272 2440 2525 2535 prastitit
2550 2443 2760 2535 Petrus.
2790 2480 2861 2491 —
2889 2439 3191 2511 Videamus
3222 2455 3404 2531 itaque
3432 2458 3619 2535 fulgur

2018 2521 2223 2580 vadens
2255 2544 2269 2593 ;
2306 2528 2504 2586 claudo
2535 2534 2755 2593 cuidam
2775 2538 2852 2595 ait
2872 2540 3065 2600 Petrus
3087 2561 3098 2599 :
3123 2521 3413 2617 Argentum
3441 2557 3489 2606 et
3517 2521 3616 2608 bu-

2017 2629 2142 2667 rum
2167 2631 2273 2670 non
2302 2624 2376 2673 est
2402 2621 2552 2689 mihi,
2582 2627 2724 2695 quod
2750 2635 2924 2702 autem
2951 2632 3132 2702 habeo,
3168 2635 3262 2691 hoc
3292 2638 3386 2694 tibi
3408 2641 3474 2698 do
3508 2659 3521 2699 :
3550 2644 3617 2700 In

2015 2702 2226 2759 nomine
2251 2706 2374 2763 Iesu
2409 2692 2612 2768 Christi
2637 2692 2912 2776 Nazareizi
2930 2737 3083 2795 surge
3108 2692 3500 2786 ἑιαφηδάὶᾴίέι
3522 2748 3615 2803 ap-

2010 2794 2272 2863 prehensa
2300 2796 2412 2866 ejus
2440 2818 2604 2859 manu
2631 2804 2847 2865 dextera
2866 2794 3115 2868 allevavit
3128 2831 3265 2882 eum,
3296 2822 3344 2873 et
3364 2794 3615 2889 protinus

2016 2886 2354 2942 consolidata:
2381 2899 2503 2946 sunt
2532 2892 2675 2949 bases
2695 2898 2808 2967 ejus
2827 2905 2875 2954 et
2892 2903 3112 2972 plantae,
3141 2911 3189 2959 et
3204 2886 3426 2962 exiliens
3453 2910 3611 2978 stetit,

2017 2978 2065 3027 et
2080 2975 2389 3033 ambulabat
2401 2981 2549 3049 (Act.
2571 2999 2654 3051 ιιι,
2675 2986 2753 3057 6).
2775 2987 2879 3043 Sed
2895 3006 3019 3046 cum
3037 2991 3104 3047 de
3120 2990 3225 3049 huc
3238 2993 3383 3050 facto
3401 2975 3612 3055 Iudaeo;

2014 3077 2139 3117 rum
2171 3063 2366 3121 fuisset
2392 3068 2556 3126 turba
2575 3083 2869 3145 commota,
2897 3078 2918 3113 ο
2950 3077 3236 3136 videamus
3262 3097 3410 3140 nunc
3429 3084 3613 3159 fulgur

1936 3154 1979 3214 C
2016 3152 2253 3225 rediens,
2277 3157 2424 3230 quod
2452 3160 2530 3217 ait
2564 3180 2575 3218 :
2618 3164 2733 3221 Viri
2750 3167 3029 3239 Israelita,
3052 3171 3182 3241 quid
3194 3152 3612 3233 admiraminim

2009 3243 2121 3311 hoc,
2152 3251 2249 3300 aut
2274 3264 2370 3302 nos
2400 3250 2530 3320 quid
2560 3251 2857 3326 intuemini,
2906 3259 3062 3329 quasi
3086 3267 3269 3317 nostra
3297 3262 3491 3319 virtute
3516 3271 3614 3322 aut

2003 3339 2255 3404 potestate
2264 3334 2473 3405 fecerim
2480 3358 2542 3396 us
2552 3343 2689 3400 hunc
2698 3346 3146 3406 ambularefDeus
3155 3350 3451 3420 Abraham,
3466 3354 3609 3413 Deus

2007 3424 2179 3494 Isaac,
2210 3427 2352 3484 Deus
2371 3431 2551 3500 Iacob,
2570 3434 2712 3491 Deus
2720 3444 2943 3509 patrum
2966 3448 3273 3498 nostrorum
3292 3445 3610 3517 gloriﬁcavit

2009 3512 2207 3570 Filium
2236 3534 2389 3574 suum
2417 3523 2595 3580 Iesum
2618 3525 2804 3597 (Ibid,
2830 3530 2941 3602 12).
2965 3532 3037 3587 Et
3056 3533 3219 3604 paulo
3239 3512 3362 3605 post
3391 3553 3403 3590 :
3430 3512 3608 3606 ’θυέτω

2005 3620 2102 3660 nos
2124 3612 2268 3662 testes
2283 3626 2483 3683 sumus,
2502 3622 2550 3671 et
2580 3617 2637 3672 in
2664 3618 2766 3689 ﬁde
2794 3622 3022 3676 nominis
3050 3624 3163 3694 ejus
3191 3626 3346 3691 hunc,
3382 3628 3428 3663 ¹⁰
3456 3645 3606 3699 quem

2004 3699 2211 3757 vidistis
2239 3702 2286 3750 et
2311 3703 2496 3775 nostis,
2528 3708 2861 3778 conﬁrmavit
2885 3727 3072 3765 nomen
3101 3713 3234 3783 ejus,
3262 3722 3309 3769 et
3335 3717 3462 3786 ﬁdes
3490 3734 3606 3789 quae

1997 3808 2099 3862 per
2125 3810 2241 3848 eum
2268 3802 2343 3849 est
2374 3798 2417 3831 ¹¹
2450 3797 2591 3850 dedit
2622 3797 2880 3868 integram
2898 3801 3177 3856 sanitatem
3205 3803 3363 3857 istam
3400 3807 3457 3859 in
3485 3823 3604 3860 con-

2002 3887 2179 3951 spectu
2211 3882 2445 3937 omnium
2461 3883 2506 3917 ¹²
2523 3888 2771 3939 vestrum.
2796 3885 2903 3940 Ivit
2918 3901 3044 3957 ergo
3065 3886 3252 3960 fulgur
3266 3905 3391 3945 cum
3412 3890 3604 3949 Petrus

2004 3971 2334 4027 miraculum
2369 3971 2520 4040 fecit,
2572 3970 2738 4028 rediit
2772 3988 2896 4029 cum
2932 3989 3043 4029 non
3089 3975 3194 4031 sibi
3240 3976 3460 4049 tribuit,
3507 3981 3603 4038 sed

2000 4061 2212 4116 auctori
2242 4060 2390 4134 quod
2410 4061 2560 4118 fecit.
2586 4060 2810 4119 Vadunt
2831 4061 3047 4136 fulgura
3068 4080 3191 4121 cum
3214 4066 3601 4138 praedicatores

1999 4150 2174 4207 sancti
2206 4151 2345 4206 mira
2373 4168 2538 4224 opera
2565 4152 2882 4221 ostendunt,
2915 4152 3010 4210 sed
3046 4156 3372 4213 revertendo
3404 4158 3600 4218 dicunt

1998 4238 2279 4309 adsumus,
2303 4257 2429 4298 cum
2455 4241 2512 4298 in
2530 4258 2594 4299 eo
2609 4242 2757 4316 quod
2773 4242 2984 4301 faciunt
3003 4244 3073 4301 ad
3092 4247 3394 4318 potentiam
3415 4259 3596 4308 aucto-

1998 4329 2073 4385 ris
2100 4334 2413 4387 recurrunt.

2066 4416 2118 4472 8.
2150 4418 2533 4474 Prcedicatores
2561 4419 2633 4475 ad
2655 4420 2929 4492 publicum
2970 4425 3292 4496 operationis
3326 4427 3494 4495 missi,
3524 4429 3596 4484 ad

280 4492 473 4548 Jacula
493 4496 595 4550 Dei
618 4497 674 4552 in
698 4498 907 4556 lumine
929 4500 1007 4556 ire
1028 4510 1108 4559 est
1129 4503 1294 4560 verba
1314 4504 1432 4577 ejus
1452 4518 1636 4578 aperta
1656 4511 1885 4567 veritate

2015 4511 2240 4560 recretum
2259 4507 2707 4579 contemplationis
2727 4509 2901 4566 redire
2920 4492 3119 4570 curent.
3142 4546 3213 4557 —
3232 4515 3388 4583 Quod
3409 4524 3592 4574 tamen

282 4597 561 4642 resonare.
605 4586 710 4642 Sed
746 4589 876 4661 quia
904 4606 1045 4662 saepe
1078 4590 1331 4648 homines
1363 4594 1529 4651 verba
1556 4596 1684 4653 vitae
1714 4599 1878 4654 etiam

280 4670 566 4729 intellecta
594 4675 930 4749 despiciunt,
977 4679 1357 4753 adjunguntur
1399 4684 1563 4739 etiam
1596 4686 1877 4743 miracula.

277 4761 440 4820 Unde
466 4764 587 4822 illic
615 4766 861 4825 subdidit
894 4787 905 4825 :
938 4771 1005 4827 In
1032 4772 1307 4843 splendore
1335 4772 1566 4845 fulgoris
1605 4793 1883 4833 armorum

276 4962 500 5048 import.
528 4964 1026 5048 ljallncinationem
1051 4970 1390 5048 correximus
1411 4988 1479 5029 ex
1496 4973 1621 5031 Mss.
1637 4975 1879 5048 Anglic,

274 5036 500 5114 alarm:
529 5037 954 5114 Cprb._fierm.,
1001 5042 1197 5112 Laud.,
1245 5054 1372 5114 etc.,
1424 5061 1638 5103 necnon
1666 5036 1876 5104 exvvet:

272 5106 431 5163 Edit.
464 5108 634 5167 Paris.
672 5110 826 5168 1495.

353 5181 372 5259 ξ
408 5180 669 5259 Ῡὶηροιέ,
700 5183 920 5259 Prata},
953 5184 1119 5255 Utic.,
1151 5189 1527 5259 supprimitur.

351 5251 373 5285 ⁸
405 5250 810 5341 Corn-Germ,
834 5250 1071 5341 _Turon.,
1106 5250 1319 5341 Norm.,
1380 5260 1573 5341 Laud.,
1608 5261 1730 5341 Val.
1766 5261 1873 5341 CL,

269 5322 510 5404 μεθῇς).
521 5367 535 5391 ,
555 5325 631 5380 ita
647 5326 869 5395 habent,
884 5344 992 5383 non
1001 5322 1593 5404 postinseparationem,
1606 5341 1667 5387 ut
1678 5322 1877 5403 legitur

272 5394 518 5485 in
546 5405 779 5485 gecentz,
813 5394 1255 5485 cOrrup'tissirne.’
1286 5478 1297 5485 _
1324 5474 1363 5485 ﬁ
1576 5394 1603 5485 ⁷,
1731 5394 1758 5403 ν
1794 5474 1804 5485 ο

347 5466 514 5547 ψει.
545 5467 656 5537 CL,
676 5466 1071 5547 velpppressus,
1094 5472 1487 5547 scili_cet_l_)_eus,
1512 5475 1605 5547 qui
1622 5474 1875 5546 superius

273 5534 487 5618 dicitur
507 5534 738 5618 opertus.
757 5534 981 5618 Legitur
1000 5534 1182 5598 tamen
1203 5543 1261 5618 in
1273 5543 1397 5599 aliis
1422 5534 1551 5602 Mss:
1568 5548 1649 5602 vel
1663 5534 1872 5618 oppres-

273 5559 487 5593 ωωιιιι·
507 5559 537 5594 ο
576 5559 738 5596 crtus.
757 5559 831 5598 Le
869 5559 981 5597 itur
1000 5559 1182 5598 tamen
1203 5559 1261 5597 1n
1273 5559 1354 5599 alii

272 5625 377 5665 sos.
413 5559 579 5668 (Ζοτέ
614 5559 1061 5680 Germ.,ghabent
1087 5621 1196 5669 utr.
1229 5614 1354 5671 lect.

345 5681 955 5770 inndoc.,§cceejus
981 5685 1258 5770 donum.___
1448 5756 1463 5770 ‘
1545 5760 1554 5770 α
1674 5760 1686 5770 ε
1762 5761 1773 5770 θ

346 5754 367 5785 ⁵
400 5752 608 5809 Turon.
629 5764 681 5810 et
703 5752 1096 5826 CorbiGernu,
1120 5757 1305 5823 mittis,
1321 5756 1467 5831 quod
1484 5760 1648 5816 etiam
1674 5760 1872 5834 legitur

1991 4593 2224 4666 intelligi
2251 4604 2305 4651 et
2351 4596 2511 4652 aliter
2540 4603 2737 4668 potest.
2779 4598 3019 4671 Fulgura
3064 4603 3290 4673 etenim,
3332 4605 3475 4662 sicut
3504 4622 3592 4663 su-

1990 4681 2174 4752 perius
2202 4682 2412 4739 dictum
2443 4692 2545 4752 est,
2567 4684 2742 4741 sancti
2765 4685 2874 4741 viri
2896 4686 3195 4745 mittuntur
3219 4698 3275 4746 et
3303 4698 3437 4746 eunt
3460 4707 3587 4747 cum

1990 4786 2021 4826 a
2049 4781 2256 4830 secreto
2298 4774 2778 4847 contemplationis
2817 4774 2886 4833 ad
2928 4776 3212 4850 publicum
3256 4778 3590 4850 operationis

1990 4974 2361 5057 in_npnn_ullis
2390 4975 2591 5057 Βάλε..
2659 5048 2691 5057 Α
2932 5048 2945 5057 _
3015 5046 3026 5057 ,

2062 5048 2084 5081 ⁶
2119 5046 2197 5118 lta
2217 5047 2445 5114 Turon.,
2469 5047 2630 5103 Corb.
2651 5048 2861 5115 Germ.,
2893 5046 3139 5118 plerique
3153 5045 3364 5112 Norm.,
3383 5043 3556 5104 Laud.
3565 5089 3582 5118 ,

2062 5064 2084 5081 ν
2122 5064 2445 5114 ua1uron.,
2469 5064 2861 5115 uorn.uerm.,
2933 5064 3029 5102 teri
3071 5064 3569 5118 uenormnuauaq

1990 5117 2113 5172 Val.
2140 5116 2222 5173 Cl.
2255 5124 2310 5170 et
2338 5118 2719 5192 vet._Vulgati,
2748 5136 2781 5174 a
2801 5064 3000 5192 quibus
3027 5064 3343 5173 deﬁcientes
3365 5127 3569 5177 recent.

1986 5187 2209 5270 habe-nt,
2240 5204 2357 5270 cum
2385 5187 2612 5270 mira“:
2700 5258 2720 5270 Α
2760 5260 2773 5270 _
2815 5187 2834 5192 “
2887 5260 2897 5270 η
3011 5267 3020 5270 _
3059 5261 3091 5270 ._
3165 5259 3174 5268 ,

2056 5260 2075 5294 ⁷
2114 5258 2284 5330 Laud.
2311 5266 2365 5313 et
2392 5260 2516 5315 Val.
2551 5258 2610 5315 Cl
2643 5303 2657 5327 ,
2688 5258 2943 5330 fulguris,
2974 5267 3027 5315 et
3054 5261 3132 5316 ita
3159 5259 3323 5323 infra.

2059 5331 2080 5364 ⁸
2110 5329 2333 5400 Pratel.,
2363 5331 2495 5400 quid
2523 5337 2595 5385 est
2624 5331 2779 5385 enim.

2055 5403 2077 5437 θ
2108 5399 2269 5457 Corb.
2303 5399 2509 5470 Germ,
2543 5402 2766 5470 Pratel.,
2810 5410 2864 5458 et
2909 5401 3076 5473 Utic.,
3117 5404 3395 5464 Videamus
3438 5421 3579 5463 nunc

1980 5473 2169 5545 fulgur
2195 5473 2423 5545 rediens.
2455 5474 2554 5529 Ait
2584 5490 2602 5526 :
2634 5473 2775 5531 Viri.

2056 5544 2102 5580 ¹⁷ο
2132 5544 2366 5617 Vindoc.
2397 5551 2455 5617 et
2480 5545 2611 5617 pler,
2650 5545 2863 5613 Norm.,
2892 5561 3045 5617 quem
3078 5546 3290 5606 uidetis.

2057 5618 2098 5652 “
2133 5615 2394 5689 Vindoc.,
2424 5615 2566 5671 dedit
2594 5616 2681 5673 illi
2710 5615 2988 5689 integram.

2056 5689 2102 5724 ¹²
2132 5687 2329 5757 Laud.,
2349 5692 2609 5744 nostrum.
