  <div class='ocr_page' id='page_1' title='image "/cluster/home/n/w/nwhite01/storage/ocr_20150623/76/hvd.32044052772456/271.png"; bbox 0 0 4152 6182; ppageno 0'>
   <div class='ocr_carea' id='block_1_1' title="bbox 582 296 686 352">
    <p class='ocr_par' dir='ltr' id='par_1_1' title="bbox 582 296 686 352">
     <span class='ocr_line' id='line_1_1' title="bbox 582 296 686 352; baseline 0 -1"><span class='ocrx_word' id='word_1_1' title='bbox 582 296 686 352; x_wconf 82' lang='lat'><strong>527</strong></span> 
     </span>
    </p>
   </div>
   <div class='ocr_carea' id='block_1_2' title="bbox 1798 288 2686 349">
    <p class='ocr_par' dir='ltr' id='par_1_2' title="bbox 1798 288 2686 349">
     <span class='ocr_line' id='line_1_2' title="bbox 1798 288 2686 349; baseline 0.006 -5"><span class='ocrx_word' id='word_1_2' title='bbox 1798 288 2048 346; x_wconf 86' lang='lat' dir='ltr'><strong>SANCTI</strong></span> <span class='ocrx_word' id='word_1_3' title='bbox 2085 288 2422 349; x_wconf 82' lang='lat' dir='ltr'><strong>GREGORII</strong></span> <span class='ocrx_word' id='word_1_4' title='bbox 2459 290 2686 349; x_wconf 83' lang='lat' dir='ltr'><strong>MAGNI</strong></span> 
     </span>
    </p>
   </div>
   <div class='ocr_carea' id='block_1_3' title="bbox 3780 293 3893 351">
    <p class='ocr_par' dir='ltr' id='par_1_3' title="bbox 3780 293 3893 351">
     <span class='ocr_line' id='line_1_3' title="bbox 3780 293 3893 351; baseline 0 0"><span class='ocrx_word' id='word_1_5' title='bbox 3780 293 3893 351; x_wconf 75' lang='lat'><strong>528</strong></span> 
     </span>
    </p>
   </div>
   <div class='ocr_carea' id='block_1_4' title="bbox 577 412 3891 495">
    <p class='ocr_par' dir='ltr' id='par_1_4' title="bbox 577 412 3891 495">
     <span class='ocr_line' id='line_1_4' title="bbox 577 412 3891 495; baseline 0.002 -21"><span class='ocrx_word' id='word_1_6' title='bbox 577 422 799 475; x_wconf 89' lang='lat' dir='ltr'><strong>exeunt.</strong></span> <span class='ocrx_word' id='word_1_7' title='bbox 840 415 1138 474; x_wconf 85' lang='lat' dir='ltr'><strong>Mittuntur</strong></span> <span class='ocrx_word' id='word_1_8' title='bbox 1177 421 1232 471; x_wconf 90' lang='lat' dir='ltr'><strong>et</strong></span> <span class='ocrx_word' id='word_1_9' title='bbox 1284 412 1496 471; x_wconf 79' lang='lat' dir='ltr'><strong>vadunt</strong></span> <span class='ocrx_word' id='word_1_10' title='bbox 1550 429 1677 471; x_wconf 91' lang='lat' dir='ltr'><strong>cum</strong></span> <span class='ocrx_word' id='word_1_11' title='bbox 1723 429 1792 469; x_wconf 90' lang='lat' dir='ltr'><strong>ex</strong></span> <span class='ocrx_word' id='word_1_12' title='bbox 1843 414 2167 473; x_wconf 88' lang='lat' dir='ltr'><strong>abscondito</strong></span> <span class='ocrx_word' id='word_1_13' title='bbox 2193 419 2245 479; x_wconf 82' lang='lat' dir='ltr'><strong>A</strong></span> <span class='ocrx_word' id='word_1_14' title='bbox 2269 416 2647 491; x_wconf 76' lang='lat' dir='ltr'><strong>designantur,</strong></span> <span class='ocrx_word' id='word_1_15' title='bbox 2668 418 2778 475; x_wconf 83' lang='lat' dir='ltr'><strong>nisi</strong></span> <span class='ocrx_word' id='word_1_16' title='bbox 2804 418 2971 476; x_wconf 90' lang='lat' dir='ltr'><strong>modo</strong></span> <span class='ocrx_word' id='word_1_17' title='bbox 2990 418 3103 476; x_wconf 91' lang='lat' dir='ltr'><strong>alio</strong></span> <span class='ocrx_word' id='word_1_18' title='bbox 3118 418 3339 492; x_wconf 74' lang='lat' dir='ltr'><strong>repetiti</strong></span> <span class='ocrx_word' id='word_1_19' title='bbox 3359 418 3528 477; x_wconf 90' lang='lat' dir='ltr'><strong>iidem</strong></span> <span class='ocrx_word' id='word_1_20' title='bbox 3550 419 3891 495; x_wconf 62' lang='lat' dir='ltr'><strong>pradicatoo</strong></span> 
     </span>
    </p>
   </div>
   <div class='ocr_carea' id='block_1_5' title="bbox 576 502 2181 581">
    <p class='ocr_par' dir='ltr' id='par_1_5' title="bbox 576 502 2181 581">
     <span class='ocr_line' id='line_1_5' title="bbox 576 502 2181 581; baseline -0.002 -17"><span class='ocrx_word' id='word_1_21' title='bbox 576 504 969 581; x_wconf 89' lang='lat' dir='ltr'><strong>speculationis</strong></span> <span class='ocrx_word' id='word_1_22' title='bbox 996 504 1209 562; x_wconf 64' lang='lat' dir='ltr'><strong>intimae</strong></span> <span class='ocrx_word' id='word_1_23' title='bbox 1238 503 1297 560; x_wconf 94' lang='lat' dir='ltr'><strong>in</strong></span> <span class='ocrx_word' id='word_1_24' title='bbox 1326 504 1521 560; x_wconf 79' lang='lat' dir='ltr'><strong>activae</strong></span> <span class='ocrx_word' id='word_1_25' title='bbox 1549 502 1680 559; x_wconf 63' lang='lat' dir='ltr'><strong>vita;</strong></span> <span class='ocrx_word' id='word_1_26' title='bbox 1700 502 2051 562; x_wconf 74' lang='lat' dir='ltr'><strong>latitudinem</strong></span> <span class='ocrx_word' id='word_1_27' title='bbox 2075 504 2181 561; x_wconf 89' lang='lat' dir='ltr'><strong>dif-</strong></span> 
     </span>
    </p>
   </div>
   <div class='ocr_carea' id='block_1_6' title="bbox 577 594 2179 665">
    <p class='ocr_par' dir='ltr' id='par_1_6' title="bbox 577 594 2179 665">
     <span class='ocr_line' id='line_1_6' title="bbox 577 594 2179 665; baseline 0.001 -13"><span class='ocrx_word' id='word_1_28' title='bbox 577 596 908 655; x_wconf 89' lang='lat' dir='ltr'><strong>funduntur.</strong></span> <span class='ocrx_word' id='word_1_29' title='bbox 953 595 1058 654; x_wconf 86' lang='lat' dir='ltr'><strong>Sed</strong></span> <span class='ocrx_word' id='word_1_30' title='bbox 1105 603 1438 653; x_wconf 80' lang='lat' dir='ltr'><strong>revertentes</strong></span> <span class='ocrx_word' id='word_1_31' title='bbox 1483 594 1677 652; x_wconf 88' lang='lat' dir='ltr'><strong>dicunt</strong></span> <span class='ocrx_word' id='word_1_32' title='bbox 1718 596 1852 663; x_wconf 92' lang='lat' dir='ltr'><strong>Deo,</strong></span> <span class='ocrx_word' id='word_1_33' title='bbox 1893 595 2179 665; x_wconf 90' lang='lat' dir='ltr'><strong>adsumus,</strong></span> 
     </span>
    </p>
   </div>
   <div class='ocr_carea' id='block_1_7' title="bbox 577 684 2177 761">
    <p class='ocr_par' dir='ltr' id='par_1_7' title="bbox 577 684 2177 761">
     <span class='ocr_line' id='line_1_7' title="bbox 577 684 2177 761; baseline -0.003 -16"><span class='ocrx_word' id='word_1_34' title='bbox 577 686 706 761; x_wconf 86' lang='lat' dir='ltr'><strong>quia</strong></span> <span class='ocrx_word' id='word_1_35' title='bbox 752 694 874 761; x_wconf 89' lang='lat' dir='ltr'><strong>post</strong></span> <span class='ocrx_word' id='word_1_36' title='bbox 920 703 1090 761; x_wconf 85' lang='lat' dir='ltr'><strong>opera</strong></span> <span class='ocrx_word' id='word_1_37' title='bbox 1146 684 1421 743; x_wconf 83' lang='lat' dir='ltr'><strong>exteriora</strong></span> <span class='ocrx_word' id='word_1_38' title='bbox 1485 700 1605 758; x_wconf 70' lang='lat' dir='ltr'><strong>quae</strong></span> <span class='ocrx_word' id='word_1_39' title='bbox 1650 694 1917 757; x_wconf 91' lang='lat' dir='ltr'><strong>peragunt</strong></span> <span class='ocrx_word' id='word_1_40' title='bbox 1961 701 2177 758; x_wconf 86' lang='lat' dir='ltr'><strong>semper</strong></span> 
     </span>
    </p>
   </div>
   <div class='ocr_carea' id='block_1_8' title="bbox 577 774 2182 848">
    <p class='ocr_par' dir='ltr' id='par_1_8' title="bbox 577 774 2182 848">
     <span class='ocr_line' id='line_1_8' title="bbox 577 774 2182 848; baseline -0.002 -15"><span class='ocrx_word' id='word_1_41' title='bbox 577 775 646 833; x_wconf 89' lang='lat' dir='ltr'><strong>ad</strong></span> <span class='ocrx_word' id='word_1_42' title='bbox 682 775 866 833; x_wconf 91' lang='lat' dir='ltr'><strong>sinum</strong></span> <span class='ocrx_word' id='word_1_43' title='bbox 915 774 1402 848; x_wconf 87' lang='lat' dir='ltr'><strong>contemplationis</strong></span> <span class='ocrx_word' id='word_1_44' title='bbox 1442 782 1758 843; x_wconf 85' lang='lat' dir='ltr'><strong>recurrunt,</strong></span> <span class='ocrx_word' id='word_1_45' title='bbox 1805 783 1867 831; x_wconf 92' lang='lat' dir='ltr'><strong>ut</strong></span> <span class='ocrx_word' id='word_1_46' title='bbox 1914 774 2032 832; x_wconf 91' lang='lat' dir='ltr'><strong>illic</strong></span> <span class='ocrx_word' id='word_1_47' title='bbox 2082 791 2182 830; x_wconf 91' lang='lat' dir='ltr'><strong>ar-</strong></span> 
     </span>
    </p>
   </div>
   <div class='ocr_carea' id='block_1_9' title="bbox 577 862 2183 935">
    <p class='ocr_par' dir='ltr' id='par_1_9' title="bbox 577 862 2183 935">
     <span class='ocr_line' id='line_1_9' title="bbox 577 862 2183 935; baseline -0.001 -15"><span class='ocrx_word' id='word_1_48' title='bbox 577 862 729 922; x_wconf 88' lang='lat' dir='ltr'><strong>doris</strong></span> <span class='ocrx_word' id='word_1_49' title='bbox 775 865 863 921; x_wconf 91' lang='lat' dir='ltr'><strong>sui</strong></span> <span class='ocrx_word' id='word_1_50' title='bbox 918 864 1197 921; x_wconf 90' lang='lat' dir='ltr'><strong>ﬂammam</strong></span> <span class='ocrx_word' id='word_1_51' title='bbox 1256 862 1529 927; x_wconf 85' lang='lat' dir='ltr'><strong>reﬁciant,</strong></span> <span class='ocrx_word' id='word_1_52' title='bbox 1585 869 1638 918; x_wconf 90' lang='lat' dir='ltr'><strong>et</strong></span> <span class='ocrx_word' id='word_1_53' title='bbox 1693 862 1848 935; x_wconf 92' lang='lat' dir='ltr'><strong>quasi</strong></span> <span class='ocrx_word' id='word_1_54' title='bbox 1903 879 1973 918; x_wconf 91' lang='lat' dir='ltr'><strong>ex</strong></span> <span class='ocrx_word' id='word_1_55' title='bbox 2035 870 2183 919; x_wconf 88' lang='lat' dir='ltr'><strong>tactu</strong></span> 
     </span>
    </p>
   </div>
   <div class='ocr_carea' id='block_1_10' title="bbox 579 948 2181 1028">
    <p class='ocr_par' dir='ltr' id='par_1_10' title="bbox 579 948 2181 1028">
     <span class='ocr_line' id='line_1_10' title="bbox 579 948 2181 1028; baseline -0.002 -17"><span class='ocrx_word' id='word_1_56' title='bbox 579 969 828 1028; x_wconf 65' lang='lat' dir='ltr'><strong>superna:</strong></span> <span class='ocrx_word' id='word_1_57' title='bbox 874 952 1142 1012; x_wconf 83' lang='lat' dir='ltr'><strong>claritatis</strong></span> <span class='ocrx_word' id='word_1_58' title='bbox 1186 952 1487 1025; x_wconf 77' lang='lat' dir='ltr'><strong>ignescent.</strong></span> <span class='ocrx_word' id='word_1_59' title='bbox 1537 948 1715 1007; x_wconf 88' lang='lat' dir='ltr'><strong>Citius</strong></span> <span class='ocrx_word' id='word_1_60' title='bbox 1774 950 1924 1006; x_wconf 90' lang='lat' dir='ltr'><strong>enim</strong></span> <span class='ocrx_word' id='word_1_61' title='bbox 1971 952 1985 986; x_wconf 86' lang='grc'>¹</span> <span class='ocrx_word' id='word_1_62' title='bbox 2036 950 2181 1007; x_wconf 88' lang='lat' dir='ltr'><strong>inter</strong></span> 
     </span>
    </p>
   </div>
   <div class='ocr_carea' id='block_1_11' title="bbox 578 1040 2180 1117">
    <p class='ocr_par' dir='ltr' id='par_1_11' title="bbox 578 1040 2180 1117">
     <span class='ocr_line' id='line_1_11' title="bbox 578 1040 2180 1117; baseline -0.001 -17"><span class='ocrx_word' id='word_1_63' title='bbox 578 1044 698 1117; x_wconf 89' lang='lat' dir='ltr'><strong>ipsa</strong></span> <span class='ocrx_word' id='word_1_64' title='bbox 743 1045 873 1103; x_wconf 92' lang='lat' dir='ltr'><strong>licet</strong></span> <span class='ocrx_word' id='word_1_65' title='bbox 915 1045 1063 1101; x_wconf 92' lang='lat' dir='ltr'><strong>bona</strong></span> <span class='ocrx_word' id='word_1_66' title='bbox 1109 1044 1382 1100; x_wconf 84' lang='lat' dir='ltr'><strong>exteriora</strong></span> <span class='ocrx_word' id='word_1_67' title='bbox 1428 1057 1595 1114; x_wconf 90' lang='lat' dir='ltr'><strong>opera</strong></span> <span class='ocrx_word' id='word_1_68' title='bbox 1646 1040 2022 1113; x_wconf 85' lang='lat' dir='ltr'><strong>frigescerent,</strong></span> <span class='ocrx_word' id='word_1_69' title='bbox 2071 1042 2180 1098; x_wconf 87' lang='lat' dir='ltr'><strong>nisi</strong></span> 
     </span>
    </p>
   </div>
   <div class='ocr_carea' id='block_1_12' title="bbox 580 1130 2181 1203">
    <p class='ocr_par' dir='ltr' id='par_1_12' title="bbox 580 1130 2181 1203">
     <span class='ocr_line' id='line_1_12' title="bbox 580 1130 2181 1203; baseline -0.001 -14"><span class='ocrx_word' id='word_1_70' title='bbox 580 1133 887 1191; x_wconf 86' lang='lat' dir='ltr'><strong>intentione</strong></span> <span class='ocrx_word' id='word_1_71' title='bbox 963 1133 1202 1191; x_wconf 89' lang='lat' dir='ltr'><strong>sollicita</strong></span> <span class='ocrx_word' id='word_1_72' title='bbox 1283 1132 1352 1188; x_wconf 92' lang='lat' dir='ltr'><strong>ad</strong></span> <span class='ocrx_word' id='word_1_73' title='bbox 1430 1130 1916 1203; x_wconf 86' lang='lat' dir='ltr'><strong>contemplationis</strong></span> <span class='ocrx_word' id='word_1_74' title='bbox 1998 1131 2181 1203; x_wconf 81' lang='lat' dir='ltr'><strong>ignem</strong></span> 
     </span>
    </p>
   </div>
   <div class='ocr_carea' id='block_1_13' title="bbox 579 1220 2183 1293">
    <p class='ocr_par' dir='ltr' id='par_1_13' title="bbox 579 1220 2183 1293">
     <span class='ocr_line' id='line_1_13' title="bbox 579 1220 2183 1293; baseline -0.002 -15"><span class='ocrx_word' id='word_1_75' title='bbox 579 1222 914 1281; x_wconf 86' lang='lat' dir='ltr'><strong>incessanter</strong></span> <span class='ocrx_word' id='word_1_76' title='bbox 937 1222 1201 1280; x_wconf 87' lang='lat' dir='ltr'><strong>redirent.</strong></span> <span class='ocrx_word' id='word_1_77' title='bbox 1234 1222 1389 1278; x_wconf 92' lang='lat' dir='ltr'><strong>Unde</strong></span> <span class='ocrx_word' id='word_1_78' title='bbox 1419 1221 1556 1278; x_wconf 89' lang='lat' dir='ltr'><strong>bene</strong></span> <span class='ocrx_word' id='word_1_79' title='bbox 1583 1236 1679 1293; x_wconf 90' lang='lat' dir='ltr'><strong>per</strong></span> <span class='ocrx_word' id='word_1_80' title='bbox 1707 1220 2054 1277; x_wconf 89' lang='lat' dir='ltr'><strong>Salomonem</strong></span> <span class='ocrx_word' id='word_1_81' title='bbox 2086 1220 2183 1275; x_wconf 89' lang='lat' dir='ltr'><strong>di—</strong></span> 
     </span>
    </p>
   </div>
   <div class='ocr_carea' id='block_1_14' title="bbox 579 1310 2181 1384">
    <p class='ocr_par' dir='ltr' id='par_1_14' title="bbox 579 1310 2181 1384">
     <span class='ocr_line' id='line_1_14' title="bbox 579 1310 2181 1384; baseline -0.003 -15"><span class='ocrx_word' id='word_1_82' title='bbox 579 1312 723 1369; x_wconf 87' lang='lat' dir='ltr'><strong>citur</strong></span> <span class='ocrx_word' id='word_1_83' title='bbox 754 1331 767 1370; x_wconf 88' lang='lat'><strong>:</strong></span> <span class='ocrx_word' id='word_1_84' title='bbox 800 1312 888 1369; x_wconf 89' lang='lat' dir='ltr'><strong>Ad</strong></span> <span class='ocrx_word' id='word_1_85' title='bbox 920 1313 1110 1381; x_wconf 78' lang='lat' dir='ltr'><strong>locant,</strong></span> <span class='ocrx_word' id='word_1_86' title='bbox 1131 1313 1192 1368; x_wconf 90' lang='lat' dir='ltr'><strong>de</strong></span> <span class='ocrx_word' id='word_1_87' title='bbox 1220 1329 1323 1384; x_wconf 88' lang='lat' dir='ltr'><strong>quo</strong></span> <span class='ocrx_word' id='word_1_88' title='bbox 1352 1318 1541 1368; x_wconf 73' lang='lat' dir='ltr'><strong>exeunt</strong></span> <span class='ocrx_word' id='word_1_89' title='bbox 1566 1310 1786 1381; x_wconf 80' lang='lat' dir='ltr'><strong>flumina</strong></span> <span class='ocrx_word' id='word_1_90' title='bbox 1820 1316 2181 1379; x_wconf 79' lang='lat' dir='ltr'><strong>revertuntur,</strong></span> 
     </span>
    </p>
   </div>
   <div class='ocr_carea' id='block_1_15' title="bbox 577 1398 2182 1474">
    <p class='ocr_par' dir='ltr' id='par_1_15' title="bbox 577 1398 2182 1474">
     <span class='ocr_line' id='line_1_15' title="bbox 577 1398 2182 1474; baseline -0.004 -13"><span class='ocrx_word' id='word_1_91' title='bbox 577 1409 637 1461; x_wconf 88' lang='lat' dir='ltr'><strong>ut</strong></span> <span class='ocrx_word' id='word_1_92' title='bbox 662 1403 855 1459; x_wconf 78' lang='lat' dir='ltr'><strong>iterum</strong></span> <span class='ocrx_word' id='word_1_93' title='bbox 882 1404 1055 1474; x_wconf 82' lang='lat' dir='ltr'><strong>ﬂuant</strong></span> <span class='ocrx_word' id='word_1_94' title='bbox 1078 1403 1277 1473; x_wconf 87' lang='lat' dir='ltr'><strong>(Eccle.</strong></span> <span class='ocrx_word' id='word_1_95' title='bbox 1304 1418 1345 1470; x_wconf 83' lang='lat'><strong>1,</strong></span> <span class='ocrx_word' id='word_1_96' title='bbox 1370 1402 1450 1473; x_wconf 93' lang='grc'><strong>7).</strong></span> <span class='ocrx_word' id='word_1_97' title='bbox 1476 1400 1584 1473; x_wconf 91' lang='lat' dir='ltr'><strong>Ipsi</strong></span> <span class='ocrx_word' id='word_1_98' title='bbox 1600 1400 1804 1473; x_wconf 90' lang='lat' dir='ltr'><strong>quippe</strong></span> <span class='ocrx_word' id='word_1_99' title='bbox 1821 1399 1937 1456; x_wconf 90' lang='lat' dir='ltr'><strong>illic</strong></span> <span class='ocrx_word' id='word_1_100' title='bbox 1951 1398 2182 1455; x_wconf 90' lang='lat' dir='ltr'><strong>ﬂumina</strong></span> 
     </span>
    </p>
   </div>
   <div class='ocr_carea' id='block_1_16' title="bbox 579 1488 2181 1568">
    <p class='ocr_par' dir='ltr' id='par_1_16' title="bbox 579 1488 2181 1568">
     <span class='ocr_line' id='line_1_16' title="bbox 579 1488 2181 1568; baseline -0.004 -18"><span class='ocrx_word' id='word_1_101' title='bbox 579 1494 675 1568; x_wconf 88' lang='lat' dir='ltr'><strong>qui</strong></span> <span class='ocrx_word' id='word_1_102' title='bbox 704 1492 799 1550; x_wconf 91' lang='lat' dir='ltr'><strong>hic</strong></span> <span class='ocrx_word' id='word_1_103' title='bbox 826 1493 1047 1566; x_wconf 79' lang='lat' dir='ltr'><strong>fulgura</strong></span> <span class='ocrx_word' id='word_1_104' title='bbox 1070 1501 1199 1550; x_wconf 92' lang='lat' dir='ltr'><strong>sunt</strong></span> <span class='ocrx_word' id='word_1_105' title='bbox 1229 1492 1431 1549; x_wconf 87' lang='lat' dir='ltr'><strong>vocati.</strong></span> <span class='ocrx_word' id='word_1_106' title='bbox 1466 1491 1488 1525; x_wconf 85' lang='grc'>²</span> <span class='ocrx_word' id='word_1_107' title='bbox 1517 1490 1657 1558; x_wconf 86' lang='lat' dir='ltr'><strong>Quia</strong></span> <span class='ocrx_word' id='word_1_108' title='bbox 1698 1490 1849 1546; x_wconf 91' lang='lat' dir='ltr'><strong>enim</strong></span> <span class='ocrx_word' id='word_1_109' title='bbox 1878 1488 2045 1546; x_wconf 91' lang='lat' dir='ltr'><strong>corda</strong></span> <span class='ocrx_word' id='word_1_110' title='bbox 2072 1506 2181 1545; x_wconf 92' lang='lat' dir='ltr'><strong>au-</strong></span> 
     </span>
    </p>
   </div>
   <div class='ocr_carea' id='block_1_17' title="bbox 578 1578 2179 1655">
    <p class='ocr_par' dir='ltr' id='par_1_17' title="bbox 578 1578 2179 1655">
     <span class='ocr_line' id='line_1_17' title="bbox 578 1578 2179 1655; baseline -0.004 -16"><span class='ocrx_word' id='word_1_111' title='bbox 578 1581 852 1640; x_wconf 90' lang='lat' dir='ltr'><strong>dientium</strong></span> <span class='ocrx_word' id='word_1_112' title='bbox 879 1583 1080 1655; x_wconf 80' lang='lat' dir='ltr'><strong>rigant,</strong></span> <span class='ocrx_word' id='word_1_113' title='bbox 1113 1581 1343 1638; x_wconf 90' lang='lat' dir='ltr'><strong>ﬂumina</strong></span> <span class='ocrx_word' id='word_1_114' title='bbox 1373 1598 1388 1649; x_wconf 87' lang='lat'>;</span> <span class='ocrx_word' id='word_1_115' title='bbox 1422 1581 1551 1654; x_wconf 86' lang='lat' dir='ltr'><strong>quia</strong></span> <span class='ocrx_word' id='word_1_116' title='bbox 1570 1596 1702 1636; x_wconf 92' lang='lat' dir='ltr'><strong>vero</strong></span> <span class='ocrx_word' id='word_1_117' title='bbox 1722 1578 2052 1647; x_wconf 88' lang='lat' dir='ltr'><strong>accendunt,</strong></span> <span class='ocrx_word' id='word_1_118' title='bbox 2075 1579 2179 1633; x_wconf 88' lang='lat' dir='ltr'><strong>ful-</strong></span> 
     </span>
    </p>
   </div>
   <div class='ocr_carea' id='block_1_18' title="bbox 580 1674 2179 1761">
    <p class='ocr_par' dir='ltr' id='par_1_18' title="bbox 580 1674 2179 1761">
     <span class='ocr_line' id='line_1_18' title="bbox 580 1674 2179 1761; baseline -0.002 -26"><span class='ocrx_word' id='word_1_119' title='bbox 580 1694 716 1752; x_wconf 86' lang='lat' dir='ltr'><strong>gura</strong></span> <span class='ocrx_word' id='word_1_120' title='bbox 746 1687 1145 1737; x_wconf 89' lang='lat' dir='ltr'><strong>memorantur.</strong></span> <span class='ocrx_word' id='word_1_121' title='bbox 1193 1681 1272 1737; x_wconf 93' lang='lat' dir='ltr'><strong>De</strong></span> <span class='ocrx_word' id='word_1_122' title='bbox 1313 1678 1518 1761; x_wconf 67' lang='lat' dir='ltr'><strong>quibus</strong></span> <span class='ocrx_word' id='word_1_123' title='bbox 1547 1674 1692 1733; x_wconf 85' lang='lat'><strong>959</strong></span> <span class='ocrx_word' id='word_1_124' title='bbox 1727 1676 1863 1733; x_wconf 91' lang='lat' dir='ltr'><strong>alias</strong></span> <span class='ocrx_word' id='word_1_125' title='bbox 1911 1675 2179 1748; x_wconf 89' lang='lat' dir='ltr'><strong>scriptum</strong></span> 
     </span>
    </p>
   </div>
   <div class='ocr_carea' id='block_1_19' title="bbox 2291 508 3894 582">
    <p class='ocr_par' dir='ltr' id='par_1_19' title="bbox 2291 508 3894 582">
     <span class='ocr_line' id='line_1_19' title="bbox 2291 508 3894 582; baseline 0.004 -21"><span class='ocrx_word' id='word_1_126' title='bbox 2291 523 2377 563; x_wconf 93' lang='lat' dir='ltr'><strong>res</strong></span> <span class='ocrx_word' id='word_1_127' title='bbox 2405 509 2598 578; x_wconf 89' lang='lat' dir='ltr'><strong>sancti,</strong></span> <span class='ocrx_word' id='word_1_128' title='bbox 2632 509 2726 582; x_wconf 86' lang='lat' dir='ltr'><strong>qui</strong></span> <span class='ocrx_word' id='word_1_129' title='bbox 2757 508 2904 565; x_wconf 91' lang='lat' dir='ltr'><strong>inter</strong></span> <span class='ocrx_word' id='word_1_130' title='bbox 2930 508 3184 565; x_wconf 86' lang='lat' dir='ltr'><strong>tenebras</strong></span> <span class='ocrx_word' id='word_1_131' title='bbox 3202 508 3335 566; x_wconf 62' lang='lat' dir='ltr'><strong>vita:</strong></span> <span class='ocrx_word' id='word_1_132' title='bbox 3362 510 3649 582; x_wconf 72' lang='lat' dir='ltr'><strong>praesentis</strong></span> <span class='ocrx_word' id='word_1_133' title='bbox 3668 510 3894 569; x_wconf 82' lang='lat' dir='ltr'><strong>student</strong></span> 
     </span>
    </p>
   </div>
   <div class='ocr_carea' id='block_1_20' title="bbox 2292 597 3893 674">
    <p class='ocr_par' dir='ltr' id='par_1_20' title="bbox 2292 597 3893 674">
     <span class='ocr_line' id='line_1_20' title="bbox 2292 597 3893 674; baseline 0.005 -22"><span class='ocrx_word' id='word_1_134' title='bbox 2292 606 2579 654; x_wconf 88' lang='lat' dir='ltr'><strong>venturam</strong></span> <span class='ocrx_word' id='word_1_135' title='bbox 2661 599 2837 655; x_wconf 90' lang='lat' dir='ltr'><strong>lucem</strong></span> <span class='ocrx_word' id='word_1_136' title='bbox 2927 597 3293 670; x_wconf 61' lang='lat' dir='ltr'><strong>pradicando,</strong></span> <span class='ocrx_word' id='word_1_137' title='bbox 3365 600 3519 674; x_wconf 85' lang='lat' dir='ltr'><strong>quasi</strong></span> <span class='ocrx_word' id='word_1_138' title='bbox 3595 602 3893 672; x_wconf 87' lang='lat' dir='ltr'><strong>cantando,</strong></span> 
     </span>
    </p>
   </div>
   <div class='ocr_carea' id='block_1_21' title="bbox 2291 687 3894 761">
    <p class='ocr_par' dir='ltr' id='par_1_21' title="bbox 2291 687 3894 761">
     <span class='ocr_line' id='line_1_21' title="bbox 2291 687 3894 761; baseline 0.004 -18"><span class='ocrx_word' id='word_1_139' title='bbox 2291 688 2547 743; x_wconf 90' lang='lat' dir='ltr'><strong>nuntiare</strong></span> <span class='ocrx_word' id='word_1_140' title='bbox 2577 687 2606 743; x_wconf 80' lang='lat'><strong>?</strong></span> <span class='ocrx_word' id='word_1_141' title='bbox 2632 687 2837 744; x_wconf 89' lang='lat' dir='ltr'><strong>Dicunt</strong></span> <span class='ocrx_word' id='word_1_142' title='bbox 2866 688 3014 745; x_wconf 89' lang='lat' dir='ltr'><strong>enim</strong></span> <span class='ocrx_word' id='word_1_143' title='bbox 3048 706 3060 744; x_wconf 88' lang='lat'>:</span> <span class='ocrx_word' id='word_1_144' title='bbox 3095 690 3218 746; x_wconf 73' lang='lat' dir='ltr'><strong>No.1:</strong></span> <span class='ocrx_word' id='word_1_145' title='bbox 3242 689 3528 761; x_wconf 68' lang='lat' dir='ltr'><strong>praecessit,</strong></span> <span class='ocrx_word' id='word_1_146' title='bbox 3569 691 3681 748; x_wconf 87' lang='lat' dir='ltr'><strong>dies</strong></span> <span class='ocrx_word' id='word_1_147' title='bbox 3712 698 3894 749; x_wconf 85' lang='lat' dir='ltr'><strong>autem</strong></span> 
     </span>
    </p>
   </div>
   <div class='ocr_carea' id='block_1_22' title="bbox 2290 777 3896 852">
    <p class='ocr_par' dir='ltr' id='par_1_22' title="bbox 2290 777 3896 852">
     <span class='ocr_line' id='line_1_22' title="bbox 2290 777 3896 852; baseline 0.006 -20"><span class='ocrx_word' id='word_1_148' title='bbox 2290 777 2747 848; x_wconf 71' lang='lat' dir='ltr'><strong>appropinquavit</strong></span> <span class='ocrx_word' id='word_1_149' title='bbox 2758 780 3056 847; x_wconf 50' lang='lat' dir='ltr'><strong>\Rom.xm,</strong></span> <span class='ocrx_word' id='word_1_150' title='bbox 3067 779 3179 852; x_wconf 81' lang='lat' dir='ltr'><strong>i2).</strong></span> <span class='ocrx_word' id='word_1_151' title='bbox 3198 779 3305 847; x_wconf 90' lang='lat' dir='ltr'><strong>Qui</strong></span> <span class='ocrx_word' id='word_1_152' title='bbox 3332 779 3562 837; x_wconf 89' lang='lat' dir='ltr'><strong>vocibus</strong></span> <span class='ocrx_word' id='word_1_153' title='bbox 3573 782 3693 839; x_wconf 87' lang='lat' dir='ltr'><strong>suis</strong></span> <span class='ocrx_word' id='word_1_154' title='bbox 3709 784 3732 820; x_wconf 79' lang='grc'>³</span> <span class='ocrx_word' id='word_1_155' title='bbox 3746 799 3896 840; x_wconf 87' lang='lat' dir='ltr'><strong>som-</strong></span> 
     </span>
    </p>
   </div>
   <div class='ocr_carea' id='block_1_23' title="bbox 2293 866 3900 940">
    <p class='ocr_par' dir='ltr' id='par_1_23' title="bbox 2293 866 3900 940">
     <span class='ocr_line' id='line_1_23' title="bbox 2293 866 3900 940; baseline 0.004 -20"><span class='ocrx_word' id='word_1_156' title='bbox 2293 880 2427 921; x_wconf 89' lang='lat' dir='ltr'><strong>num</strong></span> <span class='ocrx_word' id='word_1_157' title='bbox 2456 866 2631 922; x_wconf 89' lang='lat' dir='ltr'><strong>nostri</strong></span> <span class='ocrx_word' id='word_1_158' title='bbox 2662 868 2902 940; x_wconf 87' lang='lat' dir='ltr'><strong>torporis</strong></span> <span class='ocrx_word' id='word_1_159' title='bbox 2926 871 3235 936; x_wconf 87' lang='lat' dir='ltr'><strong>excutiunt,</strong></span> <span class='ocrx_word' id='word_1_160' title='bbox 3269 869 3568 927; x_wconf 87' lang='lat' dir='ltr'><strong>clamantes</strong></span> <span class='ocrx_word' id='word_1_161' title='bbox 3593 887 3604 926; x_wconf 94' lang='lat'><strong>:</strong></span> <span class='ocrx_word' id='word_1_162' title='bbox 3639 872 3796 929; x_wconf 85' lang='lat' dir='ltr'><strong>Hora</strong></span> <span class='ocrx_word' id='word_1_163' title='bbox 3825 878 3900 928; x_wconf 86' lang='lat' dir='ltr'><strong>est</strong></span> 
     </span>
    </p>
   </div>
   <div class='ocr_carea' id='block_1_24' title="bbox 2283 951 3894 1031">
    <p class='ocr_par' dir='ltr' id='par_1_24' title="bbox 2283 951 3894 1031">
     <span class='ocr_line' id='line_1_24' title="bbox 2283 951 3894 1031; baseline 0.006 -23"><span class='ocrx_word' id='word_1_164' title='bbox 2283 951 2403 1022; x_wconf 90' lang='lat' dir='ltr'><strong>jam</strong></span> <span class='ocrx_word' id='word_1_165' title='bbox 2431 972 2527 1010; x_wconf 88' lang='lat' dir='ltr'><strong>nos</strong></span> <span class='ocrx_word' id='word_1_166' title='bbox 2545 955 2609 1011; x_wconf 89' lang='lat' dir='ltr'><strong>de</strong></span> <span class='ocrx_word' id='word_1_167' title='bbox 2625 972 2807 1013; x_wconf 85' lang='lat' dir='ltr'><strong>somno</strong></span> <span class='ocrx_word' id='word_1_168' title='bbox 2827 974 3043 1029; x_wconf 78' lang='lat' dir='ltr'><strong>surgere</strong></span> <span class='ocrx_word' id='word_1_169' title='bbox 3059 958 3236 1031; x_wconf 84' lang='lat' dir='ltr'><strong>(Rom.</strong></span> <span class='ocrx_word' id='word_1_170' title='bbox 3258 974 3383 1027; x_wconf 83' lang='lat' dir='ltr'><strong>xm,</strong></span> <span class='ocrx_word' id='word_1_171' title='bbox 3406 960 3519 1031; x_wconf 90' lang='grc'><strong>11).</strong></span> <span class='ocrx_word' id='word_1_172' title='bbox 3545 960 3617 1016; x_wconf 90' lang='lat' dir='ltr'><strong>Et</strong></span> <span class='ocrx_word' id='word_1_173' title='bbox 3635 977 3860 1018; x_wconf 85' lang='lat' dir='ltr'><strong>rursum</strong></span> <span class='ocrx_word' id='word_1_174' title='bbox 3880 979 3894 1017; x_wconf 89' lang='lat'><strong>:</strong></span> 
     </span>
    </p>
   </div>
   <div class='ocr_carea' id='block_1_25' title="bbox 2291 1043 3889 1123">
    <p class='ocr_par' dir='ltr' id='par_1_25' title="bbox 2291 1043 3889 1123">
     <span class='ocr_line' id='line_1_25' title="bbox 2291 1043 3889 1123; baseline 0.006 -26"><span class='ocrx_word' id='word_1_175' title='bbox 2291 1043 2577 1113; x_wconf 86' lang='lat' dir='ltr'><strong>Evigilate,</strong></span> <span class='ocrx_word' id='word_1_176' title='bbox 2599 1044 2761 1115; x_wconf 88' lang='lat' dir='ltr'><strong>justi,</strong></span> <span class='ocrx_word' id='word_1_177' title='bbox 2789 1048 2952 1102; x_wconf 79' lang='lat' dir='ltr'><strong>nolite</strong></span> <span class='ocrx_word' id='word_1_178' title='bbox 2973 1063 3188 1119; x_wconf 88' lang='lat' dir='ltr'><strong>peccare</strong></span> <span class='ocrx_word' id='word_1_179' title='bbox 3217 1047 3276 1120; x_wconf 93' lang='grc' dir='ltr'><strong>(Ι</strong></span> <span class='ocrx_word' id='word_1_180' title='bbox 3303 1048 3428 1105; x_wconf 87' lang='lat' dir='ltr'><strong>Cor.</strong></span> <span class='ocrx_word' id='word_1_181' title='bbox 3463 1064 3559 1116; x_wconf 92' lang='lat' dir='ltr'><strong>xv,</strong></span> <span class='ocrx_word' id='word_1_182' title='bbox 3592 1048 3709 1121; x_wconf 72' lang='grc'><strong>34).</strong></span> <span class='ocrx_word' id='word_1_183' title='bbox 3746 1046 3889 1123; x_wconf 74' lang='grc' dir='ltr'><em>[νει.</em></span> 
     </span>
    </p>
   </div>
   <div class='ocr_carea' id='block_1_26' title="bbox 2300 1131 3900 1213">
    <p class='ocr_par' dir='ltr' id='par_1_26' title="bbox 2300 1131 3900 1213">
     <span class='ocr_line' id='line_1_26' title="bbox 2300 1131 3900 1213; baseline 0.004 -23"><span class='ocrx_word' id='word_1_184' title='bbox 2300 1131 2385 1207; x_wconf 82' lang='grc' dir='ltr'><strong>ν.]</strong></span> <span class='ocrx_word' id='word_1_185' title='bbox 2413 1136 2490 1190; x_wconf 93' lang='lat' dir='ltr'><strong>De</strong></span> <span class='ocrx_word' id='word_1_186' title='bbox 2518 1133 2625 1192; x_wconf 85' lang='lat' dir='ltr'><strong>hoc</strong></span> <span class='ocrx_word' id='word_1_187' title='bbox 2651 1136 2794 1207; x_wconf 86' lang='lat' dir='ltr'><strong>gallo</strong></span> <span class='ocrx_word' id='word_1_188' title='bbox 2813 1152 3030 1194; x_wconf 89' lang='lat' dir='ltr'><strong>rursum</strong></span> <span class='ocrx_word' id='word_1_189' title='bbox 3049 1137 3315 1209; x_wconf 89' lang='lat' dir='ltr'><strong>scriptum</strong></span> <span class='ocrx_word' id='word_1_190' title='bbox 3330 1145 3447 1194; x_wconf 91' lang='lat' dir='ltr'><strong>est:</strong></span> <span class='ocrx_word' id='word_1_191' title='bbox 3476 1138 3608 1194; x_wconf 85' lang='lat' dir='ltr'><strong>Tria</strong></span> <span class='ocrx_word' id='word_1_192' title='bbox 3636 1147 3759 1195; x_wconf 86' lang='lat' dir='ltr'><strong>sunt</strong></span> <span class='ocrx_word' id='word_1_193' title='bbox 3778 1157 3900 1213; x_wconf 71' lang='lat' dir='ltr'><strong>quae</strong></span> 
     </span>
    </p>
   </div>
   <div class='ocr_carea' id='block_1_27' title="bbox 2293 1222 3898 1301">
    <p class='ocr_par' dir='ltr' id='par_1_27' title="bbox 2293 1222 3898 1301">
     <span class='ocr_line' id='line_1_27' title="bbox 2293 1222 3898 1301; baseline 0.006 -23"><span class='ocrx_word' id='word_1_194' title='bbox 2293 1222 2413 1279; x_wconf 90' lang='lat' dir='ltr'><strong>bene</strong></span> <span class='ocrx_word' id='word_1_195' title='bbox 2437 1227 2784 1297; x_wconf 85' lang='lat' dir='ltr'><strong>gradiuntur,</strong></span> <span class='ocrx_word' id='word_1_196' title='bbox 2812 1235 2861 1283; x_wconf 86' lang='lat' dir='ltr'><strong>et</strong></span> <span class='ocrx_word' id='word_1_197' title='bbox 2885 1235 3137 1300; x_wconf 86' lang='lat' dir='ltr'><strong>quartum</strong></span> <span class='ocrx_word' id='word_1_198' title='bbox 3163 1230 3306 1301; x_wconf 86' lang='lat' dir='ltr'><strong>quod</strong></span> <span class='ocrx_word' id='word_1_199' title='bbox 3322 1228 3547 1299; x_wconf 78' lang='lat' dir='ltr'><strong>feliciter</strong></span> <span class='ocrx_word' id='word_1_200' title='bbox 3563 1230 3791 1287; x_wconf 88' lang='lat' dir='ltr'><strong>incedit:</strong></span> <span class='ocrx_word' id='word_1_201' title='bbox 3820 1233 3898 1288; x_wconf 83' lang='lat' dir='ltr'><strong>leo</strong></span> 
     </span>
    </p>
   </div>
   <div class='ocr_carea' id='block_1_28' title="bbox 2291 1311 3900 1390">
    <p class='ocr_par' dir='ltr' id='par_1_28' title="bbox 2291 1311 3900 1390">
     <span class='ocr_line' id='line_1_28' title="bbox 2291 1311 3900 1390; baseline 0.006 -23"><span class='ocrx_word' id='word_1_202' title='bbox 2291 1311 2619 1383; x_wconf 86' lang='lat' dir='ltr'><strong>fortissimus</strong></span> <span class='ocrx_word' id='word_1_203' title='bbox 2648 1316 2954 1387; x_wconf 77' lang='lat' dir='ltr'><strong>bestiarum,</strong></span> <span class='ocrx_word' id='word_1_204' title='bbox 2996 1320 3069 1375; x_wconf 89' lang='lat' dir='ltr'><strong>ad</strong></span> <span class='ocrx_word' id='word_1_205' title='bbox 3096 1320 3299 1375; x_wconf 89' lang='lat' dir='ltr'><strong>nullius</strong></span> <span class='ocrx_word' id='word_1_206' title='bbox 3324 1316 3538 1390; x_wconf 75' lang='lat' dir='ltr'><strong>pavebit</strong></span> <span class='ocrx_word' id='word_1_207' title='bbox 3561 1336 3839 1377; x_wconf 86' lang='lat' dir='ltr'><strong>occursum</strong></span> <span class='ocrx_word' id='word_1_208' title='bbox 3876 1338 3900 1387; x_wconf 88' lang='lat'><strong><em>;</em></strong></span> 
     </span>
    </p>
   </div>
   <div class='ocr_carea' id='block_1_29' title="bbox 2292 1406 3898 1482">
    <p class='ocr_par' dir='ltr' id='par_1_29' title="bbox 2292 1406 3898 1482">
     <span class='ocr_line' id='line_1_29' title="bbox 2292 1406 3898 1482; baseline 0.004 -22"><span class='ocrx_word' id='word_1_209' title='bbox 2292 1406 2467 1477; x_wconf 88' lang='lat' dir='ltr'><strong>gallus</strong></span> <span class='ocrx_word' id='word_1_210' title='bbox 2496 1409 2787 1463; x_wconf 88' lang='lat' dir='ltr'><strong>succinctus</strong></span> <span class='ocrx_word' id='word_1_211' title='bbox 2820 1410 3042 1476; x_wconf 84' lang='lat' dir='ltr'><strong>lumbos,</strong></span> <span class='ocrx_word' id='word_1_212' title='bbox 3073 1416 3122 1465; x_wconf 86' lang='lat' dir='ltr'><strong>et</strong></span> <span class='ocrx_word' id='word_1_213' title='bbox 3155 1409 3317 1478; x_wconf 86' lang='lat' dir='ltr'><strong>aries,</strong></span> <span class='ocrx_word' id='word_1_214' title='bbox 3345 1426 3437 1465; x_wconf 88' lang='lat' dir='ltr'><strong>nec</strong></span> <span class='ocrx_word' id='word_1_215' title='bbox 3463 1416 3537 1465; x_wconf 88' lang='lat' dir='ltr'><strong>est</strong></span> <span class='ocrx_word' id='word_1_216' title='bbox 3565 1428 3664 1466; x_wconf 73' lang='lat' dir='ltr'><strong>rex</strong></span> <span class='ocrx_word' id='word_1_217' title='bbox 3690 1411 3789 1482; x_wconf 89' lang='lat' dir='ltr'><strong>qui</strong></span> <span class='ocrx_word' id='word_1_218' title='bbox 3816 1428 3898 1467; x_wconf 86' lang='lat' dir='ltr'><strong>re-</strong></span> 
     </span>
    </p>
   </div>
   <div class='ocr_carea' id='block_1_30' title="bbox 2291 1495 3900 1572">
    <p class='ocr_par' dir='ltr' id='par_1_30' title="bbox 2291 1495 3900 1572">
     <span class='ocr_line' id='line_1_30' title="bbox 2291 1495 3900 1572; baseline 0.004 -23"><span class='ocrx_word' id='word_1_219' title='bbox 2291 1495 2445 1551; x_wconf 87' lang='lat' dir='ltr'><strong>sistat</strong></span> <span class='ocrx_word' id='word_1_220' title='bbox 2468 1496 2518 1551; x_wconf 88' lang='lat' dir='ltr'><strong>ei</strong></span> <span class='ocrx_word' id='word_1_221' title='bbox 2548 1498 2735 1569; x_wconf 80' lang='lat' dir='ltr'><strong>(Prov.</strong></span> <span class='ocrx_word' id='word_1_222' title='bbox 2769 1513 2909 1569; x_wconf 88' lang='lat' dir='ltr'><strong>xxx,</strong></span> <span class='ocrx_word' id='word_1_223' title='bbox 2939 1499 3055 1572; x_wconf 90' lang='lat'><strong>29).</strong></span> <span class='ocrx_word' id='word_1_224' title='bbox 3101 1500 3221 1572; x_wconf 88' lang='lat' dir='ltr'><strong>Ipse</strong></span> <span class='ocrx_word' id='word_1_225' title='bbox 3263 1499 3463 1572; x_wconf 90' lang='lat' dir='ltr'><strong>quippe</strong></span> <span class='ocrx_word' id='word_1_226' title='bbox 3512 1498 3618 1556; x_wconf 88' lang='lat' dir='ltr'><strong>hoc</strong></span> <span class='ocrx_word' id='word_1_227' title='bbox 3657 1501 3778 1557; x_wconf 89' lang='lat' dir='ltr'><strong>loco</strong></span> <span class='ocrx_word' id='word_1_228' title='bbox 3808 1500 3900 1556; x_wconf 89' lang='lat' dir='ltr'><strong>leo</strong></span> 
     </span>
    </p>
   </div>
   <div class='ocr_carea' id='block_1_31' title="bbox 2291 1585 3899 1663">
    <p class='ocr_par' dir='ltr' id='par_1_31' title="bbox 2291 1585 3899 1663">
     <span class='ocr_line' id='line_1_31' title="bbox 2291 1585 3899 1663; baseline 0.005 -23"><span class='ocrx_word' id='word_1_229' title='bbox 2291 1585 2516 1656; x_wconf 88' lang='lat' dir='ltr'><strong>ponitur</strong></span> <span class='ocrx_word' id='word_1_230' title='bbox 2542 1585 2610 1644; x_wconf 90' lang='lat' dir='ltr'><strong>de</strong></span> <span class='ocrx_word' id='word_1_231' title='bbox 2639 1604 2750 1661; x_wconf 90' lang='lat' dir='ltr'><strong>quo</strong></span> <span class='ocrx_word' id='word_1_232' title='bbox 2776 1590 3041 1663; x_wconf 91' lang='lat' dir='ltr'><strong>scriptum</strong></span> <span class='ocrx_word' id='word_1_233' title='bbox 3064 1598 3145 1647; x_wconf 90' lang='lat' dir='ltr'><strong>est</strong></span> <span class='ocrx_word' id='word_1_234' title='bbox 3178 1608 3190 1647; x_wconf 90' lang='lat'><strong>:</strong></span> <span class='ocrx_word' id='word_1_235' title='bbox 3234 1591 3363 1650; x_wconf 84' lang='lat' dir='ltr'><strong>Vicit</strong></span> <span class='ocrx_word' id='word_1_236' title='bbox 3393 1592 3468 1647; x_wconf 90' lang='lat' dir='ltr'><strong>leo</strong></span> <span class='ocrx_word' id='word_1_237' title='bbox 3489 1592 3551 1647; x_wconf 86' lang='lat' dir='ltr'><strong>de</strong></span> <span class='ocrx_word' id='word_1_238' title='bbox 3578 1592 3716 1647; x_wconf 84' lang='lat' dir='ltr'><strong>tribu</strong></span> <span class='ocrx_word' id='word_1_239' title='bbox 3741 1591 3899 1648; x_wconf 78' lang='lat' dir='ltr'><strong>Iuda</strong></span> 
     </span>
    </p>
   </div>
   <div class='ocr_carea' id='block_1_32' title="bbox 2294 1676 3896 1756">
    <p class='ocr_par' dir='ltr' id='par_1_32' title="bbox 2294 1676 3896 1756">
     <span class='ocr_line' id='line_1_32' title="bbox 2294 1676 3896 1756; baseline 0.006 -26"><span class='ocrx_word' id='word_1_240' title='bbox 2294 1676 2479 1747; x_wconf 85' lang='lat' dir='ltr'><strong>(Apoc.</strong></span> <span class='ocrx_word' id='word_1_241' title='bbox 2515 1695 2574 1746; x_wconf 92' lang='lat' dir='ltr'><strong>v,</strong></span> <span class='ocrx_word' id='word_1_242' title='bbox 2596 1679 2680 1750; x_wconf 83' lang='lat'><strong>5).</strong></span> <span class='ocrx_word' id='word_1_243' title='bbox 2706 1679 2811 1747; x_wconf 88' lang='lat' dir='ltr'><strong>Qui</strong></span> <span class='ocrx_word' id='word_1_244' title='bbox 2833 1682 3167 1739; x_wconf 89' lang='lat' dir='ltr'><strong>fortissimus</strong></span> <span class='ocrx_word' id='word_1_245' title='bbox 3187 1682 3481 1739; x_wconf 88' lang='lat' dir='ltr'><strong>bestiarum</strong></span> <span class='ocrx_word' id='word_1_246' title='bbox 3503 1682 3730 1752; x_wconf 90' lang='lat' dir='ltr'><strong>dicitur,</strong></span> <span class='ocrx_word' id='word_1_247' title='bbox 3753 1684 3896 1756; x_wconf 91' lang='lat' dir='ltr'><strong>quia</strong></span> 
     </span>
    </p>
   </div>
   <div class='ocr_carea' id='block_1_33' title="bbox 575 1765 3898 1843">
    <p class='ocr_par' dir='ltr' id='par_1_33' title="bbox 575 1765 3898 1843">
     <span class='ocr_line' id='line_1_33' title="bbox 575 1765 3898 1843; baseline 0 -17"><span class='ocrx_word' id='word_1_248' title='bbox 575 1776 657 1826; x_wconf 86' lang='lat' dir='ltr'><strong>est</strong></span> <span class='ocrx_word' id='word_1_249' title='bbox 676 1770 1314 1843; x_wconf 79' lang='lat' dir='ltr'><strong>:Eleoaeeruntﬂumina,</strong></span> <span class='ocrx_word' id='word_1_250' title='bbox 1330 1769 1553 1826; x_wconf 86' lang='lat' dir='ltr'><strong>Domine</strong></span> <span class='ocrx_word' id='word_1_251' title='bbox 1572 1787 1593 1835; x_wconf 89' lang='lat'><em>;</em></span> <span class='ocrx_word' id='word_1_252' title='bbox 1613 1770 1945 1824; x_wconf 82' lang='lat' dir='ltr'><strong>eleoaoerunt</strong></span> <span class='ocrx_word' id='word_1_253' title='bbox 1957 1766 2182 1836; x_wconf 85' lang='lat' dir='ltr'><strong>ﬂumina</strong></span> <span class='ocrx_word' id='word_1_254' title='bbox 2211 1782 2258 1842; x_wconf 82' lang='grc' dir='ltr'><strong>Β</strong></span> <span class='ocrx_word' id='word_1_255' title='bbox 2290 1765 2346 1820; x_wconf 89' lang='lat' dir='ltr'><strong>in</strong></span> <span class='ocrx_word' id='word_1_256' title='bbox 2377 1765 2476 1821; x_wconf 93' lang='lat' dir='ltr'><strong>illo</strong></span> <span class='ocrx_word' id='word_1_257' title='bbox 2502 1766 2609 1823; x_wconf 91' lang='lat' dir='ltr'><strong>hoc</strong></span> <span class='ocrx_word' id='word_1_258' title='bbox 2638 1769 2786 1841; x_wconf 91' lang='lat' dir='ltr'><strong>quod</strong></span> <span class='ocrx_word' id='word_1_259' title='bbox 2817 1770 3102 1828; x_wconf 84' lang='lat' dir='ltr'><strong>inﬁrmum</strong></span> <span class='ocrx_word' id='word_1_260' title='bbox 3124 1780 3206 1828; x_wconf 89' lang='lat' dir='ltr'><strong>est</strong></span> <span class='ocrx_word' id='word_1_261' title='bbox 3222 1773 3339 1841; x_wconf 89' lang='lat' dir='ltr'><strong>Dei,</strong></span> <span class='ocrx_word' id='word_1_262' title='bbox 3372 1772 3569 1830; x_wconf 84' lang='lat' dir='ltr'><strong>fortius</strong></span> <span class='ocrx_word' id='word_1_263' title='bbox 3597 1780 3679 1829; x_wconf 89' lang='lat' dir='ltr'><strong>est</strong></span> <span class='ocrx_word' id='word_1_264' title='bbox 3708 1772 3898 1829; x_wconf 85' lang='lat' dir='ltr'><strong>homi-</strong></span> 
     </span>
    </p>
   </div>
   <div class='ocr_carea' id='block_1_34' title="bbox 579 1856 2184 1932">
    <p class='ocr_par' dir='ltr' id='par_1_34' title="bbox 579 1856 2184 1932">
     <span class='ocr_line' id='line_1_34' title="bbox 579 1856 2184 1932; baseline -0.004 -17"><span class='ocrx_word' id='word_1_265' title='bbox 579 1861 601 1896; x_wconf 80' lang='grc'>³</span> <span class='ocrx_word' id='word_1_266' title='bbox 628 1876 774 1916; x_wconf 81' lang='lat' dir='ltr'><strong>voces</strong></span> <span class='ocrx_word' id='word_1_267' title='bbox 800 1877 925 1917; x_wconf 87' lang='lat' dir='ltr'><strong>suas</strong></span> <span class='ocrx_word' id='word_1_268' title='bbox 951 1861 1131 1932; x_wconf 86' lang='lat' dir='ltr'><strong>(Psal.</strong></span> <span class='ocrx_word' id='word_1_269' title='bbox 1166 1876 1302 1928; x_wconf 86' lang='lat' dir='ltr'><strong>xcn,</strong></span> <span class='ocrx_word' id='word_1_270' title='bbox 1333 1857 1412 1931; x_wconf 90' lang='lat'><strong>3).</strong></span> <span class='ocrx_word' id='word_1_271' title='bbox 1458 1858 1531 1914; x_wconf 91' lang='lat' dir='ltr'><strong>Et</strong></span> <span class='ocrx_word' id='word_1_272' title='bbox 1573 1873 1793 1914; x_wconf 88' lang='lat' dir='ltr'><strong>rursum</strong></span> <span class='ocrx_word' id='word_1_273' title='bbox 1828 1873 1839 1912; x_wconf 92' lang='lat'>:</span> <span class='ocrx_word' id='word_1_274' title='bbox 1879 1856 2184 1920; x_wconf 62' lang='lat' dir='ltr'><strong>llluxerung</strong></span> 
     </span>
    </p>
   </div>
   <div class='ocr_carea' id='block_1_35' title="bbox 576 1948 2181 2024">
    <p class='ocr_par' dir='ltr' id='par_1_35' title="bbox 576 1948 2181 2024">
     <span class='ocr_line' id='line_1_35' title="bbox 576 1948 2181 2024; baseline -0.003 -18"><span class='ocrx_word' id='word_1_275' title='bbox 576 1948 800 2024; x_wconf 84' lang='lat' dir='ltr'><strong>fulgura</strong></span> <span class='ocrx_word' id='word_1_276' title='bbox 821 1951 934 2023; x_wconf 84' lang='lat' dir='ltr'><strong>ejus</strong></span> <span class='ocrx_word' id='word_1_277' title='bbox 954 1952 1070 2007; x_wconf 85' lang='lat' dir='ltr'><strong>orbi</strong></span> <span class='ocrx_word' id='word_1_278' title='bbox 1093 1958 1248 2007; x_wconf 79' lang='lat' dir='ltr'><strong>term</strong></span> <span class='ocrx_word' id='word_1_279' title='bbox 1279 1951 1452 2023; x_wconf 90' lang='lat' dir='ltr'><strong>(Psal.</strong></span> <span class='ocrx_word' id='word_1_280' title='bbox 1475 1968 1624 2019; x_wconf 78' lang='lat' dir='ltr'><strong>xcvi,</strong></span> <span class='ocrx_word' id='word_1_281' title='bbox 1641 1950 1725 2023; x_wconf 76' lang='grc'><strong>4).</strong></span> <span class='ocrx_word' id='word_1_282' title='bbox 1748 1948 1835 2006; x_wconf 81' lang='lat' dir='ltr'><strong>Ad</strong></span> <span class='ocrx_word' id='word_1_283' title='bbox 1852 1949 2034 2005; x_wconf 90' lang='lat' dir='ltr'><strong>locum</strong></span> <span class='ocrx_word' id='word_1_284' title='bbox 2054 1961 2181 2018; x_wconf 87' lang='lat' dir='ltr'><strong>ergo</strong></span> 
     </span>
    </p>
   </div>
   <div class='ocr_carea' id='block_1_36' title="bbox 577 2035 2181 2113">
    <p class='ocr_par' dir='ltr' id='par_1_36' title="bbox 577 2035 2181 2113">
     <span class='ocr_line' id='line_1_36' title="bbox 577 2035 2181 2113; baseline -0.002 -18"><span class='ocrx_word' id='word_1_285' title='bbox 577 2038 645 2096; x_wconf 90' lang='lat' dir='ltr'><strong>de</strong></span> <span class='ocrx_word' id='word_1_286' title='bbox 674 2056 786 2113; x_wconf 91' lang='lat' dir='ltr'><strong>quo</strong></span> <span class='ocrx_word' id='word_1_287' title='bbox 813 2050 1020 2099; x_wconf 91' lang='lat' dir='ltr'><strong>exeunt</strong></span> <span class='ocrx_word' id='word_1_288' title='bbox 1049 2040 1281 2097; x_wconf 88' lang='lat' dir='ltr'><strong>ﬂumina</strong></span> <span class='ocrx_word' id='word_1_289' title='bbox 1309 2047 1684 2106; x_wconf 85' lang='lat' dir='ltr'><strong>revertuntur,</strong></span> <span class='ocrx_word' id='word_1_290' title='bbox 1708 2040 1839 2113; x_wconf 90' lang='lat' dir='ltr'><strong>quia</strong></span> <span class='ocrx_word' id='word_1_291' title='bbox 1865 2037 2041 2095; x_wconf 91' lang='lat' dir='ltr'><strong>sancti</strong></span> <span class='ocrx_word' id='word_1_292' title='bbox 2072 2035 2181 2092; x_wconf 91' lang='lat' dir='ltr'><strong>viri</strong></span> 
     </span>
    </p>
   </div>
   <div class='ocr_carea' id='block_1_37' title="bbox 578 2130 2183 2205">
    <p class='ocr_par' dir='ltr' id='par_1_37' title="bbox 578 2130 2183 2205">
     <span class='ocr_line' id='line_1_37' title="bbox 578 2130 2183 2205; baseline -0.003 -18"><span class='ocrx_word' id='word_1_293' title='bbox 578 2130 681 2187; x_wconf 84' lang='lat' dir='ltr'><strong>etsi</strong></span> <span class='ocrx_word' id='word_1_294' title='bbox 710 2148 743 2187; x_wconf 92' lang='lat' dir='ltr'><strong>a</strong></span> <span class='ocrx_word' id='word_1_295' title='bbox 773 2139 1073 2205; x_wconf 89' lang='lat' dir='ltr'><strong>conspectu</strong></span> <span class='ocrx_word' id='word_1_296' title='bbox 1093 2132 1355 2189; x_wconf 86' lang='lat' dir='ltr'><strong>creatoris</strong></span> <span class='ocrx_word' id='word_1_297' title='bbox 1374 2132 1483 2200; x_wconf 91' lang='lat' dir='ltr'><strong>sui,</strong></span> <span class='ocrx_word' id='word_1_298' title='bbox 1497 2130 1656 2204; x_wconf 90' lang='lat' dir='ltr'><strong>cujus</strong></span> <span class='ocrx_word' id='word_1_299' title='bbox 1671 2130 1978 2187; x_wconf 87' lang='lat' dir='ltr'><strong>claritatem</strong></span> <span class='ocrx_word' id='word_1_300' title='bbox 1998 2134 2183 2183; x_wconf 89' lang='lat' dir='ltr'><strong>mente</strong></span> 
     </span>
    </p>
   </div>
   <div class='ocr_carea' id='block_1_38' title="bbox 578 2216 2180 2294">
    <p class='ocr_par' dir='ltr' id='par_1_38' title="bbox 578 2216 2180 2294">
     <span class='ocr_line' id='line_1_38' title="bbox 578 2216 2180 2294; baseline -0.003 -18"><span class='ocrx_word' id='word_1_301' title='bbox 578 2220 896 2293; x_wconf 91' lang='lat' dir='ltr'><strong>conspicere</strong></span> <span class='ocrx_word' id='word_1_302' title='bbox 915 2228 1205 2290; x_wconf 88' lang='lat' dir='ltr'><strong>conantur,</strong></span> <span class='ocrx_word' id='word_1_303' title='bbox 1226 2222 1371 2278; x_wconf 88' lang='lat' dir='ltr'><strong>foras</strong></span> <span class='ocrx_word' id='word_1_304' title='bbox 1386 2227 1611 2294; x_wconf 89' lang='lat' dir='ltr'><strong>propter</strong></span> <span class='ocrx_word' id='word_1_305' title='bbox 1630 2236 1731 2276; x_wconf 91' lang='lat' dir='ltr'><strong>nos</strong></span> <span class='ocrx_word' id='word_1_306' title='bbox 1752 2218 1820 2274; x_wconf 91' lang='lat' dir='ltr'><strong>ad</strong></span> <span class='ocrx_word' id='word_1_307' title='bbox 1837 2219 2032 2275; x_wconf 57' lang='lat' dir='ltr'><strong>activae</strong></span> <span class='ocrx_word' id='word_1_308' title='bbox 2055 2216 2180 2272; x_wconf 60' lang='lat' dir='ltr'><strong>vitae</strong></span> 
     </span>
    </p>
   </div>
   <div class='ocr_carea' id='block_1_39' title="bbox 579 2307 2181 2380">
    <p class='ocr_par' dir='ltr' id='par_1_39' title="bbox 579 2307 2181 2380">
     <span class='ocr_line' id='line_1_39' title="bbox 579 2307 2181 2380; baseline -0.001 -15"><span class='ocrx_word' id='word_1_309' title='bbox 579 2310 953 2367; x_wconf 90' lang='lat' dir='ltr'><strong>ministerium</strong></span> <span class='ocrx_word' id='word_1_310' title='bbox 984 2310 1239 2380; x_wconf 89' lang='lat' dir='ltr'><strong>veniunt,</strong></span> <span class='ocrx_word' id='word_1_311' title='bbox 1263 2310 1599 2369; x_wconf 88' lang='lat' dir='ltr'><strong>incessanter</strong></span> <span class='ocrx_word' id='word_1_312' title='bbox 1614 2317 1801 2367; x_wconf 87' lang='lat' dir='ltr'><strong>tamen</strong></span> <span class='ocrx_word' id='word_1_313' title='bbox 1829 2307 1899 2364; x_wconf 92' lang='lat' dir='ltr'><strong>ad</strong></span> <span class='ocrx_word' id='word_1_314' title='bbox 1927 2314 2181 2364; x_wconf 88' lang='lat' dir='ltr'><strong>sanctum</strong></span> 
     </span>
    </p>
   </div>
   <div class='ocr_carea' id='block_1_40' title="bbox 580 2395 2180 2474">
    <p class='ocr_par' dir='ltr' id='par_1_40' title="bbox 580 2395 2180 2474">
     <span class='ocr_line' id='line_1_40' title="bbox 580 2395 2180 2474; baseline -0.003 -18"><span class='ocrx_word' id='word_1_315' title='bbox 580 2400 1066 2474; x_wconf 89' lang='lat' dir='ltr'><strong>contemplationis</strong></span> <span class='ocrx_word' id='word_1_316' title='bbox 1087 2400 1333 2456; x_wconf 90' lang='lat' dir='ltr'><strong>studium</strong></span> <span class='ocrx_word' id='word_1_317' title='bbox 1363 2407 1677 2469; x_wconf 89' lang='lat' dir='ltr'><strong>recurrunt,</strong></span> <span class='ocrx_word' id='word_1_318' title='bbox 1695 2406 1749 2455; x_wconf 91' lang='lat' dir='ltr'><strong>et</strong></span> <span class='ocrx_word' id='word_1_319' title='bbox 1768 2398 1815 2455; x_wconf 93' lang='lat' dir='ltr'><strong>si</strong></span> <span class='ocrx_word' id='word_1_320' title='bbox 1842 2398 1901 2454; x_wconf 90' lang='lat' dir='ltr'><strong>in</strong></span> <span class='ocrx_word' id='word_1_321' title='bbox 1921 2395 2180 2470; x_wconf 61' lang='lat' dir='ltr'><strong>praedica-</strong></span> 
     </span>
    </p>
   </div>
   <div class='ocr_carea' id='block_1_41' title="bbox 579 2486 2182 2562">
    <p class='ocr_par' dir='ltr' id='par_1_41' title="bbox 579 2486 2182 2562">
     <span class='ocr_line' id='line_1_41' title="bbox 579 2486 2182 2562; baseline -0.002 -17"><span class='ocrx_word' id='word_1_322' title='bbox 579 2489 731 2546; x_wconf 89' lang='lat' dir='ltr'><strong>tione</strong></span> <span class='ocrx_word' id='word_1_323' title='bbox 768 2504 867 2545; x_wconf 87' lang='lat' dir='ltr'><strong>sua</strong></span> <span class='ocrx_word' id='word_1_324' title='bbox 912 2490 1157 2546; x_wconf 86' lang='lat' dir='ltr'><strong>exterius</strong></span> <span class='ocrx_word' id='word_1_325' title='bbox 1211 2491 1415 2547; x_wconf 89' lang='lat' dir='ltr'><strong>nostris</strong></span> <span class='ocrx_word' id='word_1_326' title='bbox 1455 2490 1682 2547; x_wconf 89' lang='lat' dir='ltr'><strong>auribus</strong></span> <span class='ocrx_word' id='word_1_327' title='bbox 1740 2504 1836 2562; x_wconf 89' lang='lat' dir='ltr'><strong>per</strong></span> <span class='ocrx_word' id='word_1_328' title='bbox 1877 2486 2182 2559; x_wconf 86' lang='lat' dir='ltr'><strong>corporalia</strong></span> 
     </span>
    </p>
   </div>
   <div class='ocr_carea' id='block_1_42' title="bbox 582 2575 2179 2646">
    <p class='ocr_par' dir='ltr' id='par_1_42' title="bbox 582 2575 2179 2646">
     <span class='ocr_line' id='line_1_42' title="bbox 582 2575 2179 2646; baseline -0.003 -11"><span class='ocrx_word' id='word_1_329' title='bbox 582 2578 749 2635; x_wconf 90' lang='lat' dir='ltr'><strong>verba</strong></span> <span class='ocrx_word' id='word_1_330' title='bbox 777 2594 834 2634; x_wconf 91' lang='lat' dir='ltr'><strong>se</strong></span> <span class='ocrx_word' id='word_1_331' title='bbox 861 2577 1123 2646; x_wconf 87' lang='lat' dir='ltr'><strong>fundunt,</strong></span> <span class='ocrx_word' id='word_1_332' title='bbox 1144 2588 1325 2635; x_wconf 91' lang='lat' dir='ltr'><strong>mente</strong></span> <span class='ocrx_word' id='word_1_333' title='bbox 1343 2586 1528 2635; x_wconf 87' lang='lat' dir='ltr'><strong>tamen</strong></span> <span class='ocrx_word' id='word_1_334' title='bbox 1549 2577 1720 2634; x_wconf 89' lang='lat' dir='ltr'><strong>tacita</strong></span> <span class='ocrx_word' id='word_1_335' title='bbox 1733 2575 1802 2632; x_wconf 90' lang='lat' dir='ltr'><strong>ad</strong></span> <span class='ocrx_word' id='word_1_336' title='bbox 1831 2575 2179 2633; x_wconf 89' lang='lat' dir='ltr'><strong>consideran-</strong></span> 
     </span>
    </p>
   </div>
   <div class='ocr_carea' id='block_1_43' title="bbox 581 2660 2184 2737">
    <p class='ocr_par' dir='ltr' id='par_1_43' title="bbox 581 2660 2184 2737">
     <span class='ocr_line' id='line_1_43' title="bbox 581 2660 2184 2737; baseline -0.003 -14"><span class='ocrx_word' id='word_1_337' title='bbox 581 2666 716 2724; x_wconf 91' lang='lat' dir='ltr'><strong>dum</strong></span> <span class='ocrx_word' id='word_1_338' title='bbox 745 2681 960 2737; x_wconf 91' lang='lat' dir='ltr'><strong>semper</strong></span> <span class='ocrx_word' id='word_1_339' title='bbox 984 2667 1166 2737; x_wconf 88' lang='lat' dir='ltr'><strong>ipsum</strong></span> <span class='ocrx_word' id='word_1_340' title='bbox 1192 2660 1405 2722; x_wconf 71' lang='lat' dir='ltr'><strong>fontum</strong></span> <span class='ocrx_word' id='word_1_341' title='bbox 1437 2666 1669 2722; x_wconf 90' lang='lat' dir='ltr'><strong>luminis</strong></span> <span class='ocrx_word' id='word_1_342' title='bbox 1699 2671 2073 2721; x_wconf 85' lang='lat' dir='ltr'><strong>revertuntur.</strong></span> <span class='ocrx_word' id='word_1_343' title='bbox 2106 2665 2184 2719; x_wconf 90' lang='lat' dir='ltr'><strong>De</strong></span> 
     </span>
    </p>
   </div>
   <div class='ocr_carea' id='block_1_44' title="bbox 583 2753 2181 2829">
    <p class='ocr_par' dir='ltr' id='par_1_44' title="bbox 583 2753 2181 2829">
     <span class='ocr_line' id='line_1_44' title="bbox 583 2753 2181 2829; baseline -0.002 -19"><span class='ocrx_word' id='word_1_344' title='bbox 583 2754 785 2829; x_wconf 88' lang='lat' dir='ltr'><strong>quibus</strong></span> <span class='ocrx_word' id='word_1_345' title='bbox 813 2761 868 2810; x_wconf 85' lang='lat' dir='ltr'><strong>et</strong></span> <span class='ocrx_word' id='word_1_346' title='bbox 894 2753 1033 2810; x_wconf 87' lang='lat' dir='ltr'><strong>bene</strong></span> <span class='ocrx_word' id='word_1_347' title='bbox 1062 2754 1267 2811; x_wconf 89' lang='lat' dir='ltr'><strong>dicitur</strong></span> <span class='ocrx_word' id='word_1_348' title='bbox 1300 2772 1312 2810; x_wconf 88' lang='lat'>:</span> <span class='ocrx_word' id='word_1_349' title='bbox 1354 2756 1415 2813; x_wconf 93' lang='lat' dir='ltr'><strong>Ut</strong></span> <span class='ocrx_word' id='word_1_350' title='bbox 1447 2756 1641 2810; x_wconf 80' lang='lat' dir='ltr'><strong>iterum</strong></span> <span class='ocrx_word' id='word_1_351' title='bbox 1661 2758 1851 2826; x_wconf 80' lang='lat' dir='ltr'><strong>fluant.</strong></span> <span class='ocrx_word' id='word_1_352' title='bbox 1883 2754 2001 2810; x_wconf 88' lang='lat' dir='ltr'><strong>Nisi</strong></span> <span class='ocrx_word' id='word_1_353' title='bbox 2032 2753 2181 2808; x_wconf 87' lang='lat' dir='ltr'><strong>enim</strong></span> 
     </span>
    </p>
   </div>
   <div class='ocr_carea' id='block_1_45' title="bbox 584 2842 2185 2917">
    <p class='ocr_par' dir='ltr' id='par_1_45' title="bbox 584 2842 2185 2917">
     <span class='ocr_line' id='line_1_45' title="bbox 584 2842 2185 2917; baseline -0.002 -15"><span class='ocrx_word' id='word_1_354' title='bbox 584 2843 654 2902; x_wconf 86' lang='lat' dir='ltr'><strong>ad</strong></span> <span class='ocrx_word' id='word_1_355' title='bbox 697 2842 1185 2917; x_wconf 89' lang='lat' dir='ltr'><strong>contemplandum</strong></span> <span class='ocrx_word' id='word_1_356' title='bbox 1232 2846 1408 2901; x_wconf 91' lang='lat' dir='ltr'><strong>Deum</strong></span> <span class='ocrx_word' id='word_1_357' title='bbox 1458 2845 1699 2901; x_wconf 89' lang='lat' dir='ltr'><strong>sollicita</strong></span> <span class='ocrx_word' id='word_1_358' title='bbox 1742 2860 1960 2916; x_wconf 91' lang='lat' dir='ltr'><strong>semper</strong></span> <span class='ocrx_word' id='word_1_359' title='bbox 2003 2849 2185 2899; x_wconf 88' lang='lat' dir='ltr'><strong>mente</strong></span> 
     </span>
    </p>
   </div>
   <div class='ocr_carea' id='block_1_46' title="bbox 586 2935 2186 3005">
    <p class='ocr_par' dir='ltr' id='par_1_46' title="bbox 586 2935 2186 3005">
     <span class='ocr_line' id='line_1_46' title="bbox 586 2935 2186 3005; baseline -0.003 -11"><span class='ocrx_word' id='word_1_360' title='bbox 586 2943 954 3005; x_wconf 87' lang='lat' dir='ltr'><strong>recurrerent,</strong></span> <span class='ocrx_word' id='word_1_361' title='bbox 982 2935 1250 2992; x_wconf 86' lang='lat' dir='ltr'><strong>nimirum</strong></span> <span class='ocrx_word' id='word_1_362' title='bbox 1287 2938 1309 2971; x_wconf 76' lang='grc'>⁴</span> <span class='ocrx_word' id='word_1_363' title='bbox 1342 2936 1557 2993; x_wconf 88' lang='lat' dir='ltr'><strong>interna</strong></span> <span class='ocrx_word' id='word_1_364' title='bbox 1584 2937 1804 2994; x_wconf 86' lang='lat' dir='ltr'><strong>siccitas</strong></span> <span class='ocrx_word' id='word_1_365' title='bbox 1831 2936 1997 2992; x_wconf 89' lang='lat' dir='ltr'><strong>etiam</strong></span> <span class='ocrx_word' id='word_1_366' title='bbox 2023 2942 2186 2991; x_wconf 89' lang='lat' dir='ltr'><strong>exte-</strong></span> 
     </span>
    </p>
   </div>
   <div class='ocr_carea' id='block_1_47' title="bbox 591 3024 2184 3098">
    <p class='ocr_par' dir='ltr' id='par_1_47' title="bbox 591 3024 2184 3098">
     <span class='ocr_line' id='line_1_47' title="bbox 591 3024 2184 3098; baseline -0.001 -17"><span class='ocrx_word' id='word_1_367' title='bbox 591 3026 736 3082; x_wconf 89' lang='lat' dir='ltr'><strong>riora</strong></span> <span class='ocrx_word' id='word_1_368' title='bbox 771 3025 1179 3098; x_wconf 72' lang='lat' dir='ltr'><strong>praedicationis</strong></span> <span class='ocrx_word' id='word_1_369' title='bbox 1208 3043 1396 3084; x_wconf 88' lang='lat' dir='ltr'><strong>eorum</strong></span> <span class='ocrx_word' id='word_1_370' title='bbox 1429 3027 1596 3085; x_wconf 90' lang='lat' dir='ltr'><strong>verba</strong></span> <span class='ocrx_word' id='word_1_371' title='bbox 1622 3029 1875 3086; x_wconf 89' lang='lat' dir='ltr'><strong>siccaret.</strong></span> <span class='ocrx_word' id='word_1_372' title='bbox 1918 3024 2025 3083; x_wconf 90' lang='lat' dir='ltr'><strong>Sed</strong></span> <span class='ocrx_word' id='word_1_373' title='bbox 2051 3024 2184 3081; x_wconf 90' lang='lat' dir='ltr'><strong>dum</strong></span> 
     </span>
    </p>
   </div>
   <div class='ocr_carea' id='block_1_48' title="bbox 587 3115 2187 3190">
    <p class='ocr_par' dir='ltr' id='par_1_48' title="bbox 587 3115 2187 3190">
     <span class='ocr_line' id='line_1_48' title="bbox 587 3115 2187 3190; baseline 0.001 -20"><span class='ocrx_word' id='word_1_374' title='bbox 587 3115 775 3171; x_wconf 88' lang='lat' dir='ltr'><strong>videre</strong></span> <span class='ocrx_word' id='word_1_375' title='bbox 803 3117 978 3173; x_wconf 86' lang='lat' dir='ltr'><strong>Deum</strong></span> <span class='ocrx_word' id='word_1_376' title='bbox 1020 3117 1397 3175; x_wconf 90' lang='lat' dir='ltr'><strong>indesinenter</strong></span> <span class='ocrx_word' id='word_1_377' title='bbox 1454 3119 1674 3187; x_wconf 90' lang='lat' dir='ltr'><strong>sitiunt,</strong></span> <span class='ocrx_word' id='word_1_378' title='bbox 1706 3117 1862 3190; x_wconf 89' lang='lat' dir='ltr'><strong>quasi</strong></span> <span class='ocrx_word' id='word_1_379' title='bbox 1892 3116 2187 3173; x_wconf 88' lang='lat' dir='ltr'><strong>decursura</strong></span> 
     </span>
    </p>
   </div>
   <div class='ocr_carea' id='block_1_49' title="bbox 587 3204 2187 3281">
    <p class='ocr_par' dir='ltr' id='par_1_49' title="bbox 587 3204 2187 3281">
     <span class='ocr_line' id='line_1_49' title="bbox 587 3204 2187 3281; baseline 0 -19"><span class='ocrx_word' id='word_1_380' title='bbox 587 3205 735 3262; x_wconf 85' lang='lat' dir='ltr'><strong>foras</strong></span> <span class='ocrx_word' id='word_1_381' title='bbox 761 3204 993 3260; x_wconf 89' lang='lat' dir='ltr'><strong>ﬂumina</strong></span> <span class='ocrx_word' id='word_1_382' title='bbox 1021 3205 1172 3261; x_wconf 89' lang='lat' dir='ltr'><strong>intus</strong></span> <span class='ocrx_word' id='word_1_383' title='bbox 1206 3222 1421 3279; x_wconf 90' lang='lat' dir='ltr'><strong>semper</strong></span> <span class='ocrx_word' id='word_1_384' title='bbox 1461 3208 1738 3275; x_wconf 91' lang='lat' dir='ltr'><strong>oriuntur,</strong></span> <span class='ocrx_word' id='word_1_385' title='bbox 1772 3214 2047 3281; x_wconf 89' lang='lat' dir='ltr'><strong>quatenus</strong></span> <span class='ocrx_word' id='word_1_386' title='bbox 2070 3206 2187 3262; x_wconf 87' lang='lat' dir='ltr'><strong>illic</strong></span> 
     </span>
    </p>
   </div>
   <div class='ocr_carea' id='block_1_50' title="bbox 588 3296 2183 3370">
    <p class='ocr_par' dir='ltr' id='par_1_50' title="bbox 588 3296 2183 3370">
     <span class='ocr_line' id='line_1_50' title="bbox 588 3296 2183 3370; baseline 0 -18"><span class='ocrx_word' id='word_1_387' title='bbox 588 3296 825 3353; x_wconf 89' lang='lat' dir='ltr'><strong>amando</strong></span> <span class='ocrx_word' id='word_1_388' title='bbox 853 3304 1077 3354; x_wconf 88' lang='lat' dir='ltr'><strong>sumant</strong></span> <span class='ocrx_word' id='word_1_389' title='bbox 1106 3297 1252 3354; x_wconf 91' lang='lat' dir='ltr'><strong>unde</strong></span> <span class='ocrx_word' id='word_1_390' title='bbox 1280 3299 1350 3355; x_wconf 92' lang='lat' dir='ltr'><strong>ad</strong></span> <span class='ocrx_word' id='word_1_391' title='bbox 1383 3315 1484 3356; x_wconf 90' lang='lat' dir='ltr'><strong>nos</strong></span> <span class='ocrx_word' id='word_1_392' title='bbox 1527 3298 1880 3370; x_wconf 72' lang='lat' dir='ltr'><strong>praedicando</strong></span> <span class='ocrx_word' id='word_1_393' title='bbox 1920 3297 2183 3355; x_wconf 90' lang='lat' dir='ltr'><strong>deﬂuant.</strong></span> 
     </span>
    </p>
   </div>
   <div class='ocr_carea' id='block_1_51' title="bbox 587 3371 2187 3460">
    <p class='ocr_par' dir='ltr' id='par_1_51' title="bbox 587 3371 2187 3460">
     <span class='ocr_line' id='line_1_51' title="bbox 587 3371 2187 3460; baseline -0.002 -16"><span class='ocrx_word' id='word_1_394' title='bbox 587 3385 813 3444; x_wconf 89' lang='lat' dir='ltr'><strong>Dicatur</strong></span> <span class='ocrx_word' id='word_1_395' title='bbox 827 3386 1149 3459; x_wconf 86' lang='lat' dir='ltr'><strong>igiturrecte</strong></span> <span class='ocrx_word' id='word_1_396' title='bbox 1174 3371 1459 3460; x_wconf 52' lang='lat' dir='ltr'><strong>{Nunquid</strong></span> <span class='ocrx_word' id='word_1_397' title='bbox 1471 3388 1641 3443; x_wconf 85' lang='lat' dir='ltr'><strong>mittes</strong></span> <span class='ocrx_word' id='word_1_398' title='bbox 1669 3387 1913 3460; x_wconf 81' lang='lat' dir='ltr'><strong>fulgura,</strong></span> <span class='ocrx_word' id='word_1_399' title='bbox 1944 3394 1991 3442; x_wconf 89' lang='lat' dir='ltr'><strong>et</strong></span> <span class='ocrx_word' id='word_1_400' title='bbox 2016 3388 2187 3454; x_wconf 89' lang='lat' dir='ltr'><strong>ibunt,</strong></span> 
     </span>
    </p>
   </div>
   <div class='ocr_carea' id='block_1_52' title="bbox 588 3476 2184 3549">
    <p class='ocr_par' dir='ltr' id='par_1_52' title="bbox 588 3476 2184 3549">
     <span class='ocr_line' id='line_1_52' title="bbox 588 3476 2184 3549; baseline 0 -17"><span class='ocrx_word' id='word_1_401' title='bbox 588 3482 636 3532; x_wconf 85' lang='lat' dir='ltr'><strong>et</strong></span> <span class='ocrx_word' id='word_1_402' title='bbox 663 3477 978 3533; x_wconf 79' lang='lat' dir='ltr'><strong>revertentia</strong></span> <span class='ocrx_word' id='word_1_403' title='bbox 1005 3477 1175 3533; x_wconf 87' lang='lat' dir='ltr'><strong>dicent</strong></span> <span class='ocrx_word' id='word_1_404' title='bbox 1198 3477 1315 3544; x_wconf 86' lang='lat' dir='ltr'><strong>tibi,</strong></span> <span class='ocrx_word' id='word_1_405' title='bbox 1335 3478 1606 3533; x_wconf 83' lang='lat' dir='ltr'><strong>Adsumus</strong></span> <span class='ocrx_word' id='word_1_406' title='bbox 1624 3480 1652 3534; x_wconf 69' lang='grc' dir='ltr'><em>ἵ</em></span> <span class='ocrx_word' id='word_1_407' title='bbox 1682 3476 1955 3536; x_wconf 88' lang='lat' dir='ltr'><strong>Subaudis</strong></span> <span class='ocrx_word' id='word_1_408' title='bbox 1980 3486 2042 3534; x_wconf 92' lang='lat' dir='ltr'><strong>ut</strong></span> <span class='ocrx_word' id='word_1_409' title='bbox 2066 3492 2184 3549; x_wconf 87' lang='lat' dir='ltr'><strong>ego,</strong></span> 
     </span>
    </p>
   </div>
   <div class='ocr_carea' id='block_1_53' title="bbox 594 3565 2188 3641">
    <p class='ocr_par' dir='ltr' id='par_1_53' title="bbox 594 3565 2188 3641">
     <span class='ocr_line' id='line_1_53' title="bbox 594 3565 2188 3641; baseline -0.002 -17"><span class='ocrx_word' id='word_1_410' title='bbox 594 3565 691 3640; x_wconf 88' lang='lat' dir='ltr'><strong>qui</strong></span> <span class='ocrx_word' id='word_1_411' title='bbox 720 3566 1113 3641; x_wconf 70' lang='lat' dir='ltr'><strong>praedicatores</strong></span> <span class='ocrx_word' id='word_1_412' title='bbox 1142 3582 1293 3625; x_wconf 90' lang='lat' dir='ltr'><strong>meos</strong></span> <span class='ocrx_word' id='word_1_413' title='bbox 1312 3584 1439 3626; x_wconf 91' lang='lat' dir='ltr'><strong>cum</strong></span> <span class='ocrx_word' id='word_1_414' title='bbox 1460 3568 1689 3626; x_wconf 84' lang='lat' dir='ltr'><strong>voluero</strong></span> <span class='ocrx_word' id='word_1_415' title='bbox 1709 3574 1831 3641; x_wconf 91' lang='lat' dir='ltr'><strong>post</strong></span> <span class='ocrx_word' id='word_1_416' title='bbox 1858 3566 2188 3639; x_wconf 89' lang='lat' dir='ltr'><strong>contempla-</strong></span> 
     </span>
    </p>
   </div>
   <div class='ocr_carea' id='block_1_54' title="bbox 590 3648 2185 3731">
    <p class='ocr_par' dir='ltr' id='par_1_54' title="bbox 590 3648 2185 3731">
     <span class='ocr_line' id='line_1_54' title="bbox 590 3648 2185 3731; baseline -0.002 -17"><span class='ocrx_word' id='word_1_417' title='bbox 590 3657 763 3714; x_wconf 89' lang='lat' dir='ltr'><strong>tionis</strong></span> <span class='ocrx_word' id='word_1_418' title='bbox 783 3657 1014 3731; x_wconf 88' lang='lat' dir='ltr'><strong>gratiam</strong></span> <span class='ocrx_word' id='word_1_419' title='bbox 1035 3648 1105 3716; x_wconf 82' lang='lat' dir='ltr'><strong>ad</strong></span> <span class='ocrx_word' id='word_1_420' title='bbox 1124 3657 1319 3715; x_wconf 79' lang='lat' dir='ltr'><strong>activae</strong></span> <span class='ocrx_word' id='word_1_421' title='bbox 1339 3658 1469 3715; x_wconf 62' lang='lat' dir='ltr'><strong>vitae</strong></span> <span class='ocrx_word' id='word_1_422' title='bbox 1489 3656 1862 3714; x_wconf 89' lang='lat' dir='ltr'><strong>ministerium</strong></span> <span class='ocrx_word' id='word_1_423' title='bbox 1882 3672 2185 3729; x_wconf 88' lang='lat' dir='ltr'><strong>compono;</strong></span> 
     </span>
    </p>
   </div>
   <div class='ocr_carea' id='block_1_55' title="bbox 590 3745 2189 3822">
    <p class='ocr_par' dir='ltr' id='par_1_55' title="bbox 590 3745 2189 3822">
     <span class='ocr_line' id='line_1_55' title="bbox 590 3745 2189 3822; baseline -0.002 -18"><span class='ocrx_word' id='word_1_424' title='bbox 590 3763 729 3822; x_wconf 91' lang='lat' dir='ltr'><strong>quos</strong></span> <span class='ocrx_word' id='word_1_425' title='bbox 755 3755 942 3804; x_wconf 89' lang='lat' dir='ltr'><strong>tamen</strong></span> <span class='ocrx_word' id='word_1_426' title='bbox 958 3763 1173 3821; x_wconf 90' lang='lat' dir='ltr'><strong>semper</strong></span> <span class='ocrx_word' id='word_1_427' title='bbox 1188 3764 1220 3805; x_wconf 90' lang='lat' dir='ltr'><strong>a</strong></span> <span class='ocrx_word' id='word_1_428' title='bbox 1234 3747 1397 3805; x_wconf 89' lang='lat' dir='ltr'><strong>bonis</strong></span> <span class='ocrx_word' id='word_1_429' title='bbox 1411 3746 1781 3804; x_wconf 83' lang='lat' dir='ltr'><strong>exterioribus</strong></span> <span class='ocrx_word' id='word_1_430' title='bbox 1809 3745 1878 3803; x_wconf 94' lang='lat' dir='ltr'><strong>ad</strong></span> <span class='ocrx_word' id='word_1_431' title='bbox 1907 3746 2189 3803; x_wconf 89' lang='lat' dir='ltr'><strong>internum</strong></span> 
     </span>
    </p>
   </div>
   <div class='ocr_carea' id='block_1_56' title="bbox 589 3833 2191 3913">
    <p class='ocr_par' dir='ltr' id='par_1_56' title="bbox 589 3833 2191 3913">
     <span class='ocr_line' id='line_1_56' title="bbox 589 3833 2191 3913; baseline -0.004 -16"><span class='ocrx_word' id='word_1_432' title='bbox 589 3839 810 3897; x_wconf 89' lang='lat' dir='ltr'><strong>culmen</strong></span> <span class='ocrx_word' id='word_1_433' title='bbox 852 3838 1337 3913; x_wconf 89' lang='lat' dir='ltr'><strong>contemplationis</strong></span> <span class='ocrx_word' id='word_1_434' title='bbox 1371 3854 1591 3907; x_wconf 89' lang='lat' dir='ltr'><strong>revoco,</strong></span> <span class='ocrx_word' id='word_1_435' title='bbox 1643 3847 1706 3895; x_wconf 91' lang='lat' dir='ltr'><strong>ut</strong></span> <span class='ocrx_word' id='word_1_436' title='bbox 1748 3835 1913 3894; x_wconf 91' lang='lat' dir='ltr'><strong>modo</strong></span> <span class='ocrx_word' id='word_1_437' title='bbox 1945 3835 2085 3910; x_wconf 92' lang='lat' dir='ltr'><strong>jussi</strong></span> <span class='ocrx_word' id='word_1_438' title='bbox 2120 3833 2191 3892; x_wconf 91' lang='lat' dir='ltr'><strong>ad</strong></span> 
     </span>
    </p>
   </div>
   <div class='ocr_carea' id='block_1_57' title="bbox 588 3926 2192 4002">
    <p class='ocr_par' dir='ltr' id='par_1_57' title="bbox 588 3926 2192 4002">
     <span class='ocr_line' id='line_1_57' title="bbox 588 3926 2192 4002; baseline -0.004 -16"><span class='ocrx_word' id='word_1_439' title='bbox 588 3928 896 3987; x_wconf 87' lang='lat' dir='ltr'><strong>exercenda</strong></span> <span class='ocrx_word' id='word_1_440' title='bbox 924 3946 1088 4002; x_wconf 90' lang='lat' dir='ltr'><strong>opera</strong></span> <span class='ocrx_word' id='word_1_441' title='bbox 1118 3939 1337 4000; x_wconf 84' lang='lat' dir='ltr'><strong>exeant,</strong></span> <span class='ocrx_word' id='word_1_442' title='bbox 1368 3928 1534 3986; x_wconf 90' lang='lat' dir='ltr'><strong>modo</strong></span> <span class='ocrx_word' id='word_1_443' title='bbox 1563 3927 1807 3985; x_wconf 88' lang='lat' dir='ltr'><strong>revocati</strong></span> <span class='ocrx_word' id='word_1_444' title='bbox 1835 3926 1904 3983; x_wconf 91' lang='lat' dir='ltr'><strong>ad</strong></span> <span class='ocrx_word' id='word_1_445' title='bbox 1933 3926 2192 3999; x_wconf 90' lang='lat' dir='ltr'><strong>specula-</strong></span> 
     </span>
    </p>
   </div>
   <div class='ocr_carea' id='block_1_58' title="bbox 590 4016 2189 4089">
    <p class='ocr_par' dir='ltr' id='par_1_58' title="bbox 590 4016 2189 4089">
     <span class='ocr_line' id='line_1_58' title="bbox 590 4016 2189 4089; baseline -0.002 -17"><span class='ocrx_word' id='word_1_446' title='bbox 590 4019 762 4074; x_wconf 89' lang='lat' dir='ltr'><strong>tionis</strong></span> <span class='ocrx_word' id='word_1_447' title='bbox 781 4017 1028 4073; x_wconf 89' lang='lat' dir='ltr'><strong>studium</strong></span> <span class='ocrx_word' id='word_1_448' title='bbox 1050 4018 1196 4089; x_wconf 90' lang='lat' dir='ltr'><strong>apud</strong></span> <span class='ocrx_word' id='word_1_449' title='bbox 1214 4034 1301 4074; x_wconf 90' lang='lat' dir='ltr'><strong>me</strong></span> <span class='ocrx_word' id='word_1_450' title='bbox 1314 4018 1645 4073; x_wconf 81' lang='lat' dir='ltr'><strong>familiarius</strong></span> <span class='ocrx_word' id='word_1_451' title='bbox 1666 4018 1877 4072; x_wconf 89' lang='lat' dir='ltr'><strong>vivant.</strong></span> <span class='ocrx_word' id='word_1_452' title='bbox 1898 4016 2189 4072; x_wconf 81' lang='lat' dir='ltr'><strong>Reverten-</strong></span> 
     </span>
    </p>
   </div>
   <div class='ocr_carea' id='block_1_59' title="bbox 592 4103 2191 4177">
    <p class='ocr_par' dir='ltr' id='par_1_59' title="bbox 592 4103 2191 4177">
     <span class='ocr_line' id='line_1_59' title="bbox 592 4103 2191 4177; baseline -0.001 -17"><span class='ocrx_word' id='word_1_453' title='bbox 592 4112 674 4160; x_wconf 90' lang='lat' dir='ltr'><strong>tes</strong></span> <span class='ocrx_word' id='word_1_454' title='bbox 703 4105 887 4175; x_wconf 89' lang='lat' dir='ltr'><strong>itaque</strong></span> <span class='ocrx_word' id='word_1_455' title='bbox 905 4104 1103 4160; x_wconf 91' lang='lat' dir='ltr'><strong>dicunt</strong></span> <span class='ocrx_word' id='word_1_456' title='bbox 1131 4104 1430 4172; x_wconf 82' lang='lat' dir='ltr'><strong>Adsumus,</strong></span> <span class='ocrx_word' id='word_1_457' title='bbox 1463 4105 1591 4177; x_wconf 88' lang='lat' dir='ltr'><strong>quia</strong></span> <span class='ocrx_word' id='word_1_458' title='bbox 1621 4103 1876 4176; x_wconf 87' lang='lat' dir='ltr'><strong>quamvis</strong></span> <span class='ocrx_word' id='word_1_459' title='bbox 1906 4119 1999 4176; x_wconf 88' lang='lat' dir='ltr'><strong>per</strong></span> <span class='ocrx_word' id='word_1_460' title='bbox 2027 4112 2191 4159; x_wconf 88' lang='lat' dir='ltr'><strong>exte-</strong></span> 
     </span>
    </p>
   </div>
   <div class='ocr_carea' id='block_1_60' title="bbox 591 4191 2189 4264">
    <p class='ocr_par' dir='ltr' id='par_1_60' title="bbox 591 4191 2189 4264">
     <span class='ocr_line' id='line_1_60' title="bbox 591 4191 2189 4264; baseline 0 -16"><span class='ocrx_word' id='word_1_461' title='bbox 591 4193 739 4249; x_wconf 88' lang='lat' dir='ltr'><strong>riora</strong></span> <span class='ocrx_word' id='word_1_462' title='bbox 766 4199 888 4248; x_wconf 88' lang='lat' dir='ltr'><strong>acta</strong></span> <span class='ocrx_word' id='word_1_463' title='bbox 906 4208 1101 4263; x_wconf 88' lang='lat' dir='ltr'><strong>parum</strong></span> <span class='ocrx_word' id='word_1_464' title='bbox 1131 4192 1266 4264; x_wconf 88' lang='lat' dir='ltr'><strong>quid</strong></span> <span class='ocrx_word' id='word_1_465' title='bbox 1286 4193 1742 4264; x_wconf 87' lang='lat' dir='ltr'><strong>contemplationi</strong></span> <span class='ocrx_word' id='word_1_466' title='bbox 1762 4192 1948 4248; x_wconf 87' lang='lat' dir='ltr'><strong>deesse</strong></span> <span class='ocrx_word' id='word_1_467' title='bbox 1970 4191 2189 4248; x_wconf 90' lang='lat' dir='ltr'><strong>videan-</strong></span> 
     </span>
    </p>
   </div>
   <div class='ocr_carea' id='block_1_61' title="bbox 592 4288 2193 4363">
    <p class='ocr_par' dir='ltr' id='par_1_61' title="bbox 592 4288 2193 4363">
     <span class='ocr_line' id='line_1_61' title="bbox 592 4288 2193 4363; baseline 0.001 -18"><span class='ocrx_word' id='word_1_468' title='bbox 592 4298 706 4358; x_wconf 90' lang='lat' dir='ltr'><strong>tur,</strong></span> <span class='ocrx_word' id='word_1_469' title='bbox 731 4304 827 4361; x_wconf 94' lang='lat' dir='ltr'><strong>per</strong></span> <span class='ocrx_word' id='word_1_470' title='bbox 846 4288 1098 4345; x_wconf 88' lang='lat' dir='ltr'><strong>ardorem</strong></span> <span class='ocrx_word' id='word_1_471' title='bbox 1125 4297 1309 4345; x_wconf 89' lang='lat' dir='ltr'><strong>tamen</strong></span> <span class='ocrx_word' id='word_1_472' title='bbox 1325 4288 1607 4359; x_wconf 89' lang='lat' dir='ltr'><strong>desiderii,</strong></span> <span class='ocrx_word' id='word_1_473' title='bbox 1631 4304 1794 4363; x_wconf 89' lang='lat' dir='ltr'><strong>quem</strong></span> <span class='ocrx_word' id='word_1_474' title='bbox 1811 4288 1869 4344; x_wconf 90' lang='lat' dir='ltr'><strong>in</strong></span> <span class='ocrx_word' id='word_1_475' title='bbox 1896 4296 2076 4347; x_wconf 84' lang='lat' dir='ltr'><strong>mente</strong></span> <span class='ocrx_word' id='word_1_476' title='bbox 2094 4306 2193 4347; x_wconf 88' lang='lat' dir='ltr'><strong>sua</strong></span> 
     </span>
    </p>
   </div>
   <div class='ocr_carea' id='block_1_62' title="bbox 592 4379 2191 4453">
    <p class='ocr_par' dir='ltr' id='par_1_62' title="bbox 592 4379 2191 4453">
     <span class='ocr_line' id='line_1_62' title="bbox 592 4379 2191 4453; baseline 0.001 -17"><span class='ocrx_word' id='word_1_477' title='bbox 592 4379 857 4436; x_wconf 88' lang='lat' dir='ltr'><strong>continue</strong></span> <span class='ocrx_word' id='word_1_478' title='bbox 879 4379 1206 4453; x_wconf 77' lang='lat' dir='ltr'><strong>accendunt,</strong></span> <span class='ocrx_word' id='word_1_479' title='bbox 1240 4379 1602 4453; x_wconf 90' lang='lat' dir='ltr'><strong>obsequentes</strong></span> <span class='ocrx_word' id='word_1_480' title='bbox 1628 4382 1741 4437; x_wconf 92' lang='lat' dir='ltr'><strong>Deo</strong></span> <span class='ocrx_word' id='word_1_481' title='bbox 1770 4396 1923 4438; x_wconf 89' lang='lat' dir='ltr'><strong>suam</strong></span> <span class='ocrx_word' id='word_1_482' title='bbox 1960 4395 2191 4453; x_wconf 63' lang='lat' dir='ltr'><strong>praesen-</strong></span> 
     </span>
    </p>
   </div>
   <div class='ocr_carea' id='block_1_63' title="bbox 2289 1854 3895 1936">
    <p class='ocr_par' dir='ltr' id='par_1_63' title="bbox 2289 1854 3895 1936">
     <span class='ocr_line' id='line_1_63' title="bbox 2289 1854 3895 1936; baseline 0.004 -27"><span class='ocrx_word' id='word_1_483' title='bbox 2289 1854 2454 1911; x_wconf 91' lang='lat' dir='ltr'><strong>nibus</strong></span> <span class='ocrx_word' id='word_1_484' title='bbox 2486 1856 2542 1927; x_wconf 96' lang='grc' dir='ltr'><strong>(Ι</strong></span> <span class='ocrx_word' id='word_1_485' title='bbox 2580 1857 2705 1913; x_wconf 87' lang='lat' dir='ltr'><strong>Cor.</strong></span> <span class='ocrx_word' id='word_1_486' title='bbox 2742 1875 2780 1927; x_wconf 80' lang='grc' dir='ltr'><strong>ι,</strong></span> <span class='ocrx_word' id='word_1_487' title='bbox 2806 1858 2921 1932; x_wconf 78' lang='lat'><strong>25).</strong></span> <span class='ocrx_word' id='word_1_488' title='bbox 2943 1860 3055 1928; x_wconf 91' lang='lat' dir='ltr'><strong>Qui</strong></span> <span class='ocrx_word' id='word_1_489' title='bbox 3076 1861 3145 1917; x_wconf 85' lang='lat' dir='ltr'><strong>ad</strong></span> <span class='ocrx_word' id='word_1_490' title='bbox 3165 1863 3375 1918; x_wconf 91' lang='lat' dir='ltr'><strong>nullius</strong></span> <span class='ocrx_word' id='word_1_491' title='bbox 3395 1872 3556 1936; x_wconf 86' lang='lat' dir='ltr'><strong>pavet</strong></span> <span class='ocrx_word' id='word_1_492' title='bbox 3575 1877 3895 1920; x_wconf 88' lang='lat' dir='ltr'><strong>occursum.</strong></span> 
     </span>
    </p>
   </div>
   <div class='ocr_carea' id='block_1_64' title="bbox 2288 1944 3899 2022">
    <p class='ocr_par' dir='ltr' id='par_1_64' title="bbox 2288 1944 3899 2022">
     <span class='ocr_line' id='line_1_64' title="bbox 2288 1944 3899 2022; baseline 0.007 -24"><span class='ocrx_word' id='word_1_493' title='bbox 2288 1944 2435 1999; x_wconf 91' lang='lat' dir='ltr'><strong>Dicit</strong></span> <span class='ocrx_word' id='word_1_494' title='bbox 2469 1945 2613 2000; x_wconf 90' lang='lat' dir='ltr'><strong>enim</strong></span> <span class='ocrx_word' id='word_1_495' title='bbox 2640 1962 2653 2001; x_wconf 87' lang='lat'><strong>:</strong></span> <span class='ocrx_word' id='word_1_496' title='bbox 2696 1947 2843 2005; x_wconf 81' lang='lat' dir='ltr'><strong>Venit</strong></span> <span class='ocrx_word' id='word_1_497' title='bbox 2864 1949 3107 2021; x_wconf 83' lang='lat' dir='ltr'><strong>princeps</strong></span> <span class='ocrx_word' id='word_1_498' title='bbox 3136 1952 3322 2007; x_wconf 87' lang='lat' dir='ltr'><strong>mundi</strong></span> <span class='ocrx_word' id='word_1_499' title='bbox 3339 1952 3518 2022; x_wconf 80' lang='lat' dir='ltr'><strong>hujus,</strong></span> <span class='ocrx_word' id='word_1_500' title='bbox 3542 1953 3663 2008; x_wconf 84' lang='lat' dir='ltr'><strong>etin</strong></span> <span class='ocrx_word' id='word_1_501' title='bbox 3691 1968 3774 2007; x_wconf 87' lang='lat' dir='ltr'><strong>me</strong></span> <span class='ocrx_word' id='word_1_502' title='bbox 3793 1967 3899 2007; x_wconf 89' lang='lat' dir='ltr'><strong>non</strong></span> 
     </span>
    </p>
   </div>
   <div class='ocr_carea' id='block_1_65' title="bbox 2288 2033 3901 2112">
    <p class='ocr_par' dir='ltr' id='par_1_65' title="bbox 2288 2033 3901 2112">
     <span class='ocr_line' id='line_1_65' title="bbox 2288 2033 3901 2112; baseline 0.006 -25"><span class='ocrx_word' id='word_1_503' title='bbox 2288 2033 2439 2089; x_wconf 85' lang='lat' dir='ltr'><strong>habet</strong></span> <span class='ocrx_word' id='word_1_504' title='bbox 2464 2034 2758 2106; x_wconf 85' lang='lat' dir='ltr'><strong>quidquam</strong></span> <span class='ocrx_word' id='word_1_505' title='bbox 2794 2037 2972 2109; x_wconf 85' lang='lat' dir='ltr'><strong>(Joan.</strong></span> <span class='ocrx_word' id='word_1_506' title='bbox 3024 2055 3144 2107; x_wconf 80' lang='lat' dir='ltr'><strong>xiv,</strong></span> <span class='ocrx_word' id='word_1_507' title='bbox 3184 2040 3298 2112; x_wconf 86' lang='lat'><strong>30).</strong></span> <span class='ocrx_word' id='word_1_508' title='bbox 3346 2041 3537 2097; x_wconf 89' lang='lat' dir='ltr'><strong>Gallus</strong></span> <span class='ocrx_word' id='word_1_509' title='bbox 3578 2042 3901 2098; x_wconf 91' lang='lat' dir='ltr'><strong>succinctus</strong></span> 
     </span>
    </p>
   </div>
   <div class='ocr_carea' id='block_1_66' title="bbox 2289 2122 3904 2201">
    <p class='ocr_par' dir='ltr' id='par_1_66' title="bbox 2289 2122 3904 2201">
     <span class='ocr_line' id='line_1_66' title="bbox 2289 2122 3904 2201; baseline 0.005 -22"><span class='ocrx_word' id='word_1_510' title='bbox 2289 2122 2526 2193; x_wconf 90' lang='lat' dir='ltr'><strong>lumbos,</strong></span> <span class='ocrx_word' id='word_1_511' title='bbox 2567 2124 2625 2180; x_wconf 93' lang='lat' dir='ltr'><strong>id</strong></span> <span class='ocrx_word' id='word_1_512' title='bbox 2675 2134 2755 2182; x_wconf 90' lang='lat' dir='ltr'><strong>est</strong></span> <span class='ocrx_word' id='word_1_513' title='bbox 2812 2126 3200 2198; x_wconf 73' lang='lat' dir='ltr'><strong>praedicatores</strong></span> <span class='ocrx_word' id='word_1_514' title='bbox 3247 2130 3420 2185; x_wconf 89' lang='lat' dir='ltr'><strong>sancti</strong></span> <span class='ocrx_word' id='word_1_515' title='bbox 3462 2130 3609 2185; x_wconf 93' lang='lat' dir='ltr'><strong>inter</strong></span> <span class='ocrx_word' id='word_1_516' title='bbox 3650 2132 3673 2165; x_wconf 78' lang='grc'>⁸</span> <span class='ocrx_word' id='word_1_517' title='bbox 3726 2129 3904 2201; x_wconf 88' lang='lat' dir='ltr'><strong>hujus</strong></span> 
     </span>
    </p>
   </div>
   <div class='ocr_carea' id='block_1_67' title="bbox 2288 2214 3902 2287">
    <p class='ocr_par' dir='ltr' id='par_1_67' title="bbox 2288 2214 3902 2287">
     <span class='ocr_line' id='line_1_67' title="bbox 2288 2214 3902 2287; baseline 0.004 -17"><span class='ocrx_word' id='word_1_518' title='bbox 2288 2215 2466 2270; x_wconf 90' lang='lat' dir='ltr'><strong>noctis</strong></span> <span class='ocrx_word' id='word_1_519' title='bbox 2494 2214 2749 2273; x_wconf 86' lang='lat' dir='ltr'><strong>tenebras</strong></span> <span class='ocrx_word' id='word_1_520' title='bbox 2778 2232 2969 2273; x_wconf 90' lang='lat' dir='ltr'><strong>verum</strong></span> <span class='ocrx_word' id='word_1_521' title='bbox 3019 2233 3177 2275; x_wconf 89' lang='lat' dir='ltr'><strong>mane</strong></span> <span class='ocrx_word' id='word_1_522' title='bbox 3216 2219 3559 2275; x_wconf 87' lang='lat' dir='ltr'><strong>nuntiantes.</strong></span> <span class='ocrx_word' id='word_1_523' title='bbox 3602 2218 3714 2287; x_wconf 90' lang='lat' dir='ltr'><strong>Qui</strong></span> <span class='ocrx_word' id='word_1_524' title='bbox 3759 2235 3902 2276; x_wconf 86' lang='lat' dir='ltr'><strong>suc-</strong></span> 
     </span>
    </p>
   </div>
   <div class='ocr_carea' id='block_1_68' title="bbox 2288 2304 3900 2383">
    <p class='ocr_par' dir='ltr' id='par_1_68' title="bbox 2288 2304 3900 2383">
     <span class='ocr_line' id='line_1_68' title="bbox 2288 2304 3900 2383; baseline 0.004 -22"><span class='ocrx_word' id='word_1_525' title='bbox 2288 2304 2459 2363; x_wconf 91' lang='lat' dir='ltr'><strong>cincti</strong></span> <span class='ocrx_word' id='word_1_526' title='bbox 2492 2306 2710 2363; x_wconf 91' lang='lat' dir='ltr'><strong>lumbos</strong></span> <span class='ocrx_word' id='word_1_527' title='bbox 2752 2316 2901 2378; x_wconf 91' lang='lat' dir='ltr'><strong>sunt,</strong></span> <span class='ocrx_word' id='word_1_528' title='bbox 2943 2310 3072 2383; x_wconf 90' lang='lat' dir='ltr'><strong>quia</strong></span> <span class='ocrx_word' id='word_1_529' title='bbox 3114 2325 3145 2365; x_wconf 90' lang='lat' dir='ltr'><strong>a</strong></span> <span class='ocrx_word' id='word_1_530' title='bbox 3190 2308 3455 2365; x_wconf 90' lang='lat' dir='ltr'><strong>membris</strong></span> <span class='ocrx_word' id='word_1_531' title='bbox 3498 2309 3615 2365; x_wconf 92' lang='lat' dir='ltr'><strong>suis</strong></span> <span class='ocrx_word' id='word_1_532' title='bbox 3657 2309 3900 2367; x_wconf 73' lang='lat' dir='ltr'><strong>luxuria:</strong></span> 
     </span>
    </p>
   </div>
   <div class='ocr_carea' id='block_1_69' title="bbox 2289 2394 3896 2473">
    <p class='ocr_par' dir='ltr' id='par_1_69' title="bbox 2289 2394 3896 2473">
     <span class='ocr_line' id='line_1_69' title="bbox 2289 2394 3896 2473; baseline 0.006 -23"><span class='ocrx_word' id='word_1_533' title='bbox 2289 2394 2461 2452; x_wconf 87' lang='lat' dir='ltr'><strong>ﬂuxia</strong></span> <span class='ocrx_word' id='word_1_534' title='bbox 2507 2399 2864 2472; x_wconf 83' lang='lat' dir='ltr'><strong>restringunt.</strong></span> <span class='ocrx_word' id='word_1_535' title='bbox 2916 2401 2978 2456; x_wconf 90' lang='lat' dir='ltr'><strong>In</strong></span> <span class='ocrx_word' id='word_1_536' title='bbox 3026 2399 3233 2456; x_wconf 90' lang='lat' dir='ltr'><strong>lumbis</strong></span> <span class='ocrx_word' id='word_1_537' title='bbox 3272 2400 3478 2473; x_wconf 88' lang='lat' dir='ltr'><strong>quippe</strong></span> <span class='ocrx_word' id='word_1_538' title='bbox 3528 2400 3756 2457; x_wconf 91' lang='lat' dir='ltr'><strong>luxuria</strong></span> <span class='ocrx_word' id='word_1_539' title='bbox 3797 2411 3896 2460; x_wconf 90' lang='lat' dir='ltr'><strong>est.</strong></span> 
     </span>
    </p>
   </div>
   <div class='ocr_carea' id='block_1_70' title="bbox 2292 2487 3901 2550">
    <p class='ocr_par' dir='ltr' id='par_1_70' title="bbox 2292 2487 3901 2550">
     <span class='ocr_line' id='line_1_70' title="bbox 2292 2487 3901 2550; baseline 0.004 -8"><span class='ocrx_word' id='word_1_540' title='bbox 2292 2487 2445 2544; x_wconf 89' lang='lat' dir='ltr'><strong>Unde</strong></span> <span class='ocrx_word' id='word_1_541' title='bbox 2473 2496 2527 2544; x_wconf 92' lang='lat' dir='ltr'><strong>et</strong></span> <span class='ocrx_word' id='word_1_542' title='bbox 2555 2488 2761 2545; x_wconf 90' lang='lat' dir='ltr'><strong>eisdem</strong></span> <span class='ocrx_word' id='word_1_543' title='bbox 2790 2507 2822 2545; x_wconf 91' lang='lat' dir='ltr'><strong>a</strong></span> <span class='ocrx_word' id='word_1_544' title='bbox 2849 2491 3088 2547; x_wconf 91' lang='lat' dir='ltr'><strong>Domino</strong></span> <span class='ocrx_word' id='word_1_545' title='bbox 3116 2490 3325 2548; x_wconf 91' lang='lat' dir='ltr'><strong>dicitur</strong></span> <span class='ocrx_word' id='word_1_546' title='bbox 3358 2508 3370 2545; x_wconf 89' lang='lat'>:</span> <span class='ocrx_word' id='word_1_547' title='bbox 3409 2491 3531 2546; x_wconf 86' lang='lat' dir='ltr'><strong>Sint</strong></span> <span class='ocrx_word' id='word_1_548' title='bbox 3552 2492 3718 2548; x_wconf 87' lang='lat' dir='ltr'><strong>lumbi</strong></span> <span class='ocrx_word' id='word_1_549' title='bbox 3737 2494 3901 2550; x_wconf 84' lang='lat' dir='ltr'><strong>vestri</strong></span> 
     </span>
    </p>
   </div>
   <div class='ocr_carea' id='block_1_71' title="bbox 2285 2579 3896 2658">
    <p class='ocr_par' dir='ltr' id='par_1_71' title="bbox 2285 2579 3896 2658">
     <span class='ocr_line' id='line_1_71' title="bbox 2285 2579 3896 2658; baseline 0.004 -25"><span class='ocrx_word' id='word_1_550' title='bbox 2285 2579 2559 2650; x_wconf 64' lang='lat' dir='ltr'><strong>praecincti</strong></span> <span class='ocrx_word' id='word_1_551' title='bbox 2587 2579 2746 2653; x_wconf 89' lang='lat' dir='ltr'><strong>(Luc.</strong></span> <span class='ocrx_word' id='word_1_552' title='bbox 2790 2595 2893 2648; x_wconf 84' lang='lat' dir='ltr'><strong>xrr,</strong></span> <span class='ocrx_word' id='word_1_553' title='bbox 2941 2579 3055 2653; x_wconf 80' lang='lat'><strong>35).</strong></span> <span class='ocrx_word' id='word_1_554' title='bbox 3102 2580 3175 2635; x_wconf 90' lang='lat' dir='ltr'><strong>Et</strong></span> <span class='ocrx_word' id='word_1_555' title='bbox 3205 2580 3367 2649; x_wconf 88' lang='lat' dir='ltr'><strong>aries,</strong></span> <span class='ocrx_word' id='word_1_556' title='bbox 3412 2596 3515 2638; x_wconf 91' lang='lat' dir='ltr'><strong>nec</strong></span> <span class='ocrx_word' id='word_1_557' title='bbox 3555 2590 3637 2639; x_wconf 90' lang='lat' dir='ltr'><strong>est</strong></span> <span class='ocrx_word' id='word_1_558' title='bbox 3673 2599 3773 2640; x_wconf 87' lang='lat' dir='ltr'><strong>rex</strong></span> <span class='ocrx_word' id='word_1_559' title='bbox 3802 2584 3896 2658; x_wconf 90' lang='lat' dir='ltr'><strong>qui</strong></span> 
     </span>
    </p>
   </div>
   <div class='ocr_carea' id='block_1_72' title="bbox 2293 2668 3891 2746">
    <p class='ocr_par' dir='ltr' id='par_1_72' title="bbox 2293 2668 3891 2746">
     <span class='ocr_line' id='line_1_72' title="bbox 2293 2668 3891 2746; baseline 0.004 -23"><span class='ocrx_word' id='word_1_560' title='bbox 2293 2668 2508 2726; x_wconf 87' lang='lat' dir='ltr'><strong>resistat</strong></span> <span class='ocrx_word' id='word_1_561' title='bbox 2537 2668 2607 2724; x_wconf 92' lang='lat' dir='ltr'><strong>ei.</strong></span> <span class='ocrx_word' id='word_1_562' title='bbox 2640 2669 2814 2738; x_wconf 92' lang='lat' dir='ltr'><strong>Quem</strong></span> <span class='ocrx_word' id='word_1_563' title='bbox 2843 2669 3015 2725; x_wconf 89' lang='lat' dir='ltr'><strong>alium</strong></span> <span class='ocrx_word' id='word_1_564' title='bbox 3043 2669 3150 2726; x_wconf 89' lang='lat' dir='ltr'><strong>hoc</strong></span> <span class='ocrx_word' id='word_1_565' title='bbox 3175 2670 3296 2727; x_wconf 89' lang='lat' dir='ltr'><strong>loco</strong></span> <span class='ocrx_word' id='word_1_566' title='bbox 3326 2670 3555 2728; x_wconf 90' lang='lat' dir='ltr'><strong>arietem</strong></span> <span class='ocrx_word' id='word_1_567' title='bbox 3586 2672 3891 2746; x_wconf 87' lang='lat' dir='ltr'><strong>accipimus</strong></span> 
     </span>
    </p>
   </div>
   <div class='ocr_carea' id='block_1_73' title="bbox 2294 2758 3896 2830">
    <p class='ocr_par' dir='ltr' id='par_1_73' title="bbox 2294 2758 3896 2830">
     <span class='ocr_line' id='line_1_73' title="bbox 2294 2758 3896 2830; baseline 0.005 -17"><span class='ocrx_word' id='word_1_568' title='bbox 2294 2758 2400 2814; x_wconf 92' lang='lat' dir='ltr'><strong>nisi</strong></span> <span class='ocrx_word' id='word_1_569' title='bbox 2432 2760 2673 2830; x_wconf 88' lang='lat' dir='ltr'><strong>primum</strong></span> <span class='ocrx_word' id='word_1_570' title='bbox 2704 2759 2851 2816; x_wconf 89' lang='lat' dir='ltr'><strong>intra</strong></span> <span class='ocrx_word' id='word_1_571' title='bbox 2882 2760 3189 2817; x_wconf 87' lang='lat' dir='ltr'><strong>Ecclesiam</strong></span> <span class='ocrx_word' id='word_1_572' title='bbox 3218 2760 3466 2817; x_wconf 90' lang='lat' dir='ltr'><strong>ordinem</strong></span> <span class='ocrx_word' id='word_1_573' title='bbox 3496 2762 3847 2820; x_wconf 89' lang='lat' dir='ltr'><strong>sacerdotum</strong></span> <span class='ocrx_word' id='word_1_574' title='bbox 3868 2763 3896 2821; x_wconf 84' lang='lat'><strong>?</strong></span> 
     </span>
    </p>
   </div>
   <div class='ocr_carea' id='block_1_74' title="bbox 2292 2848 3897 2922">
    <p class='ocr_par' dir='ltr' id='par_1_74' title="bbox 2292 2848 3897 2922">
     <span class='ocr_line' id='line_1_74' title="bbox 2292 2848 3897 2922; baseline 0.004 -19"><span class='ocrx_word' id='word_1_575' title='bbox 2292 2849 2371 2903; x_wconf 93' lang='lat' dir='ltr'><strong>De</strong></span> <span class='ocrx_word' id='word_1_576' title='bbox 2404 2848 2605 2921; x_wconf 90' lang='lat' dir='ltr'><strong>quibus</strong></span> <span class='ocrx_word' id='word_1_577' title='bbox 2633 2849 2901 2921; x_wconf 90' lang='lat' dir='ltr'><strong>scriptum</strong></span> <span class='ocrx_word' id='word_1_578' title='bbox 2920 2856 3000 2905; x_wconf 90' lang='lat' dir='ltr'><strong>est</strong></span> <span class='ocrx_word' id='word_1_579' title='bbox 3020 2868 3031 2905; x_wconf 89' lang='lat'>:</span> <span class='ocrx_word' id='word_1_580' title='bbox 3050 2852 3253 2921; x_wconf 75' lang='lat' dir='ltr'><strong>Afferte</strong></span> <span class='ocrx_word' id='word_1_581' title='bbox 3271 2851 3491 2907; x_wconf 87' lang='lat' dir='ltr'><strong>Domino</strong></span> <span class='ocrx_word' id='word_1_582' title='bbox 3506 2852 3650 2922; x_wconf 79' lang='lat' dir='ltr'><strong>ﬁlios</strong></span> <span class='ocrx_word' id='word_1_583' title='bbox 3663 2854 3897 2909; x_wconf 85' lang='lat' dir='ltr'><strong>arietum</strong></span> 
     </span>
    </p>
   </div>
   <div class='ocr_carea' id='block_1_75' title="bbox 2297 2938 3893 3013">
    <p class='ocr_par' dir='ltr' id='par_1_75' title="bbox 2297 2938 3893 3013">
     <span class='ocr_line' id='line_1_75' title="bbox 2297 2938 3893 3013; baseline 0.005 -20"><span class='ocrx_word' id='word_1_584' title='bbox 2297 2938 2469 3007; x_wconf 85' lang='lat' dir='ltr'><strong>(Psal.</strong></span> <span class='ocrx_word' id='word_1_585' title='bbox 2503 2954 2708 3007; x_wconf 83' lang='lat' dir='ltr'><strong>xxvru,</strong></span> <span class='ocrx_word' id='word_1_586' title='bbox 2744 2940 2799 3012; x_wconf 92' lang='grc'><strong>1)</strong></span> <span class='ocrx_word' id='word_1_587' title='bbox 2836 2958 2849 3008; x_wconf 92' lang='grc'>;</span> <span class='ocrx_word' id='word_1_588' title='bbox 2888 2941 2985 3013; x_wconf 89' lang='lat' dir='ltr'><strong>qui</strong></span> <span class='ocrx_word' id='word_1_589' title='bbox 3014 2956 3113 3013; x_wconf 91' lang='lat' dir='ltr'><strong>per</strong></span> <span class='ocrx_word' id='word_1_590' title='bbox 3149 2940 3396 3013; x_wconf 87' lang='lat' dir='ltr'><strong>exempla</strong></span> <span class='ocrx_word' id='word_1_591' title='bbox 3422 2956 3518 2997; x_wconf 90' lang='lat' dir='ltr'><strong>sua</strong></span> <span class='ocrx_word' id='word_1_592' title='bbox 3547 2941 3893 3013; x_wconf 87' lang='lat' dir='ltr'><strong>gradientem</strong></span> 
     </span>
    </p>
   </div>
   <div class='ocr_carea' id='block_1_76' title="bbox 2296 3031 3894 3114">
    <p class='ocr_par' dir='ltr' id='par_1_76' title="bbox 2296 3031 3894 3114">
     <span class='ocr_line' id='line_1_76' title="bbox 2296 3031 3894 3114; baseline 0.006 -25"><span class='ocrx_word' id='word_1_593' title='bbox 2296 3031 2439 3091; x_wconf 84' lang='lat'><strong>960</strong></span> <span class='ocrx_word' id='word_1_594' title='bbox 2468 3039 2753 3111; x_wconf 90' lang='lat' dir='ltr'><strong>populum,</strong></span> <span class='ocrx_word' id='word_1_595' title='bbox 2796 3039 2955 3114; x_wconf 90' lang='lat' dir='ltr'><strong>quasi</strong></span> <span class='ocrx_word' id='word_1_596' title='bbox 2990 3039 3413 3113; x_wconf 90' lang='lat' dir='ltr'><strong>subsequentem</strong></span> <span class='ocrx_word' id='word_1_597' title='bbox 3454 3039 3642 3096; x_wconf 91' lang='lat' dir='ltr'><strong>ovium</strong></span> <span class='ocrx_word' id='word_1_598' title='bbox 3672 3056 3894 3114; x_wconf 87' lang='lat' dir='ltr'><strong>gregem</strong></span> 
     </span>
    </p>
   </div>
   <div class='ocr_carea' id='block_1_77' title="bbox 2222 3126 3896 3214">
    <p class='ocr_par' dir='ltr' id='par_1_77' title="bbox 2222 3126 3896 3214">
     <span class='ocr_line' id='line_1_77' title="bbox 2222 3126 3896 3214; baseline 0.002 -31"><span class='ocrx_word' id='word_1_599' title='bbox 2222 3154 2266 3214; x_wconf 70' lang='grc' dir='ltr'>ο</span> <span class='ocrx_word' id='word_1_600' title='bbox 2296 3126 2545 3185; x_wconf 89' lang='lat' dir='ltr'><strong>trahunt.</strong></span> <span class='ocrx_word' id='word_1_601' title='bbox 2580 3128 2791 3196; x_wconf 88' lang='lat' dir='ltr'><strong>Quibus</strong></span> <span class='ocrx_word' id='word_1_602' title='bbox 2820 3129 3146 3200; x_wconf 86' lang='lat' dir='ltr'><strong>spiritaliter</strong></span> <span class='ocrx_word' id='word_1_603' title='bbox 3165 3136 3419 3202; x_wconf 89' lang='lat' dir='ltr'><strong>recteque</strong></span> <span class='ocrx_word' id='word_1_604' title='bbox 3434 3129 3753 3187; x_wconf 87' lang='lat' dir='ltr'><strong>viventibus</strong></span> <span class='ocrx_word' id='word_1_605' title='bbox 3771 3131 3896 3187; x_wconf 88' lang='lat' dir='ltr'><strong>nul-</strong></span> 
     </span>
    </p>
   </div>
   <div class='ocr_carea' id='block_1_78' title="bbox 2297 3217 3895 3294">
    <p class='ocr_par' dir='ltr' id='par_1_78' title="bbox 2297 3217 3895 3294">
     <span class='ocr_line' id='line_1_78' title="bbox 2297 3217 3895 3294; baseline 0.004 -23"><span class='ocrx_word' id='word_1_606' title='bbox 2297 3217 2382 3273; x_wconf 90' lang='lat' dir='ltr'><strong>lus</strong></span> <span class='ocrx_word' id='word_1_607' title='bbox 2409 3233 2507 3273; x_wconf 89' lang='lat' dir='ltr'><strong>rex</strong></span> <span class='ocrx_word' id='word_1_608' title='bbox 2535 3218 2741 3274; x_wconf 79' lang='lat' dir='ltr'><strong>sufﬁcit</strong></span> <span class='ocrx_word' id='word_1_609' title='bbox 2759 3219 2989 3275; x_wconf 93' lang='lat' dir='ltr'><strong>omnino</strong></span> <span class='ocrx_word' id='word_1_610' title='bbox 3018 3220 3293 3292; x_wconf 89' lang='lat' dir='ltr'><strong>resistere,</strong></span> <span class='ocrx_word' id='word_1_611' title='bbox 3315 3220 3446 3294; x_wconf 87' lang='lat' dir='ltr'><strong>quia</strong></span> <span class='ocrx_word' id='word_1_612' title='bbox 3463 3219 3700 3293; x_wconf 88' lang='lat' dir='ltr'><strong>quilibet</strong></span> <span class='ocrx_word' id='word_1_613' title='bbox 3718 3236 3895 3293; x_wconf 89' lang='lat' dir='ltr'><strong>perse-</strong></span> 
     </span>
    </p>
   </div>
   <div class='ocr_carea' id='block_1_79' title="bbox 2295 3307 3892 3386">
    <p class='ocr_par' dir='ltr' id='par_1_79' title="bbox 2295 3307 3892 3386">
     <span class='ocr_line' id='line_1_79' title="bbox 2295 3307 3892 3386; baseline 0.003 -22"><span class='ocrx_word' id='word_1_614' title='bbox 2295 3316 2454 3365; x_wconf 90' lang='lat' dir='ltr'><strong>cutor</strong></span> <span class='ocrx_word' id='word_1_615' title='bbox 2468 3307 2676 3376; x_wconf 89' lang='lat' dir='ltr'><strong>obviet,</strong></span> <span class='ocrx_word' id='word_1_616' title='bbox 2702 3308 3069 3366; x_wconf 90' lang='lat' dir='ltr'><strong>intentionem</strong></span> <span class='ocrx_word' id='word_1_617' title='bbox 3083 3326 3275 3368; x_wconf 90' lang='lat' dir='ltr'><strong>eorum</strong></span> <span class='ocrx_word' id='word_1_618' title='bbox 3290 3327 3402 3367; x_wconf 91' lang='lat' dir='ltr'><strong>non</strong></span> <span class='ocrx_word' id='word_1_619' title='bbox 3414 3311 3562 3367; x_wconf 91' lang='lat' dir='ltr'><strong>valet</strong></span> <span class='ocrx_word' id='word_1_620' title='bbox 3572 3311 3892 3386; x_wconf 73' lang='lat' dir='ltr'><strong>praepedire.</strong></span> 
     </span>
    </p>
   </div>
   <div class='ocr_carea' id='block_1_80' title="bbox 2295 3397 3892 3473">
    <p class='ocr_par' dir='ltr' id='par_1_80' title="bbox 2295 3397 3892 3473">
     <span class='ocr_line' id='line_1_80' title="bbox 2295 3397 3892 3473; baseline 0 -16"><span class='ocrx_word' id='word_1_621' title='bbox 2295 3400 2491 3457; x_wconf 90' lang='lat' dir='ltr'><strong>Sciunt</strong></span> <span class='ocrx_word' id='word_1_622' title='bbox 2518 3398 2667 3455; x_wconf 90' lang='lat' dir='ltr'><strong>enim</strong></span> <span class='ocrx_word' id='word_1_623' title='bbox 2694 3397 2764 3455; x_wconf 89' lang='lat' dir='ltr'><strong>ad</strong></span> <span class='ocrx_word' id='word_1_624' title='bbox 2788 3413 2915 3455; x_wconf 91' lang='lat' dir='ltr'><strong>eum</strong></span> <span class='ocrx_word' id='word_1_625' title='bbox 2945 3415 3109 3473; x_wconf 92' lang='lat' dir='ltr'><strong>quem</strong></span> <span class='ocrx_word' id='word_1_626' title='bbox 3136 3399 3476 3468; x_wconf 87' lang='lat' dir='ltr'><strong>desiderant,</strong></span> <span class='ocrx_word' id='word_1_627' title='bbox 3501 3406 3558 3456; x_wconf 93' lang='lat' dir='ltr'><strong>et</strong></span> <span class='ocrx_word' id='word_1_628' title='bbox 3584 3399 3751 3457; x_wconf 87' lang='lat' dir='ltr'><strong>anxie</strong></span> <span class='ocrx_word' id='word_1_629' title='bbox 3773 3416 3892 3458; x_wconf 82' lang='lat' dir='ltr'><strong>cur-</strong></span> 
     </span>
    </p>
   </div>
   <div class='ocr_carea' id='block_1_81' title="bbox 2296 3490 3893 3565">
    <p class='ocr_par' dir='ltr' id='par_1_81' title="bbox 2296 3490 3893 3565">
     <span class='ocr_line' id='line_1_81' title="bbox 2296 3490 3893 3565; baseline 0 -16"><span class='ocrx_word' id='word_1_630' title='bbox 2296 3508 2435 3561; x_wconf 90' lang='lat' dir='ltr'><strong>rere,</strong></span> <span class='ocrx_word' id='word_1_631' title='bbox 2466 3500 2521 3549; x_wconf 93' lang='lat' dir='ltr'><strong>et</strong></span> <span class='ocrx_word' id='word_1_632' title='bbox 2557 3490 2847 3548; x_wconf 89' lang='lat' dir='ltr'><strong>moriendo</strong></span> <span class='ocrx_word' id='word_1_633' title='bbox 2884 3491 3191 3565; x_wconf 86' lang='lat' dir='ltr'><strong>pervenire.</strong></span> <span class='ocrx_word' id='word_1_634' title='bbox 3241 3491 3473 3548; x_wconf 91' lang='lat' dir='ltr'><strong>Ponitur</strong></span> <span class='ocrx_word' id='word_1_635' title='bbox 3516 3507 3645 3565; x_wconf 87' lang='lat' dir='ltr'><strong>ergo</strong></span> <span class='ocrx_word' id='word_1_636' title='bbox 3681 3491 3893 3563; x_wconf 89' lang='lat' dir='ltr'><strong>primus</strong></span> 
     </span>
    </p>
   </div>
   <div class='ocr_carea' id='block_1_82' title="bbox 2296 3581 3891 3655">
    <p class='ocr_par' dir='ltr' id='par_1_82' title="bbox 2296 3581 3891 3655">
     <span class='ocr_line' id='line_1_82' title="bbox 2296 3581 3891 3655; baseline 0 -17"><span class='ocrx_word' id='word_1_637' title='bbox 2296 3583 2402 3651; x_wconf 91' lang='lat' dir='ltr'><strong>leo,</strong></span> <span class='ocrx_word' id='word_1_638' title='bbox 2433 3581 2704 3640; x_wconf 90' lang='lat' dir='ltr'><strong>secundus</strong></span> <span class='ocrx_word' id='word_1_639' title='bbox 2753 3582 2950 3655; x_wconf 89' lang='lat' dir='ltr'><strong>gallus,</strong></span> <span class='ocrx_word' id='word_1_640' title='bbox 2991 3581 3189 3639; x_wconf 90' lang='lat' dir='ltr'><strong>tertius</strong></span> <span class='ocrx_word' id='word_1_641' title='bbox 3228 3581 3391 3639; x_wconf 89' lang='lat' dir='ltr'><strong>aries.</strong></span> <span class='ocrx_word' id='word_1_642' title='bbox 3446 3581 3716 3655; x_wconf 82' lang='lat' dir='ltr'><strong>Apparuit</strong></span> <span class='ocrx_word' id='word_1_643' title='bbox 3742 3581 3891 3638; x_wconf 89' lang='lat' dir='ltr'><strong>enim</strong></span> 
     </span>
    </p>
   </div>
   <div class='ocr_carea' id='block_1_83' title="bbox 2298 3673 3893 3748">
    <p class='ocr_par' dir='ltr' id='par_1_83' title="bbox 2298 3673 3893 3748">
     <span class='ocr_line' id='line_1_83' title="bbox 2298 3673 3893 3748; baseline -0.001 -15"><span class='ocrx_word' id='word_1_644' title='bbox 2298 3674 2577 3746; x_wconf 87' lang='lat' dir='ltr'><strong>Christus,</strong></span> <span class='ocrx_word' id='word_1_645' title='bbox 2594 3674 2793 3732; x_wconf 91' lang='lat' dir='ltr'><strong>deinde</strong></span> <span class='ocrx_word' id='word_1_646' title='bbox 2818 3674 2994 3732; x_wconf 86' lang='lat' dir='ltr'><strong>sancti</strong></span> <span class='ocrx_word' id='word_1_647' title='bbox 3014 3673 3397 3748; x_wconf 64' lang='lat' dir='ltr'><strong>praedicatores</strong></span> <span class='ocrx_word' id='word_1_648' title='bbox 3414 3673 3669 3747; x_wconf 90' lang='lat' dir='ltr'><strong>apostoli,</strong></span> <span class='ocrx_word' id='word_1_649' title='bbox 3686 3680 3742 3730; x_wconf 90' lang='lat' dir='ltr'><strong>et</strong></span> <span class='ocrx_word' id='word_1_650' title='bbox 3760 3680 3893 3732; x_wconf 89' lang='lat' dir='ltr'><strong>tunc</strong></span> 
     </span>
    </p>
   </div>
   <div class='ocr_carea' id='block_1_84' title="bbox 2298 3762 3888 3838">
    <p class='ocr_par' dir='ltr' id='par_1_84' title="bbox 2298 3762 3888 3838">
     <span class='ocr_line' id='line_1_84' title="bbox 2298 3762 3888 3838; baseline -0.002 -15"><span class='ocrx_word' id='word_1_651' title='bbox 2298 3764 2519 3823; x_wconf 90' lang='lat' dir='ltr'><strong>demum</strong></span> <span class='ocrx_word' id='word_1_652' title='bbox 2577 3764 2851 3838; x_wconf 87' lang='lat' dir='ltr'><strong>spiritales</strong></span> <span class='ocrx_word' id='word_1_653' title='bbox 2913 3773 3092 3838; x_wconf 89' lang='lat' dir='ltr'><strong>patres</strong></span> <span class='ocrx_word' id='word_1_654' title='bbox 3151 3763 3530 3822; x_wconf 91' lang='lat' dir='ltr'><strong>Ecclesiarum</strong></span> <span class='ocrx_word' id='word_1_655' title='bbox 3592 3762 3888 3837; x_wconf 60' lang='lat' dir='ltr'><strong>praepositi,</strong></span> 
     </span>
    </p>
   </div>
   <div class='ocr_carea' id='block_1_85' title="bbox 2299 3854 3890 3929">
    <p class='ocr_par' dir='ltr' id='par_1_85' title="bbox 2299 3854 3890 3929">
     <span class='ocr_line' id='line_1_85' title="bbox 2299 3854 3890 3929; baseline -0.001 -18"><span class='ocrx_word' id='word_1_656' title='bbox 2299 3854 2556 3913; x_wconf 89' lang='lat' dir='ltr'><strong>videlicet</strong></span> <span class='ocrx_word' id='word_1_657' title='bbox 2583 3854 2748 3913; x_wconf 90' lang='lat' dir='ltr'><strong>duces</strong></span> <span class='ocrx_word' id='word_1_658' title='bbox 2786 3870 3030 3928; x_wconf 89' lang='lat' dir='ltr'><strong>gregum,</strong></span> <span class='ocrx_word' id='word_1_659' title='bbox 3074 3854 3206 3928; x_wconf 90' lang='lat' dir='ltr'><strong>quia</strong></span> <span class='ocrx_word' id='word_1_660' title='bbox 3249 3854 3502 3913; x_wconf 89' lang='lat' dir='ltr'><strong>doctores</strong></span> <span class='ocrx_word' id='word_1_661' title='bbox 3543 3855 3890 3929; x_wconf 87' lang='lat' dir='ltr'><strong>sequentium</strong></span> 
     </span>
    </p>
   </div>
   <div class='ocr_carea' id='block_1_86' title="bbox 2300 3944 2647 4019">
    <p class='ocr_par' dir='ltr' id='par_1_86' title="bbox 2300 3944 2647 4019">
     <span class='ocr_line' id='line_1_86' title="bbox 2300 3944 2647 4019; baseline -0.006 -18"><span class='ocrx_word' id='word_1_662' title='bbox 2300 3944 2647 4019; x_wconf 89' lang='lat' dir='ltr'><strong>populorum.</strong></span> 
     </span>
    </p>
   </div>
   <div class='ocr_carea' id='block_1_87' title="bbox 2372 4033 3889 4108">
    <p class='ocr_par' dir='ltr' id='par_1_87' title="bbox 2372 4033 3889 4108">
     <span class='ocr_line' id='line_1_87' title="bbox 2372 4033 3889 4108; baseline 0 -19"><span class='ocrx_word' id='word_1_663' title='bbox 2372 4034 2457 4090; x_wconf 91' lang='grc'><strong>10.</strong></span> <span class='ocrx_word' id='word_1_664' title='bbox 2489 4033 2850 4090; x_wconf 81' lang='lat' dir='ltr'><strong>Antichristus</strong></span> <span class='ocrx_word' id='word_1_665' title='bbox 2869 4035 3097 4090; x_wconf 83' lang='lat' dir='ltr'><strong>elevatus</strong></span> <span class='ocrx_word' id='word_1_666' title='bbox 3112 4035 3170 4090; x_wconf 89' lang='lat' dir='ltr'><strong>in</strong></span> <span class='ocrx_word' id='word_1_667' title='bbox 3192 4034 3431 4104; x_wconf 80' lang='lat' dir='ltr'><strong>sublime,</strong></span> <span class='ocrx_word' id='word_1_668' title='bbox 3458 4036 3652 4092; x_wconf 85' lang='lat' dir='ltr'><strong>stultus</strong></span> <span class='ocrx_word' id='word_1_669' title='bbox 3669 4051 3889 4108; x_wconf 82' lang='lat' dir='ltr'><strong>appare-</strong></span> 
     </span>
    </p>
   </div>
   <div class='ocr_carea' id='block_1_88' title="bbox 2299 4124 3890 4198">
    <p class='ocr_par' dir='ltr' id='par_1_88' title="bbox 2299 4124 3890 4198">
     <span class='ocr_line' id='line_1_88' title="bbox 2299 4124 3890 4198; baseline 0 -18"><span class='ocrx_word' id='word_1_670' title='bbox 2299 4125 2393 4181; x_wconf 90' lang='lat' dir='ltr'><strong>bit.</strong></span> <span class='ocrx_word' id='word_1_671' title='bbox 2424 4125 2491 4180; x_wconf 88' lang='lat' dir='ltr'><strong>In</strong></span> <span class='ocrx_word' id='word_1_672' title='bbox 2518 4124 2616 4179; x_wconf 90' lang='lat' dir='ltr'><strong>hac</strong></span> <span class='ocrx_word' id='word_1_673' title='bbox 2641 4124 2753 4178; x_wconf 78' lang='lat' dir='ltr'><strong>vita</strong></span> <span class='ocrx_word' id='word_1_674' title='bbox 2779 4140 2888 4179; x_wconf 88' lang='lat' dir='ltr'><strong>non</strong></span> <span class='ocrx_word' id='word_1_675' title='bbox 2914 4141 3064 4180; x_wconf 87' lang='lat' dir='ltr'><strong>omne</strong></span> <span class='ocrx_word' id='word_1_676' title='bbox 3089 4126 3231 4197; x_wconf 90' lang='lat' dir='ltr'><strong>quod</strong></span> <span class='ocrx_word' id='word_1_677' title='bbox 3249 4125 3393 4193; x_wconf 90' lang='lat' dir='ltr'><strong>bene,</strong></span> <span class='ocrx_word' id='word_1_678' title='bbox 3412 4125 3659 4198; x_wconf 79' lang='lat' dir='ltr'><strong>feliciter,</strong></span> <span class='ocrx_word' id='word_1_679' title='bbox 3678 4142 3890 4181; x_wconf 85' lang='lat' dir='ltr'><strong>necom-</strong></span> 
     </span>
    </p>
   </div>
   <div class='ocr_carea' id='block_1_89' title="bbox 2296 4210 3888 4284">
    <p class='ocr_par' dir='ltr' id='par_1_89' title="bbox 2296 4210 3888 4284">
     <span class='ocr_line' id='line_1_89' title="bbox 2296 4210 3888 4284; baseline -0.001 -15"><span class='ocrx_word' id='word_1_680' title='bbox 2296 4231 2359 4269; x_wconf 91' lang='lat' dir='ltr'><strong>ne</strong></span> <span class='ocrx_word' id='word_1_681' title='bbox 2387 4212 2526 4284; x_wconf 88' lang='lat' dir='ltr'><strong>quod</strong></span> <span class='ocrx_word' id='word_1_682' title='bbox 2552 4210 2801 4283; x_wconf 84' lang='lat' dir='ltr'><strong>feliciter,</strong></span> <span class='ocrx_word' id='word_1_683' title='bbox 2830 4212 2969 4269; x_wconf 87' lang='lat' dir='ltr'><strong>bene.</strong></span> <span class='ocrx_word' id='word_1_684' title='bbox 3000 4243 3071 4255; x_wconf 97' lang='lat'>—</span> <span class='ocrx_word' id='word_1_685' title='bbox 3100 4214 3206 4273; x_wconf 92' lang='lat' dir='ltr'><strong>Sed</strong></span> <span class='ocrx_word' id='word_1_686' title='bbox 3236 4214 3353 4273; x_wconf 64' lang='lat' dir='ltr'><strong>haec</strong></span> <span class='ocrx_word' id='word_1_687' title='bbox 3380 4215 3562 4273; x_wconf 86' lang='lat' dir='ltr'><strong>adhuc</strong></span> <span class='ocrx_word' id='word_1_688' title='bbox 3588 4214 3788 4271; x_wconf 91' lang='lat' dir='ltr'><strong>melius</strong></span> <span class='ocrx_word' id='word_1_689' title='bbox 3812 4212 3888 4269; x_wconf 90' lang='lat' dir='ltr'><strong>af-</strong></span> 
     </span>
    </p>
   </div>
   <div class='ocr_carea' id='block_1_90' title="bbox 2298 4300 3889 4380">
    <p class='ocr_par' dir='ltr' id='par_1_90' title="bbox 2298 4300 3889 4380">
     <span class='ocr_line' id='line_1_90' title="bbox 2298 4300 3889 4380; baseline 0.001 -20"><span class='ocrx_word' id='word_1_690' title='bbox 2298 4303 2602 4371; x_wconf 84' lang='lat' dir='ltr'><strong>ﬁrmamus,</strong></span> <span class='ocrx_word' id='word_1_691' title='bbox 2635 4302 2683 4358; x_wconf 91' lang='lat' dir='ltr'><strong>si</strong></span> <span class='ocrx_word' id='word_1_692' title='bbox 2711 4300 2957 4374; x_wconf 89' lang='lat' dir='ltr'><strong>ejusdem</strong></span> <span class='ocrx_word' id='word_1_693' title='bbox 2988 4304 3097 4362; x_wconf 91' lang='lat' dir='ltr'><strong>loci</strong></span> <span class='ocrx_word' id='word_1_694' title='bbox 3129 4306 3295 4362; x_wconf 89' lang='lat' dir='ltr'><strong>etiam</strong></span> <span class='ocrx_word' id='word_1_695' title='bbox 3327 4307 3540 4380; x_wconf 90' lang='lat' dir='ltr'><strong>reliqua</strong></span> <span class='ocrx_word' id='word_1_696' title='bbox 3564 4304 3889 4379; x_wconf 87' lang='lat' dir='ltr'><strong>exponendo</strong></span> 
     </span>
    </p>
   </div>
   <div class='ocr_carea' id='block_1_91' title="bbox 2300 4390 3891 4467">
    <p class='ocr_par' dir='ltr' id='par_1_91' title="bbox 2300 4390 3891 4467">
     <span class='ocr_line' id='line_1_91' title="bbox 2300 4390 3891 4467; baseline 0.003 -19"><span class='ocrx_word' id='word_1_697' title='bbox 2300 4390 2677 4465; x_wconf 90' lang='lat' dir='ltr'><strong>subjiciamus.</strong></span> <span class='ocrx_word' id='word_1_698' title='bbox 2716 4393 2854 4449; x_wconf 88' lang='lat' dir='ltr'><strong>Nam</strong></span> <span class='ocrx_word' id='word_1_699' title='bbox 2902 4393 3031 4466; x_wconf 92' lang='lat' dir='ltr'><strong>quia</strong></span> <span class='ocrx_word' id='word_1_700' title='bbox 3078 4401 3201 4467; x_wconf 88' lang='lat' dir='ltr'><strong>post</strong></span> <span class='ocrx_word' id='word_1_701' title='bbox 3254 4394 3372 4454; x_wconf 60' lang='lat' dir='ltr'><strong>haec</strong></span> <span class='ocrx_word' id='word_1_702' title='bbox 3417 4406 3471 4453; x_wconf 88' lang='lat' dir='ltr'><strong>et</strong></span> <span class='ocrx_word' id='word_1_703' title='bbox 3517 4394 3891 4453; x_wconf 83' lang='lat' dir='ltr'><strong>Antichristus</strong></span> 
     </span>
    </p>
   </div>
   <div class='ocr_carea' id='block_1_92' title="bbox 592 4469 3885 4580">
    <p class='ocr_par' dir='ltr' id='par_1_92' title="bbox 592 4469 3885 4580">
     <span class='ocr_line' id='line_1_92' title="bbox 592 4469 3885 4580; baseline 0.004 -54"><span class='ocrx_word' id='word_1_704' title='bbox 592 4470 728 4527; x_wconf 91' lang='lat' dir='ltr'><strong>tiam</strong></span> <span class='ocrx_word' id='word_1_705' title='bbox 757 4469 1075 4580; x_wconf 76' lang='lat' dir='ltr'><strong>ostendunt.</strong></span> <span class='ocrx_word' id='word_1_706' title='bbox 1094 4471 1377 4529; x_wconf 82' lang='lat' dir='ltr'><strong>Adsumus</strong></span> <span class='ocrx_word' id='word_1_707' title='bbox 1390 4489 1626 4580; x_wconf 70' lang='lat' dir='ltr'><strong>namque</strong></span> <span class='ocrx_word' id='word_1_708' title='bbox 1655 4471 1836 4531; x_wconf 89' lang='lat' dir='ltr'><strong>dicere</strong></span> <span class='ocrx_word' id='word_1_709' title='bbox 1856 4479 1937 4530; x_wconf 91' lang='lat' dir='ltr'><strong>est</strong></span> <span class='ocrx_word' id='word_1_710' title='bbox 1955 4488 2191 4546; x_wconf 60' lang='lat' dir='ltr'><strong>praesen-</strong></span> <span class='ocrx_word' id='word_1_711' title='bbox 2221 4518 2271 4580; x_wconf 70' lang='grc' dir='ltr'><strong>Β</strong></span> <span class='ocrx_word' id='word_1_712' title='bbox 2300 4483 2602 4557; x_wconf 70' lang='lat' dir='ltr'><strong>apparebit,</strong></span> <span class='ocrx_word' id='word_1_713' title='bbox 2664 4482 2771 4540; x_wconf 80' lang='lat' dir='ltr'><strong>hoc</strong></span> <span class='ocrx_word' id='word_1_714' title='bbox 2826 4483 2944 4540; x_wconf 85' lang='lat' dir='ltr'><strong>illic</strong></span> <span class='ocrx_word' id='word_1_715' title='bbox 2997 4492 3254 4557; x_wconf 83' lang='lat' dir='ltr'><strong>quartum</strong></span> <span class='ocrx_word' id='word_1_716' title='bbox 3305 4485 3573 4555; x_wconf 84' lang='lat' dir='ltr'><strong>subdidit,</strong></span> <span class='ocrx_word' id='word_1_717' title='bbox 3631 4485 3822 4543; x_wconf 85' lang='lat' dir='ltr'><strong>dicens</strong></span> <span class='ocrx_word' id='word_1_718' title='bbox 3872 4502 3885 4542; x_wconf 90' lang='lat'><strong>:</strong></span> 
     </span>
    </p>
   </div>
   <div class='ocr_carea' id='block_1_93' title="bbox 596 4563 1710 4639">
    <p class='ocr_par' dir='ltr' id='par_1_93' title="bbox 596 4563 1710 4639">
     <span class='ocr_line' id='line_1_93' title="bbox 596 4563 1710 4639; baseline 0.001 -19"><span class='ocrx_word' id='word_1_719' title='bbox 596 4570 675 4620; x_wconf 88' lang='lat' dir='ltr'><strong>tes</strong></span> <span class='ocrx_word' id='word_1_720' title='bbox 701 4577 759 4620; x_wconf 86' lang='lat' dir='ltr'><strong>se</strong></span> <span class='ocrx_word' id='word_1_721' title='bbox 786 4563 1024 4620; x_wconf 86' lang='lat' dir='ltr'><strong>amando</strong></span> <span class='ocrx_word' id='word_1_722' title='bbox 1053 4572 1377 4622; x_wconf 89' lang='lat' dir='ltr'><strong>monstrare.</strong></span> <span class='ocrx_word' id='word_1_723' title='bbox 1407 4564 1668 4639; x_wconf 90' lang='lat' dir='ltr'><strong>Sequitur</strong></span> <span class='ocrx_word' id='word_1_724' title='bbox 1698 4583 1710 4621; x_wconf 91' lang='lat'><strong>:</strong></span> 
     </span>
    </p>
   </div>
   <div class='ocr_carea' id='block_1_94' title="bbox 1049 4662 1735 4738">
    <p class='ocr_par' dir='ltr' id='par_1_94' title="bbox 1049 4662 1735 4738">
     <span class='ocr_line' id='line_1_94' title="bbox 1049 4662 1735 4738; baseline 0 -17"><span class='ocrx_word' id='word_1_725' title='bbox 1049 4662 1277 4721; x_wconf 87' lang='lat' dir='ltr'><strong>CAPUT</strong></span> <span class='ocrx_word' id='word_1_726' title='bbox 1304 4665 1379 4721; x_wconf 83' lang='lat'><strong>111</strong></span> <span class='ocrx_word' id='word_1_727' title='bbox 1411 4663 1556 4737; x_wconf 87' lang='lat' dir='ltr'><strong>[Rec.</strong></span> <span class='ocrx_word' id='word_1_728' title='bbox 1595 4663 1735 4738; x_wconf 84' lang='lat' dir='ltr'><strong>III].</strong></span> 
     </span>
    </p>
   </div>
   <div class='ocr_carea' id='block_1_95' title="bbox 665 4760 2193 4835">
    <p class='ocr_par' dir='ltr' id='par_1_95' title="bbox 665 4760 2193 4835">
     <span class='ocr_line' id='line_1_95' title="bbox 665 4760 2193 4835; baseline -0.001 -15"><span class='ocrx_word' id='word_1_729' title='bbox 665 4761 837 4821; x_wconf 71' lang='lat' dir='ltr'><strong>Vnus.</strong></span> <span class='ocrx_word' id='word_1_730' title='bbox 875 4760 963 4819; x_wconf 84' lang='lat'><strong>36.</strong></span> <span class='ocrx_word' id='word_1_731' title='bbox 994 4792 1067 4806; x_wconf 89' lang='lat'><strong><em>—</em></strong></span> <span class='ocrx_word' id='word_1_732' title='bbox 1092 4763 1223 4831; x_wconf 84' lang='lat' dir='ltr'><strong>Quis</strong></span> <span class='ocrx_word' id='word_1_733' title='bbox 1246 4764 1427 4835; x_wconf 85' lang='lat' dir='ltr'><strong>posuit</strong></span> <span class='ocrx_word' id='word_1_734' title='bbox 1455 4764 1512 4818; x_wconf 91' lang='lat' dir='ltr'><strong>in</strong></span> <span class='ocrx_word' id='word_1_735' title='bbox 1539 4763 1826 4819; x_wconf 82' lang='lat' dir='ltr'><strong>visceribus</strong></span> <span class='ocrx_word' id='word_1_736' title='bbox 1854 4761 2082 4818; x_wconf 81' lang='lat' dir='ltr'><strong>hominis</strong></span> <span class='ocrx_word' id='word_1_737' title='bbox 2111 4779 2193 4819; x_wconf 85' lang='lat' dir='ltr'><strong>sa-</strong></span> 
     </span>
    </p>
   </div>
   <div class='ocr_carea' id='block_1_96' title="bbox 592 4852 1977 4928">
    <p class='ocr_par' dir='ltr' id='par_1_96' title="bbox 592 4852 1977 4928">
     <span class='ocr_line' id='line_1_96' title="bbox 592 4852 1977 4928; baseline -0.001 -19"><span class='ocrx_word' id='word_1_738' title='bbox 592 4852 852 4928; x_wconf 85' lang='lat' dir='ltr'><strong>pientiam</strong></span> <span class='ocrx_word' id='word_1_739' title='bbox 871 4853 900 4908; x_wconf 72' lang='lat' dir='ltr'><strong>i‘</strong></span> <span class='ocrx_word' id='word_1_740' title='bbox 931 4854 1010 4909; x_wconf 87' lang='lat' dir='ltr'><strong>vel</strong></span> <span class='ocrx_word' id='word_1_741' title='bbox 1038 4853 1157 4924; x_wconf 85' lang='lat' dir='ltr'><strong>quis</strong></span> <span class='ocrx_word' id='word_1_742' title='bbox 1186 4852 1328 4907; x_wconf 86' lang='lat' dir='ltr'><strong>dedit</strong></span> <span class='ocrx_word' id='word_1_743' title='bbox 1354 4854 1496 4923; x_wconf 92' lang='lat' dir='ltr'><strong>gallo</strong></span> <span class='ocrx_word' id='word_1_744' title='bbox 1524 4853 1921 4923; x_wconf 86' lang='lat' dir='ltr'><strong>intelligentiam</strong></span> <span class='ocrx_word' id='word_1_745' title='bbox 1949 4853 1977 4907; x_wconf 78' lang='lat' dir='ltr'><strong>i’</strong></span> 
     </span>
    </p>
   </div>
   <div class='ocr_carea' id='block_1_97' title="bbox 664 4941 2197 5013">
    <p class='ocr_par' dir='ltr' id='par_1_97' title="bbox 664 4941 2197 5013">
     <span class='ocr_line' id='line_1_97' title="bbox 664 4941 2197 5013; baseline -0.002 -14"><span class='ocrx_word' id='word_1_746' title='bbox 664 4943 718 4999; x_wconf 90' lang='lat'><strong>9.</strong></span> <span class='ocrx_word' id='word_1_747' title='bbox 750 4941 1200 4999; x_wconf 75' lang='lat' dir='ltr'><strong>Prtedicatoribus</strong></span> <span class='ocrx_word' id='word_1_748' title='bbox 1224 4958 1325 5013; x_wconf 85' lang='lat' dir='ltr'><strong>per</strong></span> <span class='ocrx_word' id='word_1_749' title='bbox 1356 4943 1559 5013; x_wconf 89' lang='lat' dir='ltr'><strong>gallum</strong></span> <span class='ocrx_word' id='word_1_750' title='bbox 1582 4942 1721 4997; x_wconf 86' lang='lat' dir='ltr'><strong>diem</strong></span> <span class='ocrx_word' id='word_1_751' title='bbox 1741 4948 1896 4997; x_wconf 89' lang='lat' dir='ltr'><strong>cantu</strong></span> <span class='ocrx_word' id='word_1_752' title='bbox 1928 4957 2197 5013; x_wconf 70' lang='lat' dir='ltr'><strong>premun-</strong></span> 
     </span>
    </p>
   </div>
   <div class='ocr_carea' id='block_1_98' title="bbox 599 5032 2198 5108">
    <p class='ocr_par' dir='ltr' id='par_1_98' title="bbox 599 5032 2198 5108">
     <span class='ocr_line' id='line_1_98' title="bbox 599 5032 2198 5108; baseline -0.001 -18"><span class='ocrx_word' id='word_1_753' title='bbox 599 5035 811 5090; x_wconf 86' lang='lat' dir='ltr'><strong>tiantem</strong></span> <span class='ocrx_word' id='word_1_754' title='bbox 831 5036 1136 5108; x_wconf 79' lang='lat' dir='ltr'><strong>figurantis,</strong></span> <span class='ocrx_word' id='word_1_755' title='bbox 1157 5034 1285 5091; x_wconf 87' lang='lat' dir='ltr'><strong>data</strong></span> <span class='ocrx_word' id='word_1_756' title='bbox 1303 5054 1339 5091; x_wconf 91' lang='lat' dir='ltr'><strong>a</strong></span> <span class='ocrx_word' id='word_1_757' title='bbox 1357 5035 1464 5090; x_wconf 88' lang='lat' dir='ltr'><strong>Deo</strong></span> <span class='ocrx_word' id='word_1_758' title='bbox 1484 5033 1846 5105; x_wconf 84' lang='lat' dir='ltr'><strong>intelligentia.</strong></span> <span class='ocrx_word' id='word_1_759' title='bbox 1875 5032 2020 5090; x_wconf 86' lang='lat' dir='ltr'><strong>Galli</strong></span> <span class='ocrx_word' id='word_1_760' title='bbox 2039 5032 2198 5103; x_wconf 84' lang='lat' dir='ltr'><strong>hujus</strong></span> 
     </span>
    </p>
   </div>
   <div class='ocr_carea' id='block_1_99' title="bbox 597 5122 2193 5196">
    <p class='ocr_par' dir='ltr' id='par_1_99' title="bbox 597 5122 2193 5196">
     <span class='ocr_line' id='line_1_99' title="bbox 597 5122 2193 5196; baseline -0.002 -15"><span class='ocrx_word' id='word_1_761' title='bbox 597 5141 693 5181; x_wconf 86' lang='lat' dir='ltr'><strong>cur</strong></span> <span class='ocrx_word' id='word_1_762' title='bbox 720 5126 884 5183; x_wconf 85' lang='lat' dir='ltr'><strong>lumbi</strong></span> <span class='ocrx_word' id='word_1_763' title='bbox 910 5126 1180 5186; x_wconf 89' lang='lat' dir='ltr'><strong>succincti.</strong></span> <span class='ocrx_word' id='word_1_764' title='bbox 1199 5157 1271 5169; x_wconf 95' lang='lat'><strong>—</strong></span> <span class='ocrx_word' id='word_1_765' title='bbox 1290 5125 1395 5196; x_wconf 90' lang='lat' dir='ltr'><strong>Qui</strong></span> <span class='ocrx_word' id='word_1_766' title='bbox 1417 5124 1522 5182; x_wconf 88' lang='lat' dir='ltr'><strong>hoc</strong></span> <span class='ocrx_word' id='word_1_767' title='bbox 1545 5125 1667 5182; x_wconf 91' lang='lat' dir='ltr'><strong>loco</strong></span> <span class='ocrx_word' id='word_1_768' title='bbox 1694 5123 1788 5180; x_wconf 90' lang='lat' dir='ltr'><strong>alii</strong></span> <span class='ocrx_word' id='word_1_769' title='bbox 1820 5122 1950 5196; x_wconf 91' lang='lat' dir='ltr'><strong>galli</strong></span> <span class='ocrx_word' id='word_1_770' title='bbox 1969 5122 2193 5179; x_wconf 90' lang='lat' dir='ltr'><strong>nomine</strong></span> 
     </span>
    </p>
   </div>
   <div class='ocr_carea' id='block_1_100' title="bbox 607 5348 2194 5434">
    <p class='ocr_par' dir='ltr' id='par_1_100' title="bbox 607 5348 2194 5434">
     <span class='ocr_line' id='line_1_100' title="bbox 607 5348 2194 5434; baseline -0.002 -26"><span class='ocrx_word' id='word_1_771' title='bbox 607 5418 619 5434; x_wconf 38' lang='grc' dir='ltr'>δ</span> <span class='ocrx_word' id='word_1_772' title='bbox 674 5351 689 5385; x_wconf 76' lang='grc' dir='ltr'>ί</span> <span class='ocrx_word' id='word_1_773' title='bbox 720 5349 883 5408; x_wconf 91' lang='lat' dir='ltr'><strong>Corb.</strong></span> <span class='ocrx_word' id='word_1_774' title='bbox 917 5351 1125 5423; x_wconf 89' lang='lat' dir='ltr'><strong>Germ.,</strong></span> <span class='ocrx_word' id='word_1_775' title='bbox 1175 5353 1371 5423; x_wconf 90' lang='lat' dir='ltr'><strong>Laud.,</strong></span> <span class='ocrx_word' id='word_1_776' title='bbox 1421 5351 1544 5410; x_wconf 85' lang='lat' dir='ltr'><strong>Val.</strong></span> <span class='ocrx_word' id='word_1_777' title='bbox 1578 5348 1683 5419; x_wconf 93' lang='lat' dir='ltr'><strong>Cl.,</strong></span> <span class='ocrx_word' id='word_1_778' title='bbox 1724 5350 1859 5424; x_wconf 91' lang='lat' dir='ltr'><strong>pler.</strong></span> <span class='ocrx_word' id='word_1_779' title='bbox 1891 5351 2107 5417; x_wconf 90' lang='lat' dir='ltr'><strong>Norm.,</strong></span> <span class='ocrx_word' id='word_1_780' title='bbox 2136 5348 2194 5405; x_wconf 90' lang='lat' dir='ltr'><strong>in</strong></span> 
     </span>
    </p>
   </div>
   <div class='ocr_carea' id='block_1_101' title="bbox 597 5437 2191 5576">
    <p class='ocr_par' dir='ltr' id='par_1_101' title="bbox 597 5437 2191 5576">
     <span class='ocr_line' id='line_1_101' title="bbox 597 5437 2191 5576; baseline 0.006 -33"><span class='ocrx_word' id='word_1_781' title='bbox 597 5437 813 5576; x_wconf 54' lang='lat' dir='ltr'><strong>tfn&#39;aSic</strong></span> <span class='ocrx_word' id='word_1_782' title='bbox 839 5496 967 5576; x_wconf 61' lang='lat' dir='ltr'><strong>Mss.</strong></span> <span class='ocrx_word' id='word_1_783' title='bbox 1000 5512 1208 5576; x_wconf 75' lang='lat' dir='ltr'><strong>omnes.</strong></span> <span class='ocrx_word' id='word_1_784' title='bbox 1242 5497 1314 5550; x_wconf 84' lang='lat' dir='ltr'><strong>At</strong></span> <span class='ocrx_word' id='word_1_785' title='bbox 1343 5494 1494 5551; x_wconf 90' lang='lat' dir='ltr'><strong>Editi</strong></span> <span class='ocrx_word' id='word_1_786' title='bbox 1526 5496 1708 5576; x_wconf 84' lang='lat' dir='ltr'><strong>:_quia_</strong></span> <span class='ocrx_word' id='word_1_787' title='bbox 1728 5495 1977 5576; x_wconf 53' lang='lat' dir='ltr'><strong>enim&quot;...</strong></span> <span class='ocrx_word' id='word_1_788' title='bbox 2007 5494 2191 5576; x_wconf 82' lang='lat' dir='ltr'><strong>rigant</strong></span> 
     </span>
    </p>
   </div>
   <div class='ocr_carea' id='block_1_102' title="bbox 596 5565 2188 5695">
    <p class='ocr_par' dir='ltr' id='par_1_102' title="bbox 596 5565 2188 5695">
     <span class='ocr_line' id='line_1_102' title="bbox 596 5565 2188 5638; baseline 0.002 -19"><span class='ocrx_word' id='word_1_789' title='bbox 596 5565 819 5634; x_wconf 83' lang='lat' dir='ltr'><strong>ﬂumina</strong></span> <span class='ocrx_word' id='word_1_790' title='bbox 837 5566 1086 5622; x_wconf 85' lang='lat' dir='ltr'><strong>dicuntur</strong></span> <span class='ocrx_word' id='word_1_791' title='bbox 1098 5566 1225 5637; x_wconf 89' lang='lat' dir='ltr'><strong>quia</strong></span> <span class='ocrx_word' id='word_1_792' title='bbox 1241 5584 1360 5622; x_wconf 84' lang='lat' dir='ltr'><strong>vero</strong></span> <span class='ocrx_word' id='word_1_793' title='bbox 1374 5565 1659 5623; x_wconf 78' lang='lat' dir='ltr'><strong>accendunt</strong></span> <span class='ocrx_word' id='word_1_794' title='bbox 1676 5566 1896 5638; x_wconf 86' lang='lat' dir='ltr'><strong>fulgura</strong></span> <span class='ocrx_word' id='word_1_795' title='bbox 1914 5565 2188 5622; x_wconf 81' lang='lat' dir='ltr'><strong>vocantur.</strong></span> 
     </span>
     <span class='ocr_line' id='line_1_103' title="bbox 672 5634 2114 5695; baseline 0.002 -4"><span class='ocrx_word' id='word_1_796' title='bbox 672 5635 694 5670; x_wconf 85' lang='grc'>³</span> <span class='ocrx_word' id='word_1_797' title='bbox 725 5634 842 5695; x_wconf 79' lang='grc' dir='ltr'><strong>ΔΙ..</strong></span> <span class='ocrx_word' id='word_1_798' title='bbox 880 5652 1053 5692; x_wconf 79' lang='lat' dir='ltr'><strong>vocem</strong></span> <span class='ocrx_word' id='word_1_799' title='bbox 1086 5645 1253 5695; x_wconf 89' lang='lat' dir='ltr'><strong>tuam.</strong></span> <span class='ocrx_word' id='word_1_800' title='bbox 1282 5645 1344 5693; x_wconf 90' lang='lat' dir='ltr'><strong>ut</strong></span> <span class='ocrx_word' id='word_1_801' title='bbox 1372 5639 1473 5695; x_wconf 73' lang='lat' dir='ltr'><strong>leg.</strong></span> <span class='ocrx_word' id='word_1_802' title='bbox 1500 5639 1557 5694; x_wconf 91' lang='lat' dir='ltr'><strong>in</strong></span> <span class='ocrx_word' id='word_1_803' title='bbox 1588 5638 1759 5695; x_wconf 91' lang='lat' dir='ltr'><strong>Laud.</strong></span> <span class='ocrx_word' id='word_1_804' title='bbox 1792 5646 1847 5695; x_wconf 92' lang='lat' dir='ltr'><strong>et</strong></span> <span class='ocrx_word' id='word_1_805' title='bbox 1879 5638 1999 5695; x_wconf 88' lang='lat' dir='ltr'><strong>Val.</strong></span> <span class='ocrx_word' id='word_1_806' title='bbox 2032 5636 2114 5694; x_wconf 92' lang='lat' dir='ltr'><strong>Cl.</strong></span> 
     </span>
    </p>
   </div>
   <div class='ocr_carea' id='block_1_103' title="bbox 673 5656 2185 5778">
    <p class='ocr_par' dir='ltr' id='par_1_103' title="bbox 673 5656 2185 5778">
     <span class='ocr_line' id='line_1_104' title="bbox 673 5656 2114 5711; baseline 0.002 -20"><span class='ocrx_word' id='word_1_807' title='bbox 673 5656 694 5670; x_wconf 88' lang='lat'><strong>&#39;</strong></span> <span class='ocrx_word' id='word_1_808' title='bbox 725 5656 842 5705; x_wconf 69' lang='lat' dir='ltr'><strong>AL,</strong></span> <span class='ocrx_word' id='word_1_809' title='bbox 880 5656 1053 5692; x_wconf 78' lang='lat' dir='ltr'><strong>vocem</strong></span> <span class='ocrx_word' id='word_1_810' title='bbox 1086 5656 1253 5705; x_wconf 77' lang='lat' dir='ltr'><strong>tuam,</strong></span> <span class='ocrx_word' id='word_1_811' title='bbox 1282 5656 1344 5693; x_wconf 79' lang='grc' dir='ltr'><strong>ιη</strong></span> <span class='ocrx_word' id='word_1_812' title='bbox 1372 5656 1557 5711; x_wconf 80' lang='lat' dir='ltr'><strong>leg.1n</strong></span> <span class='ocrx_word' id='word_1_813' title='bbox 1588 5656 1759 5695; x_wconf 60' lang='grc' dir='ltr'><strong>ιλειιια.</strong></span> <span class='ocrx_word' id='word_1_814' title='bbox 1792 5656 1847 5695; x_wconf 78' lang='grc' dir='ltr'><strong>θῑ</strong></span> <span class='ocrx_word' id='word_1_815' title='bbox 1885 5656 1999 5695; x_wconf 66' lang='grc' dir='ltr'>ναι.</span> <span class='ocrx_word' id='word_1_816' title='bbox 2032 5656 2114 5694; x_wconf 75' lang='grc' dir='ltr'><strong>ω.</strong></span> 
     </span>
     <span class='ocr_line' id='line_1_105' title="bbox 673 5704 2185 5778; baseline 0 -13"><span class='ocrx_word' id='word_1_817' title='bbox 673 5707 695 5742; x_wconf 71' lang='grc'><strong>⁸</strong></span> <span class='ocrx_word' id='word_1_818' title='bbox 735 5704 995 5778; x_wconf 82' lang='lat' dir='ltr'><strong>Mendose</strong></span> <span class='ocrx_word' id='word_1_819' title='bbox 1017 5707 1087 5778; x_wconf 86' lang='lat' dir='ltr'><strong>in</strong></span> <span class='ocrx_word' id='word_1_820' title='bbox 1115 5707 1280 5765; x_wconf 89' lang='lat' dir='ltr'><strong>Corb.</strong></span> <span class='ocrx_word' id='word_1_821' title='bbox 1329 5709 1541 5778; x_wconf 88' lang='lat' dir='ltr'><strong>Germ.,</strong></span> <span class='ocrx_word' id='word_1_822' title='bbox 1576 5717 1631 5764; x_wconf 90' lang='lat' dir='ltr'><strong>et</strong></span> <span class='ocrx_word' id='word_1_823' title='bbox 1661 5709 1718 5766; x_wconf 91' lang='lat' dir='ltr'><strong>in</strong></span> <span class='ocrx_word' id='word_1_824' title='bbox 1747 5708 2005 5767; x_wconf 91' lang='lat' dir='ltr'><strong>omnibus</strong></span> <span class='ocrx_word' id='word_1_825' title='bbox 2033 5707 2185 5766; x_wconf 90' lang='lat' dir='ltr'><strong>Edit.</strong></span> 
     </span>
    </p>
   </div>
   <div class='ocr_carea' id='block_1_104' title="bbox 599 5777 2188 5854">
    <p class='ocr_par' dir='ltr' id='par_1_104' title="bbox 599 5777 2188 5854">
     <span class='ocr_line' id='line_1_106' title="bbox 599 5777 2188 5854; baseline 0.001 -18"><span class='ocrx_word' id='word_1_826' title='bbox 599 5792 737 5854; x_wconf 80' lang='lat' dir='ltr'><strong>quos</strong></span> <span class='ocrx_word' id='word_1_827' title='bbox 774 5777 1158 5838; x_wconf 85' lang='lat' dir='ltr'><strong>consuluimus</strong></span> <span class='ocrx_word' id='word_1_828' title='bbox 1186 5778 1385 5848; x_wconf 85' lang='lat' dir='ltr'><strong>legitur</strong></span> <span class='ocrx_word' id='word_1_829' title='bbox 1420 5777 1629 5836; x_wconf 82' lang='lat' dir='ltr'><strong>interna</strong></span> <span class='ocrx_word' id='word_1_830' title='bbox 1665 5781 1886 5837; x_wconf 70' lang='lat' dir='ltr'><strong>creeitas.</strong></span> <span class='ocrx_word' id='word_1_831' title='bbox 1918 5779 2188 5853; x_wconf 89' lang='lat' dir='ltr'><strong>Corrupto</strong></span> 
     </span>
    </p>
   </div>
   <div class='ocr_carea' id='block_1_105' title="bbox 2299 4574 3888 4648">
    <p class='ocr_par' dir='ltr' id='par_1_105' title="bbox 2299 4574 3888 4648">
     <span class='ocr_line' id='line_1_107' title="bbox 2299 4574 3888 4648; baseline 0.001 -18"><span class='ocrx_word' id='word_1_832' title='bbox 2299 4576 2372 4630; x_wconf 86' lang='lat' dir='ltr'><strong>Et</strong></span> <span class='ocrx_word' id='word_1_833' title='bbox 2403 4574 2497 4646; x_wconf 90' lang='lat' dir='ltr'><strong>qui</strong></span> <span class='ocrx_word' id='word_1_834' title='bbox 2524 4576 2717 4631; x_wconf 87' lang='lat' dir='ltr'><strong>stultus</strong></span> <span class='ocrx_word' id='word_1_835' title='bbox 2764 4574 3041 4647; x_wconf 86' lang='lat' dir='ltr'><strong>apparuit,</strong></span> <span class='ocrx_word' id='word_1_836' title='bbox 3100 4582 3383 4648; x_wconf 88' lang='lat' dir='ltr'><strong>postquam</strong></span> <span class='ocrx_word' id='word_1_837' title='bbox 3437 4579 3667 4633; x_wconf 82' lang='lat' dir='ltr'><strong>elevatus</strong></span> <span class='ocrx_word' id='word_1_838' title='bbox 3720 4582 3797 4632; x_wconf 89' lang='lat' dir='ltr'><strong>est</strong></span> <span class='ocrx_word' id='word_1_839' title='bbox 3834 4575 3888 4631; x_wconf 85' lang='lat' dir='ltr'><strong>in</strong></span> 
     </span>
    </p>
   </div>
   <div class='ocr_carea' id='block_1_106' title="bbox 2301 4664 3890 4739">
    <p class='ocr_par' dir='ltr' id='par_1_106' title="bbox 2301 4664 3890 4739">
     <span class='ocr_line' id='line_1_108' title="bbox 2301 4664 3890 4739; baseline 0 -18"><span class='ocrx_word' id='word_1_840' title='bbox 2301 4665 2536 4722; x_wconf 89' lang='lat' dir='ltr'><strong>sublime.</strong></span> <span class='ocrx_word' id='word_1_841' title='bbox 2568 4665 2627 4721; x_wconf 88' lang='lat' dir='ltr'><strong>Si</strong></span> <span class='ocrx_word' id='word_1_842' title='bbox 2648 4664 2785 4720; x_wconf 89' lang='lat' dir='ltr'><strong>enim</strong></span> <span class='ocrx_word' id='word_1_843' title='bbox 2812 4665 3171 4734; x_wconf 67' lang='lat' dir='ltr'><strong>intellexisset,</strong></span> <span class='ocrx_word' id='word_1_844' title='bbox 3211 4668 3297 4723; x_wconf 89' lang='lat' dir='ltr'><strong>ori</strong></span> <span class='ocrx_word' id='word_1_845' title='bbox 3322 4667 3652 4739; x_wconf 85' lang='lat' dir='ltr'><strong>imposuisset</strong></span> <span class='ocrx_word' id='word_1_846' title='bbox 3678 4682 3890 4723; x_wconf 77' lang='lat' dir='ltr'><strong>manum</strong></span> 
     </span>
    </p>
   </div>
   <div class='ocr_carea' id='block_1_107' title="bbox 2306 4756 3888 4829">
    <p class='ocr_par' dir='ltr' id='par_1_107' title="bbox 2306 4756 3888 4829">
     <span class='ocr_line' id='line_1_109' title="bbox 2306 4756 3888 4829; baseline 0 -16"><span class='ocrx_word' id='word_1_847' title='bbox 2306 4757 2492 4829; x_wconf 85' lang='lat' dir='ltr'><strong>(Prov.</strong></span> <span class='ocrx_word' id='word_1_848' title='bbox 2525 4772 2665 4825; x_wconf 85' lang='lat' dir='ltr'><strong>xxx,</strong></span> <span class='ocrx_word' id='word_1_849' title='bbox 2695 4756 2810 4828; x_wconf 88' lang='lat'><strong>32).</strong></span> <span class='ocrx_word' id='word_1_850' title='bbox 2860 4756 2978 4828; x_wconf 90' lang='lat' dir='ltr'><strong>Ipse</strong></span> <span class='ocrx_word' id='word_1_851' title='bbox 3020 4757 3221 4829; x_wconf 91' lang='lat' dir='ltr'><strong>quippe</strong></span> <span class='ocrx_word' id='word_1_852' title='bbox 3258 4758 3315 4813; x_wconf 89' lang='lat' dir='ltr'><strong>in</strong></span> <span class='ocrx_word' id='word_1_853' title='bbox 3362 4757 3600 4815; x_wconf 89' lang='lat' dir='ltr'><strong>sublime</strong></span> <span class='ocrx_word' id='word_1_854' title='bbox 3643 4756 3888 4815; x_wconf 83' lang='lat' dir='ltr'><strong>elevabi—</strong></span> 
     </span>
    </p>
   </div>
   <div class='ocr_carea' id='block_1_108' title="bbox 2304 4848 3887 4915">
    <p class='ocr_par' dir='ltr' id='par_1_108' title="bbox 2304 4848 3887 4915">
     <span class='ocr_line' id='line_1_110' title="bbox 2304 4848 3887 4915; baseline 0 -12"><span class='ocrx_word' id='word_1_855' title='bbox 2304 4854 2414 4915; x_wconf 91' lang='lat' dir='ltr'><strong>tur,</strong></span> <span class='ocrx_word' id='word_1_856' title='bbox 2445 4863 2570 4903; x_wconf 89' lang='lat' dir='ltr'><strong>cum</strong></span> <span class='ocrx_word' id='word_1_857' title='bbox 2606 4849 2779 4902; x_wconf 91' lang='lat' dir='ltr'><strong>Deum</strong></span> <span class='ocrx_word' id='word_1_858' title='bbox 2836 4861 2893 4902; x_wconf 90' lang='lat' dir='ltr'><strong>se</strong></span> <span class='ocrx_word' id='word_1_859' title='bbox 2947 4863 3061 4903; x_wconf 89' lang='lat' dir='ltr'><strong>esse</strong></span> <span class='ocrx_word' id='word_1_860' title='bbox 3116 4849 3430 4905; x_wconf 89' lang='lat' dir='ltr'><strong>mentietur.</strong></span> <span class='ocrx_word' id='word_1_861' title='bbox 3491 4849 3597 4906; x_wconf 90' lang='lat' dir='ltr'><strong>Sed</strong></span> <span class='ocrx_word' id='word_1_862' title='bbox 3652 4848 3887 4905; x_wconf 87' lang='lat' dir='ltr'><strong>elevatus</strong></span> 
     </span>
    </p>
   </div>
   <div class='ocr_carea' id='block_1_109' title="bbox 2306 4936 3888 5014">
    <p class='ocr_par' dir='ltr' id='par_1_109' title="bbox 2306 4936 3888 5014">
     <span class='ocr_line' id='line_1_111' title="bbox 2306 4936 3888 5014; baseline 0 -20"><span class='ocrx_word' id='word_1_863' title='bbox 2306 4938 2363 4994; x_wconf 92' lang='lat' dir='ltr'><strong>in</strong></span> <span class='ocrx_word' id='word_1_864' title='bbox 2400 4936 2639 4993; x_wconf 90' lang='lat' dir='ltr'><strong>sublime</strong></span> <span class='ocrx_word' id='word_1_865' title='bbox 2686 4938 2887 4994; x_wconf 89' lang='lat' dir='ltr'><strong>stultus</strong></span> <span class='ocrx_word' id='word_1_866' title='bbox 2928 4939 3232 5011; x_wconf 89' lang='lat' dir='ltr'><strong>apparebit,</strong></span> <span class='ocrx_word' id='word_1_867' title='bbox 3280 4941 3411 5014; x_wconf 92' lang='lat' dir='ltr'><strong>quia</strong></span> <span class='ocrx_word' id='word_1_868' title='bbox 3457 4940 3516 4996; x_wconf 93' lang='lat' dir='ltr'><strong>in</strong></span> <span class='ocrx_word' id='word_1_869' title='bbox 3548 4940 3666 5013; x_wconf 90' lang='lat' dir='ltr'><strong>ipsa</strong></span> <span class='ocrx_word' id='word_1_870' title='bbox 3712 4940 3888 4996; x_wconf 78' lang='lat' dir='ltr'><strong>eleva-</strong></span> 
     </span>
    </p>
   </div>
   <div class='ocr_carea' id='block_1_110' title="bbox 2306 5028 3885 5103">
    <p class='ocr_par' dir='ltr' id='par_1_110' title="bbox 2306 5028 3885 5103">
     <span class='ocr_line' id='line_1_112' title="bbox 2306 5028 3885 5103; baseline -0.001 -18"><span class='ocrx_word' id='word_1_871' title='bbox 2306 5028 2456 5085; x_wconf 91' lang='lat' dir='ltr'><strong>tione</strong></span> <span class='ocrx_word' id='word_1_872' title='bbox 2538 5044 2635 5085; x_wconf 87' lang='lat' dir='ltr'><strong>sua</strong></span> <span class='ocrx_word' id='word_1_873' title='bbox 2716 5044 2811 5100; x_wconf 89' lang='lat' dir='ltr'><strong>per</strong></span> <span class='ocrx_word' id='word_1_874' title='bbox 2864 5029 3164 5087; x_wconf 87' lang='lat' dir='ltr'><strong>adventum</strong></span> <span class='ocrx_word' id='word_1_875' title='bbox 3230 5030 3347 5087; x_wconf 90' lang='lat' dir='ltr'><strong>veri</strong></span> <span class='ocrx_word' id='word_1_876' title='bbox 3390 5029 3599 5103; x_wconf 89' lang='lat' dir='ltr'><strong>judicis</strong></span> <span class='ocrx_word' id='word_1_877' title='bbox 3653 5029 3885 5087; x_wconf 83' lang='lat' dir='ltr'><strong>deﬁciet.</strong></span> 
     </span>
    </p>
   </div>
   <div class='ocr_carea' id='block_1_111' title="bbox 2306 5119 3885 5194">
    <p class='ocr_par' dir='ltr' id='par_1_111' title="bbox 2306 5119 3885 5194">
     <span class='ocr_line' id='line_1_113' title="bbox 2306 5119 3885 5194; baseline -0.001 -17"><span class='ocrx_word' id='word_1_878' title='bbox 2306 5120 2464 5189; x_wconf 91' lang='lat' dir='ltr'><strong>Quod</strong></span> <span class='ocrx_word' id='word_1_879' title='bbox 2483 5120 2530 5177; x_wconf 92' lang='lat' dir='ltr'><strong>si</strong></span> <span class='ocrx_word' id='word_1_880' title='bbox 2549 5119 2926 5189; x_wconf 89' lang='lat' dir='ltr'><strong>intellexisset,</strong></span> <span class='ocrx_word' id='word_1_881' title='bbox 2945 5122 3029 5177; x_wconf 89' lang='lat' dir='ltr'><strong>ori</strong></span> <span class='ocrx_word' id='word_1_882' title='bbox 3050 5121 3402 5194; x_wconf 90' lang='lat' dir='ltr'><strong>imposuisset</strong></span> <span class='ocrx_word' id='word_1_883' title='bbox 3416 5138 3640 5180; x_wconf 88' lang='lat' dir='ltr'><strong>manum</strong></span> <span class='ocrx_word' id='word_1_884' title='bbox 3662 5139 3677 5190; x_wconf 89' lang='lat'><strong>;</strong></span> <span class='ocrx_word' id='word_1_885' title='bbox 3711 5119 3773 5177; x_wconf 92' lang='lat' dir='ltr'><strong>id</strong></span> <span class='ocrx_word' id='word_1_886' title='bbox 3788 5124 3885 5186; x_wconf 89' lang='lat' dir='ltr'><strong>est,</strong></span> 
     </span>
    </p>
   </div>
   <div class='ocr_carea' id='block_1_112' title="bbox 2301 5339 3889 5407">
    <p class='ocr_par' dir='ltr' id='par_1_112' title="bbox 2301 5339 3889 5407">
     <span class='ocr_line' id='line_1_114' title="bbox 2301 5339 3889 5407; baseline -0.005 -2"><span class='ocrx_word' id='word_1_887' title='bbox 2301 5348 2432 5407; x_wconf 84' lang='lat' dir='ltr'><strong>huic</strong></span> <span class='ocrx_word' id='word_1_888' title='bbox 2460 5349 2581 5405; x_wconf 90' lang='lat' dir='ltr'><strong>loco</strong></span> <span class='ocrx_word' id='word_1_889' title='bbox 2612 5346 2874 5405; x_wconf 85' lang='lat' dir='ltr'><strong>medelam</strong></span> <span class='ocrx_word' id='word_1_890' title='bbox 2896 5345 3184 5403; x_wconf 89' lang='lat' dir='ltr'><strong>attulimus</strong></span> <span class='ocrx_word' id='word_1_891' title='bbox 3202 5359 3272 5401; x_wconf 89' lang='lat' dir='ltr'><strong>ex</strong></span> <span class='ocrx_word' id='word_1_892' title='bbox 3290 5344 3419 5404; x_wconf 83' lang='lat' dir='ltr'><strong>Mss.</strong></span> <span class='ocrx_word' id='word_1_893' title='bbox 3437 5343 3660 5403; x_wconf 89' lang='lat' dir='ltr'><strong>Ebroic.</strong></span> <span class='ocrx_word' id='word_1_894' title='bbox 3688 5349 3744 5401; x_wconf 91' lang='lat' dir='ltr'><strong>et</strong></span> <span class='ocrx_word' id='word_1_895' title='bbox 3768 5339 3889 5400; x_wconf 84' lang='lat' dir='ltr'><strong>aliis</strong></span> 
     </span>
    </p>
   </div>
   <div class='ocr_carea' id='block_1_113' title="bbox 2298 5422 2557 5478">
    <p class='ocr_par' dir='ltr' id='par_1_113' title="bbox 2298 5422 2557 5478">
     <span class='ocr_line' id='line_1_115' title="bbox 2298 5422 2557 5478; baseline -0.008 0"><span class='ocrx_word' id='word_1_896' title='bbox 2298 5422 2557 5478; x_wconf 90' lang='lat' dir='ltr'><strong>Norman.</strong></span> 
     </span>
    </p>
   </div>
   <div class='ocr_carea' id='block_1_114' title="bbox 2372 5489 3887 5565">
    <p class='ocr_par' dir='ltr' id='par_1_114' title="bbox 2372 5489 3887 5565">
     <span class='ocr_line' id='line_1_116' title="bbox 2372 5489 3887 5565; baseline -0.003 -17"><span class='ocrx_word' id='word_1_897' title='bbox 2372 5494 2393 5528; x_wconf 76' lang='grc'><strong>⁵</strong></span> <span class='ocrx_word' id='word_1_898' title='bbox 2407 5491 2650 5565; x_wconf 81' lang='lat' dir='ltr'><strong>Vulgati,</strong></span> <span class='ocrx_word' id='word_1_899' title='bbox 2668 5506 2923 5565; x_wconf 70' lang='lat' dir='ltr'><strong>somnum.</strong></span> <span class='ocrx_word' id='word_1_900' title='bbox 2936 5536 2947 5547; x_wconf 97' lang='lat'><strong>.</strong></span> <span class='ocrx_word' id='word_1_901' title='bbox 3035 5492 3263 5565; x_wconf 74' lang='lat' dir='ltr'><strong>exciunt.</strong></span> <span class='ocrx_word' id='word_1_902' title='bbox 3279 5489 3630 5565; x_wconf 65' lang='lat' dir='ltr'><strong>OmnesMss.</strong></span> <span class='ocrx_word' id='word_1_903' title='bbox 3651 5489 3887 5565; x_wconf 74' lang='lat' dir='ltr'><strong>Anglic.,</strong></span> 
     </span>
    </p>
   </div>
   <div class='ocr_carea' id='block_1_115' title="bbox 2298 5557 3886 5633">
    <p class='ocr_par' dir='ltr' id='par_1_115' title="bbox 2298 5557 3886 5633">
     <span class='ocr_line' id='line_1_117' title="bbox 2298 5557 3886 5633; baseline -0.005 -12"><span class='ocrx_word' id='word_1_904' title='bbox 2298 5557 2794 5633; x_wconf 47' lang='lat' dir='ltr'><strong>Norm.,‘Turon.,</strong></span> <span class='ocrx_word' id='word_1_905' title='bbox 2842 5563 3099 5632; x_wconf 87' lang='lat' dir='ltr'><strong>Vindoc.,</strong></span> <span class='ocrx_word' id='word_1_906' title='bbox 3149 5562 3345 5631; x_wconf 89' lang='lat' dir='ltr'><strong>Laud.,</strong></span> <span class='ocrx_word' id='word_1_907' title='bbox 3397 5563 3519 5620; x_wconf 86' lang='lat' dir='ltr'><strong>Val.</strong></span> <span class='ocrx_word' id='word_1_908' title='bbox 3571 5562 3677 5629; x_wconf 84' lang='lat' dir='ltr'><strong>CL,</strong></span> <span class='ocrx_word' id='word_1_909' title='bbox 3724 5557 3886 5618; x_wconf 88' lang='lat' dir='ltr'><strong>Corb.</strong></span> 
     </span>
    </p>
   </div>
   <div class='ocr_carea' id='block_1_116' title="bbox 2299 5634 3887 5709">
    <p class='ocr_par' dir='ltr' id='par_1_116' title="bbox 2299 5634 3887 5709">
     <span class='ocr_line' id='line_1_118' title="bbox 2299 5634 3887 5709; baseline -0.004 -18"><span class='ocrx_word' id='word_1_910' title='bbox 2299 5635 2509 5709; x_wconf 61' lang='lat' dir='ltr'><strong>Germ.,</strong></span> <span class='ocrx_word' id='word_1_911' title='bbox 2552 5636 2813 5709; x_wconf 72' lang='lat' dir='ltr'><strong>L_ongip.,</strong></span> <span class='ocrx_word' id='word_1_912' title='bbox 2849 5634 3072 5709; x_wconf 82' lang='lat' dir='ltr'><strong>habent,</strong></span> <span class='ocrx_word' id='word_1_913' title='bbox 3117 5636 3405 5693; x_wconf 66' lang='lat' dir='ltr'><strong>excutiunt.</strong></span> <span class='ocrx_word' id='word_1_914' title='bbox 3462 5636 3543 5692; x_wconf 85' lang='lat' dir='ltr'><strong>Ita</strong></span> <span class='ocrx_word' id='word_1_915' title='bbox 3586 5635 3749 5691; x_wconf 81' lang='lat' dir='ltr'><strong>etiam</strong></span> <span class='ocrx_word' id='word_1_916' title='bbox 3778 5638 3887 5687; x_wconf 85' lang='lat' dir='ltr'><strong>vet.</strong></span> 
     </span>
    </p>
   </div>
   <div class='ocr_carea' id='block_1_117' title="bbox 2297 5706 3136 5775">
    <p class='ocr_par' dir='ltr' id='par_1_117' title="bbox 2297 5706 3136 5775">
     <span class='ocr_line' id='line_1_119' title="bbox 2297 5706 3136 5775; baseline 0.001 -12"><span class='ocrx_word' id='word_1_917' title='bbox 2297 5706 2447 5763; x_wconf 90' lang='lat' dir='ltr'><strong>Edit.</strong></span> <span class='ocrx_word' id='word_1_918' title='bbox 2481 5706 2761 5775; x_wconf 55' lang='lat' dir='ltr'><strong>Paris.,&#39;e&#39;t</strong></span> <span class='ocrx_word' id='word_1_919' title='bbox 2790 5708 3136 5765; x_wconf 89' lang='lat' dir='ltr'><strong>Basileeusis.</strong></span> 
     </span>
    </p>
   </div>
   <div class='ocr_carea' id='block_1_118' title="bbox 2370 5778 3069 5852">
    <p class='ocr_par' dir='ltr' id='par_1_118' title="bbox 2370 5778 3069 5852">
     <span class='ocr_line' id='line_1_120' title="bbox 2370 5778 3069 5852; baseline 0.003 -18"><span class='ocrx_word' id='word_1_920' title='bbox 2370 5781 2391 5815; x_wconf 72' lang='grc'>⁸</span> <span class='ocrx_word' id='word_1_921' title='bbox 2422 5778 2650 5849; x_wconf 90' lang='lat' dir='ltr'><strong>Turon.,</strong></span> <span class='ocrx_word' id='word_1_922' title='bbox 2680 5779 2843 5852; x_wconf 80' lang='lat' dir='ltr'><strong>hujus</strong></span> <span class='ocrx_word' id='word_1_923' title='bbox 2866 5779 3069 5837; x_wconf 88' lang='lat' dir='ltr'><strong>mundi.</strong></span> 
     </span>
    </p>
   </div>
  </div>
