4152 6182
275 315 369 373 529
970 313 1344 374 MORALIUM
1384 316 1519 376 LIB.
1562 318 1745 377 XXX.
1790 347 1854 359 -
1892 319 1965 377 IN
2001 317 2231 377 CAPUT
2268 319 2561 378 XXXVIII
2599 320 2664 376 Β.
2702 322 2846 377 JOB.

3457 323 3566 381 530

269 440 314 498 si
338 436 669 511 supplicium
699 455 861 497 suum
888 456 1016 499 cum
1044 442 1327 516 superbire
1353 459 1585 501 exorsus
1613 452 1695 502 est
1718 460 1849 518 pra-
1880 447 1932 508 A
1958 445 2116 504 Gallo
2145 446 2329 519 itaque
2356 444 2721 516 intelligentia
2746 443 2984 517 desuper
3002 447 3288 520 tribuitur,
3312 451 3443 525 quia
3471 448 3564 509 do-

271 529 510 599 vidisset,
535 529 676 587 bene
693 529 992 604 aliquando
1011 530 1310 591 conditus‘
1342 532 1400 591 in
1426 542 1592 592 tanta
1605 534 1854 608 jactatio-

266 637 380 679 nem
409 620 680 695 superbia
712 637 822 679 non
851 623 1047 681 fuisset
1065 625 1260 683 elatus.
1284 627 1361 683 De
1381 643 1490 701 quo
1511 644 1855 702 nequaquam

266 710 474 770 moveat
517 711 666 785 quod
708 714 961 785 superius
994 715 1203 773 dictum
1235 725 1317 773 est
1349 734 1361 773 :
1417 718 1678 785 Quartum
1717 718 1858 790 quod

264 803 448 862 incedit
464 802 693 874 feliciter
722 801 912 875 (Ibid,
928 806 1045 879 29).
1079 806 1206 864 Tria
1225 808 1427 881 quippe
1448 809 1700 865 incedere
1719 808 1857 865 bene

264 891 419 959 dixit,
454 898 512 948 et
540 899 799 966 quartum
848 891 1107 951 feliciter.
1149 896 1272 952 Non
1320 897 1469 953 enim
1519 914 1680 954 omne
1709 897 1857 972 quod

264 980 514 1050 feliciter,
548 980 715 1049 bene;
759 998 935 1056 neque
965 984 1023 1040 in
1052 983 1157 1042 hac
1190 986 1303 1042 vita
1329 1003 1493 1044 omne
1522 988 1667 1062 quod
1696 988 1854 1057 bene,

260 1070 511 1128 feliciter.
536 1072 670 1127 Nam
696 1071 804 1140 leo,
826 1072 1024 1144 gallus,
1043 1080 1098 1129 et
1115 1075 1259 1131 aries
1288 1075 1426 1133 bene
1446 1076 1731 1145 incedunt,
1762 1077 1857 1134 sed

261 1177 360 1218 non
379 1161 478 1219 hic
497 1160 756 1230 feliciter,
774 1163 903 1235 quia
922 1165 1353 1234 persecutionem
1382 1166 1527 1223 bella
1547 1168 1852 1240 patiuntur.

259 1251 521 1321 Quartum
553 1266 686 1309 vero
713 1251 973 1322 feliciter,
1002 1262 1057 1310 et
1084 1271 1194 1311 non
1224 1255 1362 1314 bene
1393 1257 1619 1326 incedit,
1641 1257 1770 1331 quia
1797 1258 1855 1314 in

258 1342 468 1401 fallacia
495 1358 597 1399 sua
622 1343 1007 1402 Antichristus
1035 1345 1336 1418 gradietur,
1380 1349 1473 1405 sed
1498 1347 1663 1421 juxta
1690 1348 1856 1405 breve

258 1439 468 1506 tempus
485 1432 615 1490 vita
636 1434 923 1504 praesentis
950 1433 1068 1506 ipsa
1081 1434 1167 1491 illi
1188 1436 1406 1493 fallacia
1423 1438 1854 1510 prosperabitur,

257 1522 389 1580 sicut
407 1523 481 1581 de
507 1540 574 1581 eo
591 1523 693 1581 sub
714 1525 981 1583 Antiochi
1012 1524 1191 1598 specie
1219 1542 1315 1599 per
1334 1527 1616 1583 Danielem
1645 1527 1856 1585 dictum

256 1619 358 1668 est:
390 1613 586 1670 Robur
613 1613 797 1669 datum
825 1621 902 1669 est
927 1615 976 1670 ei
1002 1622 1187 1671 contra
1204 1615 1333 1688 juge
1360 1616 1703 1688 sacriﬁcium,
1732 1633 1857 1688 pro.

250 1709 359 1775 pter
380 1709 624 1777 peccata,
655 1711 704 1761 et
723 1712 1094 1778 prosternetur
1120 1707 1318 1762 veritas
1345 1707 1403 1760 in
1433 1712 1599 1771 terra,
1629 1711 1679 1759 et
1696 1704 1860 1775 faciet

1965 538 2104 594 ctori
2135 536 2405 605 veritatis,
2451 535 2631 592 virtus
2660 533 3034 604 discretionis,
3064 545 3129 595 ut
3156 540 3398 610 noverit,
3430 542 3567 615 qui-

1965 626 2089 696 bus,
2119 627 2274 701 quid,
2306 624 2547 702 quando,
2588 624 2677 682 vel
2708 624 2985 700 quomodo
3027 626 3249 698 inferat,
3290 628 3565 687 divinitus

1967 717 2335 773 ministratur.

2040 805 2179 880 [Vet.
2219 804 2335 879 VI.)
2370 805 2454 863 l2.
2502 804 2826 863 Exhortatio
2854 822 2970 877 qua:
2996 805 3314 878 quibusdam
3347 811 3583 882 prodest“

1966 896 2091 951 aliis
2105 896 2463 951 nocet—Non
2480 897 2628 951 enim
2660 911 2771 951 una
2797 894 3095 971 eademque
3122 899 3340 956 cunctis
3366 900 3563 959 exhor-

1964 986 2102 1041 tatio
2122 986 2403 1053 convenit,
2436 985 2565 1059 quia
2594 1002 2694 1042 nec
2713 993 2940 1043 cunctos
2959 1003 3057 1060 par
3088 1004 3301 1046 morum
3329 990 3565 1064 qualitas

1965 1074 2242 1146 astringit.
2272 1076 2295 1109 ‘
2327 1075 2478 1146 Sape
2505 1075 2655 1130 enim
2686 1075 2813 1132 aliis
2842 1076 3091 1134 alliciunt
3124 1094 3244 1152 qua
3274 1070 3399 1136 aliis
3428 1097 3566 1153 pro-

1965 1172 2112 1220 sunt.
2163 1163 2298 1220 Nam
2328 1170 2382 1219 et
2412 1164 2732 1237 plerumque
2774 1164 2957 1223 herba
3002 1184 3121 1241 qua
3150 1168 3269 1225 hac
3305 1170 3567 1227 animalia

1966 1253 2240 1322 reficiunt,
2273 1254 2381 1311 alia
2412 1255 2709 1323 occidunt;
2741 1264 2796 1314 et
2824 1256 2963 1314 lenis
2998 1258 3194 1317 sibilus
3222 1276 3391 1334 equos
3422 1262 3566 1320 miti-

1967 1351 2074 1418 gat,
2121 1344 2331 1401 catulos
2370 1344 2629 1417 instigat;
2663 1353 2717 1402 et
2744 1346 3209 1406 medicamentum
3242 1351 3389 1425 quod
3419 1351 3569 1411 hunc

1964 1434 2217 1491 morbum
2251 1434 2556 1501 imminuit,
2590 1436 2749 1492 alteri
2780 1436 2927 1493 vires
2949 1436 3173 1510 jungit;
3207 1446 3261 1495 et
3287 1441 3445 1513 panis
3473 1442 3569 1516 qui

1964 1525 2137 1581 vitam
2168 1525 2396 1582 fortium
2433 1524 2674 1594 roborat,
2706 1527 3063 1599 parvulorum
3095 1536 3273 1587 necat.
3306 1530 3410 1586 Pro
3440 1547 3569 1603 qua-

1964 1615 2120 1672 litate
2150 1615 2321 1687 igitur
2348 1614 2695 1674 audientium
2725 1617 2953 1674 formari
2981 1617 3145 1676 debet
3176 1635 3355 1677 sermo
3385 1619 3569 1678 doctO'

1964 1723 2109 1776 rum,
2144 1716 2197 1764 et
2225 1705 2294 1762 ad
2322 1722 2422 1762 sua
2460 1705 2693 1777 singulis
2722 1716 3007 1781 congruat,
3056 1716 3110 1765 et
3140 1718 3321 1767 tamen
3351 1728 3379 1767 a
3409 1728 3573 1768 com-

252 1798 295 1847 et
309 1793 728 1866 prosperabitur
758 1796 923 1866 (Dan.
957 1813 1080 1864 VIII,
1114 1795 1226 1867 l2).
1261 1795 1420 1863 Quod
1450 1795 1709 1851 Salomon
1737 1794 1814 1850 ait
1838 1812 1850 1850 :
1887 1813 1934 1875 Β
1969 1790 2153 1846 munis
2170 1790 2552 1849 adiﬁcationis
2564 1802 2678 1849 arte
2696 1811 2979 1867 nunquam
3001 1796 3236 1854 recedat.
3257 1796 3402 1866 Quid
3421 1799 3571 1855 enim

251 1881 458 1938 Incedit
476 1880 720 1952 feliciter,
742 1880 849 1939 hoc
867 1883 1061 1941 Daniel
1083 1883 1220 1942 dicit
1233 1882 1663 1956 prosperabitur.
1687 1881 1856 1937 Juxta

249 1969 357 2028 hoc
376 1972 563 2046 itaque
575 1972 957 2032 testimonium
979 1974 1125 2048 quod
1148 1990 1243 2047 per
1260 1974 1608 2032 Salomonem
1626 1971 1851 2029 dicitur:

254 2061 446 2120 Gallus
470 2064 756 2121 succinctus
786 2065 989 2122 lumbos
1012 2065 1197 2140 (Prov.
1223 2082 1364 2134 xxx,
1385 2064 1505 2138 3i),
1536 2070 1660 2136 apte
1688 2062 1855 2119 etiam

250 2151 350 2212 hoc
362 2155 487 2214 loco
502 2155 710 2228 gallum
724 2165 942 2215 sanctos
955 2157 1344 2231 pradicatores
1354 2155 1680 2229 accipimus.
1698 2153 1787 2212 Ad
1797 2169 1855 2211 se

248 2261 367 2319 ergo
397 2255 603 2307 cuncta
630 2249 875 2308 referens
902 2253 1172 2309 Dominus
1199 2250 1340 2308 dicit
1372 2268 1385 2306 :
1438 2250 1571 2320 Quis
1589 2250 1771 2322 posuit
1798 2250 1857 2305 in

246 2335 527 2396 visceribus
573 2341 803 2397 hominis
845 2341 1208 2414 sapientiam?
1243 2343 1327 2397 vel
1366 2341 1485 2413 quis
1532 2340 1674 2397 dedit
1710 2341 1855 2411 gallo

249 2423 694 2499 intelligentiam?
715 2429 797 2486 Ac
820 2429 869 2486 si
888 2428 1124 2487 diceret:
1154 2430 1215 2486 In
1236 2446 1331 2487 cor
1352 2429 1598 2486 hominis
1614 2429 1857 2486 humana

243 2517 514 2591 sapientis
559 2533 814 2589 superna
850 2517 1131 2589 sapientia
1179 2518 1411 2589 gratiam
1446 2518 1572 2591 quis
1604 2517 1856 2575 infudit?

240 2607 329 2663 vel
376 2607 519 2678 ipsis
565 2605 771 2662 sanctis
812 2605 1270 2677 pradicatoribus
1311 2606 1456 2679 quis,
1515 2606 1625 2663 nisi
1680 2622 1798 2679 ego,
1834 2607 1857 2643 ³

239 2692 686 2767 intelligentiam
741 2694 916 2764 dedit,
965 2703 1027 2753 ut
1072 2698 1249 2754 sciant
1276 2696 1498 2771 quando
1535 2698 1623 2754 vel
1657 2697 1856 2772 quibus

241 2782 487 2841 debeant
534 2792 831 2841 venturum
887 2802 1046 2841 mane
1100 2787 1356 2843 nuntiare
1380 2787 1409 2843 ?
1461 2787 1675 2845 Idcirco
1704 2789 1853 2844 enim

243 2875 469 2950 quando
497 2882 553 2930 et
580 2874 715 2948 quid
744 2883 908 2948 agant
935 2876 1202 2945 sentiunt,
1229 2876 1358 2950 quia
1386 2876 1493 2933 hoc
1522 2877 1855 2934 intrinsecus

247 2983 328 3023 me
354 2965 646 3022 revelante
673 2972 1034 3039 cognoscunt.
1082 2964 1397 3022 Notandum
1429 2982 1563 3023 vero
1593 2974 1676 3023 est
1704 2965 1853 3041 quod

246 3055 520 3129 sapientia
563 3053 838 3111 divinitus
880 3054 1147 3128 inspirata
1186 3054 1245 3111 in
1275 3054 1583 3113 visceribus
1610 3056 1856 3113 hominis

246 3144 492 3219 ponitur,
515 3144 646 3217 quia
665 3144 931 3202 nimirum
962 3152 1233 3218 quantum
1254 3145 1323 3202 ad
1343 3146 1643 3203 electorum
1664 3162 1853 3202 nume-
1883 3181 1928 3243 Ο

244 3253 356 3292 rum
378 3243 617 3310 spectat,
651 3251 764 3293 non
796 3236 853 3292 in
888 3235 1023 3293 solis
1049 3236 1302 3304 vocibus,
1332 3236 1427 3294 sed
1456 3238 1623 3294 etiam
1651 3237 1710 3293 in
1732 3253 1851 3294 sen-

247 3326 396 3386 sibus
414 3326 609 3396 datur,
640 3332 703 3382 ut
710 3324 872 3399 juxta
893 3326 1041 3399 quod
1064 3326 1311 3400 loquitur
1329 3326 1517 3399 lingua
1535 3328 1691 3384 vivat
1708 3344 1852 3385 con-

246 3417 503 3484 scientia,
522 3424 578 3473 et
591 3416 691 3471 lux
708 3414 825 3488 ejus
838 3422 994 3471 tanto
1007 3416 1212 3473 clarius
1227 3416 1571 3488 resplendeat
1586 3418 1644 3473 in
1664 3434 1849 3490 super-

244 3504 361 3564 ficie
388 3513 608 3581 quanto
639 3504 824 3562 verius
854 3505 1156 3563 inardescit
1181 3505 1241 3561 in
1269 3505 1455 3563 corde.

310 3596 462 3672 [Rec.
490 3595 613 3672 IV.]
647 3596 732 3653 11.
767 3597 1039 3665 Quantum
1066 3596 1377 3651 animarum
1404 3602 1631 3652 rectores
1659 3596 1850 3652 discre-

241 3686 377 3742 tione
406 3685 702 3756 indigeant.
721 3684 993 3756 —Magni
1023 3691 1207 3739 autem
1239 3683 1441 3740 laboris
1460 3692 1542 3741 est
1570 3684 1676 3742 hoc
1704 3684 1852 3757 quod

239 3774 507 3832 additur:
548 3774 631 3831 Vel
658 3774 778 3845 quis
803 3773 945 3829 dedit
970 3773 1114 3844 gallo
1135 3771 1556 3844 intelligentiam,
1573 3773 1852 3830 subtiliori

240 3865 419 3925 adhuc
483 3864 831 3939 expositione
880 3864 1174 3922 discutere.
1226 3864 1598 3937 Intelligentia
1650 3865 1852 3938 quippe

243 3953 533 4014 doctorum
594 3962 750 4012 tanto
779 3970 895 4013 esse
941 3953 1204 4011 subtilior
1231 3954 1414 4024 debet,
1456 3962 1662 4028 quanto
1698 3971 1753 4011 se
1782 3954 1850 4012 ad

245 4044 586 4118 penetranda
611 4044 920 4103 invisibilia
946 4053 1183 4113 exercet,
1225 4053 1431 4119 quanto
1457 4046 1538 4102 nil
1568 4047 1850 4105 materiale

245 4133 495 4205 discutit,
521 4143 731 4210 quanto
752 4143 808 4192 et
826 4152 922 4209 per
942 4152 1132 4193 vocem
1152 4137 1399 4210 corporis
1421 4136 1670 4211 loquens,
1703 4143 1842 4201 961

247 4248 400 4291 omne
428 4232 587 4308 quod
614 4240 697 4290 est
724 4232 972 4306 corporis
1000 4235 1216 4291 transit.
1238 4234 1370 4302 Qua
1399 4235 1644 4307 profecto
1672 4236 1848 4292 nulla-

247 4327 401 4380 tenus
430 4322 675 4381 summis
703 4330 1049 4395 congrueret,
1072 4322 1177 4379 nisi
1195 4324 1439 4381 cantanti
1459 4340 1574 4380 eam
1602 4326 1766 4396 gallo,
1790 4324 1848 4381 id

243 4419 321 4469 est
356 4411 687 4485 pradicanti
727 4411 964 4481 doctori,
1022 4412 1137 4485 ipse
1192 4429 1535 4469 summorum
1592 4414 1850 4471 conditor

242 4500 605 4560 ministraret.
653 4501 1082 4573 Intelligentiam
1136 4517 1354 4575 quoque
1400 4502 1577 4575 gallus
1613 4503 1845 4575 accepit,

242 4598 301 4647 ut
327 4592 492 4665 prius
531 4590 791 4648 nocturni
837 4591 1102 4662 temporis
1134 4589 1298 4647 horas
1326 4589 1608 4659 discutiat,
1635 4598 1692 4652 et
1715 4599 1849 4649 tunc

178 4740 183 4745 ,
242 4679 463 4740 demum
510 4696 704 4738 vocem
743 4678 1100 4737 excitationis
1128 4679 1369 4748 emittat,
1415 4679 1546 4752 quia
1590 4680 1849 4737 videlicet

243 4779 467 4830 sanctus
491 4771 724 4845 quisque
750 4769 1079 4843 pradicator
1098 4769 1157 4825 in
1177 4768 1529 4827 auditoribus
1556 4770 1670 4827 suis
1699 4770 1852 4843 prius

243 4862 567 4933 qualitatem
596 4860 727 4918 vita
758 4858 1088 4928 considerat,
1121 4866 1179 4917 et
1201 4867 1335 4918 tunc
1364 4860 1587 4917 demum
1618 4859 1687 4917 ad
1715 4877 1852 4917 eru-

244 4948 509 5008 diendum
561 4966 860 5024 congruam
918 4966 1110 5008 vocem
1168 4948 1573 5023 praedicationis
1625 4950 1846 5009 format.

244 5037 410 5106 Quasi
443 5041 597 5099 enim
626 5040 792 5099 horas
822 5039 1000 5098 noctis
1019 5038 1327 5096 discernere
1347 5041 1369 5076 ³
1388 5048 1471 5097 est
1499 5047 1848 5112 peccatorum

245 5130 440 5187 merita
468 5130 798 5205 dijudicare,
843 5129 997 5204 quasi
1028 5129 1191 5186 horas
1218 5129 1400 5188 noctis
1428 5129 1740 5187 discernere
1768 5138 1852 5187 est

245 5220 529 5277 actionum
558 5220 810 5278 tenebras
831 5226 955 5294 apta
979 5218 1371 5291 increpationis
1390 5235 1527 5275 voce
1552 5219 1844 5292 corripere.

318 5396 333 5429 ³
374 5396 565 5453 Norm.
598 5404 653 5452 et
679 5396 803 5453 Val.
836 5395 945 5465 CL,
988 5395 1045 5450 in
1074 5400 1223 5450 tanta
1254 5392 1544 5463 jactatione
1569 5393 1844 5465 superbia.

314 5467 336 5502 ι
375 5467 506 5540 Yal,
538 5466 644 5540 CL,
675 5467 1075 5540 intelligentiam
1101 5466 1241 5540 dedi.

315 5540 337 5573 ³
377 5538 595 5595 Vitiose
625 5539 683 5596 in
703 5536 899 5608 Gilotl,
922 5537 1127 5605 Vatic.,
1145 5536 1440 5605 Gussanv.,
1467 5546 1596 5606 etc.,
1622 5536 1844 5608 legitur,

246 5615 320 5683 est
354 5610 794 5683 praedicatorum.
840 5612 1105 5683 Errorem
1145 5608 1472 5683 detexerunt
1502 5610 1630 5665 Mss.
1680 5608 1844 5683 garb.

494 5683 731 5765 Anglic,
761 5684 976 5751 Norm.,
1006 5680 1130 5739 Val.
1160 5679 1267 5748 CL,
1289 5696 1520 5737 necnon
1551 5689 1659 5738 vet.
1685 5679 1843 5738 Edit.

250 5748 422 5809 Paris.
444 5748 511 5809 vet
537 5748 724 5812 Basilf
962 5748 970 5751 ⁷

317 5826 338 5861 ⁴
380 5825 509 5883 Val.
541 5825 623 5886 Cl.
656 5833 711 5884 et
739 5825 899 5886 Corb.
930 5826 1139 5893 Germ,
1164 5841 1298 5896 saepe
1322 5829 1516 5880 autem.

1967 1888 2098 1937 sunt
2126 1881 2351 1938 intenta
2380 1888 2589 1938 mentes
2617 1882 2955 1952 auditorum,
2998 1886 3106 1943 nisi
3135 1887 3291 1958 quasi
3321 1886 3571 1960 quadam

1966 1970 2025 2026 in
2053 1968 2267 2027 cithara
2310 1970 2590 2027 tensiones
2622 1978 2804 2028 strata
2841 1971 3175 2029 chordarum
3197 1973 3227 2031 ?
3276 1990 3410 2048 quas
3439 1982 3571 2033 tan-

1966 2057 2127 2131 gendi
2147 2058 2370 2128 artifex,
2397 2067 2459 2116 ut
2479 2075 2591 2116 non
2613 2059 2978 2134 sibimetipsis
2997 2060 3270 2119 dissimile
3289 2065 3570 2123 canticum

1965 2148 2192 2217 faciant,
2222 2148 2567 2208 dissimiliter
2596 2151 2797 2223 pulsat.
2835 2151 2921 2208 Ed
2949 2150 3158 2209 idcirco
3190 2152 3410 2212 chorda
3442 2148 3569 2213 con-

1965 2253 2155 2295 sonam
2207 2237 2640 2296 modulationem
2688 2238 2950 2309 reddunt,
2995 2240 3126 2313 quia
3178 2257 3291 2299 uno
3343 2242 3568 2318 quidem

1965 2328 2194 2401 plectro,
2246 2327 2341 2384 sed
2386 2344 2499 2385 non
2541 2345 2653 2386 uno
2702 2329 2947 2404 impulsu
2985 2328 3283 2389 feriuntur.
3334 2332 3488 2389 Unde
3517 2341 3571 2391 et

1966 2417 2158 2475 doctor
2187 2416 2437 2492 quisque,
2470 2426 2533 2475 ut
2560 2418 2619 2476 in
2650 2436 2763 2477 una
2789 2426 3018 2478 cunctos
3046 2421 3255 2477 virtute
3284 2419 3570 2480 charitatis

1965 2509 2221 2580 adiﬁcet,
2261 2526 2331 2566 ex
2358 2526 2470 2567 una
2498 2508 2772 2579 doctrina,
2821 2510 2917 2567 sed
2959 2514 3072 2568 non
3120 2526 3231 2567 una
3271 2511 3569 2589 eademque

1965 2600 2353 2658 exhortatione
2380 2607 2602 2673 tangere
2631 2599 2795 2657 corda
2826 2599 3175 2657 audientium
3206 2599 3389 2660 debet.

2038 2690 2123 2747 13.
2163 2692 2274 2748 Pro
2304 2692 2637 2764 singulorum
2678 2691 2959 2763 qualitate,
3000 2691 3161 2748 varia
3202 2692 3405 2751 monita
3431 2694 3571 2751 den—

1966 2786 2074 2838 tur.
2091 2782 2197 2823 -δ
2219 2781 2401 2839 Aliter
2426 2797 2664 2857 namque
2696 2781 2827 2851 viri,
2861 2782 3021 2839 aliter
3049 2782 3411 2843 admouenda
3438 2794 3569 2843 sunt

1964 2871 2221 2940 femina;
2269 2873 2429 2929 aliter
2450 2870 2703 2944 juvenes,
2732 2871 2894 2929 aliter
2921 2889 3112 2937 senes;
3163 2874 3325 2931 aliter
3352 2875 3564 2947 inopes,

1962 2962 2125 3019 aliter
2170 2962 2507 3034 locupletes;
2561 2962 2724 3021 aliter
2767 2962 2901 3030 lati,
2933 2962 3097 3019 aliter
3130 2963 3351 3031 tristes;
3408 2963 3569 3023 aliter

1963 3050 2193 3120 subditi,
2239 3052 2401 3108 aliter
2427 3053 2673 3125 pralati;
2712 3051 2876 3109 aliter
2903 3053 3071 3121 servi,
3122 3053 3283 3111 aliter
3310 3053 3563 3122 domini;

1963 3142 2123 3199 aliter
2151 3139 2319 3215 hujus
2351 3141 2546 3199 mundi
2588 3141 2882 3213 sapientes,
2927 3142 3089 3199 aliter
3117 3141 3373 3213 hebetes;
3406 3144 3567 3202 aliter

1963 3232 2334 3308 impudentes,
2366 3231 2528 3290 aliter
2552 3232 2885 3301 verecundi;
2913 3232 3075 3291 aliter
3111 3235 3375 3307 protervi,
3407 3234 3567 3293 aliter

1964 3324 2377 3396 pusillanimes;
2430 3323 2592 3381 aliter
2637 3322 3006 3396 impatientes,
3055 3323 3216 3381 aliter
3256 3324 3562 3398 patientes;

1962 3414 2122 3472 aliter
2150 3413 2427 3483 benevoli,
2458 3414 2619 3471 aliter
2648 3412 2861 3483 invidi;
2894 3413 3055 3472 aliter
3082 3414 3379 3489 simplices,
3407 3416 3567 3474 aliter

1962 3501 2168 3575 impuri
2192 3520 2205 3569 ;
2239 3502 2399 3560 aliter
2429 3503 2754 3572 incolumes,
2776 3503 2939 3560 aliter
2964 3505 3125 3577 agri;
3159 3505 3322 3562 aliter
3348 3504 3443 3577 qui
3471 3503 3566 3561 ﬂa-

1963 3591 2103 3664 gella
2122 3600 2394 3660 metuunt,
2419 3600 2473 3649 et
2495 3600 2780 3664 propterea
2802 3591 3123 3651 innocenter
3143 3594 3380 3661 vivunt;
3404 3594 3566 3652 aliter

1963 3678 2055 3751 qui
2105 3678 2185 3736 sic
2232 3678 2289 3735 in
2319 3679 2613 3754 iniquitate
2642 3678 2971 3748 duruerant,
3006 3687 3069 3737 ut
3096 3698 3197 3739 nec
3227 3698 3323 3754 per
3351 3680 3566 3753 flagella

1961 3768 2343 3840 corrigantur;
2392 3769 2553 3825 aliter
2585 3768 2754 3824 nimis
2786 3768 2968 3834 taciti,
3017 3769 3180 3824 aliter
3207 3767 3565 3840 multiloquio

1963 3867 2255 3925 vacantes;
2289 3858 2449 3913 aliter
2476 3856 2683 3925 timidi,
2714 3856 2876 3913 aliter
2906 3855 3138 3913 audaces
3163 3873 3178 3922 ;
3209 3855 3369 3911 aliter
3398 3855 3561 3927 pigri,

1962 3949 2121 4005 aliter
2144 3946 2483 4020 praecipites;
2518 3946 2678 4001 aliter
2707 3945 3001 4014 mansueti,
3031 3943 3192 4001 aliter
3221 3944 3243 3979 δ
3274 3941 3557 4011 iracundi;

1960 4037 2120 4095 aliter
2147 4036 2409 4105 humiles,
2449 4036 2610 4093 aliter
2638 4033 2803 4103 elati;
2856 4033 3018 4091 aliter
3046 4033 3373 4106 pertinaces,
3403 4031 3563 4091 aliter

1960 4130 2366 4195 inconstantes;
2419 4126 2580 4183 aliter
2608 4125 2747 4199 gula
2778 4123 2976 4193 dediti,
3008 4124 3167 4181 aliter
3193 4123 3556 4182 abstinentes:

1957 4220 2119 4277 aliter
2164 4218 2259 4293 qui
2304 4234 2403 4275 sua
2450 4214 2882 4273 misericorditer
2937 4213 3211 4283 tribuunt,
3268 4213 3429 4271 aliter
3466 4214 3562 4288 qui

1959 4310 2141 4367 aliena
2168 4324 2359 4382 rapere
2384 4307 2763 4375 contendunt;
2813 4305 2977 4363 aliter
3005 4306 3102 4379 qui
3131 4321 3231 4363 nec
3257 4305 3436 4362 aliena
3463 4320 3563 4361 ra-

1957 4402 2141 4476 piunt,
2162 4416 2264 4457 nec
2289 4414 2388 4456 sua
2406 4398 2737 4470 largiuntur,
2759 4396 2922 4452 aliter
2943 4396 3039 4470 qui
3059 4403 3114 4452 et
3135 4412 3197 4452 ea
3216 4411 3336 4469 qua
3357 4394 3563 4452 habent

1958 4509 2056 4550 sua
2084 4490 2359 4557 tribuunt,
2405 4497 2459 4545 et
2488 4488 2668 4544 aliena
2694 4502 2882 4560 rapere
2909 4500 3023 4542 non
3064 4484 3369 4553 desistunt;
3401 4485 3562 4542 aliter

1957 4580 2257 4648 discordes,
2305 4578 2465 4636 aliter
2512 4575 2723 4650 pacati;
2777 4575 2939 4632 aliter
2984 4573 3334 4646 seminantes,
3354 4572 3557 4646 jurgia,

1957 4672 2117 4729 aliter
2148 4668 2396 4743 paciﬁci;
2431 4668 2481 4724 al
2508 4676 2591 4724 ter
2609 4663 2943 4723 admonendi
2964 4672 3094 4723 sunt
3112 4665 3209 4739 qui
3233 4681 3399 4723 sacra
3425 4664 3562 4737 legis

1959 4761 2126 4819 verba
2152 4774 2263 4816 non
2294 4766 2439 4816 recte
2475 4755 2813 4828 intelligunt,
2843 4754 3008 4812 aliter
3034 4754 3131 4829 qui
3159 4763 3307 4814 recte
3333 4750 3558 4825 quidem

1960 4852 2295 4925 intelligunt,
2326 4848 2423 4907 sed
2453 4848 2568 4905 hac
2593 4844 2882 4903 humiliter
2914 4848 3059 4908 962
3089 4858 3201 4899 non
3230 4843 3553 4914 loquuntur;

1958 4948 2119 5006 aliter
2138 4948 2257 5021 qui,
2278 4963 2405 5005 cum
2428 4962 2461 5017 p
2481 4943 2727 5001 'adicare
2745 4941 2913 5015 digna
2932 4940 3171 5005 valeant,
3193 4951 3304 5010 pra
3333 4937 3353 4971 ⁷
3384 4930 3559 5021 nimia

1957 5020 2271 5094 humilitate
2289 5034 2608 5102 formidant,
2632 5032 2792 5088 aliter
2818 5046 2955 5104 quos
2974 5044 3007 5085 a
3031 5023 3417 5099 pradicatione
3440 5020 3557 5078 im-

1957 5125 2221 5199 perfectio
2269 5124 2356 5179 vel
2404 5129 2533 5179 atas
2578 5118 2854 5195 prohibet,
2896 5126 2951 5174 et
2978 5123 3162 5172 tamen
3193 5110 3556 5186 pracipitatio

1956 5212 2225 5285 impellit;
2258 5210 2418 5268 aliter
2446 5210 2542 5284 qui
2572 5209 2630 5263 in
2660 5208 2767 5264 hoc
2797 5204 2947 5279 quod
2978 5201 3354 5275 temporaliter
3381 5215 3556 5274 appet

2029 5390 2051 5425 ⁵
2091 5390 2169 5445 De
2208 5386 2296 5444 his
2342 5383 2619 5441 fusissime
2667 5382 2722 5436 in
2763 5378 3059 5436 Pastoralis
3113 5378 3333 5452 Regula
3388 5374 3552 5445 libro,

1957 5476 2117 5534 quem
2151 5458 2264 5534 ja_m
2308 5466 2442 5515 tunc
2486 5452 2854 5512 meditabatur
2894 5459 3116 5509 sanctus
3142 5452 3366 5520 Doctor,
3398 5456 3461 5505 ut
3485 5464 3556 5506 ex

1957 5531 2013 5589 se
2054 5531 2311 5595 uen‘tibus
2375 5537 2503 5586 atet.
3293 5596 3304 5607 _
3522 5594 3532 5604 _

2015 5549 2051 5642 (ξ
2090 5603 2262 5642 Drgtnl
2313 5546 2514 5642 nﬁinnn
2534 5600 2718 5642 Nm-m,
2747 5605 2802 5642 et
2828 5598 2948 5642 Val.
2975 5596 3079 5642 CL
3104 5596 3265 5642 aliter
3278 5594 3532 5642 iracundi

2089 5603 2295 5677 Pratel.
2311 5594 2515 5675 aliique
2534 5600 2802 5677 Hermaet
2828 5598 2950 5677 Val.
2975 5596 3083 5677 C_l.,
3104 5596 3265 5677 aliter
3278 5594 3552 5677 iracundi,

1955 5677 2114 5758 aliter
2153 5669 2468 5758 pertinaces,
2516 5672 2676 5729 aliter
2718 5670 3088 5739 inconstantes,
3120 5669 3283 5728 aliter
3326 5669 3421 5739 qui
3456 5683 3556 5721 sua

1948 5757 2086 5818 jam,
2114 5757 2216 5805 etc.

2028 5822 2047 5856 ⁷
2087 5823 2251 5877 Deest
2278 5819 2445 5875 nimia
2474 5816 2532 5873 in
2559 5815 2755 5873 iisdem
2779 5813 2914 5873 Cod.
