4152 6182
337 5737 409 5791 ιβ’

510 3942 519 3948 _
582 3863 670 3921 sui
697 3863 1140 3937 magnitudinem
1179 3864 1238 3920 in
1267 3863 1550 3921 lenitatem
1599 3863 1912 3923 dulcedinis
1941 3871 2186 3932 vertunt,

559 285 658 343 531
1759 282 2009 340 SANCTI
2061 283 2404 341 GBEGORII
2440 286 2667 342 MAGNI
3757 297 3858 354 532

560 416 686 464 tunt
729 414 1138 480 prosperantur,
1184 405 1344 464 aliter
1379 407 1474 480 qui
1521 405 1744 480 quidem
1790 423 1912 480 quae
1958 405 2153 464 mundi
2180 411 2234 470 Α
2263 408 2343 479 2).
2374 409 2446 465 Et
2474 410 2636 481 paulo
2666 417 2822 482 post:
2851 409 2987 468 Cum
3012 411 3250 468 concisus
3281 415 3502 487 clangor
3529 416 3860 492 increpuerit,

560 505 690 554 sunt
734 498 1156 570 concupiscunt,
1212 496 1308 554 sed
1355 506 1538 555 tamen
1581 494 1930 554 adversitatis
1976 495 2162 552 labore
2270 499 2616 555 movebuntur
2658 505 2838 557 castra
2881 501 3079 571 (Ibid,
3109 501 3190 572 5).
3235 501 3340 558 Per
3367 503 3506 561 duas
3534 506 3681 563 enim
3712 511 3862 570 tubas

559 587 903 661 fatigantur;
935 587 1098 644 aliter
1125 585 1399 660 conjugiis
1429 586 1676 658 obligati,
1711 585 1872 641 aliter
1899 601 1929 640 a
1957 583 2165 656 conju—
2271 590 2546 645 exercitus
2573 587 2817 657 ducitur,
2849 591 2976 663 quia
3006 607 3102 664 per
3129 590 3241 647 duo
3269 603 3539 668 praecepta
3587 596 3864 658 charitatis

563 678 638 752 gii
673 676 910 734 nexibus
940 675 1139 744 liberi;
1181 677 1346 733 aliter
1373 675 1811 733 commistionem
1847 674 2029 732 carnis
2054 691 2164 730 ex-
2273 677 2340 734 ad
2369 679 2713 750 procinctum
2764 679 2892 737 ﬁdei
2938 683 3176 754 populus
3205 692 3453 741 vocatur.
3505 687 3638 755 Qua
3669 689 3866 749 idcirco

563 767 728 843 perti,
759 766 922 823 aliter
951 766 1299 839 ignorantes;
1330 766 1493 823 aliter
1511 765 1608 839 qui
1631 771 1850 836 peccata
1876 763 2165 837 deplorant
2273 775 2540 839 argenteas
2572 768 2689 825 fieri
2721 769 3138 842 praecipiuntur,
3165 780 3229 828 ut
3251 774 3678 846 praedicatorum
3711 780 3872 836 verba

562 871 813 931 operum,
861 855 1025 912 aliter
1061 855 1156 930 qui
1205 855 1638 928 cogitationum;
1687 853 1849 909 aliter
1877 852 1973 926 qui
2003 868 2166 909 com-
2276 859 2416 916 lucis
2469 859 2649 916 nitore
2705 869 2943 932 pateant,
2985 865 3130 924 983
3165 869 3220 919 et
3264 863 3582 922 auditorum
3633 877 3868 925 mentem

561 945 732 1002 missa
778 943 1066 1016 Ριδηειιῐιῑ,
1119 959 1222 1000 nec
1268 952 1452 1000 tamen
1507 941 1802 1008 deserunt;
1865 941 2024 996 aliter
2069 941 2166 1013 (Ιυί
2276 955 2429 1012 nulla
2475 956 2561 1012 sui
2615 956 2947 1016 obscuritate
3001 960 3365 1018 confundant.
3425 963 3638 1022 Idcirco
3692 974 3869 1024 autem

562 1034 842 1123 deserunt,
891 1049 993 1090 nec
1028 1042 1213 1123 tamen
1247 1033 1560 1123 plangunt;
1617 1030 1780 1123 aliter
1829 1029 1927 1103 (Ιηί
1971 1029 2170 1085 mima
2277 1044 2532 1114 ductiles,
2567 1045 2696 1120 quia
2724 1063 2942 1104 necesse
2969 1055 3052 1104 est
3079 1056 3142 1104 ut
3170 1049 3228 1105 hi
3259 1052 3353 1123 qui
3382 1060 3674 1109 venturam
3705 1056 3872 1112 vitam

563 1137 685 1196 quae
706 1122 921 1180 faciunt
939 1123 1102 1212 etiam
1137 1121 1386 1212 laudant,
1421 1121 1582 1212 aliter
1600 1119 1695 1193 qui
1724 1127 1982 1212 ὃφιιεέηῖ
2003 1134 2170 1190 Prava
2279 1119 2595 1206 praedicant
2632 1136 3053 1194 tribulationum
3110 1119 3463 1212 praesentium
3524 1145 3876 1202 tunsionibus

566 1229 668 1306 1190
696 1220 882 1306 mlle"
923 1211 1212 1280 (Ῑθνίῐθιηιὶ
1263 1211 1426 1306 ἒᾏίῐθτ
1454 1210 1574 1306 (Illi
1592 1208 1880 1306 Γθρθξὶίίηθι
1912 1209 1928 1242 ³
1956 1223 2172 1306 οοῐιξιξξ-
2280 1233 2544 1282 crescant.
2578 1227 2724 1283 Bene
2751 1236 2933 1284 autem
2961 1208 3200 1286 dicitur:
3235 1230 3371 1287 Cum
3399 1232 3638 1287 concisus
3664 1235 3877 1306 clangor

2278 1313 2616 1386 increpuerit,
2647 1317 2990 1372 movebuntur
3016 1323 3193 1373 castra
3225 1318 3412 1389 (Num.
3443 1336 3501 1387 x,
3531 1320 3612 1392 5),
3643 1322 3772 1394 quia
3798 1323 3878 1378 ni-

2282 1405 2485 1460 mirum
2515 1405 2924 1478 praedicationis
2953 1423 3132 1464 sermo
3159 1425 3288 1465 cum
3318 1409 3582 1467 subtilius
3609 1428 3676 1469 ac
3703 1413 3880 1468 minu-

2281 1493 2393 1549 tius
2417 1495 2618 1567 agitur,
2642 1495 2957 1552 auditorum
2979 1497 3145 1554 corda
3163 1507 3355 1555 contra
3375 1501 3745 1557 tentationum
3767 1517 3881 1558 cer-

2280 1583 2490 1640 tamina
2517 1585 2800 1641 ardentius
2828 1587 3162 1669 excitantur.

563 1302 833 1376 piscentia
861 1310 1214 1375 superantur,
1244 1303 1407 1360 aliter
1433 1301 1529 1376 qui
1559 1301 1618 1357 in
1647 1301 1809 1372 culpa
1836 1314 1906 1356 ex
1935 1298 2170 1354 consilio

563 1391 840 1464 ligantur;
862 1390 1026 1448 aliter
1053 1391 1150 1463 qui
1177 1391 1308 1448 licet
1341 1390 1595 1458 minima,
1625 1387 1817 1446 crebro
1849 1395 2034 1444 tamen
2063 1387 2170 1443 illi-

563 1482 678 1539 cita
705 1481 939 1550 faciunt,
969 1481 1133 1555 atque
1159 1481 1321 1538 aliter
1349 1480 1446 1554 qui
1473 1495 1530 1536 se
1559 1495 1590 1534 a
1613 1479 1798 1551 parvis
1826 1478 2168 1548 custodiunt,

565 1570 662 1628 sed
691 1570 989 1644 aliquando
1021 1570 1079 1627 in
1108 1569 1368 1642 gravibus
1396 1569 1829 1639 demerguntur;
1885 1568 2046 1622 aliter
2073 1567 2172 1639 qui

564 1659 710 1716 bona
741 1675 844 1716 nec
868 1657 1150 1727 inchoent,
1183 1658 1346 1714 aliter
1373 1655 1469 1730 qui
1499 1655 1759 1713 inchoata
1785 1655 2016 1710 minime
2044 1671 2170 1712 con-

566 1754 877 1815 summant;
909 1747 1070 1804 aliter
1088 1745 1182 1818 qui
1205 1745 1347 1802 mala
1366 1744 1579 1802 occulte
1599 1753 1789 1818 agunt,
1823 1753 1876 1801 et
1895 1744 2042 1800 bona
2059 1761 2172 1818 pu—
2200 1765 2247 1826 Β

564 1835 732 1905 blice,
765 1835 928 1892 aliter
965 1834 1061 1909 qui
1101 1833 1248 1891 bona
1293 1850 1415 1906 quae
1461 1833 1674 1890 faciunt
1719 1831 2086 1900 abscondunt,
2121 1843 2176 1890 et

567 1933 753 1982 tamen
779 1923 1107 1998 quibusdam
1155 1923 1318 1980 factis
1346 1922 1565 1996 publice
1601 1923 1746 1979 mala
1773 1921 1841 1978 de
1871 1937 1929 1978 se
1957 1923 2175 1995 opinari

569 2014 919 2088 permittunt.
955 2014 1028 2069 Et
1056 2013 1279 2086 quidem
1310 2011 1378 2068 de
1407 2011 1642 2084 singulis
1669 2011 1796 2084 quis
1826 2010 1899 2068 sit
1926 2011 2174 2068 admoni-

570 2102 743 2159 tionis
762 2101 898 2159 ordo
917 2099 1200 2158 subtiliter
1219 2099 1501 2156 insinuare
1521 2099 1836 2169 debuimus,
1859 2099 1956 2156 sed
1984 2100 2176 2156 formi-

569 2191 698 2248 data
727 2190 1022 2247 locutionis
1052 2190 1374 2262 prolixitate
1402 2189 1792 2263 praepedimur.
1815 2189 2055 2247 Auctore
2083 2205 2175 2244 au-

568 2290 682 2340 tem
723 2281 838 2338 Deo
869 2281 891 2316 ³
919 2279 979 2336 in
1015 2280 1126 2336 alio
1156 2296 1318 2353 opere
1348 2279 1406 2336 id
1432 2280 1656 2352 explere
1699 2279 1908 2353 appetit
1935 2278 2175 2348 animus,

570 2371 618 2428 si
647 2379 830 2428 tamen
855 2369 1142 2426 laboriosa
1171 2369 1340 2442 hujus
1368 2369 1500 2428 vitae
1518 2370 1539 2405 ³
1560 2367 1744 2426 adhuc
1764 2367 2176 2442 aliquantulum

573 2470 794 2534 tempus
823 2460 846 2495 ‘
877 2459 1187 2516 restaverit.

2356 1703 2440 1760 15.
2481 1705 2584 1772 Qui
2610 1705 2749 1760 alios
2773 1723 2841 1760 ea:
2859 1707 3024 1779 ofﬁcio
3053 1707 3426 1776 adhortantur,
3443 1708 3601 1779 prius
3628 1724 3681 1762 se
3708 1707 3770 1762 in
3801 1706 3885 1761 bo-

2281 1795 2366 1849 nis
2395 1796 2640 1868 operibus
2684 1803 2977 1852 exerceant.
3009 1827 3080 1838 —
3107 1797 3208 1854 Est
3240 1797 3422 1854 adhuc
3463 1797 3618 1854 aliud
3653 1797 3712 1856 in
3743 1795 3886 1869 gallo

2285 1884 2513 1940 solerter
2535 1884 2885 1951 intuendum,
2905 1886 3034 1958 quia
3045 1902 3112 1942 cu
3121 1895 3176 1941 m‘
3179 1885 3295 1957 jam
3315 1886 3478 1943 edere
3493 1893 3688 1943 cantus
3709 1891 3885 1958 parat,

2285 1974 2437 2047 prius
2465 1976 2578 2030 alas
2597 1975 2830 2044 excutit,
2853 1982 2908 2030 et
2926 1975 3281 2047 semetipsum
3312 1977 3539 2045 feriens,
3573 1974 3888 2048 vigilantio-

2284 2079 2399 2118 rem
2441 2063 2641 2119 reddit.
2675 2064 2833 2132 Quod
2863 2073 3116 2137 patenter
3145 2066 3446 2134 cernimus,
3498 2066 3544 2122 si
3571 2074 3891 2122 sanctorum

2284 2151 2702 2224 praedicatorum
2723 2153 2894 2209 vitam
2919 2153 3214 2226 vigilanter
3232 2154 3538 2211 videamus.
3554 2153 3664 2226 Ipsi
3687 2152 3894 2227 quippe

2284 2259 2410 2299 cum
2438 2243 2604 2299 verba
2631 2243 3038 2315 praedicationis
3061 2245 3082 2279 ⁸
3113 2253 3360 2314 movent,
3392 2244 3548 2316 prius
3577 2259 3635 2298 se
3667 2243 3729 2299 in
3760 2260 3893 2300 san-

2283 2332 2388 2388 ctis
2415 2332 2726 2389 actionibus
2754 2339 3032 2400 exercent,
3085 2348 3153 2388 ne
3180 2333 3236 2387 in
3271 2332 3586 2404 semetipsis
3615 2339 3892 2404 torpentes

2285 2437 2468 2493 opere,
2497 2421 2635 2477 alios
2663 2422 2908 2478 excitent
2935 2437 3104 2489 voce;
3139 2421 3236 2477 sed
3265 2428 3392 2476 ante
3420 2436 3477 2476 se
3505 2436 3604 2492 per
3631 2419 3891 2476 sublimia

2286 2509 2430 2566 facta
2457 2509 2768 2577 excutiunt,
2790 2517 2846 2564 et
2871 2518 3007 2566 tunc
3027 2509 3094 2565 ad
3115 2509 3259 2564 bene
3279 2507 3552 2581 agendum
3583 2508 3726 2565 alios
3746 2509 3891 2566 solli-

2287 2599 2428 2656 citos
2477 2597 2734 2655 reddunt.
2780 2598 2940 2654 Prius
2977 2598 3376 2671 cogitationum
3426 2599 3530 2655 alis
3570 2599 3891 2672 semetipsos

2288 2691 2514 2757 feriunt,
2535 2691 2664 2763 quia
2683 2687 2954 2762 quidquid
2974 2689 3031 2744 in
3051 2705 3107 2745 se
3137 2688 3411 2746 inutiliter
3429 2696 3627 2761 torpet,
3652 2688 3894 2746 sollicita

2291 2781 2713 2851 investigatione
2755 2779 3196 2851 deprehendunt,
3245 2778 3493 2836 districta
3527 2778 3892 2835 animadver-

2291 2870 2444 2926 sione
2481 2869 2785 2940 corrigunt.
2835 2869 2996 2924 Prius
3042 2885 3140 2924 sua
3184 2869 3376 2942 punire
3416 2867 3635 2922 fletibus
3663 2874 3888 2935 curant,

645 2610 786 2688 [Vet.
825 2611 975 2687 VII.]
1013 2611 1099 2669 14.
1139 2611 1323 2684 Iniqui
1355 2611 1482 2669 altis
1509 2617 1559 2667 et
1597 2612 1803 2684 magnis
1846 2610 2056 2667 vocibus
2085 2611 2180 2666 in-

573 2702 846 2776 crepandi,
877 2700 1078 2758 lenibus
1108 2707 1156 2756 et
1183 2701 1392 2757 blandis
1417 2701 1736 2758 admonendi
1762 2700 1855 2772 qui
1875 2701 1942 2756 ab
1971 2699 2181 2771 iniqui-

577 2799 680 2850 tate
697 2797 1034 2848 recesserunt.
1056 2821 1126 2832 —
1146 2789 1423 2848 Habemus
1449 2807 1581 2847 vero
1601 2791 1755 2847 aliud
1775 2789 1923 2864 quod
1951 2789 2020 2845 de
2051 2788 2180 2862 galli

576 2881 744 2956 hujus
779 2881 1144 2956 intelligentia
1173 2880 1520 2938 considerare
1549 2881 1868 2946 debeamus,
1901 2877 2031 2952 quia
2061 2894 2180 2951 pro-

577 2955 930 3030 fundiorihus
951 2955 1104 3030 boris
1121 2971 1302 3030 noctis
1322 2973 1697 3030 valentiores“
1719 2988 1782 3029 ac
1801 2970 2184 3044 productiores
2291 2967 2346 3016 et
2385 2966 2520 3016 tunc
2573 2975 2694 3032 quae
2749 2957 2986 3014 aliorum
3034 2966 3164 3014 sunt
3207 2957 3481 3031 punienda
3530 2955 3888 3044 denuntiant.

578 3063 738 3122 edere
765 3071 958 3120 cantus
991 3063 1152 3132 δοιοί,
1182 3079 1309 3120 cum
1340 3080 1472 3120 vero
1513 3043 1849 3120 matutinum
1885 3060 1999 3134 jam
2031 3067 2182 3116 tem-
2219 3118 2258 3134 Π
2293 3048 2453 3104 Prius
2493 3063 2621 3120 ergo
2641 3047 2744 3103 alis
2767 3047 3025 3102 insonant
3051 3063 3217 3120 quam
3245 3054 3438 3102 cantus
3456 3045 3736 3113 emittant,
3762 3043 3896 3134 quia

580 3169 682 3226 pus
699 3118 1126 3224 appropinquat,
1135 3118 1473 3209 lle—niores—et
1503 3118 1832 3210 minutiores
1860 3118 2182 3206 omnimodo
2216 3118 2261 3179 C‘
2295 3118 2585 3226 antequam
2617 3135 2783 3192 verba
2809 3118 3214 3226 exhortationis
3248 3135 3525 3208 meemm
3552 3150 3718 3226 (’er
3748 3131 3896 3226 qui)“

580 3221 752 3296 voces
762 3221 1070 3295 format—In
1090 3239 1292 3312 quibus
1313 3241 1442 3313 galli
1464 3240 1632 3312 hujus
1653 3239 2018 3312 intelligentia
2047 3238 2182 3312 quid

2295 3224 2536 3281 locuturi
2578 3232 2706 3281 sunt
2733 3224 2994 3296 operibus
3020 3225 3296 3291 clamant;
3327 3232 3381 3280 et
3414 3241 3538 3281 cum
3567 3224 3812 3296 perfecte
3838 3221 3895 3276 in

577 3326 740 3384 nobis
765 3326 962 3384 innuat
989 3312 1335 3384 considerata
1354 3327 1776 3400 praedicatorum
1804 3328 2066 3384 discretio
2095 3327 2184 3384 de-

2295 3315 2602 3387 semetipsis
2623 3313 2872 3386 vigilant,
2895 3321 3029 3371 tunc
3047 3313 3384 3370 dormientes
3411 3314 3550 3370 alios
3579 3313 3648 3370 ad
3678 3312 3896 3386 vigilias

577 3422 866 3475 monstrat.
918 3415 1025 3484 Qui
1053 3431 1180 3472 cum
1211 3415 1420 3489 iniquis
1451 3415 1634 3474 adhuc
1663 3417 1944 3474 mentibus
1977 3416 2186 3488 pradi-
2297 3411 2518 3461 V0031“-

577 3513 728 3575 caut,
757 3505 884 3562 altis
912 3512 970 3562 et
998 3504 1212 3578 magnis
1241 3505 1475 3562 vocibus
1505 3505 1700 3562 aeterni
1721 3504 1923 3578 judicii
1952 3513 2188 3562 terrores

2371 3495 2455 3551 l6.
2492 3497 2558 3552 Ut
2575 3498 2709 3550 recte
2727 3509 2822 3549 suo
2842 3510 3055 3550 munere
3073 3495 3435 3566 defungantur
3447 3493 3824 3566 prwdvicatores
3850 3497 3899 3546 et

579 3593 863 3664 intimant,
894 3593 1025 3668 quia
1047 3593 1308 3652 videlicet
1328 3595 1484 3668 quasi
1507 3595 1566 3651 in
1585 3595 1872 3668 profundae
1902 3595 2084 3653 noctis
2108 3605 2185 3652 te.
2297 3584 2550 3653 ἀοσίοτεε,
2581 3585 2769 3641 habent
2795 3603 2828 3640 α
2856 3586 2988 3642 Deo.
3019 3616 3090 3627 -
3118 3585 3223 3642 Sed
3252 3585 3399 3642 unde
3435 3592 3590 3642 tanta
3615 3584 3738 3641 haec
3764 3582 3895 3640 doc-

580 3683 768 3742 nebris
809 3684 1068 3741 clamant.
1116 3683 1254 3742 Cum
1300 3701 1432 3742 vero
1466 3684 1583 3759 jam
1613 3685 1930 3742 auditorum
1960 3702 2186 3742 suorum
2297 3675 2405 3732 tori
2437 3675 2821 3747 intelligentia,
2861 3683 2925 3732 ut
2953 3683 3008 3732 et
3038 3675 3144 3732 sibi
3174 3676 3414 3750 perfecte
3448 3676 3660 3748 vigilet,
3692 3683 3750 3731 et
3777 3673 3894 3730 dor-

581 3771 844 3832 cordibus
871 3773 1122 3831 veritatis
1145 3774 1323 3832 lucem
1344 3773 1533 3831 adesse
1553 3781 1913 3848 cognoscunt,
1930 3773 2187 3831 clamoris
2298 3765 2530 3822 mientes
2557 3764 2627 3822 ad
2656 3765 2875 3838 vigilias
2903 3766 3005 3824 sub
3029 3765 3359 3839 quibusdam
3387 3765 3646 3822 clamoris
3675 3779 3895 3838 provec-

2299 3854 2448 3911 tibus
2475 3862 2654 3924 vocet,
2686 3862 2750 3910 ut
2775 3863 2831 3910 et
2857 3862 3208 3928 peccatorum
3259 3854 3514 3911 tenebras
3560 3853 3714 3926 prius
3742 3860 3894 3910 caute

2298 3944 2580 4013 discutiat,
2597 3952 2650 4000 et
2664 3943 2900 4001 discreto
2923 3953 3043 4018 post
3051 3946 3276 4003 modum
3295 3947 3472 4002 lucem
3490 3943 3894 4019 praedicationis

2298 4034 2568 4103 ostendat,
2599 4041 2662 4089 ut
2689 4033 2922 4106 singulis
2947 4033 3111 4107 juxta
3141 4035 3366 4092 modum
3394 4042 3449 4092 et
3476 4043 3726 4108 tempora
3757 4049 3898 4090 con-

2299 4131 2476 4196 gruat,
2502 4131 2557 4180 et
2584 4123 2749 4179 simul
2779 4123 3040 4181 omnibus
3069 4142 3191 4198 qua;
3217 4126 3342 4182 illos
3375 4132 3675 4199 sequantur
3703 4131 3898 4180 osten—

2298 4214 2430 4271 dat?
2457 4213 2611 4271 Unde
2638 4213 2706 4270 ad
2733 4221 2887 4270 tanta
2912 4217 2928 4250 ¹
2965 4221 3020 4270 et
3042 4223 3154 4272 tam
3185 4215 3466 4272 subtiliter
3488 4213 3754 4281 tenditur,
3788 4211 3896 4267 nisi

582 3961 638 4011 et
655 3969 768 4010 non
788 3960 900 4010 tam
921 3953 1020 4010 illa
1039 3970 1160 4028 quae
1188 3961 1320 4010 sunt
1348 3953 1415 4010 de
1445 3955 1626 4027 pomis
1646 3953 1921 4010 terribilia
1940 3969 2104 4025 quam
2127 3967 2189 4008 ea

581 4058 705 4116 quaa
749 4051 879 4098 sunt
919 4042 1122 4099 blanda
1155 4042 1223 4098 de
1257 4043 1498 4114 prmmiis
1528 4041 1836 4114 proferunt.
1883 4040 2186 4108 Quioetiam

583 4129 820 4186 minutis
848 4137 984 4186 tunc
1018 4129 1252 4186 vocibus
1282 4136 1527 4197 cantant,
1559 4129 1688 4201 quia
1716 4128 2188 4201 appropinquante

585 4233 747 4276 mane
764 4217 993 4275 subtilia
1021 4233 1252 4290 quaeque
1279 4217 1346 4274 de
1376 4217 1658 4289 mysteriis
1687 4216 2008 4288 praedicant,
2030 4226 2090 4274 ut
2108 4233 2186 4273 se-

585 4324 785 4382 quaces
811 4307 897 4364 sui
931 4321 997 4364 eo
1025 4307 1329 4364 minutiora
1357 4322 1586 4380 quasque
1622 4307 1690 4363 de
1736 4307 2052 4364 coelestibus
2079 4323 2190 4362 au—
2298 4305 2628 4370 intrinsecus
2655 4306 2724 4361 ab
2743 4320 2809 4360 eo
2837 4321 2869 4362 a
2897 4321 3007 4378 quo
3031 4312 3114 4362 est
3141 4304 3398 4362 conditus
3425 4303 3728 4362 doceatur?
3757 4300 3900 4370 Quia

585 4396 762 4465 diant,
785 4412 895 4470 quo
921 4396 1033 4454 luci
1055 4395 1306 4453 veritatis
1332 4396 1795 4471 appropinquant,
1819 4403 1872 4452 et
1899 4411 2036 4470 quos
2063 4395 2188 4453 dor-
2296 4409 2424 4468 ergo
2487 4395 2606 4451 laus
2668 4401 2836 4452 tanta;
2899 4394 3278 4467 intelligentia;
3344 4410 3458 4450 non
3525 4389 3898 4466 praedicatoris

586 4486 818 4543 mientes
846 4485 1044 4560 longus
1073 4485 1203 4560 galli
1233 4485 1444 4542 clamor
1472 4485 1829 4555 excitaverat,
1875 4487 1896 4520 ⁸
1926 4484 2192 4542 succisior
2217 4476 2267 4536 D
2300 4484 2476 4542 virtus
2518 4492 2618 4553 est,
2658 4484 2754 4542 sed
2796 4485 3055 4553 auctoris,
3101 4491 3247 4542 recte
3279 4501 3376 4558 per
3416 4482 3670 4540 eumdem
3714 4489 3897 4538 aucto-

586 4573 879 4646 vigilantes
919 4571 1188 4640 delectet;
1248 4581 1518 4647 quatenus
1564 4583 1809 4630 correcto
1858 4571 2089 4631 cuilibet
2122 4571 2191 4628 de
2301 4591 2417 4632 rem
2464 4575 2670 4633 dicitur
2703 4593 2714 4630 :
2780 4576 2866 4634 Vel
2905 4576 3025 4648 quis
3071 4575 3214 4632 dedit
3255 4576 3401 4648 gallo
3451 4571 3898 4645 intelligentiam?

588 4678 754 4736 regno
781 4679 1108 4736 cognoscere
1135 4663 1416 4720 subtiliter
1434 4662 1620 4720 dulcia
1640 4663 1828 4732 libeat,
1860 4665 1880 4699 ⁷
1913 4663 2010 4737 qui
2039 4662 2193 4735 prius

587 4751 817 4812 adversa
869 4751 938 4808 de
986 4750 1204 4824 judicio
1259 4751 1614 4809 formidabat.
1693 4751 1852 4819 Quod
1901 4749 2040 4808 bene
2095 4767 2192 4824 per

588 4844 812 4916 Moysen
831 4841 1184 4916 exprimitur,
1213 4857 1340 4898 cum
1361 4841 1428 4898 ad
1446 4839 1860 4914 producendum
1883 4841 2187 4898 exercitum

588 4931 736 4990 tuba
754 4933 1004 5006 clangere
1031 4932 1308 4990 concisius
1329 4930 1618 5004 jubentur.
1651 4931 1930 5005 Scriptum
1953 4947 2188 5005 namque

587 5032 671 5081 est
697 5041 710 5079 :
741 5023 850 5080 Fac
883 5023 976 5080 tibi
1001 5022 1136 5078 duas
1167 5023 1317 5078 tubas
1356 5027 1631 5094 argenteas
1657 5021 1877 5078 ductiles
1908 5021 2094 5094 (Num.
2127 5037 2185 5090 x,

2301 4667 2384 4722 Ac
2410 4666 2456 4721 si
2485 4664 2692 4722 diceret
2721 4683 2733 4721 :
2766 4665 2883 4722 Nisi
2905 4681 3052 4737 ergo,
3085 4666 3180 4738 qui
3210 4664 3499 4722 doctorum
3523 4669 3740 4720 mentes
3767 4675 3902 4734 quas

2300 4753 2440 4810 mire
2469 4771 2539 4810 ex
2569 4753 2749 4811 nihilo
2786 4752 3009 4810 condidi
3037 4752 3107 4810 ad
3135 4752 3492 4826 intelligenda
3534 4767 3658 4826 quae
3683 4749 3901 4808 occulta

2298 4850 2428 4899 sunt
2447 4843 2758 4899 mirabilius
2779 4843 3038 4900 instruxi.
3064 4843 3217 4900 Unde
3245 4843 3382 4900 bene
3403 4850 3463 4900 ut
3484 4841 3544 4899 in
3572 4841 3740 4898 dictis
3770 4855 3901 4914 prte-

2298 4931 2602 4989 dicantium
2633 4948 2744 4989 non
2773 4932 2951 4988 solum
2991 4933 3376 5005 inspiratorem
3406 4949 3464 4988 se
3491 4929 3900 5003 intelligentia,

2297 5021 2394 5079 sed
2418 5021 2585 5077 etiam
2613 5027 2893 5078 auctorem
2935 5020 3231 5078 locutionis
3268 5020 3544 5088 ostendat,
3593 5018 3855 5092 adjungit
3887 5032 3899 5072 :

2366 5244 2386 5277 ⁵
2420 5242 2654 5300 Vindoc.
2689 5249 2742 5298 et
2771 5243 2983 5306 Norm.,
3009 5239 3409 5312 profundiores.
3441 5239 3638 5306 Laud.,
3664 5237 3903 5310 produc-

2297 5316 2452 5371 tiores
2481 5315 2692 5370 educere
2720 5319 2922 5368 cantus.

2366 5389 2388 5421 ⁸
2418 5387 2621 5442 Turon.
2654 5393 2709 5442 et
2735 5383 2898 5441 Corb.
2929 5383 3138 5451 Germ.,
3167 5382 3502 5438 succinctior.

2277 5521 2296 5534 .
2415 5458 2561 5534 ,_Alii,_
2579 5457 2672 5528 qui
2690 5455 3102 5534 priusnadversa
3121 5454 3342 5534 judicii.

662 5533 682 5566 ‘
710 5532 928 5588 Mallem
967 5523 1237 5601 restiterit,
1290 5533 1398 5589 nisi
1439 5531 1719 5588 obstarent
1770 5532 1896 5588 Mss.
1938 5531 1998 5586 In
2029 5529 2178 5586 Edit.
2277 5523 2296 5534 ’
2365 5528 2386 5563 ⁸
2416 5523 2672 5584 ιᾶαᾶ.’θῐ
2690 5523 2810 5586 Val.
2837 5526 2941 5593 CL,
2967 5523 3191 5581 monent.
3229 5527 3390 5584 Corb.
3415 5527 3624 5593 Germ.,
3659 5523 3904 5580 verbo...

589 5603 758 5660 Gilot.
777 5611 844 5677 _et
866 5605 1156 5677 nonnullis
1197 5604 1397 5677 legitur
1438 5605 1707 5677 restiterit,
1753 5619 1869 5677 non
1913 5601 2181 5658 tamenin
2291 5607 2518 5677 monent.

587 5674 1004 5804 wstifribus,
1035 5692 1157 5750 quae
1184 5667 1311 5732 Mss.
1345 5675 1478 5733 Cod.
1513 5667 1709 5746 majori
1740 5673 1847 5730 fide
1879 5688 2180 5743 repraesen-
2298 5743 2336 5799 ι.
2360 5673 2382 5707 θ
2414 5671 2633 5729 Ebroic.
2656 5671 2860 5744 aliique
2889 5673 3101 5740 Νοιίυ.,
3130 5685 3194 5725 ac
3224 5668 3484 5740 Vindoc.,
3516 5676 3564 5724 et
3594 5677 3699 5724 tam
3729 5667 3910 5722 subti-

731 5763 794 5804 so
817 5763 887 5803 en
919 5791 932 5804 .
2320 5761 2390 5798 ia.

731 5756 932 5804 solent.
2298 5756 2390 5799 lia.

663 5249 681 5283 ¹
713 5244 981 5319 corrupte
1009 5247 1068 5304 in
1097 5247 1325 5314 Turon.,
1350 5245 1682 5319 conscientia.

664 5319 686 5353 ³
713 5313 990 5392 Nimirum
1013 5319 1069 5376 in
1095 5319 1238 5376 libro
1263 5313 1480 5392 Regulae
1506 5314 1820 5385 Pastoralis,
1851 5331 1946 5372 seu
1965 5313 2033 5371 de
2053 5331 2186 5372 cura

589 5390 854 5463 Pastorali
883 5390 1044 5463 plane
1072 5406 1259 5463 aureo.

661 5463 682 5544 if
712 5460 1072 5544 {least—adhuc
1180 5460 1451 5544 pluribus.

732 5917 736 5925 |

740 5931 928 6078 ι.
