4152 6182
276 285 375 342 533

1005 277 1376 336 MORALIUM
1416 278 1551 336 LIB.
1594 278 1777 336 XXX.
1818 309 1889 321 —
1924 279 1997 336 IN
2031 278 2263 337 CAPUT
2302 280 2593 338 XXXVIII
2632 282 2694 337 Β.
2735 283 2878 340 JOB.

3468 289 3572 347 534

341 408 504 465 Vsus.
539 405 627 461 37.
658 435 728 446 —
760 405 889 473 Quis
920 405 935 439 ¹
967 404 1241 460 enarrabit
1269 407 1520 461 caelorum
1546 406 1807 463 rationem
1827 406 1855 462 7
1882 405 1935 466 Α
1961 405 2600 480 speciem,etquomod07
2620 407 2725 480 ipsi
2742 409 2987 481 gignenti
3008 427 3121 469 non
3138 414 3318 487 impar
3331 415 3567 485 oriatur,

339 496 479 572 [Rea
512 493 602 569 V.]
620 493 865 562 Quorum
885 501 1070 550 tamen
1094 494 1265 551 verba
1285 495 1414 569 quia
1425 512 1551 552 cum
1570 512 1685 552 sese
1700 494 1862 552 nobis

273 604 361 662 per
388 584 622 659 speciem
648 583 950 641 ostenderit
979 583 1281 651 subtrahit,
1310 585 1562 657 protinus
1590 585 1856 642 subdidit:

883 725 1114 783 CAPUT
1154 727 1248 784 IV.
1290 762 1297 777 .

334 846 470 902 Iern.
501 871 573 883 —
600 843 676 899 Et
702 849 1001 899 concentum
1028 844 1142 899 cali
1172 844 1290 914 quis
1316 843 1550 899 dormire
1576 844 1774 915 faciet?

337 954 418 1009 17.
440 952 552 1010 Deo
583 951 640 1006 in
672 950 942 1022 majestate
967 968 1068 1007 sua
1096 953 1344 1019 revelato,
1357 951 1668 1023 praedicatio
1697 970 1857 1009 cessa-

271 1043 351 1100 bit.
384 1042 621 1115 Spiritus
648 1048 858 1097 sanctus
885 1040 1068 1098 Patris
1088 1047 1136 1096 et
1154 1041 1286 1097 Filii
1311 1048 1403 1111 est,
1428 1042 1636 1112 utrique
1655 1049 1859 1098 coaeter-

270 1150 377 1189 nus.
399 1132 553 1188 —In
580 1130 683 1187 hac
711 1130 858 1187 enim
888 1129 1005 1186 vita
1022 1130 1333 1187 inﬁrmitati
1362 1140 1561 1188 nostrae
1591 1131 1861 1188 Dominus

268 1240 369 1282 non
399 1230 591 1296 aperta
619 1219 799 1293 specie
819 1220 1117 1293 majestatis
1143 1238 1276 1289 suae,
1308 1220 1402 1277 sed
1438 1221 1857 1294 praedicatorum

267 1328 484 1370 suorum
517 1325 653 1367 voce
684 1310 904 1365 locutus
950 1318 1053 1379 est,
1098 1319 1160 1367 ut
1206 1310 1371 1367 corda
1412 1310 1594 1368 adhuc
1620 1312 1861 1368 carnalia

266 1401 494 1460 carnalis
536 1399 727 1472 lingua
766 1399 1032 1471 pulsaret,
1072 1407 1126 1455 et
1173 1408 1329 1456 tanto
1375 1400 1595 1456 facilius
1646 1402 1861 1457 insueta

266 1491 624 1565 perciperent,
657 1496 864 1563 quanto
895 1505 958 1544 ea
988 1504 1086 1561 per
1127 1488 1371 1545 sonitum
1406 1496 1680 1545 consueta:
1708 1489 1862 1545 vocis

264 1579 534 1637 audirent.
584 1579 659 1635 At
705 1586 995 1652 postquam
1042 1595 1141 1651 per
1185 1586 1419 1633 mortem
1469 1578 1528 1634 in
1577 1579 1859 1651 pulverem

266 1669 286 1704 ³
308 1686 432 1726 caro
464 1667 783 1736 resolvitur,
815 1676 869 1723 et
897 1683 993 1740 per
1021 1666 1480 1723 resurrectionem
1511 1666 1697 1739 pulvis
1730 1666 1859 1722 ani-

1971 501 2026 550 et
2067 494 2343 568 quomodo
2380 503 2743 571 utrorumque
2794 498 3033 570 Spiritus
3070 502 3297 575 utrique
3337 512 3572 562 comer—

1971 600 2076 641 nus
2103 585 2361 658 procedat
2388 586 2649 644 ostendit.
2682 587 2882 659 Aperte
2911 604 3150 663 namque
3178 599 3312 650 tunc
3345 593 3573 651 videbi-

1971 691 2095 731 mus
2123 675 2397 748 quomodo
2427 675 2533 734 hoc
2563 677 2583 712 ⁸
2613 676 2759 750 quod
2784 677 3015 734 oriendo
3043 689 3124 737 est
3153 681 3203 737 ei
3223 681 3292 738 de
3321 699 3430 755 quo
3462 683 3571 740 ori-

1970 770 2062 821 tur
2090 765 2428 837 subsequens
2451 783 2561 822 non
2592 776 2694 835 est,
2726 767 3003 840 quomodo
3032 769 3080 825 is
3109 770 3205 843 qui
3236 787 3332 843 per
3362 788 3572 842 proces-

1970 853 2178 910 sionem
2224 855 2549 927 producitur
2602 873 2634 911 a
2675 858 3083 929 proferentibus
3139 875 3249 916 non
3317 861 3567 931 prmitur.

1968 944 2171 1015 Aperte
2210 953 2344 1002 tunc
2376 946 2691 1003 videbimus
2713 947 2991 1020 quomodo
3021 958 3075 1006 et
3103 965 3277 1004 unum
3311 948 3570 1007 divisibi-

1968 1032 2095 1090 liter
2122 1036 2229 1092 tria
2258 1036 2389 1104 sint,
2422 1045 2478 1094 et
2509 1037 2933 1095 indivisibiliter
2979 1040 3083 1097 tria
3122 1056 3315 1096 unum.
3355 1040 3573 1112 Lingua

1968 1139 2095 1196 ergo
2124 1132 2259 1183 tunc
2289 1128 2564 1185 narrantis
2588 1129 2685 1184 Dei
2711 1137 2795 1185 est
2816 1129 2933 1186 visa
2961 1130 3182 1187 claritas
3201 1130 3563 1188 sublevantis.

1967 1214 2045 1269 Et
2066 1224 2365 1271 concentus
2395 1216 2519 1271 οωιὶ
2551 1219 2572 1252 9
2604 1224 2741 1273 tunc
2763 1216 3019 1287 dormiet,
3036 1219 3165 1292 quia
3197 1227 3491 1291 apparente
3510 1218 3569 1273 in

1963 1299 2176 1373 judicio
2192 1303 2523 1361 retributore
2542 1320 2793 1377 operum,
2809 1306 3259 1363 exbortatiouum
3268 1306 3386 1379 jam
3405 1306 3573 1362 verba

1968 1394 2276 1450 cessabunt.
2311 1394 2463 1452 Unde
2491 1404 2545 1452 et
2574 1405 2758 1469 aperte
2787 1397 2967 1469 ipsum
2998 1397 3417 1456 resurrectionis
3434 1406 3569 1453 tem-

1970 1498 2071 1555 pus
2099 1482 2440 1557 adjungitur,
2469 1502 2595 1543 cum
2628 1486 2780 1543 illico
2801 1487 3103 1559 profertur:

2607 1574 2834 1633 CAPUT
2874 1576 2943 1632 V.

2040 1660 2212 1719 Vnus.
2246 1662 2334 1720 38.
2353 1694 2423 1706 —
2455 1665 2678 1732 Quando
2697 1664 3031 1735 fundebatur
3051 1664 3233 1739 pulvis
3260 1665 3315 1719 in
3344 1670 3567 1728 terram,

262 1769 460 1831 matur,
478 1767 611 1816 tunc
635 1758 703 1816 de
728 1760 842 1815 Deo
867 1758 1059 1815 audire
1076 1758 1243 1814 verba
1263 1775 1375 1814 non
1396 1757 1715 1831 quaerimus,
1731 1757 1860 1829 quia
1887 1766 1934 1827 Β
1966 1756 2016 1805 et
2048 1752 2206 1821 gleba:
2232 1754 2715 1825 compingebantur.

260 1867 433 1907 unum
473 1852 649 1924 ipsum
684 1850 836 1924 quod
876 1850 1069 1922 implet
1104 1850 1293 1906 omnia
1331 1848 1445 1922 jam
1488 1865 1584 1921 per
1616 1846 1851 1919 speciem

257 1940 357 1998 Dei
386 1941 617 1998 verbum
647 1940 921 1999 videmus.
955 1939 1112 2009 Quod
1140 1940 1300 1996 nobis
1330 1944 1478 2003 984
1505 1945 1661 1993 tanto
1689 1937 1856 1994 altius

257 2046 414 2095 sonat
435 2045 638 2111 quanto
666 2045 720 2094 et
748 2044 959 2094 mentes
990 2046 1204 2094 nostras
1236 2040 1256 2072 ³
1282 2037 1336 2092 vi
1371 2036 1583 2092 intima:
1615 2035 1855 2091 illustra-

258 2129 423 2186 tionis
450 2136 719 2201 penetrat.
752 2128 996 2186 Sublatis
1023 2144 1261 2203 namque
1291 2128 1312 2163 ⁸
1336 2126 1497 2183 fortis
1522 2136 1577 2183 et
1605 2125 1855 2183 occiden-

258 2217 402 2275 tibus
432 2218 640 2286 verbis,
663 2221 685 2254 ⁵
718 2218 872 2291 quasi
889 2217 1112 2291 quidam
1140 2233 1312 2274 sonus
1341 2226 1560 2274 aeternae
1598 2214 1856 2287 przedica-

256 2306 422 2364 tionis
448 2307 514 2364 fit
543 2307 665 2380 ipsa
693 2306 873 2378 imago
901 2305 1130 2363 internae
1162 2305 1413 2363 visionis.
1448 2304 1605 2362 Unde
1630 2312 1684 2360 et
1714 2312 1859 2361 recte

254 2412 402 2454 nunc
436 2397 507 2454 ad
543 2397 767 2453 beatum
797 2396 898 2452 Job
923 2394 1192 2452 Dominus
1219 2394 1394 2453 dicit:
1432 2396 1564 2464 Quis
1584 2394 1861 2451 enarrabit

250 2487 507 2543 calorum
534 2486 816 2550 rationem,
845 2491 893 2538 et
921 2490 1221 2539 concentum
1241 2485 1356 2539 caeli
1375 2484 1495 2555 quis
1524 2485 1760 2539 dormire
1779 2483 1858 2553 fa-

246 2575 347 2631 ciet
368 2578 397 2632 ?
431 2573 581 2641 Quid
611 2573 761 2628 enim
780 2573 1046 2628 caelorum
1068 2571 1208 2628 ratio
1225 2573 1518 2645 accipitur,
1541 2573 1648 2629 nisi
1670 2573 1756 2628 vis
1775 2590 1860 2629 su-

243 2678 429 2737 perna
476 2660 854 2719 secretorum?
884 2660 1031 2728 Quid
1076 2677 1173 2733 per
1218 2662 1343 2718 cmli
1380 2672 1709 2719 concentum
1753 2662 1860 2719 nisi

244 2768 488 2811 concors
515 2750 936 2824 praedicantium
962 2767 1142 2807 sermo
1171 2752 1450 2823 signatur?
1470 2751 1739 2808 Conditor
1763 2752 1859 2824 igi-

249 2849 338 2897 tur
367 2848 564 2896 noster
589 2856 715 2897 cum
754 2842 1017 2896 caalorum
1048 2841 1315 2897 rationem
1356 2858 1576 2897 narrare
1612 2840 1855 2915 coeperit,

250 2930 494 2987 dormire
525 2928 652 2985 cceli
685 2939 1016 2986 concentum
1048 2928 1201 2997 facit,
1234 2928 1363 3003 quia
1389 2947 1516 2987 cum
1552 2930 1664 3003 jam
1697 2932 1858 2989 nobis

253 3034 342 3091 per
360 3017 606 3092 speciem
622 3017 952 3084 ostenditur,
967 3018 1232 3074 nimirum
1251 3020 1672 3091 praedicautium
1692 3020 1859 3077 verba

252 3107 676 3165 subtrahuntur.
712 3106 855 3164 Hinc
872 3106 1020 3162 enim
1047 3124 1143 3180 per
1162 3108 1453 3163 Jeremiam
1487 3109 1758 3165 Dominus
1778 3110 1857 3166 di-
1894 3128 1938 3189 ρ

252 3200 355 3257 cit:
385 3200 515 3256 Non
543 3198 740 3254 docebit
758 3199 904 3254 ultra
924 3198 1009 3253 vir
1022 3199 1333 3270 proximum
1360 3216 1533 3268 suum,
1565 3207 1611 3256 et
1630 3200 1856 3272 fratrem

252 3306 421 3355 suum,
458 3288 670 3343 dicens:
719 3288 975 3359 Cognosce
1002 3288 1302 3344 Dominum.
1358 3291 1545 3347 Omnes
1585 3291 1723 3346 enim
1760 3308 1856 3346 co-

250 3382 495 3449 gnoscent
539 3394 618 3432 me
664 3395 699 3433 a
745 3378 961 3433 minimo
1009 3395 1187 3433 eorum
1234 3396 1398 3450 usque
1440 3380 1512 3435 ad
1538 3381 1853 3447 maximum,

252 3467 370 3522 dicit
386 3465 654 3523 Dominus
673 3467 891 3539 (Ierem.
913 3483 1073 3535 XXXI,
1098 3466 1215 3537 34).
1232 3466 1374 3523 Hinc
1391 3468 1595 3524 Paulus
1615 3468 1711 3524 ait:
1738 3468 1857 3525 Sive

245 3557 538 3630 prophetica
577 3557 991 3623 evacuabuntur,
1032 3557 1140 3611 sive
1184 3557 1376 3629 linguw
1415 3558 1706 3623 cessabunt,
1749 3559 1856 3612 sive

250 3647 476 3703 scientia
513 3646 808 3701 destruetur
842 3645 899 3711 (Ι
924 3645 1052 3701 Cor.
1086 3661 1210 3712 xm,
1240 3644 1322 3716 8).
1358 3644 1497 3719 [Vet.
1540 3644 1720 3719 VIII.]
1753 3645 1853 3700 Vel

250 3743 397 3793 certe
414 3734 682 3791 calorum
706 3733 847 3791 ratio
868 3741 950 3790 est
987 3732 1105 3805 ipsa
1125 3732 1464 3788 viviﬁcatrix
1501 3734 1700 3801 virtus,
1734 3749 1856 3806 quas

250 3824 485 3896 spiritus
505 3823 699 3879 format
720 3823 1065 3896 angelorum.
1090 3824 1237 3878 Deus
1257 3821 1405 3877 enim
1429 3822 1574 3877 sicut
1594 3832 1675 3878 est
1694 3838 1856 3879 causa

253 3929 567 3981 causarum,
598 3914 742 3968 sicut
763 3912 879 3967 vita
901 3911 1233 3980 viventium,
1252 3912 1328 3967 ita
1342 3912 1507 3968 etiam
1533 3911 1671 3968 ratio
1691 3912 1853 3969 ratio-

255 4000 531 4058 nabilium
559 4009 953 4057 creaturarum.
978 4000 1134 4055 Tunc
1152 4016 1279 4072 ergo
1300 4000 1562 4055 oculorum
1585 4000 1853 4057 rationem

256 4090 523 4148 Dominus
560 4098 766 4159 narrat,
810 4105 934 4145 cum
970 4089 1325 4161 semetipsum
1371 4088 1530 4145 nobis
1577 4089 1853 4163 quomodo

256 4178 436 4236 electis
461 4178 754 4251 spiritibus
779 4178 964 4251 praesit
992 4178 1261 4236 insinuat.
1295 4179 1451 4236 Tunc
1475 4179 1739 4235 oculorum
1771 4196 1852 4235 ra-

256 4267 456 4325 tionem
491 4278 698 4337 narrat,
724 4284 870 4336 cum,
894 4267 1105 4324 detersa
1135 4268 1336 4324 mentis
1365 4276 1566 4325 nostra:
1594 4268 1847 4341 caligine,

256 4356 390 4413 clara
433 4373 499 4414 se
545 4357 761 4414 visione
804 4356 1135 4413 manifestat.
1171 4356 1324 4414 Unde
1359 4365 1414 4413 et
1443 4356 1501 4412 in
1548 4358 1851 4431 Evangelio

2039 1837 2124 1893 18.
2166 1840 2583 1895 Resurrectionis
2623 1848 2821 1915 tempus
2848 1861 2885 1898 a
2923 1844 3021 1900 Job
3045 1846 3336 1916 praevisum
3363 1850 3413 1900 et
3432 1860 3570 1917 pra:-

1964 1928 2286 1984 nuntiatum.
2318 1958 2389 1970 —
2431 1930 2580 1985 More
2609 1932 2757 1987 enim
2802 1948 2903 1987 suo
2952 1934 2997 1968 ¹⁰
3026 1951 3148 2007 quae
3174 1935 3357 1991 adhuc
3383 1936 3571 1993 futura

1965 2025 2094 2075 sunt
2125 2019 2279 2093 quasi
2315 2019 2430 2092 jam
2463 2022 2737 2093 praeterita
2782 2023 3012 2081 divinus
3048 2041 3230 2082 sermo
3280 2024 3566 2095 describit,

1967 2107 2072 2164 hoc
2092 2107 2150 2163 in
2165 2124 2222 2164 se
2243 2107 2504 2166 videlicet
2526 2127 2750 2168 servans
2771 2112 2921 2186 quod
2936 2130 3033 2187 per
3056 2131 3183 2171 eum
3213 2114 3438 2174 dicitur:
3468 2118 3572 2186 Qui

1966 2196 2091 2268 fecit
2112 2214 2229 2267 qua:
2255 2196 2446 2267 futura
2470 2207 2592 2255 sunt
2608 2202 2636 2270 (
2641 2202 2772 2257 Isai.
2806 2218 2937 2271 xuv,
2977 2204 3064 2271 11,
3096 2220 3193 2260 sec.
3226 2205 3421 2275 LXX).
3445 2206 3569 2261 Pul-

1968 2286 2055 2342 vis
2092 2285 2277 2359 itaque
2306 2293 2441 2344 tunc
2468 2287 2527 2344 in
2574 2298 2773 2346 terram
2806 2290 3091 2360 fundatur,
3123 2292 3254 2367 quia
3288 2292 3344 2349 in
3391 2293 3570 2350 solida

1969 2378 2220 2435 membra
2238 2379 2544 2438 reducitur.
2573 2383 2646 2439 Et
2666 2383 2835 2456 glebae
2854 2384 3306 2458 compinguntur,
3334 2386 3465 2461 quia
3483 2386 3564 2443 ni-

1971 2467 2175 2525 mirum
2197 2468 2359 2527 firma
2376 2487 2610 2545 corpora
2628 2490 2698 2529 ex
2715 2475 2942 2546 pulvere
2960 2476 3192 2533 collecta
3206 2483 3565 2549 consurgunt.

1969 2558 2075 2615 Sed
2104 2568 2397 2634 postquam
2429 2562 2597 2619 verba
2621 2563 2738 2621 haec
2766 2563 3046 2623 dominica
3075 2565 3352 2640 quomodo
3381 2567 3450 2624 de
3467 2566 3570 2623 fu-

1968 2655 2095 2705 turo
2123 2649 2482 2723 intelligenda
2509 2652 2621 2709 sint
2649 2654 2919 2724 diximus,
2948 2672 3098 2713 nunc
3139 2656 3303 2712 etiam
3333 2656 3469 2731 quid
3500 2654 3569 2712 de

1967 2738 2223 2812 presenti
2256 2740 2537 2798 insinuent
2570 2744 2896 2802 indicemus.

2041 2826 2063 2899 [
2077 2830 2181 2889 νει,
2214 2830 2340 2905 ΙΧ.]
2375 2832 2458 2889 19.
2492 2835 2747 2906 Reprobis
2774 2836 3169 2891 abscondantur
3195 2835 3441 2904 calestia,
3474 2852 3570 2891 re-

1969 2918 2214 2972 velantur
2241 2921 2429 2975 electis.
2451 2924 2665 2991 —Quis
2693 2924 2971 2978 enarrabit
2997 2926 3253 2980 caelorum
3282 2925 3564 2993 rationem,

1968 3012 2018 3061 et
2042 3014 2341 3063 concentum
2380 3011 2496 3064 εωιί
2525 3012 2643 3081 quis
2671 3012 2908 3068 dormire
2935 3012 3139 3082 faciet?
3178 3012 3455 3069 leornm
3486 3030 3566 3069 ra-

1966 3095 2176 3153 tionem
2207 3097 2476 3153 Dominus
2520 3108 2725 3168 narrat,
2778 3100 2910 3156 dum
2940 3117 3089 3158 nunc
3118 3100 3451 3159 insinuando
3480 3120 3566 3160 su-

1966 3201 2136 3258 perna
2156 3190 2300 3249 965
2323 3196 2531 3245 secreta
2555 3190 2854 3247 electorum
2875 3208 3101 3248 suorum
3131 3198 3343 3249 mentes
3361 3191 3565 3248 illumi-

1964 3290 2082 3337 nat.
2101 3282 2441 3341 Concentum
2459 3301 2589 3341 vero
2609 3286 2733 3343 coeli
2754 3286 2996 3343 dormire
3016 3287 3168 3355 facit,
3187 3286 3320 3344 dum
3341 3304 3564 3346 concor-

1965 3370 2060 3427 des
2088 3374 2405 3447 angelorum
2440 3373 2680 3446 bymnos
2715 3383 2879 3450 atque
2910 3376 3007 3432 illa
3033 3376 3341 3434 cmlestium
3390 3378 3564 3435 virtu-

1964 3468 2081 3515 tum
2112 3464 2309 3534 gaudia
2339 3464 2698 3535 reproborum
2728 3465 2987 3521 cordibus
3027 3466 3180 3537 justo
3203 3464 3419 3538 judicio
3448 3466 3565 3524 abs-

1965 3548 2173 3605 condit.
2207 3551 2313 3617 Qui
2343 3559 2643 3608 concentus
2671 3553 2819 3622 cceli,
2851 3555 3108 3627 quamvis
3136 3557 3194 3612 in
3224 3571 3281 3611 se
3310 3555 3564 3614 intrinse-

1964 3652 2062 3692 cus
2099 3637 2310 3709 vigilet,
2369 3639 2427 3693 in
2466 3640 2584 3711 ipsa
2631 3648 2815 3697 tamen
2863 3643 3224 3715 reproborum
3253 3644 3566 3717 ignorantia
3629 3708 3636 3717 η

1914 3735 1921 3743 ·
1965 3725 2310 3785 extrinsecus
2334 3728 2560 3784 dormit.
2597 3730 2903 3786 Enarratur
2940 3747 3072 3804 ergo
3101 3732 3298 3789 secreti
3326 3734 3565 3789 caelestis

1964 3813 2128 3881 ratio,
2156 3823 2211 3870 et
2240 3824 2425 3871 tamen
2456 3824 2758 3872 concentus
2785 3819 2911 3873 coeli
2941 3818 3184 3874 dormire
3200 3820 3561 3889 permittitur,

1965 3902 2095 3975 quia
2118 3910 2173 3958 et
2193 3902 2319 3959 aliis
2349 3919 2445 3975 per
2474 3903 2896 3975 inspirationem
2913 3920 3163 3977 superna
3184 3903 3564 3961 retributionis

1963 3990 2192 4047 scientia
2238 3991 2520 4065 panditur,
2562 4000 2617 4048 et
2654 3992 2779 4049 aliis
2825 4009 2947 4067 quae
2995 3992 3067 4050 sit
3109 3992 3343 4049 internae
3386 3993 3566 4051 laudis

1962 4084 2206 4140 suavitas
2230 4084 2562 4142 occultatur.

2033 4173 2121 4230 20.
2164 4174 2405 4232 Visibilia
2432 4173 2682 4245 reprobos
2722 4174 2804 4228 hic
2832 4180 3136 4245 morantur,
3159 4180 3363 4231 sanctos
3390 4182 3565 4232 autem

1961 4264 2035 4320 ad
2060 4265 2284 4321 meliora
2311 4268 2644 4338 compellunt.
2676 4295 2748 4307 —
2789 4266 3056 4323 Narratur
3103 4267 3370 4324 oculorum
3400 4267 3560 4336 ratio,

1961 4353 2093 4426 quia
2118 4355 2419 4412 electorum
2450 4354 2727 4411 mentibus
2760 4370 2882 4427 quae
2909 4356 2982 4413 sit
3010 4372 3375 4429 supernorum
3407 4357 3562 4413 retri-

254 4447 521 4505 Dominus
548 4447 716 4506 dicit:
760 4448 909 4505 Venit
935 4447 1067 4501 hora
1090 4463 1205 4501 cum
1214 4446 1336 4516 jam
1363 4462 1472 4501 non
1500 4447 1522 4481 ⁶
1553 4447 1610 4500 in
1632 4464 1851 4517 prover-
1881 4487 1931 4545 D
1961 4442 2119 4500 butio
2156 4443 2532 4500 indesinenter
2571 4444 2837 4515 aperitur,
2887 4454 2952 4502 ut
2979 4446 3248 4502 nimirum
3288 4446 3409 4501 sine
3451 4462 3563 4503 ces-

257 4534 347 4590 biis
366 4538 567 4610 loquar
594 4536 760 4603 vobis,
776 4536 865 4591 sed
878 4536 1066 4607 palam
1086 4535 1149 4589 de
1171 4535 1334 4590 Patre
1358 4535 1688 4590 annuntiabo
1710 4536 1852 4591 vobis
1882 4531 1928 4545 "
1958 4532 2171 4588 satione
2201 4531 2513 4604 proficiant,
2544 4539 2597 4588 et
2618 4538 3060 4591 transcurrentes
3090 4534 3331 4592 visibilia
3350 4552 3466 4593 sese
3494 4534 3564 4592 ad

255 4623 434 4692 (Joan.
476 4642 597 4694 va,
627 4624 745 4697 25).
775 4624 959 4679 Palam
993 4622 1196 4695 quippe
1225 4622 1293 4678 de
1332 4624 1493 4679 Patre
1521 4625 1850 4681 annuntiare
1958 4620 2266 4677 invisibilia
2295 4621 2613 4678 extendant.
2647 4621 2825 4679 Omne
2867 4623 3021 4680 enim
3052 4624 3276 4682 visibile
3305 4624 3455 4699 quod
3501 4623 3563 4680 in

258 4729 310 4768 se
336 4713 555 4782 asserit,
596 4713 728 4787 quia
756 4728 853 4786 per
881 4710 1204 4784 patefactam
1247 4719 1382 4767 tunc
1412 4709 1713 4782 majestatis
1740 4728 1851 4767 suae
1959 4710 2063 4768 hac
2086 4711 2201 4768 vita
2220 4712 2480 4785 reprobos
2510 4712 2650 4786 figit,
2677 4712 2784 4771 hoc
2804 4714 3008 4772 electos
3043 4716 3085 4750 ¹¹
3117 4714 3187 4772 ad
3218 4714 3327 4771 alia
3354 4713 3562 4785 impel—

333 4896 345 4928 '
384 4894 512 4951 Val.
557 4894 663 4963 CL,
696 4892 860 4950 Corb.
894 4893 1100 4960 Germ.,
1140 4908 1204 4948 ac
1246 4900 1358 4948 vet.
1406 4891 1511 4948 Ed.
1554 4892 1726 4949 Paris.
1759 4909 1849 4948 an.
2032 4895 2052 4928 ⁷
2084 4893 2173 4952 Sic
2201 4894 2461 4963 Vindoc.,
2499 4895 2697 4963 Laud.,
2726 4897 2850 4954 Val.
2901 4894 3007 4962 CL,
3056 4893 3302 4960 Ebroic.,
3355 4891 3563 4963 aliique

266 4965 417 5039 1518,
446 4976 503 5023 et
542 4962 788 5023 Barthol.
821 4981 911 5021 an.
946 4964 1103 5033 1494,
1132 4963 1427 5032 enarravit,
1449 4973 1504 5021 et
1532 4964 1611 5020 ita
1639 4981 1855 5036 semper
1961 4964 2149 5039 Norm.
2186 4966 2288 5022 Ubi
2314 4962 2486 5039 Editi,
2513 4984 2637 5024 cum
2669 4962 2833 5025 Corb.
2861 4968 3076 5039 Germ.,
3109 4966 3217 5039 ipse
3238 4962 3487 5039 genitori:

263 5034 419 5119 inf}?-
515 5107 532 5119 .
625 5108 720 5119 _--
758 5108 769 5119 .
837 5106 893 5119 η.
1761 5033 1776 5036 _
2026 5036 2058 5119 _‘
2084 5038 2305 5119 ῌρρᾳιιι.
2554 5046 2814 5119 corrupte
2860 5033 3074 5119 habent;
3111 5033 3258 5107 quod
3280 5033 3556 5119 orienduni

330 5107 556 5181 V’Laud.
588 5116 641 5164 et
669 5108 792 5181 val.
834 5106 942 5181 CL,
972 5124 1095 5162 caro
1136 5108 1465 5181 revertitur;
1532 5177 1548 5181 _
1656 5178 1680 5181 _
1964 5113 2057 5163 est.
2090 5107 2286 5163 Melius
2327 5118 2437 5181 vet.
2464 5109 2573 5181 Ep.
2623 5105 2795 5165 Paris.
2833 5117 2887 5181 et
2931 5105 3136 5181 Basili—
3168 5106 3309 5181 quod
3338 5105 3558 5181 oriendo

332 5180 353 5211 ³
410 5179 662 5252 Plerique
712 5179 839 5235 Mss.
891 5174 1380 5252 vis....._penetrat.
1427 5176 1591 5252 Corb.
1641 5178 1852 5246 Germ.,
1965 5185 2057 5252 est,
2108 5185 2172 5233 ut
2208 5178 2381 5235 estin
2423 5174 2550 5252 Mss.
2582 5181 2798 5252 Norm.,
2842 5177 3039 5246 Laud.,
3082 5174 3206 5235 Val.
3251 5174 3359 5246 CL,
3391 5174 3557 5234 Corb.

264 5257 458 5318 quanto
488 5249 676 5305 mentes
704 5256 915 5305 nostras
942 5267 1039 5306 sua
1084 5249 1275 5304 intima
1308 5249 1666 5305 illustrations
1704 5267 1856 5321 pene-
1966 5250 2178 5323 Germ”
2206 5258 2339 5323 etc.,
2360 5250 2563 5323 quibus
2590 5250 2955 5323 adhaeremus.

268 5325 392 5377 trat.
1705 5320 1719 5321 ί
2036 5322 2058 5355 9
2087 5320 2309 5377 Ebroic.
2340 5320 2395 5376 et
2425 5321 2586 5377 Corb.
2623 5322 2830 5388 Germ.,
2866 5326 2986 5375 tunc
3020 5320 3310 5376 dormiunt.

2043 5392 2087 5426 ¹⁰
2119 5390 2377 5463 Vindoc.,
2406 5409 2524 5463 quae
2549 5393 2721 5447 adhuc
2750 5398 2991 5446 ventura.

2043 5464 2083 5497 “
2117 5462 2340 5530 Pratel.,
2375 5462 2516 5520 Utic.
2546 5470 2599 5519 et
2628 5463 2744 5533 alii,
2778 5463 2849 5518 ad
2894 5464 3082 5531 aliam,
3109 5462 3322 5522 scilicet
3365 5463 3560 5521 vitam.

1968 5532 2131 5607 Corb.
2162 5534 2369 5607 Germ.,
2393 5550 2542 5590 omne
2567 5553 2648 5591 en.
2684 5532 2988 5607 “reprobis
3006 5532 3129 5605 fecit
3153 5535 3232 5607 (et
3246 5534 3303 5607 in
3316 5535 3564 5607 margine

2150 5604 2368 5661 diversa
2398 5607 2580 5677 lectio,
2617 5604 2863 5679 reprobos
2885 5604 3259 5679 νομὴ)...ἀά
3278 5604 3563 5663 αιίαηίίτη-

1967 5693 2029 5734 ne
2074 5695 2093 5732 ι
2119 5720 2135 5734 .

1962 5683 2135 5748 pellit.

338 5393 355 5424 ³
387 5392 467 5447 Ita
495 5392 691 5465 Pratel.
723 5391 927 5465 aliique
954 5392 1165 5457 Norm.,
1198 5390 1430 5465 Tui-om,
1460 5388 1656 5465 Laud,
1690 5388 1854 5465 Corb.

267 5461 450 5533 Germ.
484 5471 537 5519 et
568 5464 688 5520 Val.
714 5460 1065 5531 (lla—necnon
1097 5467 1206 5516 vet.
1239 5460 1413 5533 Editi,
1444 5477 1477 5516 a
1523 5460 1726 5533 quibus
1751 5460 1860 5517 de-

268 5532 511 5613 ficientes
551 5535 878 5591 recentiores
919 5533 1141 5599 habent,
1186 5531 1471 5587 orientibus
1522 5531 1569 5586 et
1616 5532 1859 5587 occiden—

269 5604 624 5750 ub'iuilindoc.
656 5685 710 5750 et
736 5678 811 5750 pl.
834 5677 1047 5750 Norm.,
1075 5674 1230 5750 quasi
1256 5674 1473 5750 quidam
1500 5675 1648 5730 nobis
1676 5691 1855 5731 sonus.

340 5748 362 5781 ⁶
390 5747 559 5805 Laud.
593 5756 647 5806 et
672 5746 834 5807 Corb.
866 5748 1073 5816 Germ.,
1106 5747 1159 5801 in
1184 5746 1479 5819 parabolis.
