4152 6182
570 252 678 311 535

1777 263 2027 324 SANCTI
2066 267 2405 331 GREGORII
2443 276 2669 336 MAGNI

3766 303 3867 361 536

570 371 2026 500 ῗἫίῗ.,ῗῖῗωὶὲῗῖΞῗὲἷῗῗξῗπηὶἷῗδυίθίι¹⁰λίη
2042 404 2168 449 ⁸¹¹¹¹¹
2199 395 2251 455 Α
2278 400 2534 456 charm“
2558 404 2997 500 οοηιιξίηθαηιιινη
3014 440 3087 453 -
3114 411 3249 482 Quis
3277 412 3335 471 in
3365 417 3592 488 pulvere
3617 423 3726 481 nisi
3754 442 3875 500 pec-

567 639 818 699 condidit
854 644 1048 716 praeire
1091 646 1465 706 considerant.
1512 651 1629 726 Loq
1654 652 1786 710 titur
1819 654 2021 729 quippe
2064 656 2172 717 hoc

567 730 648 788 eis
692 730 1070 793 intrinsecus‘
1112 735 1341 795 silenter
1385 754 1587 798 sonans
1636 742 1936 802 invisibilis
1985 745 2173 820 lingua

567 823 1030 896 compunctionis.
1059 825 1235 895 Quam
1263 834 1418 885 tanto
1440 828 1462 864 ³
1490 830 1709 903 plenius
1733 833 1887 892 intus
1913 836 2168 906 audiunt,

567 920 776 986 quanto
794 915 864 973 ab
884 917 1223 975 exteriorum
1252 918 1651 979 desideriorum
1684 924 1920 997 strepitu
1946 927 2172 998 perfec-

567 1002 681 1061 tius
707 1011 1050 1064 avertuntur.
1082 1007 1183 1065 His
1211 1008 1396 1083 itaque
1421 1020 1724 1070 concentus
1749 1012 1875 1071 cali
1906 1031 2018 1072 non
2048 1016 2169 1074 dor-

566 1092 692 1162 mit,
724 1094 855 1169 quia
879 1110 1070 1153 eorum
1104 1112 1261 1155 mens
1277 1112 1398 1173 quas
1418 1098 1490 1157 sit
1513 1100 1689 1160 laudis
1717 1119 1967 1176 superna
1988 1106 2168 1163 suavi-

564 1191 671 1253 tas,
690 1184 938 1257 apposita
954 1187 1158 1244 amoris
1175 1203 1328 1258 aure,
1344 1192 1647 1264 cognoscit.
1670 1193 1825 1251 Intus
1850 1195 1997 1252 enim
2021 1196 2169 1270 quod

564 1280 828 1344 appetunt
845 1273 1099 1345 audiunt,
1117 1286 1173 1336 et
1198 1276 1266 1336 de
1284 1279 1590 1340 cmlestium
1618 1282 1892 1342 bonorum
1922 1285 2168 1359 praemiis

561 1361 684 1435 ipso
712 1362 987 1452 desiderio
1015 1366 1341 1428 Divinitatis
1369 1372 1741 1432 instruuntur.
1766 1375 1921 1434 Unde
1951 1386 2007 1435 et
2033 1393 2166 1452 prae-

562 1460 773 1510 sentem
802 1451 977 1513 vitam
1011 1471 1123 1514 non
1143 1458 1324 1517 solum
1353 1460 1757 1534 adversantem,
1777 1464 1874 1521 sed
1902 1451 2066 1522 etiam
2089 1466 2167 1523 fa-

561 1551 783 1600 ventem
806 1543 1047 1616 graviter
1065 1547 1323 1618 tolerant,
1345 1550 1476 1624 quia
1503 1551 1583 1609 eis
1609 1569 1903 1612 onerosum
1926 1565 2009 1612 est
2036 1573 2170 1613 om—

561 1647 632 1689 ne
669 1631 819 1706 quod
857 1633 1122 1705 cernitur,
1168 1635 1303 1694 dum
1342 1638 1412 1695 ab
1446 1655 1513 1697 eo
1553 1641 1705 1714 quod
1746 1642 1901 1701 intus
1933 1644 2168 1703 audiunt

561 1721 918 1780 differuntur.
951 1724 1127 1781 Omne
1156 1725 1303 1800 quod
1330 1727 1437 1785 sibi
1482 1740 1681 1802 praesto
1708 1741 1791 1790 est
1816 1749 1980 1806 grave
2008 1736 2168 1793 msti-

562 1818 740 1880 mant,
772 1813 903 1885 quia
925 1812 1070 1871 illud
1096 1829 1211 1871 non
1240 1823 1322 1873 est
1347 1816 1419 1874 ad
1450 1818 1599 1891 quod
1627 1819 1926 1891 anhelant;
1960 1823 2165 1882 indesi-

559 1908 757 1958 nenter
780 1908 965 1959 autem
994 1918 1185 1960 eorum
1216 1920 1371 1963 mens
1399 1905 1534 1980 ipsis
1562 1911 1984 1984 temporalitatis
2016 1914 2166 1973 labo-

559 1987 715 2047 ribus
742 1988 885 2048 fessa
914 1991 975 2049 in
1003 1992 1145 2050 illud
1172 1995 1391 2054 cmleste
1418 1997 1680 2070 gaudium
1700 2003 2029 2061 resumenda
2046 2021 2164 2062 sus-

558 2076 841 2151 penditur,
898 2079 1054 2152 dum,
1112 2081 1171 2139 in
1224 2098 1355 2141 aure
1406 2086 1589 2145 cordis
1643 2088 1791 2147 intro
1839 2100 2161 2166 erumpente

558 2176 830 2227 concentu
855 2169 1005 2239 coeli,
1032 2170 1347 2230 societatem
1377 2174 1484 2233 sibi
1515 2178 1765 2251 quotidie
1793 2196 2158 2254 supernorum

558 2256 768 2316 civium
798 2259 1201 2333 praestolamur.
1233 2264 1341 2321 Iste
1369 2275 1675 2325 concentus
1701 2285 1951 2344 superum
1979 2272 2163 2331 laudis

562 2346 584 2382 ³
613 2348 673 2406 in
707 2348 861 2408 illius
888 2366 1020 2409 aure
1064 2362 1340 2427 eruperat,
1384 2356 1480 2431 qui
1511 2356 1758 2416 dicebat:
1792 2360 2077 2434 Ingrediar
2104 2363 2165 2418 in

562 2437 732 2495 locum
758 2440 1088 2500 tabernaculi
1112 2442 1468 2516 admirabilis,
1488 2463 1650 2520 usque
1667 2449 1738 2506 ad
1753 2450 1967 2507 domum
1983 2453 2084 2509 Dei
2102 2452 2161 2509 in

556 2545 676 2587 voce
702 2529 1075 2587 exsultationis
1101 2539 1150 2589 et
1186 2533 1547 2605 confessionis,
1577 2554 1737 2596 sonus
1764 2540 1993 2597 civitatis
2021 2559 2159 2615 epu—

559 2618 720 2675 lantis
751 2618 924 2690 (Psal.
956 2637 1072 2691 xu,
1094 2621 1175 2694 5).
1209 2622 1315 2692 Qui
1334 2623 1504 2697 igitur
1528 2626 1680 2684 intus
1708 2645 1900 2687 vocem
1920 2632 2159 2690 exsulta-

555 2705 728 2764 tionis
755 2716 810 2765 et
862 2710 1226 2767 confessionis
1266 2728 1330 2770 ac
1370 2730 1569 2772 sonum
1611 2716 1854 2775 civitatis
1880 2722 2161 2793 epulantis

556 2796 826 2869 audierat,
855 2799 991 2874 quid
1019 2800 1180 2858 illum
1215 2801 1368 2860 aliud
1394 2804 1504 2861 nisi
1533 2806 1657 2863 οωιὶ
1686 2818 1986 2867 concentus
2013 2813 2159 2870 exci-

556 2888 751 2947 tabat?

626 2978 716 3037 2l.
753 2978 1045 3038 Concentus
1085 2980 1335 3039 calorum
1377 3000 1412 3040 a
1434 2984 1626 3056 pravis
1669 3002 1777 3042 non
1812 2988 2056 3046 auditur.
2089 3021 2161 3034 —

553 3070 662 3140 Qui
690 3078 873 3130 tamen
919 3083 1222 3133 concentus
1257 3075 1508 3149 reprobis
1549 3076 1778 3149 dormit,
1808 3080 1938 3153 quia
1966 3094 2157 3138 eorum

553 3159 816 3218 cordibus
842 3178 1189 3236 nequaquam
1225 3180 1322 3236 per
1349 3181 1541 3223 vocem
1570 3168 2016 3240 compunctionis
2054 3171 2154 3226 in-

552 3249 808 3307 notescit.
837 3249 961 3307 Non
989 3250 1138 3307 enim
1172 3252 1519 3310 considerare
1548 3255 1702 3311 illam
1731 3256 2152 3315 desiderabilem

551 3352 917 3410 supernorum
933 3338 1142 3395 civium
1161 3339 1532 3413 frequentiam
1558 3343 1801 3415 student,
1820 3348 1976 3403 nullo
1995 3348 2153 3405 ardo-

552 3424 631 3484 ris
656 3424 811 3485 radio
840 3425 937 3484 illa
963 3428 1331 3486 solemnitatis
1360 3430 1592 3489 interna:
1619 3432 1758 3491 festa
1780 3437 2150 3509 conspiciunt,

551 3514 708 3573 nulla
733 3514 794 3573 in
821 3515 1036 3575 intimis
1063 3520 1552 3594 contemplationis
1572 3538 1750 3595 penna
1769 3523 2148 3584 sublevantur.

551 3605 695 3663 Solis
721 3621 960 3682 namque
978 3608 1298 3668 visibilibus
1317 3612 1588 3681 serviunt,
1604 3622 1661 3672 et
1678 3613 1887 3673 idcirco
1906 3614 2049 3673 nihil
2065 3634 2153 3674 su-

551 3712 735 3771 perna
762 3696 1053 3756 suavitatis
1082 3698 1420 3759 intrinsecus
1447 3701 1703 3774 audiunt,
1724 3704 1855 3778 quia
1881 3720 1994 3775 eos,
2010 3705 2155 3763 sicut

549 3785 802 3862 superius
829 3785 1100 3861 diximus,
1147 3789 1209 3848 in
1250 3806 1381 3848 aure
1422 3791 1605 3851 cordis
1630 3810 1890 3853 curarum
1918 3796 2158 3852 saecula-

548 3875 696 3934 rium
730 3876 884 3936 surdi
923 3881 1197 3938 tumultus
1225 3889 1505 3955 premunt.
1548 3881 1690 3950 Quia
1734 3883 1905 3957 igitur
1948 3883 2151 3942 occulti

549 3966 961 4040 dispensatione
992 3969 1195 4042 judicii
1236 3971 1385 4045 quod
1412 3972 1538 4029 aliis
1565 3974 1808 4046 aperitur
1834 3973 1961 4031 aliis
1987 3975 2151 4031 clau-

549 4055 720 4124 ditur,
750 4056 899 4129 quod
926 4057 1054 4115 aliis
1087 4059 1363 4130 detegitur
1407 4060 1533 4117 aliis
1579 4062 1908 4132 occultatur,
1936 4061 2154 4120 dicatur

548 4151 725 4200 recte:
760 4142 891 4211 Quis
908 4146 1185 4201 enarrabit
1210 4149 1463 4204 caelorum
1485 4149 1766 4219 rationem,
1789 4156 1840 4206 et
1854 4159 2154 4209 concentum

549 4231 665 4289 coeti
691 4230 812 4303 quis
839 4231 1076 4290 dormire
1103 4234 1304 4306 faciet?
1333 4236 1492 4304 Quod
1520 4244 1708 4295 tamen
1727 4247 1861 4297 tunc
1889 4241 2052 4298 nobis
2078 4243 2151 4299 la-

548 4323 663 4380 tius
691 4322 959 4394 innotuit,
988 4341 1114 4381 cum
1142 4325 1475 4400 Redemer
1519 4338 1706 4388 noster
1734 4347 1831 4405 per
1856 4331 2152 4407 dispensa-

548 4411 720 4471 tionis
748 4417 894 4477 966
931 4414 1259 4487 mysterium
1292 4432 1579 4491 apparens,
1610 4429 1665 4480 et
1693 4420 1937 4495 indignis
1975 4422 2152 4481 mise-

2282 496 2493 547 catores
2536 496 2860 567 accipimus,
2906 498 3003 572 qui
3046 500 3202 558 nullo
3249 504 3481 564 rationis
3512 496 3871 582 ponderevso-

2282 577 2438 635 lidati
2454 581 2749 654 cujuslibet
2766 587 3085 646 tentationis
3099 589 3230 649 ﬂatu
3251 577 3578 666 rapiuntur?
3591 602 3671 658 De
3685 603 3876 676 quibus
3932 606 3937 611 ”

2280 673 2544 745 scriptum
2575 683 2691 732 est:
2744 679 2864 735 Non
2891 680 2967 734 sic
3010 682 3165 753 impii
3217 701 3323 741 non
3364 687 3461 754 sic,
3504 691 3594 745 sed
3630 673 3875 767 tanquam

2274 762 2455 859 pulvis
2482 780 2634 835 quem
2656 766 2877 836 projicit
2896 775 3077 825 ventus
3102 790 3139 828 a
3166 771 3304 843 facie
3333 781 3492 835 terra:
3523 779 3699 851 (Psal.
3729 762 3770 852 ἶ,
3800 786 3875 859 5).

2280 851 2469 910 Pulvis
2496 871 2624 927 ergo
2653 855 2711 912 in
2741 865 2939 915 terram
2971 860 3235 920 fundatus
3264 874 3364 933 est,
3399 883 3525 925 cum
3565 851 3874 943 peccatores

2280 943 2462 999 vocati
2491 944 2550 1001 in
2579 946 2828 1004 Ecclesia
2850 949 3068 1007 traditae
3087 951 3217 1009 ﬁdei
3248 965 3382 1012 sunt
3401 958 3613 1015 ratione
3637 962 3876 1033 solidati,

2281 1033 2303 1067 ⁴
2332 1040 2391 1087 ut
2420 1034 2514 1107 qui
2544 1034 2699 1108 prius
2726 1036 3101 1098 inconstantia
3130 1043 3362 1102 mobiles
3394 1050 3724 1108 tentationis
3750 1069 3878 1111 aura

2279 1121 2620 1193 levabantur,
2640 1126 2953 1187 immobiles
2970 1132 3320 1204 postmodum
3343 1146 3533 1195 contra
3549 1147 3880 1200 tentamenta

2278 1214 2657 1285 consisterent,
2680 1226 2734 1275 et
2753 1220 2867 1276 Deo
2886 1234 3301 1292 perseveranter
3324 1226 3681 1299 inhaerentes,
3708 1230 3878 1290 fixum

2276 1304 2417 1364 bene
2444 1305 2671 1364 vivendi
2689 1310 2904 1382 pondus
2929 1320 3198 1373 tenerent.
3229 1316 3417 1375 Glebaa
3439 1335 3572 1377 vero
3593 1337 3663 1378 ex
3683 1321 3880 1380 humo-

2278 1411 2336 1453 re
2364 1398 2724 1471 coagulantur
2748 1410 2802 1458 et
2820 1403 3066 1474 pulvere.
3099 1406 3160 1461 In
3190 1405 3295 1464 hac
3324 1408 3510 1483 itaque
3535 1418 3684 1468 terra
3710 1412 3880 1486 glebas

2277 1489 2300 1525 ⁸
2332 1500 2625 1565 compacta)
2655 1500 2806 1562 sunt,
2838 1495 2967 1567 quia
2995 1496 3177 1553 vocati
3206 1508 3520 1570 peccatores
3549 1511 3604 1558 et
3632 1519 3729 1575 per
3755 1502 3874 1576 Spi-

2277 1578 2418 1639 ritus
2444 1581 2621 1640 sancti
2651 1583 2880 1656 gratiam
2911 1584 3081 1642 infusi
3114 1586 3171 1643 in
3201 1587 3524 1647 collectione
3550 1601 3677 1650 sunt
3697 1591 3878 1650 chari-

2276 1670 2404 1728 tatis
2434 1670 2599 1728 uniti.
2624 1672 2745 1730 Istae
2766 1673 2936 1746 glebae
2956 1674 3015 1732 in
3035 1683 3183 1735 terra
3210 1689 3503 1752 compacta
3532 1689 3683 1750 sunt,
3706 1697 3877 1755 quan-

2199 1766 2246 1827 B
2277 1758 2347 1816 do
2376 1761 2566 1834 populi
2596 1762 2690 1835 qui
2720 1763 2875 1836 prius
2895 1766 3051 1840 quasi
3074 1768 3133 1824 in
3161 1767 3501 1843 dispersione
3520 1770 3771 1844 pulveris
3798 1769 3881 1827 di.

2275 1865 2431 1906 versa
2459 1851 2794 1922 sentiebant,
2827 1857 3203 1928 postmodum,
3235 1859 3414 1918 sancti
3444 1860 3684 1934 Spiritus
3702 1859 3881 1932 gratia

2273 1948 2512 2013 accepta,
2546 1941 2603 1996 in
2651 1941 2748 2000 illa
2776 1944 3124 2015 pacatissima
3152 1949 3540 2007 unanimitatis
3582 1947 3880 2007 concordia

2272 2036 2668 2100 convenerunt,
2709 2039 2772 2088 ut
2800 2049 2924 2090 cum
2955 2045 3137 2093 essent
3163 2037 3271 2094 tria
3300 2038 3496 2107 millia,
3533 2041 3622 2095 vel
3655 2055 3881 2096 rursum

2274 2120 2518 2196 quinque
2561 2121 2759 2191 millia,
2803 2122 3085 2196 Scriptura
3125 2132 3377 2194 testante,
3428 2125 3712 2185 diceretur
3752 2128 3886 2200 quia

2272 2216 2390 2266 erat
2416 2211 2473 2266 in
2499 2211 2573 2267 eis
2600 2227 2692 2267 cor
2719 2228 2883 2267 unum
2909 2219 2957 2269 et
2974 2213 3156 2269 anima
3186 2231 3296 2271 una
3324 2214 3473 2286 (Act.
3506 2234 3587 2285 1v,
3617 2216 3742 2284 32).
3776 2217 3881 2272 Has

2272 2298 2456 2371 glebas
2500 2315 2571 2357 ex
2618 2316 2729 2357 uno
2774 2301 2996 2374 quidem
3042 2303 3291 2374 pulvere,
3322 2304 3419 2360 sed
3465 2304 3623 2377 quasi
3662 2302 3882 2361 diversa

2272 2389 2415 2445 mole
2435 2388 2724 2447 distinctas
2740 2390 2987 2464 quotidie
3015 2391 3288 2449 Dominus
3309 2393 3370 2448 in
3386 2401 3532 2449 terra
3546 2392 3874 2465 compingit,

2272 2478 2421 2553 quia,
2468 2489 2685 2537 servata
2730 2479 2942 2537 unitate
2971 2482 3323 2550 sacramenti,
3361 2481 3527 2556 juxta
3555 2484 3874 2541 varietatem

2272 2584 2490 2625 morum
2519 2577 2682 2642 atque
2712 2568 3024 2641 linguarum
3054 2569 3245 2626 ﬁdeles
3280 2571 3337 2628 in
3367 2572 3618 2629 Ecclesia
3647 2572 3874 2646 populos

2270 2659 2501 2732 colligit.
2536 2659 2646 2715 Has
2675 2658 2858 2732 glebas
2893 2657 3009 2732 jam
3052 2665 3185 2716 tunc
3232 2660 3502 2719 Dominus
3538 2661 3867 2735 designavit,

2270 2750 2490 2824 quando
2518 2750 2587 2807 ad
2615 2765 2769 2807 esum
2800 2750 2956 2824 panis
2986 2761 3038 2809 et
3056 2751 3290 2824 piscium
3321 2753 3738 2827 quinquagenos
3766 2751 3873 2809 dis-

2268 2840 2527 2897 cumbere
2559 2841 2649 2898 vel
2677 2848 2937 2899 centenos
2960 2840 3129 2913 jussit
3162 2842 3369 2915 (Matth.
3403 2859 3523 2911 xxv,
3558 2843 3646 2911 19,
3677 2842 3799 2915 20).

2338 2981 2427 3040 23.
2456 2983 2523 3039 In
2549 2981 2788 3039 Ecclesia
2807 2981 3004 3038 diversi
3022 2988 3150 3038 sunt
3167 2982 3396 3040 ordines.
3413 3012 3483 3025 —
3508 2982 3655 3051 Quas
3679 2992 3869 3041 tamen

2268 3071 2451 3144 glebas
2479 3073 2527 3128 si
2556 3071 2617 3128 in
2636 3071 2885 3129 Ecclesia
2903 3088 2973 3128 ex
2993 3071 3315 3130 diversitate
3343 3071 3663 3130 meritorum
3694 3082 3870 3131 atten-

2266 3161 2471 3232 dimus,
2492 3162 2721 3219 fortasse
2749 3161 2932 3219 adhuc
2951 3161 3295 3235 distinguere
3313 3162 3575 3220 subtilius
3594 3164 3867 3222 valemus.

2260 3254 2395 3310 Nam
2417 3252 2549 3310 dum
2571 3251 2713 3308 alius
2736 3260 2817 3308 est
2837 3250 2973 3307 ordo
2992 3251 3433 3324 praedicantium,
3467 3253 3611 3310 alius
3640 3253 3872 3311 audito-

2262 3359 2406 3409 rum;
2437 3341 2579 3398 alius
2606 3341 2937 3414 regentium,
2969 3350 3133 3415 atque
3152 3342 3297 3399 alius
3314 3342 3666 3401 subditorum
3692 3363 3708 3413 ;
3733 3345 3871 3402 alius

2260 3431 3307 3506 conjugum,aliuscontinentium,alius
3318 3433 3866 3507 pmnitentium,alius

2260 3524 2719 3598 virginum;quasi
2731 3537 2802 3580 ex
2820 3539 2927 3580 una
2939 3531 3079 3580 terra
3089 3525 3393 3583 estdiversa
3404 3526 3680 3598 glebarum
3691 3526 3866 3583 forma

2260 3615 2677 3685 distincta,dum
2698 3615 2755 3671 in
2775 3630 2885 3671 una
2897 3614 3025 3684 ﬁde,
3035 3615 3091 3671 in
3108 3631 3219 3673 una
3230 3615 3498 3674 cbaritate
3518 3616 3762 3690 disparia
3773 3615 3860 3673 de-

2262 3713 2638 3763 monstrantur
2656 3704 2795 3761 bene
2816 3703 3161 3777 operantium
3186 3705 3404 3764 merita.
3428 3708 3538 3765 Has
3558 3707 3745 3781 glebas
3764 3724 3864 3781 po-

2261 3793 2529 3867 pulusille
2548 3791 2904 3866 signiﬁcavit,
2925 3793 3023 3866 qui
3039 3792 3111 3850 ad
3130 3796 3603 3854 constructionem
3618 3796 3860 3854 taberna-

2260 3884 2372 3941 culi
2389 3882 2492 3940 sub
2503 3898 2614 3939 uno
2628 3881 2813 3939 studio
2825 3881 3041 3938 diversa
3051 3882 3283 3941 donaria
3297 3885 3595 3955 obtulit,de
3607 3904 3721 3962 quo
3737 3886 3864 3946 scri-

2261 3983 2415 4048 ptum
2435 3982 2517 4031 est
2540 3988 2552 4027 :
2588 3971 2861 4042 Quidquid
2887 3971 2946 4027 in
2972 3973 3174 4030 cultum
3194 3976 3215 4011 ⁶
3244 3975 3575 4035 tabernaculi
3601 3983 3650 4033 et
3666 3978 3743 4034 ad
3762 3991 3860 4032 ves-

2262 4068 2332 4119 tes
2358 4069 2566 4119 sanctas
2593 4063 2946 4119 necessarium
2972 4070 3110 4134 erat,
3129 4065 3238 4122 viri
3262 4083 3379 4122 cum
3404 4067 3716 4124 mulieribus
3728 4082 3865 4140 prai-

2261 4152 2506 4223 buerunt,
2535 4152 2787 4208 armillas
2804 4158 2854 4208 et
2878 4152 3113 4219 inaures,
3130 4156 3360 4213 annulos
3383 4161 3433 4212 et
3450 4156 3741 4226 dextratia,
3757 4171 3860 4212 om-

2258 4259 2324 4300 ne
2349 4259 2443 4299 vas
2480 4258 2706 4299 aureum
2731 4241 2790 4298 in
2819 4242 3050 4301 donaria
3077 4245 3297 4302 Domini
3316 4253 3621 4319 separatum
3657 4253 3753 4303 est.
3805 4243 3860 4302 Si

2259 4332 2377 4405 quis
2392 4332 2576 4389 habuit
2588 4332 2947 4405 hyacinthum,
2959 4352 3286 4408 purpuram,
3308 4354 3615 4410 caecumque
3639 4337 3717 4394 bis
3736 4338 3856 4393 tinc-

2260 4428 2390 4492 tum,
2408 4423 2617 4495 byssum
2631 4428 2679 4479 et
2691 4424 2835 4496 pilos
2861 4441 3159 4498 caprarum
3191 4426 3398 4498 (Exod.
3420 4445 3596 4497 xxxv,
3620 4427 3741 4501 22),
3762 4434 3863 4483 etc.

546 4510 845 4569 ricordiam
874 4513 1130 4586 praebuit,
1161 4523 1217 4573 et
1244 4533 1337 4575 eos
1365 4534 1397 4575 a
1425 4535 1483 4577 se
1507 4520 1604 4595 qui
1632 4520 1787 4595 digni
1817 4521 2151 4581 videbantur

2328 4512 2418 4571 24.
2460 4513 2691 4585 Singuli,
2719 4514 2793 4570 ad
2819 4516 3070 4573 Ecclesia:
3097 4518 3300 4574 cultum
3335 4498 3700 4590 implendum,
3721 4518 3856 4574 dona

545 4600 803 4659 exclusit.
836 4601 992 4660 Unde
1020 4602 1112 4663 hic
1140 4622 1358 4682 quoque
1385 4618 1509 4681 apte
1537 4609 1924 4685 subjungitur:

885 4737 1113 4800 CAPUT
1143 4741 1219 4799 VI
1250 4738 1389 4816 [γει.
1422 4745 1492 4812 X,
1528 4746 1648 4804 Bec.
1689 4745 1806 4821 VI].

612 4847 785 4906 Vnus.
816 4846 905 4907 38.
938 4878 1007 4893 —
1038 4852 1261 4920 Quando
1289 4851 1623 4924 fundabatur
1643 4856 1824 4929 pulvis
1844 4856 1902 4913 in
1922 4862 2142 4928 terram,

540 4942 590 4992 et
612 4938 772 5010 glebae
796 4939 1278 5014 compingebantur.

609 5044 699 5102 22.
738 5047 1041 5104 Peccatores
1071 5050 1290 5122 pulveri
1320 5048 1540 5117 similes,
1578 5052 1811 5123 quolibet
1840 5055 2140 5112 tentationis

538 5134 674 5204 ﬂatu
698 5137 1009 5210 rapiuntur.
1043 5139 1278 5212 Spiritus
1324 5141 1493 5197 sancti
1517 5141 1697 5213 gratia
1738 5143 2063 5212 solidantur,
2094 5152 2142 5203 et

616 5327 827 5406 ἣρω-1).
845 5331 1057 5406 Germ,
1078 5333 1301 5406 Pratel.,
1325 5334 1492 5406 Utie,
1518 5335 1641 5393 Val.
1665 5333 1772 5403 CL,
1790 5336 1988 5406 Laud.,
2007 5348 2134 5405 etc.,

541 5397 871 5478 itababent.
901 5402 1007 5478 Ubi
1036 5397 1323 5478 legiturin
1349 5397 1550 5475 Edit'is,
1574 5407 1716 5478 quod
1732 5397 1947 5464 silenter
1960 5397 2134 5467 sonat:

615 5438 621 5452 .
648 5420 871 5459 nanent.
905 5420 1007 5460 UDl
1038 5420 1087 5460 le
1125 5420 1238 5462 ιιιιι·
1264 5421 1323 5462 ιη
1349 5420 1550 5475 battis,
1574 5420 1716 5478 quoa
1732 5420 1947 5464 menter
1960 5426 2065 5466 sam

615 5464 836 5563 ξῖέέἓίὲ·
865 5481 929 5563 εἶὶ
950 5420 1207 5563 WE“?
1242 5477 1431 5563 "93!“-
1475 5549 1486 5561 .
1939 5553 1992 5563 --
2030 5553 2065 5563 ..

613 5539 636 5626 ξ
666 5539 1262 5626 ϐἱιῃ.νβῑ“εθςιιθηὶθξ
1291 5548 1712 5626 Ed.,-in__illius
1758 5568 1894 5608 vove.
1939 5553 2138 5610 Melius

538 5618 748 5697 veteres
766 5612 921 5697 Edit:
945 5612 1116 5675 Paris.
1140 5627 1198 5697 et
1222 5612 1416 5697 Bas_il.,
1432 5620 1484 5697 in
1504 5622 1652 5677 illius
1680 5640 1853 5697 aure;
1883 5640 2002 5697 quae
2025 5641 2135 5679 ma-

540 5682 622 5769 gis
651 5682 929 5769 ccbmrent
955 5702 1079 5769 cum
1110 5682 1581 5761 antecedentibus,
1610 5709 1673 5751 ac
1694 5695 1753 5751 in
1783 5682 1915 5752 Mss:
1946 5696 2135 5769 legun-

539 5763 631 5811 tur
657 5755 843 5813 Norm.
876 5764 931 5814 et
958 5756 1101 5815 aliis.

2258 4605 2507 4676 oﬂ'erunt.
2542 4634 2615 4646 —
2656 4605 2720 4662 In
2747 4613 3071 4663 ornamento
3101 4623 3230 4679 ergo
3262 4606 3609 4664 tabernaculi
3636 4607 3751 4665 viri
3777 4604 3864 4663 do-

2255 4708 2328 4749 na
2355 4708 2483 4750 cum
2514 4693 2841 4751 mulieribus
2870 4693 3129 4764 offerunt,
3153 4695 3283 4771 quia
3311 4696 3370 4752 in
3399 4696 3676 4768 explenda
3707 4696 3860 4756 cultu

2254 4791 2456 4840 sanctae
2500 4783 2780 4853 Ecclesiae,
2831 4792 2886 4842 et
2933 4785 3160 4842 fortium
3212 4786 3359 4844 facta
3389 4786 3671 4855 sublimia,
3704 4795 3759 4845 et
3788 4786 3863 4842 in-

2253 4870 2541 4929 ﬁrmorum
2571 4888 2737 4946 opera
2781 4882 3029 4932 extrema
3075 4885 3458 4933 numerantur.
3499 4876 3645 4946 Quid
3671 4885 3854 4935 autem

2252 4977 2348 5035 per
2373 4961 2618 5019 armillas
2646 4978 2767 5036 qua:
2787 4962 3021 5022 lacertos
3039 4965 3356 5039 astringunt
3387 4966 3496 5023 nisi
3526 4967 3855 5040 praeposito-

2250 5067 2372 5107 rum
2412 5051 2595 5108 valide
2625 5052 2997 5111 laborantium
3045 5072 3209 5128 opera
3241 5055 3746 5114 demonstrantur?
3794 5055 3861 5111 Et

2253 5139 2388 5212 quid
2416 5155 2512 5213 per
2541 5140 2761 5199 inaures
2792 5142 2899 5199 nisi
2928 5143 3277 5202 subditorum
3321 5145 3641 5202 obedientia
3673 5142 3854 5218 expri-

2321 5340 2342 5413 ξ
2368 5339 3011 5413 μοηείρηῴαιμᾳιιίμρνὲιιε
3042 5342 3099 5397 in
3125 5343 3440 5399 conscientia
3474 5343 3708 5399 mobiles.

2321 5356 2342 5374 ο
2368 5356 2484 5396 non
2525 5357 2625 5413 lp.,
2656 5356 2714 5395 ut
2739 5357 2833 5411 qui
2859 5357 3011 5411 prius
3042 5359 3099 5397 in
3125 5356 3440 5399 conscientia
3474 5356 3708 5399 mobtles.

2318 5411 2340 5446 ⁸
2370 5356 2782 5495 ιβυὲ.,’βοιζ1).
2822 5411 3006 5495 Germ.
3041 5423 3095 5495 et
3140 5415 3264 5471 Val.
3306 5413 3415 5483 CL,
3466 5414 3861 5495 compinctreza

2244 5483 2554 5558 compingo.
2589 5482 2955 5558 Ita_de_inceps
2983 5485 3183 5556 legitur
3210 5482 3442 5558 semper.
3476 5487 3536 5542 In
3558 5482 3857 5543 nonnullis

2408 5553 2648 5647 maxime
2676 5554 2733 5609 in
2762 5553 3272 5647 vati.c.,ﬂc6rrupte,
3304 5553 3644 5647 cbmpunctce.

2316 5626 2512 5754 “lDEeist
2533 5625 2859 5689 tabernaculi
2881 5627 2937 5683 in
2962 5626 3123 5684 Corb.
3147 5625 3624 5698 Germ.,Vindoc.,
3644 5625 3798 5685 Laud
3812 5668 3850 5694 .,

2316 5713 2331 5751 ι
2360 5738 2372 5753 .
2476 5739 2488 5752 .

2246 5696 2372 5754 Val.
2403 5696 2488 5754 Cl.
