4152 6182
328 301 425 360 537

1026 314 1398 377 MORALIUM
1436 321 1569 380 LIB.
1616 322 1800 384 XXX.
1844 357 1916 371 —
1951 329 2028 388 IN
2064 330 2291 393 CAPUT
2328 336 2620 398 XXXVIII
2662 342 2726 398 B.
2767 344 2909 402 JOB.

3526 363 3633 422 538

327 432 495 548 mitu:
507 432 724 548 Σιριήὰ
764 452 862 511 per
889 443 1121 502 annulos
1151 445 1260 503 nisi
1290 446 1637 522 signaculum
1668 465 1916 513 secreto-
1940 462 1992 520 A
2018 462 2327 522 animarum
2351 466 2566 525 lucrum
2587 471 2887 531 esurientia
2908 479 3286 548 apostolorum
3311 495 3442 545 vota
3468 490 3633 547 satia-

325 538 449 616 rum
463 522 492 579 ‘P
505 523 839 616 Plerumque
851 531 1000 589 enim
1024 536 1276 608 magistri
1295 539 1515 612 signant
1529 544 1672 616 quod
1690 546 1758 602 ab
1771 548 1923 606 audi-

322 611 539 669 toribus
558 615 679 687 capi
700 633 811 673 non
843 635 999 691 posse
1018 611 1392 686 considerant.
1423 632 1494 687 Et
1515 611 1648 706 quid
1670 650 1765 706 per
1792 636 1923 694 dex-

324 710 483 766 tralia
502 710 610 766 nisi
633 713 825 783 prima;
841 720 1176 790 operationis
1187 737 1509 787 ornamenta
1524 726 1668 787 967
1686 734 1702 767 ¹
1722 749 1925 791 memo-

323 808 516 857 rantur
534 800 563 858 ?
592 800 737 869 Quid
768 820 864 876 per
889 823 985 864 vas
1013 826 1237 869 aureum
1261 814 1317 869 in
1343 815 1572 874 donaria
1590 822 1813 878 Domini
1843 841 1920 880 se-

323 899 567 965 paratum
608 895 714 952 nisi
746 895 1059 959 divinitatis
1088 904 1459 984 intelligentia
1489 914 1776 985 accipitur,
1802 932 1921 989 quae

322 990 474 1041 tanto
500 984 522 1019 ³
552 983 623 1040 ab
657 986 980 1046 inferiorum
1013 1008 1198 1052 amore
1226 983 1587 1072 disjungitur,
1610 983 1835 1077 quanto.
1854 1005 1923 1063 ad

320 1075 434 1131 sola
452 1090 574 1147 quae
595 1083 799 1133 aeterna
817 1088 947 1135 sunt
963 1085 1199 1141 amanda
1222 1075 1798 1162 sublevanturtQuid
1825 1112 1922 1168 per

316 1162 686 1237 hyacinthum
709 1167 819 1223 nisi
838 1185 961 1241 spes
973 1174 1279 1232 ccelestium
1301 1177 1329 1233 7
1342 1178 1487 1247 Quid
1510 1198 1607 1253 per
1621 1162 1919 1257 purpuram

317 1255 425 1312 nisi
456 1272 625 1313 cruor
649 1274 715 1315 ac
742 1261 1031 1320 tolerantia
1064 1267 1381 1337 passionum
1408 1288 1593 1330 amore
1621 1255 1773 1347 regni
1803 1294 1919 1349 per-

317 1346 467 1419 petui
486 1345 743 1404 exhibita
762 1348 791 1405 ?
816 1350 888 1407 Et
908 1353 1043 1426 quid
1068 1372 1166 1428 per
1187 1356 1273 1414 bis
1293 1360 1531 1418 tinctum
1554 1345 1779 1422 coccum
1803 1345 1920 1423 nisi

314 1435 556 1493 cbaritas
582 1436 1009 1514 demonstratur,
1046 1462 1167 1519 quae
1201 1466 1300 1521 pro
1330 1453 1668 1524 perfectione
1696 1456 1782 1514 bis
1814 1458 1918 1514 tin-

314 1524 483 1597 gitur,
496 1525 630 1599 quia
648 1528 745 1583 Dei
762 1538 816 1585 et
835 1534 1075 1602 proximi
1095 1534 1396 1596 dilectione
1420 1541 1715 1601 decoratur
1730 1547 1757 1603 ‘I
1774 1546 1918 1615 Quid

311 1632 408 1690 per
440 1616 670 1690 byssum
698 1618 807 1675 nisi
836 1620 1189 1683 immaculata
1217 1630 1397 1686 carnis
1428 1631 1771 1707 incorruptio
1793 1635 1820 1692 ?
1846 1637 1919 1694 Et

312 1705 447 1779 quid
478 1723 576 1779 per
602 1708 745 1781 pilos
772 1726 1095 1782 caprarum,
1111 1732 1181 1772 ex
1203 1718 1405 1788 quibus
1429 1705 1743 1780 ciliciorum
1766 1742 1914 1797 aspe-

310 1795 448 1853 ritas
468 1797 696 1867 texitur,
720 1798 827 1856 nisi
852 1800 991 1858 dura
1010 1806 1397 1876 pcenitentium
1419 1809 1648 1868 aﬁlictio
1666 1795 1913 1886 designa-

309 1891 403 1941 tur
418 1885 449 1943 εἰ
469 1886 611 1943 Dum
629 1886 799 1960 igitur
815 1890 912 1947 alii
933 1908 1029 1964 per
1048 1895 1290 1952 armillas
1313 1907 1365 1954 et
1384 1900 1621 1958 annulos
1639 1901 1781 1960 forte
1799 1885 1912 1960 rma-

309 1975 600 2048 gisterium
621 1987 896 2049 exercent,
915 1981 1010 2037 alii
1037 2000 1134 2057 per
1148 1984 1366 2045 inaures
1386 1998 1441 2046 et
1460 1988 1735 2048 dextralia
1749 1993 1913 2051 devo-

306 2071 423 2121 tam
455 2064 825 2125 obedientiam
865 2080 1176 2147 rectamque
1217 2078 1591 2148 operationem
1621 2080 1908 2152 exhibent,

304 2154 403 2210 alii
437 2171 536 2228 per
562 2166 872 2229 separatum
901 2177 997 2217 vas
1023 2179 1252 2220 aureum
1294 2169 1611 2239 praeclaram
1643 2171 1912 2228 subtilio-

303 2259 535 2319 remque
564 2247 663 2303 Dei
692 2248 1115 2324 intelligentiam
1144 2262 1370 2325 tenent;
1414 2259 1512 2314 alii
1542 2276 1638 2332 per
1668 2261 1912 2334 hyacin—

300 2332 490 2404 thum,
515 2353 817 2410 purpuram
839 2348 891 2397 et
919 2358 1163 2413 coccum,
1184 2346 1371 2403 audita
1400 2348 1644 2406 caelestia
1672 2332 1908 2423 sperare,

300 2425 553 2494 credere,
581 2444 764 2484 amare
794 2446 905 2486 non
936 2431 1217 2503 desinunt,
1239 2436 1401 2493 etiam
1425 2455 1545 2511 quae
1575 2440 1757 2498 adhuc
1785 2442 1909 2499 sub-

295 2514 486 2571 tiliori
516 2515 804 2573 intellectu
830 2518 1057 2574 minime
1079 2535 1433 2593 cognoscunt,
1452 2527 1550 2583 alii
1571 2544 1666 2598 per
1684 2528 1910 2601 byssum

294 2604 787 2675 incorruptionem
818 2607 999 2663 carnis
1032 2609 1307 2680 oﬁ'erunt;
1359 2614 1454 2669 alii
1502 2632 1598 2688 per
1626 2634 1907 2690 caprarum

292 2693 455 2766 pilos
491 2692 777 2765 deplorant
814 2712 1001 2768 aspere
1032 2701 1177 2772 quod
1219 2702 1451 2761 libenter
1479 2708 1904 2779 commiserunt;

290 2781 466 2855 quasi
514 2798 585 2838 ex
632 2800 740 2841 una
781 2794 926 2842 terra
967 2788 1270 2849 innumerae
1311 2794 1482 2865 gleba
1529 2797 1905 2871 proferuntur,

291 2871 433 2946 quia
465 2886 535 2926 ex
566 2888 678 2929 uno
699 2882 753 2930 et
779 2875 899 2946 pari
930 2876 1194 2952 obsequio
1219 2882 1361 2939 facta
1385 2884 1635 2942 ﬁdelium
1667 2888 1909 2962 disparia

292 2959 628 3035 procedunt.
658 2961 789 3029 Quae
814 2963 1081 3023 nimirum
1108 2970 1278 3041 glebae
1308 2988 1651 3049 nequaquam
1684 2959 1908 3038 concre-

292 3058 359 3108 tze
390 3067 466 3108 ex
496 3051 725 3123 pulvere
745 3064 1048 3126 surgerent,
1068 3058 1177 3114 nisi
1197 3076 1395 3133 aquam
1425 3064 1579 3136 prius
1608 3068 1793 3140 pulvis
1822 3087 1907 3128 ac-

1946 1828 1993 1889 B

291 3139 528 3213 ciperet,
561 3148 615 3196 et
645 3151 911 3216 concepto
950 3160 1005 3200 se
1035 3144 1268 3204 humore
1302 3151 1579 3223 solidaret,
1610 3139 1763 3229 quia
1797 3159 1905 3216 nisi
1936 3186 1979 3247 ο

291 3239 613 3304 peccatores
634 3248 879 3307 quosque
899 3237 1075 3293 sancti
1096 3236 1334 3311 Spiritus
1357 3244 1531 3315 gratia
1561 3245 1899 3319 infunderet,

291 3319 627 3378 constrictos
658 3337 751 3405 eos
792 3322 862 3379 ad
904 3323 1034 3381 ﬁdei
1065 3343 1227 3399 opera
1257 3329 1545 3390 charitatis
1575 3337 1759 3394 unitas
1788 3356 1900 3396 non

292 3418 529 3468 teneret.
556 3411 787 3479 Quando
815 3412 985 3485 igitur
1003 3417 1274 3475 Dominus
1295 3422 1315 3456 ³
1339 3424 1615 3482 enarrabit
1634 3429 1898 3487 caelorum

291 3503 591 3571 rationem,
605 3494 693 3559 vel
716 3514 1042 3562 concentum
1060 3509 1183 3565 cceli
1205 3508 1447 3570 dormire
1468 3514 1648 3585 faciet,
1667 3519 1896 3588 aperiat.

288 3593 387 3653 Ait
413 3595 612 3652 enim:
652 3597 874 3665 Quando
903 3597 1240 3669 fundebatur
1276 3605 1457 3676 pulvis
1502 3607 1559 3662 in
1590 3616 1810 3677 terram,
1853 3618 1900 3667 et

288 3686 457 3758 glebis
486 3686 963 3759 compingebantur.
997 3689 1078 3745 Ac
1104 3690 1152 3746 si
1182 3690 1388 3750 diceret
1418 3712 1430 3749 :
1474 3694 1627 3754 Tunc
1654 3699 1897 3770 primum

290 3774 589 3834 vocatione
608 3784 661 3833 et
689 3776 1026 3835 discretione
1046 3780 1360 3851 manifesta,
1389 3794 1595 3842 secreta
1626 3788 1899 3861 spiritalia

288 3874 342 3922 et
388 3879 511 3921 non
552 3865 671 3923 sine
717 3867 1100 3925 misericordia
1136 3870 1264 3927 aliis
1294 3874 1509 3945 aperui,
1548 3884 1602 3933 et
1640 3892 1751 3933 non
1779 3878 1899 3935 sine

283 3953 510 4026 justitia
528 3956 655 4014 aliis
672 3957 866 4026 clausi,
890 3975 1016 4016 cum
1037 3959 1177 4017 alios
1204 3978 1540 4036 respuerem,
1561 3973 1616 4022 et
1642 3966 1780 4025 alios
1814 3969 1895 4025 in-

289 4053 370 4102 tra
395 4045 712 4102 Ecclesiam
740 4047 1037 4105 concordia
1079 4049 1366 4109 charitatis
1396 4053 1717 4113 adunarem.
1765 4057 1895 4125 Quae

288 4144 483 4193 sancta
510 4135 759 4194 Ecclesia
801 4136 930 4210 quia
971 4153 1003 4192 a
1042 4139 1273 4211 perﬁdia
1303 4142 1619 4201 Judzeorum
1654 4147 1893 4219 repulsa,

290 4223 353 4280 ad
382 4224 683 4298 rapiendas
710 4233 900 4298 gentes
919 4242 975 4283 se
994 4230 1253 4298 contulit,
1277 4240 1439 4304 atque
1469 4233 1526 4290 in
1547 4252 1646 4291 suo
1667 4252 1894 4310 corpore

289 4312 712 4383 convertendae,
746 4315 893 4388 quod
939 4316 1164 4390 quidem
1208 4336 1323 4377 non
1353 4323 1489 4390 suis,
1533 4324 1627 4382 sed
1668 4327 1894 4384 Domini

289 4403 509 4461 viribus
540 4403 693 4473 fecit,
726 4408 849 4478 apte
876 4405 1267 4481 subjungitur:

585 4522 812 4581 CAPUT
838 4524 939 4582 v11
979 4525 1118 4600 [Vet.
1150 4528 1252 4595 XI,
1283 4530 1403 4587 Hec.
1449 4530 1598 4607 VII].

355 4630 535 4688 Vens.
555 4629 980 4705 39.-Nunquid
1016 4636 1189 4707 capies
1219 4638 1392 4694 leceme
1410 4640 1674 4710 pradam,
1703 4649 1752 4698 et
1777 4644 1894 4699 ani-

284 4739 425 4779 mam
445 4724 749 4781 catulorum
778 4726 893 4796 ejus
928 4726 1168 4799 implebis
1186 4730 1215 4784 ἲ

355 4812 444 4870 25.
472 4814 713 4870 Ecclesia
733 4816 899 4872 letena
917 4823 1011 4886 est,
1032 4817 1186 4888 cujus
1210 4818 1376 4875 catuli
1397 4818 1621 4890 fuerunt
1638 4826 1888 4895 apostoli.

286 4930 355 4944 —
373 4904 490 4960 Ista
516 4903 784 4960 nimirum
826 4905 926 4962 illa
966 4906 1137 4964 leaena
1164 4917 1251 4966 est
1290 4908 1358 4967 de
1385 4927 1493 4985 qua
1520 4911 1622 4969 Job
1648 4913 1888 4986 dicebat,

286 5007 413 5050 cum
436 4994 848 5066 superbientem
874 4997 1119 5057 Iudaeam
1148 5010 1397 5060 cerneret
1425 5004 1757 5076 praedicante
1785 5008 1888 5065 Ec-

286 5084 453 5141 clesia
474 5087 927 5158 praetermissam:
958 5091 1077 5148 Non
1105 5093 1441 5150 calcaverunt
1461 5113 1572 5152 eam
1602 5098 1706 5169 ﬁlii
1736 5099 1884 5155 insti-

288 5186 486 5252 torum,
528 5202 620 5243 nec
641 5187 992 5259 pertransioit
1013 5206 1114 5262 per
1131 5207 1246 5247 eam
1268 5193 1428 5249 lewna
1448 5193 1567 5266 (Job
1581 5210 1785 5265 xxvm,
1798 5198 1880 5270 8).

286 5271 432 5332 Huic
455 5292 583 5350 ergo
602 5279 787 5337 leaenae
805 5280 1074 5338 Dominus
1102 5282 1339 5355 praedam
1369 5285 1535 5357 capit,
1554 5295 1616 5343 ut
1644 5288 1885 5346 animam

286 5364 599 5425 catulorum
630 5369 748 5443 ejus
777 5369 1023 5444 impleat,
1059 5373 1189 5445 quia
1215 5372 1284 5429 ad
1316 5384 1670 5446 augmentum
1717 5377 1885 5451 hujus

285 5454 549 5515 Ecclesiae
592 5459 915 5518 innumeros
951 5462 1019 5519 de
1063 5462 1371 5534 gentilitate
1408 5463 1665 5538 diripuit,
1708 5476 1762 5525 et
1790 5486 1887 5541 per

362 5661 380 5738 ξ
410 5661 671 5738 Yindoc.,
703 5666 924 5725 Ebroic.
955 5676 1008 5725 et
1036 5667 1107 5723 al.
1143 5668 1355 5738 Norm.,
1386 5679 1772 5730 monstrantur.

358 5731 381 5813 ξ
409 5734 581 5813 ζτειιςὶ.
611 5731 666 5813 et
696 5738 818 5795 Val.
850 5738 955 5813 9L,
987 5740 1053 5813 ab
1098 5731 1453 5813 inﬁrmorum.

357 5805 379 5839 ³
412 5803 576 5865 Corb.
609 5809 820 5880 Germ.,
852 5803 1050 5869 Pratel.
1078 5821 1132 5870 et
1153 5803 1237 5886 'pl.
1268 5814 1483 5884 Norm.,
1514 5817 1881 5875 enarravit....

2033 552 2132 608 vit.
2157 553 2265 625 Ipsi
2287 557 2488 628 quippe
2508 559 2673 615 catuli
2705 577 2805 633 pro
2830 565 3029 621 mentis
3058 573 3437 631 teneritudine
3451 586 3505 634 et
3524 580 3633 637 for-

2031 642 2260 700 midinis
2290 645 2607 705 inﬁrmitate
2622 652 2803 707 vocati
2828 664 2978 721 sunt,
3003 657 3154 729 quia,
3187 677 3345 732 passo
3367 667 3629 741 Domino,

2030 731 2230 789 clausis
2258 733 2472 792 foribus
2501 739 2831 811 residebant,
2882 744 3025 802 sicut
3067 746 3135 803 de
3190 731 3304 806 illis
3359 731 3629 830 scriptum

2030 831 2146 879 est:
2185 825 2317 881 Cum
2346 832 2471 881 esset
2500 845 2614 883 sero
2643 830 2726 885 die
2750 830 2845 887 illo
2871 849 2979 889 una
3014 836 3384 910 Sabbatorum,
3410 851 3458 900 et
3474 825 3629 915 vfores

2028 922 2195 971 essent
2221 918 2412 973 clausae
2440 919 2530 975 ubi
2571 928 2724 977 erant
2773 923 3023 996 discipuli
3069 932 3365 1001 congregati
3402 942 3631 1008 propter

2026 1013 2220 1061 metum
2251 1009 2580 1078 Judceorum,
2610 1013 2751 1067 venit
2777 1014 2949 1081 Jesus,
2984 1022 3031 1070 et
3073 1018 3211 1073 stetit
3239 1019 3296 1074 in
3334 1023 3503 1079 medio
3531 1043 3628 1082 eo-

2028 1112 2150 1150 rum
2174 1096 2354 1167 (Joan.
2376 1116 2474 1168 xx,
2499 1101 2609 1171 19).
2654 1102 2806 1160 Unde
2836 1103 2929 1161 hic
2959 1121 3175 1181 quoque
3202 1107 3269 1165 de
3306 1111 3509 1171 eisdem
3541 1131 3627 1172 ca-

2029 1185 2161 1241 tulis
2190 1194 2313 1259 apte
2342 1187 2701 1261 subjungitur
2733 1210 2744 1247 :

2615 1305 2843 1365 CAPUT
2884 1310 3031 1369 VIII.

2098 1408 2269 1465 Vens.
2298 1425 2466 1466 XL.—
2496 1414 2718 1482 Quando
2746 1416 2937 1475 cubant
2964 1418 3019 1475 in
3045 1421 3240 1489 antris,
3274 1430 3323 1480 et
3352 1424 3405 1480 in
3435 1443 3626 1501 specu-

2028 1498 2121 1553 bus
2152 1500 2498 1559 insidiantur.

2098 1589 2184 1646 26.
2210 1592 2276 1647 In
2301 1592 2475 1647 antris
2488 1594 2646 1666 prius
2668 1597 2949 1669 cubarunt,
2972 1602 3109 1658 unde
3127 1602 3185 1659 in
3204 1604 3462 1662 mundum
3482 1626 3625 1681 prm-

2025 1679 2123 1734 das
2150 1682 2325 1738 acturi
2352 1686 2919 1749 annuerant—Cum
2948 1694 3097 1749 enim
3121 1710 3468 1770 nequaquam
3483 1679 3622 1757 san-

2024 1770 2099 1825 cti
2129 1773 2361 1842 apostoli
2390 1784 2582 1834 contra
2611 1781 2858 1838 membra
2905 1782 3113 1842 diaboli
3162 1785 3223 1843 in
3251 1804 3385 1845 voce
3436 1788 3623 1847 liberae

2026 1859 2432 1931 praedicationis
2453 1877 2827 1939 exsurgerent,
2843 1880 2897 1928 et
2918 1874 3150 1931 necdum
3168 1885 3290 1947 post
3309 1878 3621 1949 passionem

2025 1956 2248 2015 Domini
2292 1956 2435 2016 968
2473 1965 2650 2021 sancti
2686 1967 2925 2038 Spiritus
2952 1968 3220 2028 effusione
3252 1973 3477 2033 solidati
3506 1976 3624 2034 Re-

2024 2044 2363 2118 demptorem
2392 2067 2552 2109 suum
2584 2053 2743 2111 ﬁrma
2765 2059 3091 2118 auctoritate
3121 2063 3506 2135 praedicarent,
3531 2065 3624 2123 ad—

2025 2135 2135 2193 huc
2160 2146 2352 2197 contra
2378 2143 2720 2202 adversarios
2750 2164 2879 2204 suos
2907 2151 3062 2222 quasi
3096 2151 3155 2207 in
3182 2154 3359 2211 antris
3398 2155 3621 2213 insidia-

2023 2226 2244 2317 bantur.
2293 2230 2505 2290 Clausis
2533 2236 2733 2308 quippe
2764 2238 2977 2296 foribus
3008 2243 3164 2315 quasi
3198 2244 3259 2300 in
3289 2245 3619 2317 quibusdam

2024 2311 2227 2370 abditis
2253 2316 2523 2387 specubus
2550 2320 2665 2376 suis
2691 2323 2859 2379 catuli
2895 2311 3102 2398 rapturi
3137 2311 3409 2386 mundum
3443 2330 3623 2388 cuba-

2023 2401 2177 2472 bant,
2193 2414 2254 2460 ut
2273 2406 2581 2464 animarum
2602 2411 2839 2483 praedam
2856 2416 3206 2486 postmodum
3229 2427 3621 2491 praesumentes

2022 2491 2345 2565 diriperent,
2377 2496 2445 2553 de
2474 2498 2676 2572 quibus
2704 2508 2840 2559 tunc
2877 2514 3087 2562 certum
3132 2514 3213 2564 est
3245 2509 3391 2582 quod
3424 2510 3618 2567 mundi

2021 2580 2287 2654 impetum
2304 2587 2467 2643 etiam
2489 2589 2846 2664 sibimetipsis
2868 2595 3087 2651 latendo
3102 2580 3485 2656 formidarent.
3503 2599 3620 2656 Illis

2020 2671 2234 2730 foribus
2261 2676 2462 2734 clausis
2492 2679 2584 2736 isti
2602 2683 2770 2738 catuli
2792 2691 3023 2741 mortem
3048 2686 3241 2745 mortis
3256 2698 3458 2746 nostra).
3486 2688 3620 2745 insi-

2022 2761 2154 2819 diati
2186 2768 2541 2839 quaesierunt,
2575 2778 2635 2826 ut
2673 2772 2896 2845 culpam
2936 2782 3178 2832 nostram
3220 2777 3617 2848 interﬁcerent,

2021 2871 2348 2930 omnemque
2379 2859 2435 2915 in
2466 2860 2626 2918 nobis
2658 2865 2862 2934 peccati
2895 2865 3069 2922 vitam
3095 2878 3373 2926 necarent.
3407 2870 3618 2926 Horum

2020 2947 2200 3019 primo
2230 2947 2311 3003 illi
2341 2951 2604 3008 esurienti
2636 2956 2839 3023 catulo,
2867 2955 2963 3014 sed
2988 2956 3102 3029 jam
3135 2958 3365 3028 valenti,
3401 2969 3622 3019 ostensa

2020 3050 2116 3107 per
2135 3035 2365 3091 linteum
2387 3040 2714 3110 gentilitate,
2733 3044 2887 3118 quasi
2915 3053 3217 3102 monstrata
3247 3047 3450 3120 praeda,
3483 3049 3617 3109 dici-

2021 3132 2139 3181 tur:
2164 3128 2340 3187 Macta
2364 3135 2410 3183 et
2438 3130 2695 3187 manduca
2725 3132 2867 3203 (Act.
2890 3151 2946 3202 χ,
2974 3134 3089 3208 13).
3115 3135 3213 3192 His
3236 3138 3438 3196 catulis
3459 3142 3614 3200 velut

2013 3214 2195 3273 adhuc
2224 3217 2462 3275 inﬁrmis
2490 3227 2551 3276 ut
2579 3220 2778 3278 cubare
2809 3222 2867 3279 in
2895 3224 3069 3281 antris
3099 3226 3336 3286 debeant
3360 3228 3612 3303 jubetur,

2013 3321 2138 3362 cum
2170 3307 2248 3365 eis
2276 3307 2555 3367 dominica
2571 3327 2703 3367 voce
2732 3312 2962 3370 dicitur:
2999 3316 3177 3372 Sedete
3203 3318 3287 3373 hic
3318 3320 3377 3374 in
3405 3321 3613 3380 civitate

2012 3396 2351 3471 quoadusque
2376 3399 2675 3457 induamini
2702 3402 2898 3459 virtute
2924 3423 2990 3461 ex
3009 3408 3118 3463 alto
3149 3407 3300 3481 (Luc.
3318 3426 3477 3480 xxxv,
3494 3409 3612 3484 49).

2011 3485 2213 3543 Annon
2243 3498 2388 3547 recte
2417 3490 2601 3548 leaenae
2631 3495 2798 3550 catuli
2828 3505 3123 3566 vocantur,
3152 3500 3247 3573 qui
3277 3500 3335 3556 in
3362 3501 3614 3558 Ecclesia

2011 3575 2146 3632 editi
2175 3578 2556 3636 adversantem
2588 3584 2856 3640 mundum
2888 3590 3238 3658 rapuerunt?

2082 3666 2169 3723 27.
2204 3670 2334 3724 Illos
2362 3670 2646 3726 imitantur
2669 3673 2889 3744 perfecti
2928 3676 3179 3734 doctores.
3213 3680 3314 3736 Ille
3346 3680 3445 3735 scit
3479 3688 3613 3739 recte

2011 3755 2201 3822 dicere,
2245 3759 2338 3827 qui
2370 3760 2518 3815 novit
2542 3760 2787 3817 ordinate
2821 3770 3006 3820 tacere.
3038 3796 3109 3807 —
3135 3768 3208 3822 Et
3236 3766 3355 3823 haec
3382 3770 3606 3840 quidem

2010 3841 2153 3898 facta
2179 3860 2209 3898 a
2235 3846 2438 3901 sanctis
2468 3847 2732 3918 apostolis
2774 3850 3056 3920 novimus,
3104 3851 3223 3909 haec
3267 3869 3417 3910 nunc
3443 3856 3609 3912 etiam

2011 3931 2129 3989 ﬁeri
2158 3950 2191 3989 a
2220 3936 2241 3970 ⁴
2271 3934 2530 4006 perfectis
2557 3936 2878 3995 doctoribus
2897 3939 3170 3998 videmus.
3202 3942 3308 4015 Ipsi
3330 3942 3478 4001 enim
3500 3947 3605 4003 etsi

2008 4023 2460 4098 subsequentium
2491 4028 2820 4102 populorum
2854 4039 3035 4104 patres
3065 4039 3215 4102 sunt,
3262 4039 3449 4091 tamen
3478 4044 3611 4093 sunt

2007 4115 2434 4187 praecedentium
2464 4117 2602 4185 ﬁlii;
2636 4118 2781 4176 unde
2806 4127 2859 4177 et
2888 4137 2999 4177 non
3028 4122 3308 4180 immerito
3336 4126 3507 4182 catuli
3527 4125 3607 4183 di-

2007 4211 2229 4260 cuntur.
2250 4205 2349 4261 Vel
2372 4216 2516 4263 certe
2537 4208 2665 4280 quia
2692 4209 2793 4264 etsi
2816 4210 3180 4283 quorumdam
3213 4211 3466 4271 ﬁdelium
3493 4232 3603 4272 ma-

2006 4293 2163 4365 gistri
2190 4302 2339 4364 sunt,
2371 4297 2701 4355 universalis
2728 4306 2914 4355 tamen
2934 4300 3195 4359 Ecclesiae
3217 4302 3520 4378 discipulos
3548 4323 3604 4364 se

2005 4402 2120 4442 esse
2150 4386 2473 4459 gloriantur.
2504 4391 2711 4447 Leaenae
2743 4390 2926 4466 itaque
2958 4393 3198 4466 praedam
3227 4397 3497 4455 Dominus
3517 4415 3604 4457 ca-

2004 4476 2106 4546 pit,
2138 4476 2268 4550 quia
2296 4478 2502 4535 virtute
2555 4497 2666 4536 suae
2706 4481 3088 4554 inspirationis
3114 4485 3183 4542 ab
3213 4501 3395 4547 errore
3425 4488 3598 4545 vitam

1924 4548 1973 4606 D
2003 4548 2443 4639 delinquentium
2461 4569 2672 4642 diripit;
2696 4579 2750 4627 et
2769 4572 2979 4629 animas
3007 4576 3315 4633 catulorum
3346 4578 3498 4635 illius
3517 4594 3598 4634 re-

2004 4654 2133 4725 plet,
2163 4656 2293 4728 quia
2306 4659 2665 4716 conversione
2685 4662 2991 4720 multorum
3024 4665 3130 4737 piis
3145 4666 3436 4725 doctorum
3456 4667 3598 4725 desi-

2001 4741 2169 4800 deriis
2197 4746 2482 4804 satisfacit.
2515 4751 2591 4806 De
2608 4749 2808 4823 quibus
2826 4754 3028 4811 catulis
3052 4755 3189 4813 bene
3209 4755 3593 4828 subjungitur:

2003 4833 2225 4900 Quando
2253 4836 2445 4893 cubant
2470 4838 2528 4894 in
2564 4840 2759 4906 antris,
2790 4848 2839 4897 et
2866 4843 2923 4898 in
2966 4845 3215 4915 specubus
3244 4844 3592 4909 insidiantur.

1997 4922 2183 4997 Neque
2202 4926 2349 4983 enim
2380 4939 2577 4987 cuncta
2604 4939 2852 5005 tempora
2877 4934 3143 4991 doctrinae
3172 4942 3303 4991 sunt
3329 4949 3590 5006 congrua.

1995 5010 2132 5068 Nam
2162 5013 2485 5089 plerumque
2506 5017 2781 5076 dictorum
2805 5020 2983 5076 virtus
3011 5020 3282 5091 perditur,
3320 5020 3367 5075 si
3394 5019 3594 5077 intem-

1996 5100 2206 5172 pestive
2226 5106 2592 5175 proferantur.
2620 5108 2770 5180 Saepe
2788 5124 2918 5163 vero
2931 5117 2984 5164 et
3012 5108 3160 5181 quod
3187 5107 3365 5166 lenius
3387 5109 3593 5169 dicitur

1995 5199 2271 5248 conventu
2299 5194 2562 5267 temporis
2600 5196 2956 5269 congruentis
2983 5196 3281 5255 animatur.
3334 5198 3434 5255 Ille
3462 5214 3591 5274 ergo

1993 5281 2099 5338 scit
2126 5290 2272 5339 recte
2299 5282 2503 5353 dicere,
2535 5285 2631 5358 qui
2659 5294 2713 5342 et
2742 5284 2992 5342 ordinate
3018 5286 3178 5345 novit
3210 5296 3412 5345 tacere.
3443 5288 3591 5357 Quid

1994 5370 2141 5426 enim
2172 5371 2391 5443 prodest
2417 5389 2482 5429 eo
2510 5380 2756 5447 tempore
2794 5374 3122 5433 irascentem
3154 5378 3451 5450 corripere,
3481 5394 3588 5453 quo

1994 5460 2226 5516 alienata
2272 5470 2451 5519 mente
2498 5479 2608 5518 non
2643 5463 2821 5519 solum
2852 5480 2961 5520 non
2994 5464 3175 5522 aliena
3206 5465 3373 5523 verba
3402 5469 3591 5540 perci-

1992 5676 2375 5815 Iec‘ub’indocn
2423 5749 2644 5818 Pratel.,
2706 5749 2872 5818 Utic.,
2929 5769 2965 5807 a
3009 5754 3207 5810 sanctis
3258 5752 3583 5811 doctoribus.

1992 5818 2162 5877 Laud.
2190 5827 2245 5876 et
2272 5820 2393 5878 Val.
2428 5821 2534 5891 (11.,
2563 5840 2599 5878 a
2630 5823 2785 5879 rectis
2813 5823 3132 5883 doctoribus.
