4152 6182
491 288 595 346 539

1714 282 1965 346 SANCTI
2004 291 2339 350 GREGORII
2379 293 2580 350 MAGN
2585 294 2605 349 Ι

3705 299 3811 356 540

491 428 637 484 pere,
669 409 762 467 sed
794 410 1150 484 semetipsum
1184 411 1283 468 vix
1313 412 1461 469 valet
1487 413 1720 469 tolerare
1741 413 1770 469 i
1799 415 2094 470 Furentem
2124 420 2174 478 Α
2201 416 2261 472 in
2290 415 2395 474 hac
2418 419 2708 490 vagatione
2736 419 2883 478 nihil
2911 421 3065 478 aliud
3095 437 3262 496 quam
3297 423 3652 480 aastuantium
3683 439 3816 498 ιιι-ω’

491 499 692 574 quippe
713 497 808 574 qui
839 515 934 572 per
951 499 1322 558 invectionem
1345 501 1592 574 corripit,
1614 501 1769 575 quasi
1787 501 1838 558 ei
1864 501 1959 576 qui
1979 519 2090 558 non

491 587 711 658 sentiat,
736 589 922 663 plagas
939 590 1094 646 ebrio
1117 590 1374 663 imponit.
1397 591 1663 648 Doctrina
1681 591 1864 665 itaque
1887 601 1947 648 ut
1977 609 2090 665 per-

491 679 682 737 venire
709 679 778 736 ad
801 696 898 737 cor
925 678 1202 736 audientis
1216 679 1414 747 valeat,
1434 697 1555 752 quae
1581 679 1688 736 sibi
1713 697 1954 754 congrua
1981 683 2091 739 sint

491 775 804 843 temporum
825 775 1102 826 momenta
1127 767 1450 841 perpendat.
1483 768 1628 824 Bene
1647 784 1774 842 ergo
1795 769 1863 827 de
1891 769 1980 828 his
2006 788 2092 829 ca-

493 863 626 921 tulis
653 864 888 922 dicitur:
926 863 1149 932 Quando
1168 863 1363 919 cubant
1378 863 1438 918 in
1468 863 1663 932 antris,
1686 871 1734 919 et
1759 865 1818 920 in
1845 866 2096 937 specubus

493 955 840 1014 insidiantur.
858 958 1122 1014 Doctores
1143 955 1294 1010 enim
1317 953 1490 1011 sancti
1507 954 1728 1027 quando
1746 965 1800 1012 et
1819 955 2098 1028 arguenda

491 1047 845 1120 conspiciunt
869 1055 924 1104 et
955 1055 1138 1102 tamen
1160 1061 1217 1102 se
1247 1061 1344 1118 per
1357 1044 1640 1102 silentium
1672 1044 1730 1101 in
1752 1046 2095 1118 cogitationi-

493 1136 598 1194 bus
627 1137 888 1204 retinent,
937 1135 1094 1208 quasi
1142 1134 1200 1190 in
1240 1133 1508 1206 specubus
1538 1134 1727 1204 latent,
1774 1143 1829 1192 et
1855 1137 2009 1192 velut
2037 1135 2095 1192 in

494 1228 668 1284 antris
687 1243 744 1283 se
765 1233 1063 1298 contegunt
1083 1224 1214 1298 quia
1235 1225 1292 1281 in
1313 1225 1428 1281 suis
1449 1225 1708 1282 cordibus
1726 1227 2094 1284 occultantur.

494 1316 600 1376 Sed
627 1331 754 1373 cum
803 1321 1176 1387 opportunum
1226 1321 1441 1386 tempus
1489 1313 1828 1382 invenerint,
1877 1326 2100 1390 repente

494 1403 810 1480 prosiliunt,
854 1403 1008 1459 nulla
1036 1419 1156 1476 quas
1187 1402 1423 1460 dicenda
1451 1411 1582 1460 sunt
1614 1405 1866 1473 reticent,
1898 1414 1952 1462 et
1987 1423 2100 1462 cer-

495 1495 675 1554 vicem
697 1494 1135 1568 superbientium
1160 1510 1347 1550 morsu
1377 1509 1580 1566 asperae
1609 1494 2002 1566 increpationis
2020 1504 2099 1552 te-

437 1613 442 1620 ~
495 1592 648 1642 neut.
693 1583 822 1641 Sive
852 1583 1037 1656 itaque
1075 1597 1172 1654 per
1199 1583 1494 1654 apostolos,
1541 1582 1658 1639 sive
1704 1600 1800 1656 per
1827 1583 2098 1654 doctores,

496 1689 633 1747 quos
671 1671 730 1728 in
761 1672 1136 1744 apostolorum
1171 1671 1353 1728 locum
1383 1671 1723 1744 subrogavit,
1756 1672 1889 1730 huic
1919 1675 2101 1732 leaenae

496 1759 766 1818 Dominus
795 1759 1046 1834 quotidie
1093 1760 1334 1834 praedam
1379 1759 1545 1832 capit,
1594 1767 1650 1816 et
1694 1777 1790 1834 per
1836 1777 1930 1818 eos
1967 1779 2104 1836 quos
2135 1787 2181 1846 B

497 1850 643 1924 cepit
669 1849 808 1906 alios
833 1851 998 1906 etiam
1021 1865 1213 1922 capere
1241 1865 1353 1905 non
1383 1847 1620 1905 desistit.
1652 1849 1738 1906 Ad
1764 1849 1870 1908 hoc
1900 1851 2104 1925 quippe

493 1939 630 2012 justi
661 1937 829 2012 hujus
857 1939 1053 1996 mundi
1075 1945 1387 2012 peccatores
1407 1936 1650 2010 rapiunt,
1671 1945 1734 1994 ut
1764 1954 1860 2010 per
1879 1954 2103 1995 conver-

498 2047 587 2086 sos
614 2045 707 2086 eos
735 2029 902 2086 etiam
930 2028 1028 2084 alii
1058 2045 1129 2084 ex
1162 2027 1372 2084 mundo
1399 2025 1702 2099 rapiantur.
1725 2026 1883 2084 Unde
1901 2035 1956 2085 et
1985 2027 2104 2100 ipsa

501 2118 801 2192 gentilitas,
826 2135 948 2191 qua
977 2117 1069 2190 pio
1095 2117 1508 2190 apostolorum‘
1531 2132 1624 2173 ore
1653 2123 1811 2190 rapta
1828 2125 1932 2187 est,
1953 2126 2104 2174 tanta

499 2224 650 2266 nunc
677 2207 820 2264 fame
849 2207 987 2263 alios
1015 2207 1188 2264 esurit
1234 2213 1438 2280 quanta
1479 2221 1535 2261 se
1564 2204 1632 2262 ab
1663 2205 1926 2278 apostolis
1961 2222 2105 2264 con-

499 2298 742 2372 cupitam
770 2297 942 2356 fuisse
969 2295 1268 2370 cognoscit.
1306 2292 1542 2351 Proinde
1589 2300 1644 2350 et
1689 2303 1814 2368 apte
1861 2293 2104 2366 subjun—

501 2388 650 2462 gitur
681 2404 694 2444 :

763 2500 991 2560 CAPUT
1029 2500 1109 2558 Ix
1154 2498 1292 2574 [γει.
1325 2499 1456 2570 XII,
1496 2501 1616 2556 Rec.
1658 2495 1836 2571 VIII].

571 2617 744 2675 Vnus.
776 2615 865 2673 41.
895 2645 968 2658 -—-
999 2616 1130 2684 Quis
1179 2619 1460 2686 praparat
1505 2630 1661 2670 corvo
1707 2631 1878 2669 escam
1929 2631 2103 2680 suam,

499 2714 712 2784 quando
739 2713 882 2785 pulli
912 2707 1056 2766 969
1090 2709 1204 2780 ejus
1249 2711 1482 2766 clamant
1518 2710 1592 2765 ad
1631 2710 1824 2778 Deum,
1859 2717 2105 2782 vagantes

500 2818 558 2857 eo
587 2801 730 2873 quod
755 2818 864 2857 non
891 2801 1114 2858 habeant
1141 2799 1280 2856 cibos
1299 2801 1328 2856 i’

571 2889 660 2946 28.
697 2889 977 2946 Gentilitas
1005 2905 1259 2945 conversa
1286 2904 1474 2944 corvus
1501 2891 1596 2952 est,
1636 2885 1790 2957 cujus
1812 2887 1956 2958 pulli
1983 2894 2107 2943 sunt

501 2981 672 3037 sancti
699 2977 1323 3052 praedicatores—Quid
1349 2977 1498 3034 enim
1529 2975 1684 3034 corvi
1715 2975 2108 3050 pullorumque

499 3067 618 3142 ejus
637 3069 863 3126 nomine
882 3069 992 3126 nisi
1013 3069 1252 3142 peccatis
1272 3067 1430 3140 nigra
1445 3065 1725 3138 gentilitas
1739 3065 2062 3138 designatur
2078 3066 2106 3122 ?

499 3159 578 3215 De
606 3175 714 3231 qua
740 3174 837 3228 per
864 3158 1196 3229 Prophetam
1227 3157 1468 3214 dicitur:
1505 3155 1608 3221 Qui
1636 3155 1729 3210 dat
1747 3155 2008 3224 jumentis
2027 3173 2103 3211 es-

499 3261 614 3301 cam
658 3245 918 3316 ipsorum,
968 3250 1016 3300 et
1055 3243 1227 3314 pullis
1279 3258 1560 3298 corvorum
1589 3241 1956 3298 invocantibus
1987 3260 2103 3300 eum

502 3335 675 3408 (Psal.
709 3351 894 3403 cxcvr,
927 3334 1010 3406 9).
1059 3333 1316 3389 Jumenta
1343 3333 1545 3406 quippe
1589 3347 1768 3388 escam
1797 3333 2100 3406 accipiunt,

499 3425 632 3482 dum
667 3440 832 3482 sacrae
874 3423 1170 3494 Scriptum
1198 3420 1402 3494 pabulo
1433 3429 1642 3477 mentes
1685 3419 1898 3476 dudum
1927 3421 2103 3480 bruta:

499 3513 790 3572 satiantur.
807 3512 983 3570 Pullis
996 3527 1129 3569 vero
1141 3526 1458 3580 corvorum,
1472 3508 1604 3566 ﬁliis
1625 3509 1839 3566 scilicet
1853 3511 2101 3583 gentium

499 3621 622 3664 esca
649 3604 832 3672 datur,
864 3619 991 3660 cum
1023 3617 1214 3658 eorum
1244 3598 1581 3657 desiderium
1610 3600 1838 3656 nostra’
1867 3617 2100 3658 conver-

498 3695 709 3754 satione
738 3692 1005 3751 reﬁcitur.
1047 3693 1154 3749 Iste
1181 3707 1381 3748 corvus
1409 3705 1533 3746 esca
1559 3687 1668 3744 fuit
1695 3690 1716 3724 ³
1745 3689 1880 3745 dum
1918 3688 2101 3763 ipsum

497 3793 684 3842 sancta
711 3783 962 3840 Ecclesia
1007 3789 1293 3857 quaereret.
1345 3781 1450 3838 Sed
1481 3796 1630 3838 nunc
1671 3796 1850 3838 escam
1879 3780 2098 3855 accipit,

497 3875 628 3948 quia
655 3874 772 3947 ipse
803 3871 872 3929 ad
903 3873 1320 3929 conversionem
1353 3872 1490 3928 alios
1521 3871 1786 3944 exquirit.

567 3993 657 4051 29.
689 3993 761 4048 Hi
787 4009 887 4047 sua
915 3992 1110 4047 virtute
1136 3991 1273 4046 nihil
1299 4007 1352 4044 se
1375 4007 1529 4062 posse
1559 3988 1998 4061 sciunt.—Cujus
2017 3988 2100 4043 vi-

497 4079 698 4137 delicet
726 4079 885 4150 pulli,
911 4079 969 4134 id
998 4087 1082 4136 est
1117 4079 1506 4150 praedicatores
1531 4094 1601 4134 ex
1629 4094 1696 4133 eo
1721 4077 1880 4145 editi,
1909 4093 2020 4132 non
2041 4077 2101 4132 in

497 4185 556 4226 se
574 4174 934 4244 praesumunt,
957 4168 1053 4224 sed
1085 4167 1144 4224 in
1165 4167 1383 4223 viribus
1401 4167 1786 4238 Redemptoris
1813 4167 1920 4224 sui.
1946 4166 2099 4224 Unde

496 4256 636 4314 bene
681 4255 890 4310 dicitur
920 4273 933 4310 :
984 4257 1209 4324 Quando
1228 4257 1372 4326 pulli
1405 4255 1517 4323 ejus
1546 4257 1779 4311 clamant
1808 4257 1881 4312 ad
1910 4257 2094 4312 Deum.

497 4344 650 4402 Nihil
679 4343 830 4400 enim
859 4359 960 4400 sua
987 4343 1196 4400 virtute
1225 4333 1381 4416 posse
1421 4359 1477 4400 se
1510 4343 1715 4402 sciunt.
1746 4345 1818 4402 Et
1847 4346 2100 4418 quamvis

499 4435 810 4491 animarum
841 4433 994 4490 lucra
1014 4433 1123 4508 piis
1137 4432 1285 4491 votis
1304 4433 1569 4503 esuriant,
1593 4433 1780 4492 abillo
1799 4441 1982 4492 tamen
2003 4436 2100 4510 qui

2200 503 2510 563 dicatorum
2541 518 2672 566 vota
2709 510 3018 582 signantur.
3051 512 3156 580 Qui
3199 511 3333 568 dum
3371 511 3431 570 in
3457 513 3718 572 Ecclesiae
3745 511 3815 571 si"

2199 611 2336 651 num
2364 599 2606 671 recipere
2637 601 2869 674 populos
2898 601 3154 660 ambiunt
3172 644 3188 671 ,
3229 617 3429 674 magno
3457 602 3654 661 ardore
3684 621 3819 663 suc—

2201 687 2372 754 censi,
2395 703 2544 744 nunc
2562 689 2632 746 ad
2654 689 2775 760 hos,
2798 708 2951 751 nunc
2971 691 3039 750 ad
3066 693 3194 748 illos
3223 691 3566 765 colligendos
3589 693 3821 752 deside-

2199 773 2345 832 rium
2368 777 2616 834 mittunt.
2641 781 2663 814 ⁴
2679 779 2850 848 Quasi
2871 781 3120 854 quaedam
3139 779 3345 855 quippe
3365 783 3582 855 vagatio
3597 792 3681 840 est
3699 783 3823 857 ipsa

2203 868 2554 942 cogitationis
2583 872 2857 941 mstuatio;
2892 881 2947 930 et
2977 875 3130 930 velut
3157 873 3228 930 ad
3257 874 3378 930 loca
3404 874 3560 930 varia
3587 877 3820 934 mutatis

2203 959 2433 1017 nutibus
2449 969 2754 1028 transeunt,
2773 965 2795 999 ⁵
2825 963 2960 1021 dum
2988 981 3087 1038 pro
3103 963 3415 1020 adunandis
3443 964 3732 1022 animabus
3758 966 3820 1023 in

2206 1049 2399 1108 modos
2448 1051 2780 1110 innumeros
2823 1069 2887 1112 ac
2931 1054 2988 1111 in
3037 1059 3219 1128 partes
3261 1053 3510 1112 diversas
3553 1056 3819 1114 esurienti

2208 1148 2389 1197 mente
2426 1139 2765 1198 discurrunt.

2281 1279 2421 1356 [Vet.
2457 1283 2606 1340 XIII
2609 1283 2650 1357 .]
2711 1283 2800 1342 31.
2847 1285 3012 1342 Pauli
3036 1301 3142 1357 pro
3170 1286 3412 1343 omnibus
3437 1304 3568 1360 pene
3593 1289 3822 1346 ecclesiis

2209 1371 2529 1430 sollicitudo.
2569 1373 2842 1444 Charitas,
2871 1393 2990 1448 qua:
3035 1375 3211 1434 divisa
3239 1378 3374 1447 unit,
3416 1395 3508 1434 cor
3533 1379 3696 1436 Pauli
3717 1397 3822 1452 per

2206 1461 2378 1518 multa
2405 1462 2924 1522 dividebat.-Hanc
2952 1466 3300 1538 vagationem
3331 1467 3469 1540 pulli
3497 1484 3818 1537 corvorum,

2211 1549 2270 1607 id
2289 1559 2372 1608 est
2397 1551 2501 1608 ﬁlii
2533 1555 2846 1625 gentilium,
2872 1555 2941 1612 ab
2970 1555 3090 1628 ipso
3115 1556 3361 1628 gentium
3393 1557 3652 1630 magistro
3671 1557 3817 1614 didi-

2211 1649 2424 1698 cerunt.
2455 1644 2576 1715 Ipse
2605 1643 2806 1718 quippe
2843 1647 2864 1682 ⁸
2894 1662 3058 1719 quam
3095 1646 3281 1703 valida
3308 1645 3570 1704 charitate
3599 1647 3814 1720 ﬂagrat,

2211 1738 2323 1786 tam
2353 1730 2529 1787 nimia
2555 1749 2627 1788 ex
2659 1733 2795 1790 locis
2839 1734 2908 1790 ad
2953 1735 3072 1792 loca
3101 1752 3158 1792 se
3190 1736 3474 1808 vagatione
3502 1742 3816 1809 permutat;

2219 1821 2447 1877 transire
2474 1821 2544 1878 ad
2573 1822 2682 1878 alia
2714 1839 2785 1879 ex
2814 1825 2940 1882 aliis
2974 1827 3207 1898 appetit,
3239 1827 3368 1900 quia
3394 1827 3512 1898 ipsa
3537 1843 3664 1884 eum
3695 1843 3824 1900 qua)

2214 1911 2408 1985 implet
2433 1911 2674 1970 charitas
2705 1913 2966 1988 impellit.
3015 1918 3204 1990 Longe
3234 1933 3471 1992 namque
3498 1934 3531 1974 a
3556 1916 3826 1974 Romanis

2214 2001 2424 2074 positus
2443 2001 2637 2058 scribit
2661 2020 2673 2059 :
2705 2003 3021 2060 Memoriam
3041 2006 3204 2060 vestri
3227 2006 3372 2076 facio
3397 2024 3602 2078 semper
3618 2007 3677 2062 in
3695 2025 3824 2062 ora-

2214 2091 2441 2147 tionibus
2464 2092 2610 2160 meis,
2631 2092 2906 2148 obsecrans
2932 2093 2980 2148 si
2993 2111 3096 2164 quo
3121 2095 3276 2150 modo
3299 2095 3505 2150 tandem
3522 2097 3828 2167 aliquando

2209 2197 2523 2253 prosperum
2553 2181 2653 2236 iter
2695 2181 2914 2238 habeam
2949 2183 3006 2238 in
3041 2184 3312 2238 voluntate
3345 2183 3721 2240 Dei'veniendi
3751 2185 3830 2241 ad

2211 2287 2304 2326 vos
2319 2289 2342 2336 ;
2369 2271 2606 2327 desidero
2635 2271 2774 2326 enim
2800 2272 2978 2327 cidere
3004 2289 3095 2327 vos
3122 2273 3305 2343 (Rom.
3329 2289 3368 2340 1,
3389 2272 3444 2340 9,
3471 2272 3584 2344 10).
3612 2273 3830 2329 Reten-

2211 2367 2304 2416 tus
2322 2358 2526 2431 Ephesi
2545 2359 2852 2417 Corinthiis
2871 2359 3104 2418 scribit:
3133 2361 3268 2416 Ecce
3299 2360 3450 2416 tertio
3473 2361 3568 2415 hoc
3589 2368 3828 2433 paratus

2214 2465 2332 2504 sum
2359 2449 2534 2504 venire
2557 2449 2630 2504 ad
2657 2466 2749 2504 vos
2785 2449 2874 2520 (II
2903 2449 3031 2506 Cor.
3065 2465 3163 2517 χιι,
3200 2447 3312 2521 14).
3346 2449 3584 2506 Rursum
3613 2449 3824 2522 Ephesi

2213 2554 2584 2606 commorans,
2623 2538 2832 2594 Galatis
2868 2537 3140 2612 loquitur,
3179 2537 3406 2594 dicens:
3449 2539 3637 2596 Vellem
3666 2540 3824 2594 modo

2214 2645 2319 2684 esse
2345 2629 2492 2700 apud
2521 2643 2632 2693 vos,
2665 2633 2714 2682 et
2755 2633 2965 2688 munire
2995 2644 3164 2682 vocem
3205 2643 3376 2683 meam
3407 2627 3556 2698 (Gal.
3589 2646 3668 2694 Iv,
3702 2628 3820 2700 20).

2213 2717 2401 2774 Romae
2429 2733 2648 2790 quoque
2674 2715 2925 2774 custodia
2953 2716 3190 2774 carceris
3218 2716 3457 2786 clausus,
3491 2716 3618 2790 quia
3644 2716 3731 2773 ire
3754 2717 3822 2774 ad

2215 2804 2595 2878 Philippenses
2627 2821 2722 2877 per
2739 2803 3096 2877 semetipsum
3123 2821 3234 2860 non
3265 2805 3618 2878 permittitur,
3639 2813 3822 2864 trans-

2215 2895 2434 2951 mittere
2461 2911 2519 2951 se
2553 2894 2889 2966 discipulum
2940 2893 3256 2966 pollicetur,
3289 2893 3472 2950 dicens
3507 2912 3520 2950 :
3563 2895 3730 2966 Spero
3760 2896 3819 2950 in

2214 2984 2440 3040 Domino
2459 2984 2602 3051 Iesu,
2635 2983 2959 3041 Timotheum
2988 2999 3068 3038 me
3091 2983 3193 3038 cito
3223 2982 3419 3038 mittere
3445 2982 3516 3038 ad
3543 2999 3653 3048 vos,
3685 2989 3748 3040 ut
3766 2991 3817 3039 et

2213 3090 2302 3145 ego
2332 3072 2462 3128 bono
2491 3073 2668 3128 animo
2697 3071 2820 3136 sim,
2849 3071 3070 3144 cognitis
3089 3088 3206 3144 quae
3234 3071 3375 3128 circa
3403 3088 3491 3126 vos
3519 3076 3641 3126 sunt
3661 3072 3816 3143 (Phi-

2133 3148 2178 3208 C
2215 3161 2308 3234 lip.
2341 3179 2403 3230 ιι,
2437 3162 2550 3234 19).
2584 3160 2929 3218 Constrictus
2961 3160 3127 3216 etiam
3151 3160 3394 3218 vinculis
3419 3169 3583 3234 atque
3611 3159 3822 3248 Ephesi

2213 3257 2476 3318 retentus,
2509 3248 2926 3307 Colossensibus
2955 3250 3151 3308 scribit
3181 3267 3192 3306 :
3225 3251 3364 3307 Nam
3393 3250 3441 3306 si
3467 3267 3690 3322 corpore
3719 3251 3824 3308 ab—

2211 3355 2327 3394 sens
2355 3355 2496 3406 sum,
2513 3338 2601 3394 sed
2627 3338 2826 3410 spiritu
2853 3339 3118 3395 vobiscum
3155 3356 3272 3395 sum
3289 3338 3520 3412 (Coloss.
3537 3355 3599 3408 ιι,
3621 3339 3704 3412 ὅ).
3722 3341 3820 3397 Ec-

2213 3447 2274 3490 ce
2303 3429 2585 3504 quomodo
2603 3437 2795 3488 sancto
2814 3429 3090 3488 desiderio
3119 3431 3274 3505 quasi
3305 3439 3566 3502 vagatur:
3592 3430 3686 3489 hic
3705 3449 3820 3488 cor-

2212 3537 2342 3594 pore
2361 3528 2602 3588 tenetur,
2628 3521 2764 3578 illuc
2795 3521 2994 3594 spiritu
3021 3521 3265 3589 ducitur;
3299 3529 3354 3580 et
3381 3521 3596 3594 paterni
3616 3522 3822 3579 amoris

2210 3611 2466 3668 aﬂ'ectum
2495 3611 2618 3667 istis
2649 3611 3026 3683 praesentibus
3062 3610 3314 3680 exhibet,
3359 3611 3474 3668 illis
3501 3610 3820 3668 absentibus

2209 3701 2482 3770 ostendit;
2514 3717 2698 3760 coram
2729 3702 2929 3776 positis
2959 3701 3237 3774 impendit
3265 3718 3450 3775 opera,
3481 3703 3503 3737 ⁷
3533 3701 3820 3758 audienti-

2209 3789 2315 3847 bus
2328 3791 2594 3864 exprimit
2613 3799 2764 3860 vota,
2791 3791 3089 3848 eﬂicaciter
3105 3807 3343 3864 praesens
3371 3791 3450 3848 eis
3468 3807 3597 3848 cum
3616 3791 3820 3862 quibus

2209 3897 2348 3957 erat,
2387 3905 2489 3946 nec
2528 3895 2712 3944 tamen
2744 3885 2889 3942 970
2921 3888 3036 3945 illis
3079 3889 3278 3946 absens
3305 3905 3430 3946 cum
3473 3889 3674 3962 quibus
3705 3905 3816 3946 non

2209 3985 2343 4034 erat.
2380 3967 2552 4050 Cujus
2581 3976 2928 4048 vagationem
2961 3979 3162 4035 melius
3189 3979 3595 4052 cognoscimus,
3625 3977 3674 4034 si
3703 3977 3818 4051 ejus

2209 4067 2392 4123 adhuc
2406 4065 2478 4122 ad
2505 4065 2828 4140 Corinthios
2858 4067 3026 4126 verba
3054 4085 3366 4141 pensamus.
3396 4071 3492 4126 Ait
3511 4069 3658 4127 enim
3684 4086 3698 4124 :
3734 4069 3816 4126 Ve-

2206 4157 2356 4212 niam
2373 4157 2444 4212 ad
2467 4173 2580 4222 vos,
2611 4174 2730 4212 cum
2750 4158 3117 4214 Macedoniam
3131 4160 3520 4232 pertransiero.
3545 4160 3682 4215 Nam
3702 4159 3816 4216 Μα-

2211 4245 2480 4302 cedoniam
2504 4245 2844 4318 pertransibo
2866 4265 2887 4312 ;
2934 4249 3083 4319 apud
3114 4265 3204 4304 nos
3234 4256 3413 4305 autem
3440 4248 3674 4319 forsitan
3705 4263 3815 4300 ma-

2208 4343 2356 4409 nebo,
2386 4343 2468 4398 vel
2494 4343 2653 4399 etiam
2680 4343 2914 4400 hiemabo
2947 4345 3006 4418 (I
3035 4347 3159 4403 Cor.
3179 4362 3302 4412 xvr,
3321 4347 3376 4414 5,
3400 4344 3482 4417 6).
3506 4343 3812 4416 Perpenda-

2210 4449 2353 4500 mus,
2383 4447 2589 4504 quaeso,
2621 4448 2742 4505 quin
2770 4434 2843 4488 sit
2877 4435 2983 4490 ista
3009 4435 3247 4506 vagatio.
3279 4435 3424 4492 Ecce
3452 4435 3561 4490 alio
3591 4433 3814 4490 interim

498 4533 698 4582 cuncta
727 4523 1060 4582 intrinsecus
1087 4531 1346 4598 operatur
1366 4524 1484 4582 haec
1506 4524 1624 4582 ﬁeri
1653 4532 1936 4599 exoptant.
1957 4525 2102 4582 Vera
2129 4509 2179 4568 D
2215 4527 2418 4588 manet,
2435 4521 2546 4577 alio
2562 4537 2618 4576 se
2635 4521 2842 4576 iturum
2863 4521 3136 4593 perhibet,
3153 4530 3318 4596 atque
3337 4523 3450 4579 alio
3467 4522 3814 4579 deﬂexumm

499 4613 648 4670 enim
664 4611 772 4670 ﬁde
801 4613 1306 4686 comprehendunt,
1336 4615 1466 4689 quia
1485 4632 1648 4686 neque
1665 4616 1758 4687 qui
1786 4617 2004 4688 plantat
2029 4622 2106 4671 est

430 4751 441 4760 .
499 4702 731 4774 aliquid,
779 4719 944 4774 neque
988 4703 1084 4775 qui
1136 4703 1300 4775 rigat,
1347 4704 1438 4759 sed
1481 4705 1575 4775 qui
1609 4703 1984 4760 incrementum
2013 4703 2108 4760 dat

501 4792 645 4850 Deus
679 4791 735 4865 (I
765 4792 893 4850 Cor.
926 4809 1012 4862 ιιι,
1043 4792 1124 4867 7).

571 4882 659 4940 30.
692 4883 820 4938 Zeto
849 4882 1238 4939 lucrandarum
1264 4882 1573 4938 animarum
1602 4885 1922 4938 wstuant.—
1941 4879 2107 4948 Quod

505 4985 634 5028 vero
652 4970 865 5030 dictum
884 4977 969 5029 est
991 4988 1004 5028 :
1037 4972 1294 5044 Vagantes
1319 4988 1377 5027 eo
1396 4971 1539 5044 quod
1561 4987 1669 5028 non
1693 4969 1923 5028 habeant
1945 4969 2106 5040 cibos,

579 5173 595 5207 ¹
627 5171 864 5230 Vindoc.
895 5181 952 5230 et
983 5173 1106 5230 Val.
1135 5172 1241 5242 Cl.,
1272 5189 1366 5228 ore
1391 5178 1544 5242 capta
1571 5178 1666 5230 est.

579 5243 600 5278 ³
629 5243 891 5326 Vindoc.,
934 5243 1102 5303 Corb.
1137 5245 1346 5313 Germ.,
1393 5242 1615 5302 Ebroic.
1651 5242 1856 5317 aliique
1883 5243 2098 5312 Norm.,

507 5329 861 5372 conversione.

577 5385 599 5419 ⁸
629 5385 827 5454 Laud.,
873 5387 1000 5442 dum
1045 5386 1217 5458 ipsam
1245 5389 1536 5444 Ecclesium
1563 5393 1841 5458 qucereret,
1889 5384 2101 5456 optimo

505 5469 1008 5612 segsﬁaudqiquas‘i
1037 5529 1277 5612 qawdam
1298 5531 1394 5602 pia
1419 5529 1640 5612 pagatiq
1652 5537 1754 5612 est.

575 5597 597 5672 εξ
627 5597 1055 5672 Νςιιιῐιιιμί-ξξάέ
1080 5597 1332 5672 ἀιιηιγρνὶ)
1361 5597 1707 5672 adjucandis.

577 5669 598 5703 ⁶
626 5668 803 5724 Aliter
825 5668 883 5724 in
902 5667 1161 5736 Vindoc.,
1185 5667 1404 5730 Ebroic.
1427 5667 1480 5728 et
1499 5673 1572 5727 al.
1597 5673 1810 5739 Norm.,
1835 5678 1943 5726 tam
1971 5671 2102 5726 vali-

505 5738 575 5796 da
604 5741 860 5796 charitate
895 5741 1114 5811 ﬂagrat,
1141 5755 1303 5808 quam
1331 5743 1518 5798 nimia.
1554 5743 1716 5799 Corb.
1751 5738 1961 5810 Germ,
1997 5741 2104 5814 ipse

2212 4610 2504 4684 promittit.
2528 4609 2673 4678 Quid
2696 4615 2780 4666 est
2805 4609 2952 4682 quod
2973 4618 3085 4668 tam
3118 4612 3287 4668 anxie
3309 4627 3405 4683 per
3417 4619 3500 4668 tot
3520 4611 3641 4668 loca
3657 4612 3678 4646 ⁸
3700 4629 3818 4684 par-

2211 4700 2369 4766 titur,
2399 4698 2509 4755 nisi
2534 4697 2682 4772 quod
2709 4697 2856 4755 circa
2883 4714 3076 4756 omnes
3105 4716 3218 4756 una
3243 4699 3517 4757 charitate
3545 4699 3818 4758 constrin-

2213 4789 2408 4860 gitur?
2450 4786 2701 4846 Charitas
2737 4788 2886 4844 enim
2917 4805 3040 4860 quas
3079 4788 3264 4846 divisa
3311 4789 3471 4846 unire
3501 4789 3814 4846 consuevit.

2212 4894 2388 4934 unum
2417 4894 2512 4934 cor
2541 4877 2699 4932 Pauli
2721 4893 2821 4949 per
2841 4879 3016 4936 multa
3035 4879 3215 4937 dividi
3230 4878 3535 4952 compellit.
3555 4878 3720 4947 Quod
3740 4886 3816 4934 ta-

2214 4983 2342 5026 men
2369 4973 2522 5024 tanto
2550 4965 2759 5023 arctius
2788 4965 2848 5024 in
2877 4969 2990 5026 Deo
3015 4967 3250 5040 colligit,
3290 4974 3500 5043 quanto
3527 4967 3697 5025 latius
3726 4982 3821 5039 per

2208 5171 2402 5254 quippe
2427 5185 2579 5242 quem
2609 5168 2793 5226 calida
2819 5169 3079 5226 charitate
3105 5169 3395 5244 ﬂagrantia
3422 5171 3612 5240 nimia,
3647 5187 3715 5227 ea:
3745 5171 3818 5226 lo-

2209 5249 2696 5397 c‘f'i-gbéspicamur
2714 5311 3029 5397 legendum,
3044 5281 3358 5397 absentibus
3377 5313 3780 5397 expgji‘mitcota
3801 5329 3821 5378 ;

2210 5385 2422 5458 scilicet
2443 5384 2547 5458 per
2562 5384 2838 5458 epistolas,
2867 5391 2928 5440 ut
2950 5384 3154 5458 legitur
3174 5387 3232 5443 in
3261 5384 3609 5444 Laudiihil
3630 5393 3818 5458 tamen

2212 5457 2270 5532 i_n
2315 5455 2475 5532 textui
2523 5455 2850 5532 mutandum
2893 5455 3234 5532 censuimus,
3284 5458 3434 5532 quod
3473 5459 3600 5514 Mss.
3644 5455 3816 5532 nostri

2212 5527 2377 5609 Corb.
2395 5527 2586 5609 ‘Germ.
2607 5534 2664 5582 et
2692 5527 2882 5608 Norm.
2920 5529 3152 5609 ορῐὶιῐιξὲ
3171 5527 3318 5609 nota;
3345 5528 3818 5609 habeant_audien-

2213 5598 2711 5674 tibus,_legaturque
2743 5597 2798 5653 in
2820 5597 3080 5656 omnibus
3111 5601 3212 5656 Ed.
3239 5618 3378 5674 quos
3409 5600 3815 5658 consuluimus.

2286 5671 2306 5703 ³
2341 5670 2572 5736 'l‘uron.,
2613 5676 2860 5740 vagatur.
