4152 6182
400 276 502 334 541

1135 276 1508 334 MORALIUM
1545 276 1678 333 LIB.
1721 275 1903 332 XXX.
1954 305 1995 315 ο·
2053 276 2123 333 ΙΝ
2161 276 2387 334 CAPTT
2425 276 2717 334 XXXVIII
2752 276 2813 332 B.
2856 278 2999 334 JOB.

3605 283 3713 341 542

394 409 589 459 sancta
616 400 887 459 desideria
932 402 1158 475 spargit.
1210 400 1565 458 Praedicando
1608 401 1776 472 igitur
1803 400 2005 456 Paulus
2033 401 2085 460 Α
2112 402 2258 457 enim
2286 412 2555 474 vagantur
2576 403 2733 474 pulli,
2758 402 2885 457 inde
2905 420 3082 458 escam
3106 421 3307 462 corvus
3326 406 3565 476 invenit,
3583 408 3715 481 quia

392 493 523 548 vult
550 490 720 547 simul
751 490 936 546 omnia
965 490 1166 559 dicere,
1198 490 1435 547 amando
1464 491 1588 547 vult
1616 490 1784 546 simul
1814 504 2006 545 omnes

392 583 607 650 videre,
640 582 771 655 quia
808 590 864 637 et
904 581 963 637 in
1000 598 1161 638 carne
1192 582 1565 654 permanendo
1595 582 1717 637 vult
1747 580 2006 637 omnibus

392 674 607 741 vivere,
637 681 691 728 et
718 671 785 727 de
814 687 978 727 carne
1008 671 1343 728 transeundo
1372 688 1468 744 per
1508 671 1842 729 sacriﬁcium
1874 670 2005 726 ﬁdei

394 765 519 819 vult
546 762 808 819 omnibus
837 762 1110 833 prodesse.
1138 763 1419 833 Vagentur
1439 762 1621 834 itaque
1642 762 1778 833 pulli
1810 777 2004 816 corvo-

394 868 543 920 rum,
572 850 630 907 id
659 857 742 906 est
767 849 1087 921 magistrum
1117 868 1278 906 suum
1298 850 1587 905 imitentur
1606 849 1707 904 ﬁlii
1731 849 2001 920 gentium,

394 950 677 1013 torporem
694 954 780 993 me
790 939 897 995 ntis
910 940 1215 1005 excutiant,
1232 946 1286 995 et
1299 956 1422 994 cum
1440 939 1748 994 animarum
1764 939 2001 1005 lucrum,

394 1030 453 1087 id
474 1038 557 1086 est
580 1028 768 1085 cibum
791 1044 953 1084 suum
976 1028 1204 1084 minime
1224 1028 1527 1101 reperiunt,
1550 1044 1661 1084 non
1679 1028 2000 1101 quiescant;

394 1122 463 1179 ad
494 1120 803 1193 profectum
833 1137 890 1175 se
931 1136 999 1175 ex
1048 1121 1397 1193 provectibus
1426 1120 1746 1186 extendant,
1775 1128 1849 1187 et,
1881 1136 1994 1175 aes-

396 1219 618 1268 tuantes
656 1211 715 1266 in
758 1209 999 1266 utilitate
1058 1212 1382 1280 multorum,
1438 1211 1795 1268 refectionem
1844 1225 1999 1266 suam

397 1300 555 1374 quasi
589 1306 849 1371 vagantes
878 1299 1139 1356 esuriant.
1169 1300 1308 1368 Quia
1350 1317 1480 1357 vero
1523 1318 1619 1373 per
1649 1298 2005 1373 praedicatio—

394 1406 526 1446 num
550 1405 715 1461 opera
746 1388 1127 1458 discurrendo,
1150 1390 1447 1446 refectione
1476 1389 1606 1444 ﬁdei
1638 1388 2003 1461 gentilitatem

394 1478 591 1535 satiare
623 1494 735 1534 non
786 1486 1019 1546 cessant,
1071 1478 1288 1534 dicatur
1335 1486 1482 1535 recte
1516 1496 1528 1534 :
1568 1478 1698 1546 Quis
1723 1480 2006 1549 prwparat

392 1586 548 1625 corvo
568 1586 737 1624 escam
764 1585 936 1637 suam,
955 1569 1169 1639 quando
1192 1568 1336 1640 pulli
1351 1568 1464 1638 ejus
1485 1567 2000 1633 clamantadDeum,

393 1662 641 1729 vagantes
670 1673 727 1710 eo
756 1656 899 1727 quod
925 1673 1031 1711 non
1062 1656 1285 1712 habeant
1304 1657 1460 1711 cibos.

2113 488 2246 543 dum
2268 505 2363 560 per
2391 489 2629 545 laborem
2654 489 3072 562 praedicantium
3094 507 3412 548 conversam
3443 493 3511 549 ad
3540 496 3713 551 Deum

2115 580 2476 651 gentilitatem
2505 581 2765 637 Iudaicus
2786 581 3019 653 populus
3043 582 3286 653 respicit,
3307 584 3375 639 ad
3403 593 3711 642 extremum

2113 666 2443 739 quandoque
2474 667 2766 722 stultitiam
2798 684 2908 723 suae
2938 667 3281 725 inﬁdelitatis
3320 670 3627 739 erubescit;
3660 678 3716 728 et

2112 762 2247 812 tunc
2276 756 2571 827 Scriptura
2593 773 2760 813 sacrae
2778 757 3079 813 sententias
3101 758 3382 831 intelligit,
3414 777 3539 816 cum
3562 761 3715 833 prius

2114 861 2277 917 quam
2308 845 2413 901 sibi
2444 861 2537 901 eas
2569 846 2826 917 gentibus
2859 847 3166 903 innotuisse
3198 849 3498 919 cognoscit,
3530 856 3711 921 atque,

2112 936 2333 1008 expleta
2374 934 2665 1007 vagatione
2709 936 3008 1007 pullorum,
3060 936 3128 991 ad
3168 938 3523 1010 percipienda
3563 954 3717 994 sacra

2112 1026 2333 1097 eloquia
2361 1043 2423 1081 os
2445 1026 2631 1081 cordis
2659 1026 2835 1098 aperit
2865 1044 2879 1092 ;
2926 1026 3054 1099 quia
3084 1027 3316 1098 peractis
3356 1027 3414 1083 in
3444 1028 3713 1084 mundum

2112 1117 2367 1173 cursibus
2396 1117 2797 1187 apostolorum,
2829 1133 2950 1172 sero
2979 1133 3042 1172 ea
3070 1116 3393 1189 spiritaliter
3422 1118 3655 1189 percipit
3683 1133 3715 1172 a

2114 1206 2314 1279 quibus
2334 1205 2430 1261 diu
2460 1222 2516 1261 se
2538 1206 2767 1278 perﬁdia
2782 1207 3113 1279 astringente
3124 1206 3416 1279 jejunavit.
3440 1208 3571 1275 Qua:
3585 1206 3713 1280 quia

2117 1296 2303 1352 omnia
2332 1296 2505 1352 solius
2535 1296 2740 1352 divinae
2772 1298 3029 1368 potentia:
3057 1297 3237 1353 virtus
3265 1305 3540 1369 operatur,
3568 1305 3713 1355 recte

2112 1384 2317 1441 dicitur
2338 1402 2349 1439 :
2372 1385 2503 1452 Quis
2513 1391 2791 1457 praeparat
2808 1402 2960 1441 corvo
2981 1403 3148 1441 escam
3175 1404 3349 1454 suam,
3370 1387 3582 1456 quando
3593 1387 3712 1457 pul-

2115 1476 2153 1532 li
2184 1475 2297 1545 ejus
2326 1477 2558 1531 clamant
2584 1476 2655 1531 ad
2673 1476 2859 1544 Deum,
2877 1482 3122 1547 vagantes
3136 1493 3192 1531 eo
3213 1475 3354 1546 quod
3371 1492 3477 1530 non
3492 1475 3715 1529 habeant

2111 1566 2250 1621 cibos
2273 1567 2300 1621 ?
2322 1563 2594 1621 Subaudis
2614 1564 2721 1620 nisi
2742 1582 2860 1637 ego,
2885 1564 2978 1638 qui
2996 1563 3270 1620 inﬁdelem
3296 1564 3557 1637 populum
3581 1562 3713 1619 ﬁliis

2111 1654 2227 1709 suis
2256 1661 2310 1710 et
2338 1654 2697 1710 exorantibus
2725 1655 2919 1723 tolero,
2944 1656 2964 1689 ⁵
2989 1662 3043 1710 et
3072 1652 3499 1726 praedicantibus
3526 1668 3711 1725 pasco,

466 1743 607 1818 [νει.
640 1743 816 1819 XIV.]
839 1744 928 1801 32.
957 1745 1118 1802 Corvi
1147 1762 1349 1816 quoque
1378 1744 1585 1799 nomine
1606 1743 1752 1816 plebs
1772 1740 2000 1798 Iudaica
2032 1766 2081 1826 Β
2111 1752 2273 1815 atque
2304 1743 2373 1797 ad
2414 1743 2522 1797 alia
2559 1744 2886 1814 vagantibus
2923 1743 3355 1800 convertendum
3387 1741 3713 1814 quandoque

392 1834 741 1906 signiﬁcatur.
778 1835 902 1893 Visa
920 1835 1192 1906 gentilium
1221 1834 1572 1902 conversione,
1594 1832 2005 1903 olimresipiscet

396 1940 460 1977 ac
490 1923 552 1977 de
579 1940 676 1979 sua
703 1924 930 1979 stultitia
949 1924 1224 1979 erubescet.
1248 1955 1317 1965 —
1336 1924 1521 1979 Potest
1541 1922 1705 1977 etiam
1728 1918 1881 1977 corvi
1906 1936 1999 1975 no-

395 2013 547 2068 mine
578 2013 730 2083 nigra
773 2028 869 2085 per
915 2012 1258 2069 inﬁdelitatis
1301 2013 1557 2069 meritum
1592 2010 1748 2084 plebs
1774 2009 2001 2065 Iudaica

393 2100 683 2173 designari.
702 2102 839 2157 Nam
852 2101 990 2173 pulli
1015 2101 1135 2174 ejus
1164 2100 1233 2157 ad
1260 2103 1435 2157 Deum
1468 2101 1707 2156 clamare
1739 2098 2003 2155 referun-

394 2196 501 2256 tur,
533 2196 595 2243 ut
622 2189 800 2245 eidem
834 2206 1000 2245 corvo
1028 2206 1059 2245 a
1086 2189 1323 2247 Domino
1344 2206 1466 2246 esca
1487 2194 1848 2261 praeparetur,
1871 2185 2002 2258 quia

393 2276 660 2333 nimirum
686 2277 864 2334 sancti
891 2279 1122 2350 apostoli
1154 2279 1331 2351 plebis
1360 2278 1676 2334 Israeliticae
1708 2291 1874 2333 carne
1900 2290 2002 2345 ge—

396 2364 593 2434 nerati,
626 2364 758 2421 dum
790 2383 887 2438 pro
918 2374 1075 2437 gente
1105 2383 1203 2422 sua
1230 2382 1415 2439 preces
1445 2366 1512 2421 ad
1543 2364 1833 2421 dominum
1865 2362 2000 2417 fun-

396 2453 613 2522 derent,
646 2455 801 2526 quasi
831 2455 971 2525 pulli
1000 2470 1314 2521 corvorum,
1332 2470 1457 2509 eum
1478 2454 1544 2509 de
1566 2470 1675 2525 quo
1704 2450 2000 2509 carnaliter

394 2544 537 2599 editi
586 2551 717 2598 sunt
745 2542 983 2614 spiritali
1022 2542 1385 2614 intelligentia
1423 2550 1703 2614 parentem
1736 2541 1999 2613 populum

398 2639 696 2704 paverunt.
727 2631 902 2702 Igitur
929 2630 1061 2686 dum
1093 2631 1230 2703 pulli
1260 2630 1377 2703 ejus
1405 2632 1662 2699 clamant,
1694 2646 1860 2686 corvo
1882 2644 2003 2685 esca

393 2724 761 2790 prmparatur,
784 2717 913 2790 quia
933 2717 1063 2773 dum
1085 2719 1316 2791 apostoli
1347 2726 1598 2787 exorant,
1622 2718 1775 2791 plebs
1790 2717 1999 2773 dudum

394 2804 608 2877 perﬁda
637 2805 705 2860 ad
734 2806 1102 2877 cognitionem
1135 2806 1263 2862 ﬁdei
1293 2806 1534 2875 ducitur,
1566 2815 1620 2861 et
1648 2824 1716 2862 ex
1742 2806 1998 2879 praedica-

398 2893 550 2949 tione
570 2894 814 2949 ﬁliorum
839 2895 993 2968 quasi
1014 2912 1084 2951 ex
1113 2896 1389 2968 pullorum
1413 2912 1545 2952 voce
1576 2896 1826 2952 satiatur.
1853 2893 1999 2951 Illud

399 2989 588 3037 tamen
621 2982 678 3037 in
710 2981 817 3038 hoc
844 2999 1005 3039 versu
1035 2983 1298 3041 debemus
1326 2986 1556 3041 solerter
1594 2985 1819 3052 intueri,
1852 2982 1999 3059 quod

400 3069 534 3126 huic
560 3087 728 3127 corvo
750 3087 872 3128 esca
886 3071 1092 3128 dicitur
1113 3074 1354 3145 primum
1372 3074 1540 3146 pullis
1559 3073 1925 3129 clamantibus
1946 3081 2001 3129 et

394 3159 747 3232 postmodum
770 3162 1097 3232 vagantibus
1114 3165 1424 3236 praeparari.
1451 3163 1827 3221 Clamantibus
1848 3180 1998 3219 nam-

397 3265 500 3323 que
531 3249 700 3321 pullis
726 3265 892 3305 corvo
918 3267 1040 3307 esca
1062 3260 1361 3323 praeparata
1389 3262 1491 3321 est,
1524 3270 1648 3310 cum
1680 3253 1996 3325 praedican-

393 3337 545 3393 tibus
570 3338 830 3409 apostolis
858 3339 1089 3395 verbum
1114 3340 1213 3395 Dei
1242 3341 1429 3397 Judaea
1461 3340 1710 3410 audiens,
1744 3342 1909 3398 modo
1937 3340 1996 3396 in

396 3427 574 3483 tribus
604 3427 872 3496 millibus,
902 3429 1066 3485 modo
1097 3430 1154 3484 in
1176 3430 1419 3502 quinque
1444 3432 1690 3487 millibus
1720 3431 1996 3503 spirituali

395 3522 475 3569 est
504 3514 870 3588 intelligentia
896 3518 1109 3573 satiata.
1147 3519 1163 3551 ¹
1193 3517 1297 3572 Sed
1343 3534 1471 3573 cum
1511 3534 1607 3589 per
1636 3518 1995 3589 reproborum

396 3603 812 3660 multitudinem
833 3604 1220 3661 crudelitatem
1242 3621 1397 3660 suam
1418 3615 1608 3661 contra
1636 3605 1997 3676 praedicantes

395 3700 694 3761 exerceret,
725 3700 779 3749 et
806 3693 963 3767 quasi
1012 3693 1290 3765 pullorum
1334 3692 1505 3747 vitam
1557 3703 1795 3761 necaret,
1826 3694 1995 3751 iidem

391 3780 537 3853 pulli
567 3782 590 3818 3
618 3780 674 3836 in
703 3782 964 3838 universa
984 3781 1178 3837 mundi
1209 3781 1384 3854 spatia
1403 3780 1635 3853 dispersi
1666 3792 1815 3838 sunt.
1839 3782 1995 3839 Unde

391 3877 448 3926 et
473 3868 681 3925 eisdem
712 3871 1025 3928 carnalibus
1072 3871 1322 3943 patrihus
1351 3871 1589 3943 spiritali
1617 3870 1994 3944 pradicationi

389 3959 775 4017 resistentibus
803 3961 996 4017 dicunt
1022 3979 1033 4016 :
1068 3963 1089 3995 ³
1124 3962 1275 4020 Vobis
1304 3962 1573 4032 oportebat
1594 3962 1833 4034 primum
1853 3963 1997 4032 loqui

388 4049 604 4104 verbum
631 4050 729 4104 Dei
747 4068 770 4116 ;
808 4050 896 4105 sed
923 4050 1046 4120 quia
1078 4051 1331 4121 repellitis
1362 4050 1520 4117 illud,
1558 4057 1607 4105 et
1637 4051 1878 4122 indignos
1906 4068 1996 4106 vos

378 4137 639 4209 judicatis
667 4145 876 4195 (sternte
893 4140 1035 4206 vitae,
1064 4157 1168 4194 ecce
1187 4141 1542 4195 convertimur
1560 4142 1631 4197 ad
1646 4147 1815 4213 gentes
1843 4140 1991 4210 (Act.

390 4244 519 4297 xm,
540 4228 635 4301 46)
662 4247 675 4296 ;
710 4229 944 4286 scientes
969 4231 1215 4303 profecto
1236 4231 1384 4304 quod
1404 4240 1691 4304 postquam
1716 4232 1997 4304 gentilitas

390 4317 661 4387 crederet,
711 4319 877 4376 etiam
921 4319 1108 4375 Iudaea
1145 4319 1212 4375 ad
1254 4320 1419 4375 ﬁdem
1462 4322 1694 4377 veniret.
1742 4322 1896 4379 Unde
1942 4329 1997 4377 et

388 4408 658 4481 scriptum
690 4416 772 4465 est
804 4428 815 4465 :
850 4410 1023 4465 Donec
1046 4409 1320 4480 plenitudo
1349 4410 1577 4481 gentium
1608 4411 1629 4444 ὀ
1660 4410 1926 4474 introiret,
1950 4416 1999 4464 et

2111 1831 2169 1886 in
2197 1830 2306 1885 ﬁne
2332 1830 2596 1886 sustineo.

2182 1915 2323 1990 [Vet.
2355 1916 2499 1991 XV.]
2537 1917 2623 1973 33.
2655 1918 2824 1973 Periti
2851 1918 3114 1990 magistri,
3145 1918 3421 1989 discipulis
3448 1934 3553 1972 non
3583 1918 3713 1972 satis

2110 2006 2381 2061 humiliter
2406 2007 2468 2062 de
2486 2024 2539 2062 se
2557 2008 2913 2076 sentientibus,
2935 2007 3262 2063 sublimioris
3276 2006 3527 2062 doctrinm
3544 2006 3715 2061 cibum

2110 2096 2445 2151 subtrahunt.
2477 2126 2548 2136 —
2575 2097 2676 2151 Est
2702 2096 2885 2152 adhuc
2904 2096 3056 2152 aliud
3077 2096 3224 2169 quod
3246 2096 3313 2152 de
3344 2113 3512 2153 corvo
3538 2113 3712 2151 mora-

2112 2184 2239 2240 liter
2268 2186 2438 2256 possit
2466 2185 2729 2256 intelligi.
2754 2185 2933 2240 Editis
2961 2200 3199 2257 namque
3220 2185 3407 2256 pullis,
3426 2192 3490 2239 ut
3509 2185 3705 2252 fertur,

2111 2290 2289 2330 escam
2320 2274 2479 2346 plene
2505 2273 2743 2345 praebere
2772 2273 3106 2342 dissimulat,
3125 2275 3445 2348 priusquam
3476 2275 3713 2347 plumes-

2111 2363 2286 2420 cendo
2313 2364 2643 2436 nigrescant,
2675 2380 2874 2437 eosque
2921 2363 3103 2419 inedia
3133 2363 3277 2419 afﬁci
3306 2363 3531 2434 patitur,
3565 2380 3712 2437 quo-

2112 2453 2357 2526 adusque
2388 2454 2445 2509 in
2475 2454 2586 2509 illis
2615 2470 2712 2526 per
2740 2470 3042 2527 pennarum
3061 2454 3403 2526 nigredinem
3432 2471 3533 2510 sua
3559 2454 3711 2510 simi-

2111 2542 2292 2599 litudo
2322 2542 2594 2599 videatur.
2628 2544 2733 2611 Qui
2766 2543 2875 2600 huc
2906 2544 3145 2617 illucque
3175 2551 3445 2615 vagantur
3473 2545 3531 2599 in
3553 2543 3707 2612 nido,

2111 2641 2165 2687 et
2194 2631 2445 2687 ciborum
2474 2639 2739 2704 expetunt
2768 2642 2955 2704 aperto
2986 2648 3077 2688 ore
3107 2632 3441 2689 subsidium.
3476 2635 3549 2690 At
3576 2650 3703 2689 cum

2110 2721 2417 2791 nigrescere
2462 2721 2747 2793 ceperint,
2800 2729 2952 2778 tanto
2989 2722 3069 2778 eis
3117 2722 3404 2794 praebenda
3449 2721 3712 2778 alimenta

2112 2811 2393 2867 ardentius
2414 2811 2666 2883 requirit,
2690 2820 2896 2884 quanto
2915 2812 3041 2867 illos
3060 2812 3204 2869 alere
3219 2812 3433 2869 diutius
3462 2812 3704 2869 distulit.

2110 2899 2322 2955 Corvus
2350 2900 2595 2970 profecto
2624 2908 2706 2956 est
2734 2901 2927 2957 doctus
2974 2901 3206 2973 quisque
3238 2900 3580 2972 praedicator,
3612 2900 3709 2973 qui

2114 3003 2309 3059 magna
2339 3004 2472 3043 voce
2493 2988 2713 3055 clamat,
2733 2988 2864 3044 dum
2887 2996 3234 3061 peccatorum
3256 3006 3483 3045 suorum
3503 3006 3709 3046 memo-

2110 3078 2246 3133 riam
2277 3086 2439 3151 atque
2478 3079 2854 3151 cognitionem
2902 3078 3242 3135 inﬁrmitatis
3282 3079 3520 3151 propria;
3552 3080 3708 3153 quasi

2112 3166 2407 3240 quamdam
2457 3168 2658 3223 coloris
2699 3167 3040 3239 nigredinem
3089 3175 3291 3240 portat.
3343 3167 3446 3226 Cui
3483 3168 3706 3242 quidam

2108 3267 2413 3316 nascuntur
2442 3259 2499 3315 in
2517 3258 2623 3315 ﬁde
2645 3259 2927 3332 discipuli,
2951 3258 3045 3315 sed
3066 3258 3298 3316 fortasse
3318 3258 3499 3316 adhuc
3529 3262 3551 3296 δ
3582 3278 3707 3317 con-

2106 3348 2350 3404 siderare
2387 3348 2767 3405 inﬁrmitatem
2800 3349 3077 3422 propriam
3109 3349 3384 3418 nesciunt,
3418 3348 3646 3406 fortasse
3677 3367 3709 3405 a

2107 3439 2343 3509 peccatis
2373 3439 2664 3511 praeteritis
2707 3440 3027 3496 memoriam
3076 3445 3356 3507 avertunt,
3398 3446 3453 3495 et
3481 3455 3576 3512 per
3604 3438 3710 3495 hoc

2106 3543 2226 3583 eam
2257 3546 2423 3600 quam
2450 3529 2653 3585 assumi
2682 3536 2898 3599 oportet
2929 3537 3121 3585 contra
3148 3529 3317 3603 hujus
3346 3530 3542 3587 mundi
3572 3530 3702 3602 glo-

2107 3614 2245 3671 riam
2269 3616 2603 3672 humilitatis
2619 3616 2963 3687 nigredinem
2987 3633 3098 3673 non
3117 3617 3438 3675 ostendunt.
3463 3619 3531 3674 Hi
3556 3617 3708 3673 velut

2107 3704 2175 3759 ad
2204 3705 2549 3776 accipiendas
2575 3721 2724 3761 escas
2748 3722 2810 3761 os
2840 3708 3114 3777 aperiunt,
3146 3724 3273 3763 cum
3304 3708 3491 3764 doceri
3522 3707 3590 3764 de
3611 3722 3706 3762 se-

2105 3792 2270 3848 cretis
2313 3794 2332 3827 ⁷
2379 3791 2713 3847 sublimibus
2757 3801 3029 3864 quierunt.
3082 3793 3187 3848 Sed
3224 3793 3304 3847 eis
3345 3792 3537 3850 doctor
3576 3810 3709 3848 suus

2105 3882 2369 3938 alimenta
2398 3880 2949 3952 praedicamentorum
2978 3881 3306 3938 sublimium
3335 3888 3492 3937 tanto
3524 3884 3707 3938 minus

2105 3972 2328 4040 tribuit,
2360 3977 2567 4042 quanto
2598 3970 2724 4026 illos
2768 3977 2989 4042 peccata
3024 3970 3306 4043 praeterita
3334 3969 3519 4027 minus
3543 3970 3707 4043 digne

2109 4061 2310 4118 deﬂere
2335 4062 2355 4095 ⁸
2384 4058 2684 4133 cognoscit.
2709 4061 3005 4132 Exspectat
3033 4060 3235 4133 quippe
3262 4067 3424 4132 atque
3451 4060 3709 4117 admonet

2106 4158 2167 4207 ut
2196 4167 2226 4205 a
2251 4151 2429 4206 nitore
2460 4150 2588 4205 vitae
2618 4150 2903 4222 praesentis
2934 4150 3090 4222 prius
3118 4166 3214 4222 per
3245 4149 3582 4221 pmnitentiae
3610 4150 3701 4205 la—

2105 4248 2290 4297 menta
2318 4242 2649 4313 nigrescant,
2684 4248 2739 4297 et
2767 4248 2901 4296 tunc
2926 4240 3149 4296 demum
3179 4255 3422 4311 congrua
3449 4239 3705 4312 praedica-

2104 4330 2275 4387 tionis
2300 4329 2675 4385 subtilissimee
2696 4329 3035 4384 nutrimenta
3057 4326 3380 4400 percipiant.
3416 4326 3627 4384 Corvus
3647 4329 3705 4383 in

2108 4418 2276 4490 pullis
2296 4435 2393 4474 ora
2411 4417 2688 4472 inhiantia
2702 4416 2946 4488 respicit,
2970 4415 3065 4472 sed
3086 4423 3211 4471 ante
3227 4415 3285 4469 in
3305 4415 3385 4471 eis
3403 4431 3703 4487 pennarum

385 4499 464 4552 sic
492 4500 663 4554 omnis
692 4500 865 4557 Israel
887 4500 1066 4554 salvus
1089 4500 1236 4570 ﬁeret
1266 4500 1441 4570 (Rom.
1477 4516 1558 4566 x1,
1576 4499 1694 4571 25).
1728 4500 1867 4566 Quia
1895 4498 1993 4571 igi-

2110 4488 2395 4576 nigredine
2424 4504 2580 4560 indui
2609 4520 2838 4575 corpora
2866 4504 3082 4576 quaerit.
3117 4504 3209 4562 Sic
3238 4512 3291 4561 et
3314 4504 3584 4561 discretus
3611 4502 3704 4560 do-

388 4595 479 4643 tur
512 4603 860 4661 summopere
906 4587 1083 4643 sancti
1131 4588 1361 4659 apostoli
1407 4597 1461 4644 et
1487 4588 1816 4645 studuerunt
1844 4589 1997 4661 prius

389 4680 528 4739 971
563 4685 916 4742 audientibus
938 4684 1256 4758 praedicare,
1288 4692 1341 4740 et
1372 4685 1719 4756 postmodum
1742 4686 1994 4742 resisten-

388 4772 538 4829 tibus
566 4775 819 4846 exempla
846 4791 1124 4831 conversa)
1154 4773 1480 4847 gentilitatis
1510 4773 1817 4843 ostendere,
1849 4792 1996 4848 qua-

389 4863 435 4918 si
468 4864 771 4919 esurientes
802 4864 940 4936 pulli
972 4863 1105 4920 huic
1134 4880 1301 4921 corvo
1329 4880 1507 4920 escam
1531 4880 1685 4921 suam
1708 4864 1861 4937 prius
1882 4864 1988 4920 cla-

394 4952 597 5008 mando
649 4959 705 5007 et
751 4952 1102 5026 postmodum
1140 4952 1388 5025 vagando
1433 4953 1785 5026 quaesierunt.
1837 4953 1991 5009 Unde

472 5152 487 5185 ¹
522 5151 726 5208 Omnes
749 5151 880 5206 Mss.
914 5150 1088 5206 nostri
1110 5150 1188 5207 ita
1201 5150 1443 5219 habent;
1476 5159 1532 5208 at
1555 5151 1730 5217 Editi,
1761 5151 1849 5208 sed
1873 5168 1991 5207 cum

386 5222 735 5294 reprome
760 5223 1060 5278 multitudo.

460 5294 483 5328 ³
510 5293 746 5366 Ebroic.
765 5294 969 5366 aliique
996 5295 1209 5366 Norm.,
1241 5293 1298 5347 in
1320 5294 1623 5366 universam
1646 5294 1832 5348 mundi
1855 5312 1991 5365 par-

389 5371 508 5420 tem.
536 5365 662 5421 Val.
694 5364 775 5421 CI.
817 5364 1063 5422 et‘Corb.
1097 5365 1305 5430 Germ.,
1354 5364 1412 5418 in
1444 5365 1781 5420 universa....
1810 5364 1982 5435 parte.

461 5438 482 5471 ³
517 5436 779 5507 Vindoc.,
808 5437 953 5492 vobis
980 5437 1189 5507 quidem
1218 5437 1503 5507 oportebat.

461 5509 482 5542 "
513 5506 775 5569 Vindoc..
808 5506 1049 5564 intraret.
1248 5506 1255 5507 ί
1757 5550 1760 5554 .

460 5580 482 5613 ⁵
515 5578 709 5646 Gilot.,
742 5580 1012 5636 Gussanv.
1038 5586 1091 5633 et
1115 5578 1369 5633 nonnulli
1393 5578 1563 5647 Editi,
1587 5586 1633 5633 et
1647 5578 1984 5649 prwdicanti-

387 5649 693 5722 busparco,
715 5658 905 5707 contra
932 5651 1180 5706 omnium
1198 5658 1525 5722 nostrorum
1554 5651 1681 5706 Mss.
1716 5650 1901 5717 ﬁdem,
1926 5650 1983 5704 in

386 5721 591 5794 quibus
612 5722 813 5795 legitur
838 5740 1015 5795 pasco,
1047 5728 1109 5779 ut
1136 5721 1300 5778 etiam
1331 5721 1389 5777 in
1421 5729 1529 5777 vet.
1550 5722 1680 5791 Ed.,
1703 5722 1889 5796 sicque
1911 5722 1982 5777 le-

2106 4604 2227 4652 ctor
2256 4596 2476 4650 interna
2496 4593 2760 4667 mysteria
2777 4609 2969 4649 eorum
2992 4594 3245 4651 sensibus
3270 4611 3382 4651 non
3406 4595 3703 4662 ministrat,

2105 4701 2241 4758 quos
2290 4684 2471 4741 adhuc
2499 4684 2567 4739 ab
2607 4683 2713 4739 hoc
2754 4684 2956 4740 saeculo
2986 4700 3330 4758 nequaquam
3361 4701 3417 4739 se
3442 4682 3703 4754 abjecisse

2102 4777 2441 4833 considerat.
2475 4776 2693 4843 Quanto
2722 4774 2893 4847 igitur
2911 4774 3176 4848 discipuli
3198 4775 3441 4829 exterius
3468 4788 3565 4843 per
3591 4771 3704 4826 cul-

2100 4872 2221 4923 tum
2254 4866 2383 4922 vitae
2397 4865 2683 4939 praesentis
2704 4865 2888 4922 minus
2910 4865 3068 4938 quasi
3089 4862 3234 4935 nigri
3263 4870 3412 4928 sunt,
3441 4866 3593 4916 tanto
3608 4875 3705 4930 per

2098 4956 2282 5012 cibum
2314 4954 2471 5010 verbi
2501 4955 2735 5011 interius
2782 4955 2969 5010 minus
2997 4953 3280 5025 replentur
3310 4966 3325 5016 ;
3360 4955 3418 5005 et
3449 4964 3558 5022 quo
3587 4963 3644 5003 se
3671 4964 3704 5004 a

2096 5146 2333 5221 gendum
2364 5147 2560 5218 probat
2586 5148 2742 5203 locus
2772 5145 2868 5218 qui
2896 5143 3198 5216 exponitur
3242 5158 3256 5198 :
3287 5142 3383 5214 qui
3420 5147 3705 5215 prwparat

2095 5237 2251 5275 607⁸υο
2282 5235 2470 5274 escam.

2168 5291 2189 5326 ⁶
2218 5292 2440 5347 Recent.
2471 5287 2700 5355 Excusi,
2731 5303 2858 5343 cum
2907 5284 3073 5342 Corb.
3117 5285 3329 5356 Germ.,
3366 5286 3704 5344 considerare

2093 5362 2415 5432 nigredinem
2430 5359 2767 5432 inﬁrmitatis
2780 5357 3041 5429 propriae,
3067 5373 3278 5432 merum
3303 5359 3573 5432 glossema
3593 5375 3701 5432 quo

2094 5430 2280 5490 carent
2311 5440 2418 5488 vet.
2454 5431 2629 5497 Edit.,
2661 5430 2922 5502 abestque
2957 5445 2988 5483 a
3015 5437 3135 5486 caet.
3168 5430 3529 5499 Mss.Laud.,
3564 5430 3694 5488 Val.

2094 5506 2199 5573 CL,
2248 5503 2506 5569 Vindoc.,
2556 5500 3009 5567 Ebroicensibus,
3055 5508 3109 5556 et
3150 5503 3221 5557 al.
3271 5504 3461 5561 Norm.
3522 5502 3695 5560 Corb.

2094 5578 2275 5633 Germ.
2318 5576 2483 5647 paulo
2511 5581 2638 5647 ante
2668 5572 2832 5647 habet
2865 5590 2876 5627 :
2911 5572 2997 5627 cui
3022 5573 3248 5643 quidem.

2166 5650 2183 5683 ⁷
2220 5646 2479 5713 Vindoc.,
2511 5646 2822 5700 cwlestibus.

2167 5721 2187 5754 ⁸
2219 5718 2477 5787 Vindoc.,
2502 5716 2728 5785 Pratel.,
2763 5716 2927 5783 Utic.,
2960 5716 3232 5791 conspicit.
