4152 6182
512 309 617 365 543

1731 307 1980 365 SANCTI
2021 308 2356 368 GREGORII
2396 312 2621 371 MAGNI

3714 325 3813 381 5M

513 433 799 522 corporali
814 431 987 504 gloria
1017 447 1126 488 non
1156 440 1447 500 evacuant,
1494 447 1558 489 eo
1602 450 1634 488 a
1681 432 1916 506 spiritali
1964 434 2112 492 refe-
2143 439 2194 498 Α
2222 453 2393 494 onera
2423 438 2603 496 dorsis
2631 439 3061 512 praecedentium
3085 452 3484 516 superponunt,
3508 445 3718 522 sibique
3743 450 3819 506 in-

514 521 696 578 ctione
727 519 1000 593 jejunant.

585 610 672 668 3’1.
708 611 861 667 Secus
891 612 938 666 si
967 611 1022 666 in
1046 609 1365 681 confessione
1389 617 1718 681 peccatorum
1751 611 2117 668 humilientur.

513 731 584 743 —
612 701 668 758 Si
698 716 828 755 vero
852 700 906 755 in
927 699 1277 756 confessione
1307 700 1434 755 vitae
1456 700 1748 772 praeteritae
1781 702 2003 757 lamenti
2032 702 2119 758 sui

519 790 753 862 gemitus
783 790 934 846 velut
961 789 1328 861 nigrescentes
1374 791 1589 861 plumas
1632 789 1928 861 proferant,
1968 791 2120 848 illico

515 879 572 936 in
615 878 1076 950 contemplatione
1109 878 1304 935 doctor
1346 877 1414 933 ad
1456 893 1636 935 escam
1671 879 1738 935 de
1786 879 2120 937 sublimibus

514 967 888 1036 deferendam,
931 968 1085 1041 quasi
1132 968 1411 1040 pullorum
1466 967 1824 1025 refectionem
1871 969 2118 1041 cogitans

513 1083 734 1136 corvus,
765 1067 937 1135 volat,
975 1068 1160 1140 eisque
1208 1065 1495 1122 hiantibus
1539 1066 1596 1122 in
1640 1083 1731 1123 ore
1763 1063 1908 1121 972
1933 1066 2119 1124 cibum

514 1165 754 1227 revocat,
786 1157 916 1213 dum
940 1173 1009 1213 ex
1041 1174 1104 1213 ea
1132 1157 1502 1229 intelligentia
1531 1173 1696 1229 quam
1726 1158 1952 1228 coeperit
1985 1172 2121 1212 esu-

513 1246 786 1304 rientibus
821 1247 1108 1320 discipulis
1139 1247 1404 1302 alimenta
1435 1247 1567 1303 vitae
1601 1246 1873 1320 loquendo
1897 1245 2121 1302 submi-

513 1333 730 1392 nistrat.
777 1336 926 1405 Quos
960 1344 1114 1410 tanto
1175 1334 1461 1394 ardentius
1507 1335 1575 1392 de
1621 1335 1873 1407 supernis
1921 1334 2119 1403 reiicit,

513 1434 720 1499 quanto
744 1426 928 1484 verius
956 1444 987 1482 a
1013 1427 1206 1482 mundi
1235 1429 1421 1483 nitore
1443 1426 1752 1499 nigrescere
1782 1425 2120 1499 paenitentiae

513 1515 906 1573 lamentatione
933 1515 1236 1589 cognoscit.

585 1603 671 1661 35.
710 1607 823 1673 Quo
848 1605 1027 1675 major
1047 1612 1120 1662 est
1149 1605 1444 1671 humilitas,
1474 1605 1654 1675 major
1673 1606 1831 1662 etiam
1860 1623 1972 1679 spes
1996 1621 2122 1677 pro-

515 1701 705 1753 vectus.
730 1725 797 1736 —
819 1695 963 1751 Pulli
983 1703 1164 1752 autem
1195 1695 1327 1751 dum
1357 1696 1518 1768 nigro
1539 1711 1595 1751 se
1616 1711 1919 1768 pennarum
1937 1695 2121 1751 colore

2231 528 2408 586 vicem
2452 530 2806 588 succedentes
2854 531 3095 590 laborem
3138 534 3406 608 ponderis
3448 537 3676 594 omnino
3721 555 3822 596 non

2231 619 2494 675 sentiunt.
2547 619 2691 688 Quid
2721 627 2803 678 est
2832 637 2959 695 ergo
2988 624 3136 697 quod
3186 625 3381 682 beatus
3421 625 3524 682 Job
3568 626 3635 683 de
3678 636 3828 701 partu

2230 710 2439 768 ibicum
2483 729 2883 787 cervarumque
2912 713 3227 783 discutitur,
3270 716 3375 772 nisi
3408 717 3539 790 quia
3570 717 3627 774 in
3656 719 3830 776 cervis

2230 802 2317 856 vel
2349 801 2589 860 ibicibus
2619 804 3000 876 magistrorum
3033 805 3366 878 spiritalium
3391 821 3622 878 persona
3654 808 3830 879 signa-

2230 902 2322 951 tur
2349 896 2377 952 ?
2403 896 2512 968 Ipsi
2545 897 2746 970 quippe
2768 898 2920 955 velut
2950 898 3123 956 ibices
3152 899 3209 955 in
3239 900 3407 971 petris
3441 900 3686 972 pariunt,
3708 901 3833 974 quia

2231 987 2289 1043 in
2317 985 2568 1045 doctrina
2607 996 2846 1061 patrum,
2888 989 2985 1062 qui
3016 997 3181 1062 petrae
3213 1006 3311 1062 pro
3341 989 3621 1047 soliditate
3658 990 3833 1048 vocati

2231 1084 2378 1144 sunt,
2426 1077 2493 1133 ad
2545 1079 2964 1135 conversionem
3008 1079 3222 1136 animas
3260 1079 3514 1152 gignunt.
3549 1081 3658 1154 Ipsi
3689 1081 3834 1136 velut

2232 1166 2400 1223 ibices
2432 1168 2639 1224 nullius
2654 1185 2813 1226 casus
2841 1169 3041 1225 damna
3068 1169 3336 1236 sentiunt,
3355 1169 3487 1226 dum
3508 1170 3566 1226 in
3587 1171 3703 1227 suis
3720 1187 3834 1228 cor-

2231 1258 2393 1315 nibus
2417 1260 2437 1294 ²
2465 1260 2845 1332 excipiuntur,
2863 1261 2993 1333 quia
3009 1260 3284 1334 quidquid
3313 1262 3393 1316 eis
3423 1261 3598 1318 ruinae
3627 1269 3834 1334 tempo-

2231 1349 2362 1406 ralis
2405 1351 2719 1418 accesserit,
2764 1351 2821 1406 in
2866 1353 3210 1409 testamentis
3247 1368 3415 1408 sacrae
3456 1351 3752 1425 Scriptura:
3781 1367 3837 1408 se

2230 1438 2562 1511 suscipiunt,
2591 1447 2644 1495 et
2673 1440 2827 1512 quasi
2856 1457 3125 1497 cornuum
3167 1441 3494 1514 exceptione
3524 1442 3830 1498 salvantur.

2230 1527 2308 1582 De
2339 1527 2426 1583 his
2457 1529 2603 1584 enim
2626 1531 2964 1585 testamentis
2993 1530 3203 1587 dictum
3232 1537 3314 1586 est
3343 1548 3354 1586 :
3395 1531 3609 1588 Cornua
3631 1536 3754 1586 sunt
3780 1530 3836 1584 in

2229 1619 2474 1673 manibus
2502 1619 2616 1688 ejus
2649 1620 2873 1691 (Habac.
2908 1638 2990 1688 ιιι,
3023 1619 3102 1692 4).
3145 1620 3230 1677 Ad
3271 1621 3672 1694 Scripturarum
3703 1637 3835 1693 ergo

2229 1707 2661 1763 consolationem
2696 1708 2998 1780 refugiunt,
3028 1707 3161 1764 dum
3189 1709 3372 1782 aliqua
3400 1709 3719 1782 temporalis
3750 1724 3835 1764 ca-

516 1789 781 1856 vestiunt,
813 1787 879 1843 de
905 1805 961 1845 SB
991 1788 1154 1844 etiam
1188 1788 1429 1842 volatum
1472 1788 1823 1858 promittunt,
1858 1786 1987 1858 quia
2009 1801 2118 1856 quo
2150 1813 2196 1871 B
2231 1811 2322 1850 sus
2351 1794 2569 1866 jactura
2613 1797 2912 1854 feriuntur.
2960 1801 3166 1855 Αηηοη
3211 1816 3361 1856 more
3406 1800 3633 1868 ibicum,
3668 1797 3837 1870 hujus

516 1876 688 1947 magis
702 1876 960 1946 discipuli
982 1875 1193 1947 abjecta
1212 1875 1278 1929 de
1307 1892 1331 1928 s
1347 1891 1376 1930 e
1397 1873 1666 1942 sentiunt,
1687 1891 1795 1947 quo
1815 1873 1990 1945 magis
2005 1889 2122 1929 sese

515 1965 877 2037 despicientes
898 1964 1166 2034 afﬂigunt,
1189 1981 1253 2021 eo
1274 1965 1515 2036 amplius
1543 1981 1694 2036 spem
1718 1973 2012 2036 provectus
2033 1963 2118 2018 sui

514 2055 572 2112 in
602 2055 796 2111 altiora
814 2053 1162 2127 pollicentur.
1196 2053 1348 2110 Unde
1378 2062 1432 2110 et
1460 2061 1617 2110 curat
1638 2053 1833 2110 doctor
1852 2053 2115 2109 festinan-

518 2144 631 2200 tius
674 2144 818 2200 alere
858 2159 996 2216 quos
1035 2142 1148 2214 jam
1185 2159 1281 2215 per
1323 2142 1571 2215 quaedam
1621 2143 1827 2200 indicia
1869 2141 2123 2214 providet

516 2246 672 2304 posse
702 2240 755 2286 et
783 2230 907 2286 aliis
935 2229 1216 2303 prodesse.
1253 2231 1395 2288 Hinc
1421 2231 1570 2286 enim
1601 2229 1957 2286 Timotheum
1988 2229 2123 2284 Pau-

517 2323 605 2378 lus
633 2320 912 2387 admonet,
963 2319 1114 2376 velut
1164 2321 1566 2394 plumescentes
1607 2318 1786 2392 pullos
1829 2317 2125 2375 sollicitius

517 2412 751 2480 nutrire,
781 2409 914 2466 dum
947 2409 1084 2468 dicit
1118 2428 1128 2466 :
1165 2411 1292 2478 Quae
1320 2410 1520 2466 audisti
1548 2429 1579 2465 a
1598 2427 1677 2465 me
1702 2426 1800 2482 per
1818 2410 2010 2464 multos
2033 2415 2124 2462 tes-

521 2509 612 2568 tes,
631 2504 736 2558 haec
757 2504 1057 2558 commenda
1078 2501 1318 2574 ﬁdelibus
1339 2501 1655 2569 hominibus,
1677 2500 1769 2571 qui
1784 2499 1957 2555 idonei
1974 2505 2127 2554 erunt

519 2601 566 2649 et
593 2593 731 2650 alios
762 2595 942 2648 doce-re
974 2594 1058 2663 (ΙΙ
1095 2593 1227 2648 Tim.
1263 2609 1323 2660 ιι,
1357 2592 1434 2664 2).
1469 2592 1600 2659 Quae
1632 2591 1894 2647 doctrinae
1925 2591 2125 2648 discre-

488 2744 494 2748 _
518 2683 597 2738 tio
626 2681 757 2736 dum
788 2688 945 2738 caute
974 2698 1005 2736 a
1025 2681 1378 2754 praedicatore
1401 2681 1743 2748 custoditur,
1773 2679 1823 2735 ei
1851 2679 2126 2735 divinitus

517 2771 720 2843 largior
760 2770 918 2843 copia
959 2770 1366 2842 przedicationis
1418 2769 1600 2825 datur.
1650 2770 1790 2824 Dum
1833 2769 1982 2824 enim
2032 2785 2126 2841 per

517 2859 839 2918 charitatem
870 2857 1108 2932 compati
1134 2857 1357 2916 afflictis
1380 2858 1643 2930 dicipulis
1670 2857 1846 2926 novit,
1879 2857 2009 2914 dum
2030 2873 2126 2929 per

517 2949 904 3007 discretionem
937 2965 1240 3023 congruum
1273 2949 1542 3006 doctrinae
1576 2955 1792 3021 tempus
1841 2946 2122 3019 intelligit,

518 3039 633 3112 ipse
664 3057 774 3097 non
805 3041 981 3098 solum
1015 3057 1113 3113 pro
1141 3055 1216 3107 se,
1249 3039 1344 3096 sed
1370 3039 1536 3095 etiam
1560 3055 1658 3112 pro
1687 3037 1784 3106 eis,
1817 3037 2019 3112 quibus
2050 3037 2121 3093 la-

517 3128 668 3185 boris
697 3130 782 3185 sui
816 3130 999 3185 studia
1026 3129 1318 3200 impendit,
1356 3127 1566 3200 majora
1596 3127 1974 3199 intelligentiae
2012 3143 2124 3183 sua:

519 3232 745 3274 munera
764 3218 1014 3288 percipit.
1037 3216 1188 3272 Unde
1213 3217 1306 3273 hic
1325 3232 1544 3289 quoque
1565 3223 1688 3288 apte
1709 3216 1914 3272 dicitur
1949 3233 1960 3270 :
1993 3215 2121 3282 Quis

511 3311 790 3380 praeparat
813 3323 968 3362 corvo
988 3322 1155 3360 escam
1179 3321 1354 3374 suam,
1373 3305 1584 3376 quando
1601 3305 1745 3376 pulli
1757 3304 1870 3375 ejus
1890 3305 2123 3360 clamant

516 3397 588 3452 ad
614 3396 804 3461 Deum,
836 3402 1081 3467 vagantes
1107 3412 1162 3450 eo
1191 3396 1333 3465 quod
1366 3412 1470 3449 non
1500 3394 1724 3449 habeant
1751 3394 1890 3448 cibos
1921 3395 1948 3448 5³
1980 3392 2118 3450 Cum

518 3482 663 3539 enim
698 3482 836 3556 pulli
867 3492 928 3539 ut
957 3484 1226 3540 satientur
1255 3484 1516 3551 clamant,
1547 3498 1713 3539 corvo
1742 3498 1865 3539 esca
1894 3498 2118 3554 praepa—

517 3581 690 3642 ratur,
707 3574 836 3647 quia
850 3573 982 3629 dum
1006 3573 1234 3630 verbum
1267 3573 1366 3630 Dei
1389 3572 1521 3630 boni
1543 3572 1824 3629 auditores
1843 3572 2116 3638 esuriunt,

518 3680 616 3737 pro
646 3662 957 3720 reﬁciendis
1003 3665 1082 3720 eis
1125 3663 1334 3736 majora
1379 3661 1698 3736 doctoribus
1737 3661 2120 3736 intelligentia:

517 3751 662 3809 dona
691 3752 1037 3810 tribuuntur.
1063 3752 1325 3825 Sequitur
1358 3769 1369 3807 :

835 3895 1064 3954 CAPUT
1095 3897 1146 3952 x
1178 3893 1318 3970 [Vet.
1352 3896 1501 3962 XVI,
1535 3896 1655 3952 Rec.
1682 3891 1811 3968 IX].

590 4012 720 4071 CAP.
739 4029 944 4082 xxxxx,
968 4013 1136 4070 Vsus.
1172 4013 1222 4068 1.
1239 4043 1309 4052 -
1330 4011 1587 4082 Nunquid
1611 4009 1749 4065 nosti
1779 4015 1979 4082 tempus
1992 4026 2120 4080 par-

519 4110 602 4159 tus
628 4103 820 4157 ibicum
832 4103 888 4158 in
893 4103 1083 4174 petris,
1099 4104 1180 4158 vel
1203 4101 1561 4174 parturientes
1579 4116 1756 4156 cervas
1785 4099 2118 4156 observasti?

588 4191 675 4248 36.
714 4192 826 4248 Cur
851 4193 1097 4265 magistri
1124 4192 1434 4263 spirituales
1453 4191 1509 4245 in
1547 4190 1766 4245 ibicibus
1799 4196 1847 4245 et
1865 4189 2031 4245 cervis
2049 4190 2118 4244 si-

513 4281 682 4354 gnati.
707 4281 907 4337 Ibicum
935 4281 1234 4353 descriptio.
1271 4279 1373 4348 Qui
1401 4279 1540 4334 cervi
1580 4278 1804 4350 ﬂumina
1835 4279 2120 4334 transmit-

517 4379 648 4429 tant.
684 4373 812 4442 Quaz
836 4373 1040 4446 agimus
1085 4371 1231 4444 apud
1264 4371 1427 4428 Deum
1465 4387 1522 4426 eo
1553 4370 1718 4443 magis
1753 4375 1988 4426 crescunt
2015 4386 2118 4441 quo

514 4465 659 4539 apud
701 4482 796 4522 nos
827 4482 926 4537 per
957 4464 1306 4520 humilitatem
1343 4463 1661 4518 decrescunt.
1703 4491 1776 4503 —
1816 4458 2119 4518 Meridiana

516 4571 640 4629 pars
676 4553 848 4610 ibices
866 4569 994 4608 aves
1028 4560 1207 4620 vocat,
1237 4569 1357 4626 quae
1377 4551 1490 4608 Nili
1520 4550 1745 4608 ﬂuentis
1774 4549 2109 4606 inhabitant.
2153 4543 2200 4602 D

515 4643 812 4704 Orientalis
844 4658 975 4698 vero
1001 4642 1479 4715 Occidentalisque
1501 4641 1659 4712 plaga
1688 4656 1857 4712 parva
1877 4640 2111 4713 quadru-

513 4733 674 4810 pedia
712 4731 880 4789 ibices
909 4730 1161 4787 nominat
1175 4731 1379 4805 quibus
1399 4737 1453 4786 et
1476 4729 1644 4784 moris
1659 4736 1741 4784 est
1758 4728 1813 4782 in
1837 4728 2006 4800 petris
2022 4745 2110 4801 pa-

513 4841 654 4894 rere,
687 4822 818 4898 quia
843 4837 1021 4896 neque
1051 4820 1234 4878 sciunt
1263 4818 1370 4874 nisi
1402 4818 1460 4874 in
1484 4818 1651 4889 petris
1681 4817 1947 4873 habitare.
1982 4817 2112 4885 Quae

513 4916 560 4971 si
577 4912 797 4990 quando
817 4911 980 4970 etiam
999 4911 1067 4968 de
1081 4911 1207 4967 altis
1227 4923 1486 4965 saxorum
1508 4904 1894 4964 cacuminibus
1921 4915 2110 4975 ruunt,

515 5004 574 5060 in
603 5005 719 5060 suis
745 5019 803 5060 se
831 5001 1094 5060 cornibus
1127 4999 1298 5055 illaesa
1335 4995 1665 5068 suscipiunt.
1697 4994 1873 5069 Caput
1910 4995 2112 5070 quippe

515 5100 734 5150 ruentes
764 5093 991 5162 feriunt,
1015 5090 1172 5164 cujus
1196 5088 1326 5145 dum
1348 5086 1525 5160 prima
1543 5102 1750 5144 cornua
1780 5089 1796 5122 ¹
1828 5094 2114 5159 opponunt

515 5181 578 5238 ﬁt
607 5199 770 5240 omne
798 5201 998 5256 corpus
1025 5201 1056 5239 a
1081 5182 1300 5256 jactura
1327 5195 1484 5238 casus
1512 5180 1776 5236 alienum.
1812 5177 2112 5236 Cervarum

519 5287 646 5330 vero
677 5274 844 5332 moris
873 5282 955 5331 est
985 5274 1239 5331 inventos
1282 5277 1557 5347 serpentes
1599 5271 1966 5344 exstinguere,
2010 5287 2114 5328 eo-

517 5377 748 5434 rumque
778 5365 1024 5422 membra
1055 5364 1330 5423 morsibus
1369 5363 1655 5421 dilaniare.
1703 5363 1899 5420 Fertur
1929 5369 2110 5418 autem

519 5448 648 5520 quia
677 5449 722 5505 si
751 5453 970 5522 quando
1000 5454 1232 5512 ﬂumina
1280 5461 1587 5522 transeunt,
1615 5452 1858 5526 capitum
1886 5467 2110 5506 suorum

595 5659 612 5736 ξ
643 5658 893 5736 [fierique
919 5657 1103 5736 Noun.
1129 5665 1185 5736 et
1216 5660 1473 5727 Vindoc.,
1497 5665 1789 5732 apponunt.

593 5731 614 5765 ³
653 5731 824 5789 Laud.
837 5773 849 5795 ,
882 5731 1170 5797 excipiunt.

591 5805 611 5838 ³
638 5804 928 5861 Omittitur
955 5800 1016 5856 de
1051 5798 1107 5854 in
1138 5798 1309 5855 Laud.

2233 1882 2424 1939 mundi
2456 1883 2889 1944 adversitatibus
2915 1888 3138 1957 cadens,
3158 1890 3316 1962 quasi
3349 1889 3405 1945 in
3428 1890 3544 1946 suis
3572 1905 3629 1946 se
3658 1886 3836 1946 corni-

2230 1973 2332 2030 bus
2362 1974 2671 2046 excipiebat
2685 1975 2908 2044 Paulus,
2933 1993 3058 2032 cum
3076 1976 3286 2033 diceret
3311 1995 3323 2032 :
3351 1981 3685 2048 Quaecunque
3704 1976 3841 2032 scri-

2225 2080 2321 2145 pta
2349 2077 2490 2141 sunt,
2520 2075 2592 2128 ad
2611 2080 2848 2129 nostram
2869 2073 3168 2128 doctrinam
3197 2070 3340 2126 973
3370 2074 3571 2144 scripta
3599 2079 3750 2138 sunt,
3784 2079 3843 2127 ut

2226 2181 2324 2236 per
2339 2166 2650 2236 patientiam
2667 2171 2714 2219 et
2731 2163 3138 2220 consolationem
3161 2162 3567 2234 Scripturarum
3589 2161 3844 2234 spernim-

2233 2253 2441 2309 beamus
2479 2255 2660 2324 (Rom.
2694 2270 2790 2321 xv,
2822 2252 2880 2324 4)
2901 2252 2928 2308 ?
2947 2251 3055 2324 Ipsi
3077 2253 3245 2307 etiam
3267 2267 3442 2308 cervae
3469 2249 3656 2307 vocati
3685 2256 3842 2319 sunt,

2234 2342 2376 2399 sicut
2402 2360 2496 2415 per
2523 2342 2813 2399 Jeremiam
2847 2343 2867 2376 ³
2896 2340 2962 2396 de
2992 2339 3312 2396 doctoribus
3343 2338 3557 2412 genitos
3577 2336 3730 2394 ﬁlios
3761 2338 3847 2394 in-

2233 2439 2389 2488 caute
2418 2431 2794 2488 deserentibus
2823 2430 3028 2488 dicitur
3059 2447 3070 2485 :
3111 2429 3284 2484 Cerva
3321 2429 3374 2482 in
3392 2446 3524 2499 agro
3536 2428 3770 2500 peperit,
3800 2435 3845 2484 et

2235 2523 2452 2594 reliquit
2469 2523 2682 2593 (Jerem.
2705 2539 2822 2590 xxv,
2839 2522 2921 2592 5).
2939 2521 3070 2592 Ipsi,
3086 2535 3238 2575 more
3253 2535 3566 2588 cervarum,
3585 2518 3843 2576 interem-

2236 2611 2344 2683 ptis
2365 2609 2538 2677 vitiis,
2567 2609 2724 2683 quasi
2753 2609 3044 2666 exstinctis
3073 2608 3419 2680 serpentibus
3449 2609 3673 2678 vivunt,
3711 2617 3764 2666 et
3780 2609 3843 2666 de

2236 2701 2353 2772 ipsa
2405 2700 2775 2757 exstinctione
2819 2699 3106 2768 vitiorum,
3139 2697 3205 2754 ad
3253 2699 3459 2755 fontem
3493 2699 3625 2756 vita:
3662 2700 3845 2756 acrius

2234 2788 2605 2847 inardescunt.
2642 2788 2794 2846 Unde
2816 2789 3107 2844 Psalmista
3135 2789 3245 2845 ait:
3275 2789 3621 2844 Sicutcervus
3642 2788 3844 2843 deside-

2232 2885 2323 2934 rat
2347 2879 2418 2934 ad
2437 2877 2605 2948 fontes
2633 2894 2923 2948 aquarum,
2955 2878 3035 2933 ita
3062 2877 3328 2933 desiderat
3343 2878 3521 2934 anima
3545 2878 3752 2932 meaad
3775 2883 3840 2944 te,

2233 2969 2374 3024 Deus
2401 2969 2582 3037 (Psal.
2617 2984 2730 3034 xu,
2763 2967 2842 3040 2).
2885 2969 2993 3041 Ipsi
3038 2968 3201 3024 etiam
3233 2968 3363 3024 dum
3404 2966 3635 3023 labentia
3665 2965 3841 3040 hujus

2233 3058 2660 3131 temporalitatis
2677 3068 2957 3116 momenta
2975 3057 3132 3132 quasi
3155 3057 3405 3132 quaedam
3422 3057 3842 3114 ﬂuminatrans-

2233 3157 2386 3216 eunt,
2415 3166 2534 3207 com
2543 3149 2810 3222 patientes
2838 3149 3129 3218 charitate,
3151 3165 3318 3204 onera
3345 3166 3443 3205 sua
3462 3148 3569 3205 sibi
3594 3149 3842 3206 invicem

2229 3246 2626 3312 superponunt,
2659 3239 2784 3311 quia
2825 3246 2987 3295 cauta
3017 3238 3398 3296 observatione
3427 3238 3761 3296 custodiunt
3788 3237 3843 3296 id

2228 3327 2375 3402 quod
2404 3328 2672 3400 scriptum
2703 3335 2785 3383 est
2818 3344 2830 3383 :
2863 3327 3090 3384 Invicem
3119 3345 3282 3383 onera
3316 3334 3490 3384 vestra
3518 3335 3759 3400 portate,
3791 3335 3838 3385 et

2228 3418 2300 3473 sic
2316 3418 2670 3489 adimplebitis
2693 3419 2849 3490 legem
2873 3418 3074 3474 Christi
3097 3419 3302 3489 (Galat.
3329 3435 3408 3487 vr,
3434 3417 3513 3488 2).
3539 3418 3679 3486 Quia
3701 3436 3836 3476 vero

2229 3515 2350 3580 post
2380 3507 2677 3564 adventum
2708 3507 2934 3564 Domini
2965 3507 3239 3580 spiritales
3256 3507 3501 3578 magistri
3532 3525 3627 3581 per
3657 3525 3836 3565 mun—

2229 3597 2359 3653 dum
2387 3597 2559 3669 sparsi
2589 3604 2739 3665 sunt,
2765 3597 2862 3672 qui
2883 3596 3198 3654 auditorum
3220 3597 3431 3654 animas
3461 3599 3482 3632 ‘
3514 3598 3570 3653 in
3602 3614 3831 3654 conver-

2229 3688 2380 3742 sione
2403 3703 2589 3759 parere
2611 3686 2959 3759 praedicando
2980 3687 3305 3760 potuissent,
3332 3694 3385 3744 et
3406 3687 3536 3760 quia
3558 3687 3664 3745 hoc
3684 3688 3835 3746 idem

2229 3785 2444 3849 tempus
2465 3775 2864 3834 incarnationis
2883 3776 3106 3834 Domini
3119 3784 3245 3833 ante
3257 3776 3645 3849 prophetarum
3664 3793 3831 3836 voces

2227 3867 2508 3940 cognitum
2540 3883 2651 3923 non
2690 3866 2816 3935 fuit,
2865 3867 3119 3940 quamvis
3149 3866 3337 3924 futura
3379 3867 3497 3940 ipsa
3527 3867 3834 3924 incarnatio

2228 3956 2560 4030 praecognita
2587 3956 2847 4013 omnibus
2877 3957 3066 4014 electis
3097 3957 3224 4024 fuit,
3255 3956 3394 4014 bene
3424 3957 3610 4014 beatus
3627 3955 3734 4013 Job
3764 3956 3830 4012 de

2227 4055 2470 4120 tempore
2491 4054 2676 4118 partus
2695 4045 2902 4102 ibicum
2919 4063 3316 4122 cervarumque
3337 4049 3652 4116 discutitur,
3670 4048 3832 4122 eique

2227 4137 2431 4194 dicitur
2464 4154 2475 4192 :
2510 4135 2766 4206 Nunquid
2781 4136 2918 4191 nosti
2934 4142 3132 4209 tempus
3145 4145 3339 4210 partus
3355 4139 3546 4194 ibicum
3569 4139 3626 4193 in
3639 4139 3831 4211 petris,

2225 4228 2306 4281 vel
2337 4224 2695 4298 parturientes
2723 4242 2904 4281 cervas
2934 4226 3223 4282 observasti
3253 4230 3280 4284 Ῡ
3309 4229 3390 4284 Ac
3417 4229 3463 4284 si
3485 4227 3700 4285 dicatur
3731 4227 3779 4282 ei
3815 4218 3836 4282 :—

2227 4314 2436 4372 Idcirco
2466 4321 2518 4370 te
2539 4315 2712 4386 egisse
2731 4314 2945 4388 aliquid
2973 4316 3286 4374 sublimiter
3308 4317 3508 4387 credis,
3531 4317 3661 4391 quia
3687 4315 3831 4373 illud

2225 4411 2441 4478 tempus
2461 4403 2695 4462 necdum
2727 4405 2995 4478 praevides
3025 4423 3133 4479 quo
3163 4407 3438 4479 spiritales
3485 4408 3734 4482 magistri
3772 4407 3829 4464 in

2230 4494 2500 4550 mundum
2532 4495 2684 4551 missi
2715 4512 2811 4568 per
2843 4495 3151 4552 doctrinam
3197 4497 3553 4571 antiquorum
3605 4505 3827 4571 patrum

2229 4584 2374 4640 ﬁlios
2403 4593 2680 4656 generant,
2704 4587 2928 4659 suisque
2951 4585 3231 4644 laboribus
3253 4587 3558 4645 animarum
3585 4587 3726 4645 mihi
3749 4589 3828 4645 lu-

2222 4693 2313 4733 cra
2330 4685 2694 4751 comportant.
2715 4679 2851 4734 Nam
2873 4677 2919 4732 si
2945 4677 3167 4734 illorum
3183 4678 3423 4735 fructum
3445 4679 3601 4753 quasi
3617 4679 3829 4736 ibicum

2227 4783 2622 4840 cenarumque
2665 4777 2852 4838 partus
2893 4768 3182 4840 aspiceres,
3235 4767 3393 4824 valde
3428 4768 3720 4825 humiliter
3763 4768 3829 4824 de

2228 4861 2322 4910 tua
2355 4854 2560 4910 virtute
2589 4853 2839 4910 sentires.
2859 4855 3050 4928 Magna
3071 4855 3273 4929 quippe
3295 4873 3415 4930 quae
3432 4856 3646 4930 agimus
3671 4853 3828 4928 quasi

2229 4944 2458 5000 minima
2504 4943 2779 5012 ducimus,
2825 4961 2950 5001 cum
2994 4946 3110 5004 haec
3152 4963 3248 5020 per
3299 4946 3527 5004 fortiora
3575 4945 3828 5019 exempla

2229 5049 2540 5106 pensamus.
2579 5033 2683 5090 Sed
2715 5041 2847 5090 tunc
2873 5036 3019 5106 apud
3047 5038 3224 5093 Deum
3255 5046 3510 5094 crescunt
3541 5052 3636 5110 per
3664 5035 3825 5092 meri-

2228 5132 2367 5192 tum,
2398 5139 2526 5179 cum
2557 5123 2700 5197 apud
2722 5125 3085 5197 nosmetipsos
3114 5143 3210 5199 per
3239 5125 3611 5183 humilitatem
3641 5125 3824 5183 decre-

2227 5221 2407 5271 scunt.

2301 5361 2440 5435 [νει.
2469 5359 2676 5434 XVII.]
2711 5360 2797 5416 37.
2830 5361 2938 5418 Per
2956 5377 3156 5426 cervas,
3189 5361 3466 5427 doctores;
3524 5378 3620 5434 per
3648 5360 3820 5427 ibices,

2227 5452 2498 5506 auditores
2516 5456 2739 5520 possunt
2769 5451 3009 5521 intelligi.
3043 5452 3308 5522 Exempla
3328 5458 3633 5507 sanctorum
3663 5449 3824 5520 inspi-

2303 5661 2320 5693 ³
2353 5655 2596 5737 Ebroic.,
2631 5655 2827 5726 Laud.,
2857 5658 3016 5716 Corb.
3051 5659 3261 5726 Germ.,
3297 5657 3419 5713 Val.
3453 5656 3562 5726 CL,
3595 5656 3650 5710 in
3689 5672 3823 5710 con-

2233 5735 2534 5785 versatione.
