4152 6182
350 262 470 320 1545

1108 266 1485 326 MORALIUM
1523 268 1655 326 LIB.
1696 268 1880 326 XXX.
1920 298 1992 313 —
2027 269 2100 327 IN
2138 270 2365 329 CAPUT
2394 271 2639 329 XXXIX
2679 274 2741 330 B.
2786 273 2931 331 ΙΟΒ.

3569 283 3676 341 546

351 390 558 448 cicada.
603 389 757 463 Regis
784 391 963 447 David
989 392 1266 449 humilitas
1290 399 1340 450 et
1362 394 1644 465 patientia.
1680 394 1968 453 Contume—
1994 397 2047 459 A
2076 398 2205 470 quia
2234 406 2498 471 perceptae
2518 398 2702 471 gratim
2730 400 3005 469 meminit,
3031 403 3145 459 vim
3175 405 3352 478 culpa:
3381 408 3676 464 imminen-

353 481 491 539 liosa
516 479 679 536 verba
719 496 827 536 non
871 481 1127 549 conuicia,
1166 482 1256 538 sed
1293 482 1577 554 adjutoria
1614 484 1857 541 credidit.
1892 483 1968 541 Iis

348 570 532 645 gratia
560 570 730 642 magis
764 585 923 641 quam
952 569 1037 628 ira
1070 570 1304 629 debetur.
1335 603 1407 615 —
1433 573 1672 631 Possunt
1700 589 1832 630 vero
1855 589 1968 630 cer-

352 677 552 717 varum
597 658 1004 732 signiﬁcatione
1052 659 1332 732 doctores,
1373 663 1741 735 appellatione
1787 669 1969 719 autem

354 748 590 816 ibicum,
623 748 721 822 qui
750 748 1015 807 animalia
1040 758 1173 808 sunt
1201 752 1456 822 minima,
1487 752 1766 810 auditores
1795 751 1969 808 intel—

354 840 475 914 ligi.
505 840 571 897 In
603 840 777 913 petris
805 855 938 898 vero
968 840 1139 901 ibices
1160 844 1404 917 pariunt,
1427 845 1558 919 quia
1576 844 1647 901 ad
1665 842 1972 902 exercenda

352 936 544 988 sancta
572 945 739 1003 opera
766 947 865 1004 per
893 934 1147 1008 exempla
1181 942 1400 1008 patrum
1425 932 1850 1008 praecedentium
1880 933 1972 990 fe-

354 1019 693 1089 cundantur,
743 1028 805 1077 ut
832 1038 961 1079 cum
992 1022 1223 1081 fortasse
1266 1032 1540 1098 praecepta
1574 1022 1836 1081 sublimia
1863 1039 1971 1079 au-

356 1109 544 1178 diunt,
569 1116 644 1178 et,
674 1108 1021 1169 inﬁrmitatis
1050 1115 1284 1187 propriae
1313 1115 1543 1185 conscii,
1573 1130 1636 1171 ea
1657 1130 1714 1170 se
1742 1113 1970 1185 implere

355 1215 514 1273 posse
546 1197 836 1269 diﬁidunt,
885 1200 1158 1274 majorum
1190 1204 1361 1260 vitam
1391 1203 1757 1277 conspiciant,
1805 1210 1968 1275 atque

355 1290 415 1347 in
443 1305 639 1346 eorum
673 1288 1022 1347 considerata
1064 1290 1396 1352 fortitudine
1437 1294 1709 1352 bonorum
1740 1308 1969 1365 operum

354 1381 511 1439 fetus
529 1388 761 1454 ponant.
795 1380 866 1437 Ut
890 1380 1041 1437 enim
1075 1398 1251 1456 pauca
1281 1383 1350 1442 de
1378 1383 1571 1440 multis
1602 1384 1813 1457 loquar,
1844 1397 1972 1454 qua-

354 1478 519 1528 tenus
567 1470 852 1527 studiosus
898 1469 1071 1528 lector
1119 1471 1295 1529 multa
1340 1471 1402 1528 in
1443 1472 1633 1545 paucis
1676 1470 1969 1542 intelligat,

361 1560 484 1630 iste,
539 1559 838 1616 verborum
878 1562 1233 1617 contumeliis
1264 1577 1510 1634 pressus,
1553 1576 1681 1617 cum
1710 1560 1972 1615 virtutem

356 1650 637 1724 patientiae
664 1665 883 1707 servare
912 1665 1025 1706 non
1060 1649 1287 1720 suﬁicit,
1319 1649 1499 1707 David
1530 1650 1737 1707 factum
1768 1648 1837 1704 ad
1862 1665 1973 1705 me-

2076 488 2148 545 tis
2177 487 2357 561 fregit.
2391 488 2528 547 Cum
2555 490 2704 546 enim
2733 490 2988 563 voluptas
3016 490 3233 551 lubrica
3259 504 3439 554 tentet
3468 497 3527 553 in
3554 513 3678 570 pro-

2076 579 2271 653 speris,
2320 578 2437 637 haec
2479 580 2595 652 ipsa
2635 588 2768 638 sunt
2810 597 3071 655 prospera
3118 585 3314 643 aculeo
3357 587 3679 645 tentationis

2077 667 2424 741 opponenda,
2468 677 2531 726 ut
2571 686 2636 727 eo
2672 670 3058 729 erubescamus
3098 688 3269 745 prava
3308 676 3677 747 committere,

2078 774 2188 833 quo
2217 776 2318 817 nos
2357 777 2388 817 a
2421 762 2533 817 Deo
2563 760 2919 820 meminimus
2946 764 2969 798 ‘
3013 764 3253 836 gratuito
3296 764 3443 822 bona
3481 781 3681 838 perce-

2078 850 2242 921 pisse,
2275 858 2330 907 et
2360 850 2568 907 illatam
2602 853 2835 924 gratiam
2865 853 3205 911 exteriorum
3237 869 3530 910 munerum
3560 868 3680 911 ver-

2077 946 2266 997 tamus
2293 940 2352 996 in
2389 957 2540 998 arma
2568 942 2864 1011 virtutum,
2909 950 2975 1000 ut
3016 943 3130 1001 sint
3169 952 3298 1001 ante
3338 943 3531 1002 oculos
3559 959 3680 1018 qua

2080 1030 2443 1103 percepimus,
2495 1039 2548 1088 et
2590 1048 2710 1106 qua:
2740 1050 2843 1091 nos
2872 1033 3132 1092 alliciunt
3160 1034 3499 1108 subigamus.
3541 1034 3684 1103 Quia

2079 1122 2228 1177 enim
2258 1122 2512 1194 voluptas
2543 1122 2659 1195 ipsa
2702 1139 2772 1181 ex
2819 1126 3180 1198 prosperitate
3213 1126 3481 1192 nascitur,
3524 1123 3683 1197 ejus-

2078 1213 2205 1270 dem
2236 1214 2617 1287 prosperitatis
2653 1224 2738 1273 est
2764 1218 3207 1277 consideratione
3235 1218 3503 1289 ferienda,
3536 1234 3683 1293 qua-

2079 1309 2242 1362 tenus
2269 1304 2446 1361 hostis
2464 1313 2651 1363 noster
2668 1305 2818 1364 unde
2845 1308 3045 1379 oritur,
3080 1308 3208 1366 inde
3230 1309 3517 1366 moriatur.
3541 1308 3680 1367 Con-

2080 1393 2436 1450 siderandum
2462 1396 2666 1469 quippe
2685 1405 2768 1454 est
2787 1413 2855 1454 ne
2874 1407 3161 1472 acceptum
3184 1416 3386 1456 munus
3406 1407 3685 1457 vertamus

2078 1483 2140 1538 in
2171 1484 2393 1553 vitium,
2431 1501 2500 1542 ne
2529 1501 2625 1558 per
2663 1487 2908 1545 favorem
2945 1490 3076 1546 vitae
3118 1504 3218 1545 nos
3258 1487 3548 1546 absorbent
3575 1504 3687 1545 vo-

2082 1590 2213 1648 rago
2242 1574 2525 1648 nequitiae.
2559 1579 2700 1634 Iram
2730 1595 2968 1653 namque
2996 1587 3188 1637 contra
3216 1597 3315 1637 nos
3333 1579 3559 1653 superni
3578 1576 3685 1651 ju-

2083 1662 2227 1721 dicis
2256 1664 2792 1740 inexstinguibiliter
2830 1669 3202 1739 accendimus,
3234 1670 3280 1727 si
3311 1676 3503 1727 contra
3530 1668 3683 1725 beni-

359 1741 600 1797 moriam
632 1738 879 1833 reducti?»
911 1755 1074 1813 (ιιιθω
1105 1756 1228 1833 cum
1262 1738 1553 1833 lﬂsemei
1583 1737 1854 1833 θρανίοίίδ
1880 1752 1970 1833 ξπ·
1998 1771 2046 1832 Β
2088 1753 2352 1825 gnitatem
2403 1737 2557 1813 illius
2585 1759 2749 1814 etiam
2782 1776 2853 1816 ex
2882 1761 2999 1833 ipsa
3043 1777 3142 1817 sua
3181 1737 3433 1833 largitate
3466 1774 3688 1832 pugna—

360 1839 531 1904 geret,
578 1838 633 1887 et
660 1830 857 1886 armati
888 1846 1143 1902 proceres
1170 1831 1365 1889 ulcisci
1396 1828 1815 1897 contenderent,
1846 1826 1924 1882 ait
1954 1844 1967 1882 :

363 1920 508 1988 Quid
533 1920 663 1976 mihi
690 1926 739 1976 et
764 1920 913 1977 vobis
931 1921 1036 1994 ﬁlii
1066 1921 1314 1979 Sarnus?
1344 1920 1606 1978 Dimittite
1633 1935 1750 1974 eum
1776 1924 1835 1972 ut
1862 1933 1973 1972 ma-

363 2009 594 2077 ledicat;
620 2010 879 2067 Dominus
908 2009 1047 2065 enim
1069 2010 1319 2084 praecepit
1350 2010 1398 2066 ei
1418 2015 1477 2065 ut
1504 2008 1837 2066 malediceret
1863 2007 1972 2062 Da-

359 2098 488 2165 vid;
534 2105 583 2155 et
608 2099 727 2172 quis
763 2105 839 2155 est
882 2100 976 2172 qui
1016 2099 1209 2156 audeat
1254 2100 1447 2166 dicere,
1491 2114 1659 2170 quare
1688 2096 1763 2152 sic
1789 2093 1974 2165 fecerit

361 2188 456 2260 (ΙΙ
479 2188 603 2261 Reg.
637 2206 757 2257 xvr,
792 2187 881 2259 10)
901 2188 929 2245 ‘P
976 2189 1048 2246 Et
1078 2190 1243 2261 paulo
1276 2197 1401 2263 post
1433 2206 1443 2245 :
1475 2187 1742 2245 Dimittite
1768 2201 1888 2240 eum
1918 2188 1976 2239 ut

364 2277 643 2334 maledicat
658 2276 827 2348 juxta
850 2284 1170 2350 praeceptum
1213 2277 1453 2343 Domini,
1484 2277 1532 2331 si
1560 2274 1700 2346 forte
1732 2273 1979 2345 respiciat

363 2367 625 2423 Dominus
665 2366 1001 2440 a/flictionem
1044 2384 1232 2436 meam,
1283 2372 1332 2423 et
1370 2365 1565 2421 reddat
1607 2362 1741 2419 mihi
1787 2362 1978 2417 bonum

359 2472 464 2528 pro
509 2456 877 2512 maledictiane
927 2456 1021 2511 hac
1074 2454 1330 2512 hodierna
1375 2454 1563 2526 (Ibid.,
1607 2453 1720 2524 12).
1767 2450 1979 2519 Quibus

365 2545 619 2618 profecto
646 2544 832 2600 verbis
864 2542 1074 2599 indicat
1100 2543 1230 2616 quia
1272 2560 1371 2615 pro
1401 2548 1713 2614 perpetrato
1741 2538 1980 2595 Bethsa-

363 2633 468 2688 bee
508 2633 736 2702 scelere,
781 2638 1168 2703 exsurgentem
1212 2639 1403 2687 contra
1431 2630 1697 2707 seﬁlium
1742 2627 1980 2700 fugiens,

364 2718 596 2776 reduxit
650 2717 717 2775 ad
772 2718 1021 2775 animum
1078 2720 1284 2775 malum
1330 2718 1475 2792 quod
1521 2724 1803 2791 perpetrav
1819 2718 1881 2787 it,
1929 2726 1983 2775 et

364 2808 756 2882 aequanimiter
784 2809 1013 2880 pertulit
1042 2808 1189 2881 quod
1221 2808 1471 2874 audivit;
1502 2814 1557 2863 et
1583 2806 1983 2863 contumeliosa

367 2900 540 2972 verba
592 2915 703 2956 non
748 2906 862 2954 tam
912 2899 1167 2955 convicia
1210 2915 1372 2971 quam
1408 2895 1685 2970 adjutoria
1724 2895 1981 2965 credidit,

368 2990 572 3064 quibus
600 3006 658 3047 se
683 2993 835 3053 974
862 2988 1084 3061 purgari
1116 2987 1331 3061 sibique
1362 2986 1612 3044 misereri
1642 3002 1797 3059 posse
1819 2985 1984 3057 judi-

373 3088 543 3145 cavit.
593 3085 749 3144 Tunc
779 3085 927 3143 enim
976 3085 1132 3141 illata
1175 3083 1431 3141 convicia
1473 3081 1614 3138 bene
1656 3081 1978 3150 toleramus,

374 3192 502 3235 cum
532 3177 590 3234 in
621 3184 833 3235 secreto
864 3174 1066 3232 mentis
1096 3173 1166 3230 ad
1195 3174 1338 3230 male
1378 3179 1691 3246 perpetrata
1731 3172 1984 3228 recurri-

374 3267 668 3325 mus.Leve
690 3266 893 3341 quippe
913 3263 1196 3321 videbitur
1211 3262 1359 3336 quod
1386 3262 1593 3335 injuria
1614 3261 1979 3336 percutimur,

375 3358 510 3414 dum
538 3357 600 3413 in
641 3356 858 3413 actione
898 3362 1088 3412 nostra
1129 3354 1503 3427 conspicimus
1545 3352 1675 3427 quia
1708 3350 1866 3425 pejus
1906 3357 1989 3407 est

376 3446 529 3523 quod
572 3463 941 3514 mereremur;
990 3445 1180 3520 sicque
1221 3443 1285 3501 ﬁt
1324 3452 1387 3500 ut
1427 3442 1782 3501 contumeliis
1816 3440 1990 3514 gratia

374 3543 550 3616 magis
579 3557 742 3616 quam
771 3540 855 3596 ira
908 3537 1193 3607 debeatur,
1245 3552 1479 3610 quarum
1530 3536 1849 3591 interventu
1875 3534 1989 3591 Deo

371 3631 567 3705 judice
598 3647 759 3705 poena
787 3629 1009 3703 gravior
1036 3627 1307 3686 declinari
1337 3643 1494 3700 posse
1523 3622 1841 3683 conliditur.

455 3775 595 3851 [νει.
628 3775 866 3851 XVIII.]
900 3775 989 3832 38.
1029 3776 1148 3842 Qua
1191 3778 1309 3828 arte
1351 3772 1546 3843 Ioseph
1596 3769 1875 3827 luxuriam
1902 3767 1993 3823 oi-

376 3867 528 3924 cerit.
578 3867 801 3923 litatum
835 3864 1072 3937 gratiam
1110 3862 1439 3919 exteriorum
1474 3860 1575 3917 Dei
1604 3874 1903 3925 munerum,
1934 3857 1994 3911 in

378 3974 538 4016 anna
557 3957 819 4013 virtutum
846 3960 1229 4012 convertemus.
1259 3952 1462 4010 Contra
1485 3949 1656 4008 Deum
1679 3965 1745 4005 ea:
1772 3947 1886 4017 ejus
1915 3946 1993 4003 be-

376 4049 584 4123 neﬁciis
605 4064 851 4120 pugnare
877 4063 974 4102 nos
998 4042 1435 4118 pudeat—Ecce
1463 4041 1606 4098 alius
1632 4038 1765 4095 dum
1797 4035 1993 4093 mundi

379 4139 549 4213 hujus
576 4137 921 4196 successibus
963 4134 1205 4210 proﬁcit,
1254 4133 1606 4192 lenocinante
1632 4128 1819 4187 cordis
1848 4127 1987 4184 laeti-

381 4231 482 4299 tia,
508 4228 715 4286 tentari
743 4243 800 4285 se
830 4225 1066 4283 luxuriae
1104 4223 1347 4281 stimulis
1372 4223 1580 4289 sentit;
1615 4223 1631 4256 ¹
1664 4216 1761 4275 sed
1789 4216 1993 4290 loseph

383 4318 595 4377 factum
624 4318 694 4375 ad
724 4317 1049 4375 memoriam
1079 4319 1324 4380 revocat,
1351 4319 1408 4367 et
1436 4312 1494 4367 in
1521 4325 1648 4367 arce
1675 4324 1733 4365 se
1761 4307 1995 4365 castita-

383 4410 457 4468 tis
485 4417 689 4468 servat.
721 4407 827 4476 Qui
858 4405 990 4463 dum
1022 4403 1130 4460 sibi
1158 4419 1192 4458 a
1215 4400 1443 4459 domina
1469 4399 1817 4470 conspiceret
1845 4397 1867 4432 ³
1897 4412 1995 4469 pu-

384 4500 592 4560 dicitiae
644 4500 847 4557 damna
883 4495 1126 4565 suaderi,
1180 4493 1260 4550 ait
1293 4510 1305 4548 :
1364 4493 1498 4549 Ecce
1543 4489 1787 4545 dominus
1826 4503 1996 4553 meus,
2024 4501 2075 4561 ι)

384 4592 627 4649 omnibus
672 4588 804 4644 mihi
836 4586 1073 4652 traditis,
1121 4583 1338 4655 ignorat
1365 4572 1496 4652 quid
1540 4578 1728 4635 habeat
1756 4577 1815 4633 in
1841 4577 1995 4651 domo

386 4699 509 4749 sua,
552 4697 645 4736 nec
672 4678 962 4751 quidquam
1002 4680 1077 4731 est
1103 4671 1245 4745 quod
1270 4687 1378 4726 non
1405 4670 1465 4725 in
1490 4686 1607 4725 mea
1633 4668 1704 4723 sit
1726 4672 1995 4740 potestate,

388 4774 410 4808 ⁸
434 4772 519 4827 oet
543 4788 651 4826 non
685 4767 972 4825 tradiderit
998 4764 1130 4821 mihi
1152 4768 1353 4836 prater
1382 4766 1447 4827 te,
1469 4776 1588 4832 qua
1612 4774 1756 4815 uxor
1781 4756 1895 4828 ejus
1912 4772 2000 4823 es;

386 4860 648 4933 quomodo
677 4875 797 4932 ergo
820 4872 1035 4931 possum
1062 4855 1158 4910 hoc
1182 4853 1385 4909 malum
1410 4849 1607 4923 facere,
1635 4855 1683 4905 et
1705 4862 1920 4921 peccare
1942 4844 2000 4901 in

388 4950 664 5006 dominum
678 4964 845 5005 meum
860 4946 1070 5018 (Genes.
1089 4959 1294 5010 χχχιχ,
1310 4941 1367 5010 8,
1380 4941 1438 5014 9)
1454 4939 1483 4996 ?
1494 4938 1707 5009 Quibus
1718 4937 1902 4995 verbis
1916 4952 2000 4992 os-

389 5040 644 5097 tenditur
666 5039 798 5113 quia
823 5036 969 5093 bona
989 5052 1109 5110 quae
1131 5039 1413 5091 assecutus
1441 5030 1622 5087 fuerat
1650 5036 1872 5103 repente
1891 5043 2000 5083 me-

393 5131 586 5187 moriae
616 5129 829 5197 intulit,
858 5134 913 5184 et
942 5126 1149 5183 malum
1169 5122 1318 5198 quod
1346 5138 1402 5180 se
1432 5120 1685 5194 pulsabat
1710 5117 1916 5186 evicit;
1946 5123 2003 5173 et

472 5352 489 5389 ¹
523 5352 583 5408 In
614 5350 815 5418 Editis,
848 5348 936 5404 sed
962 5348 1009 5403 si
1036 5345 1243 5418 Ioseph.
1278 5340 1524 5418 Abest_si
1549 5356 1583 5418 _a
1609 5338 1740 5418 Mss.
1776 5334 2000 5418 Ebroic.

396 5423 633 5498 aliisque
674 5408 890 5491 Norm.,
918 5408 1180 5486 Vindocf,
1201 5415 1401 5484 Laud.,
1438 5412 1601 5470 Corb.
1635 5410 1844 5477 Germ.,
1876 5408 1999 5467 Val.

396 5495 495 5602 Cl.3
517 5504 651 5624 e‘lrz-L
680 5565 763 5624 ει.
797 5571 851 5621 ει
877 5562 1077 5630 Laud.,
1099 5556 1507 5634 impudicitiam.
1544 5626 1558 5634 ἡ
1727 5629 1737 5634 ,
1827 5622 1865 5634 ,,
1886 5623 1903 5634 .
1973 5621 1984 5633 .

520 5638 820 5722 ,Οωίιιίῐῐιι-
854 5638 909 5693 in
938 5623 1137 5692 Pratel.
1172 5623 1234 5688 et
1266 5629 1432 5697 Utic.,
1478 5626 1559 5683 vel
1584 5642 1690 5681 non
1720 5623 2007 5680 tradiderit

398 5712 644 5851 mih,
673 5778 910 5852 gratuita
934 5777 1089 5845 bona,
1120 5782 1183 5833 ut
1209 5773 1267 5832 in
1295 5770 1493 5830 Pratel.
1517 5777 1571 5827 et
1600 5767 1764 5828 Corb.
1790 5767 2000 5834 Germ.,

2156 1934 2244 1991 39.
2276 1935 2363 1991 Ad
2379 1936 2866 2009 contemplationem
2878 1939 3152 1995 anhelanti
3164 1938 3361 1995 Daniel
3375 1936 3685 1994 imitandus.

2086 2026 2261 2097 Sapor
2287 2027 2590 2082 carnalium
2624 2027 3009 2098 reprimendus.
3049 2028 3401 2085 Ezteriorum
3427 2027 3691 2101 evagatio-

2082 2132 2199 2171 nem
2228 2114 2505 2185 cohibenti,
2535 2134 2758 2173 secessus
2785 2118 3013 2174 interior
3042 2122 3304 2191 aperitur.
3327 2150 3399 2163 -—
3416 2120 3576 2176 Alius
3609 2119 3689 2175 in-

2086 2213 2253 2261 ternae
2286 2205 2530 2262 scientia:
2560 2205 2912 2263 dulcedinem
2942 2224 3214 2280 quaerens,
3254 2224 3356 2265 nec
3384 2216 3570 2264 tamen
3596 2223 3694 2264 se-

2087 2302 2237 2352 creta
2263 2294 2383 2367 ejus
2409 2296 2724 2369 cdntingere
2752 2298 3077 2370 praevalens,
3105 2298 3353 2355 Danielis
3380 2298 3556 2354 vitam
3578 2298 3600 2332 ³
3622 2295 3691 2353 ad

2088 2384 2423 2442 imitandum
2444 2386 2731 2459 conspicit,
2749 2394 2804 2442 et
2817 2386 3185 2444 desideratum
3206 2388 3449 2445 scientiae
3470 2388 3692 2444 culmen

2088 2473 2471 2547 apprehendit.
2505 2476 2603 2532 Ille
2624 2475 2825 2548 quippe
2845 2476 2967 2549 quis
2989 2475 3340 2548 postmodum
3372 2492 3506 2533 voce
3531 2490 3693 2548 ange-

2088 2565 2195 2624 lica
2224 2584 2323 2640 pro
2353 2566 2686 2639 cognitionis
2721 2567 2950 2625 internae
2979 2568 3425 2641 concupiscentia
3449 2569 3536 2623 vir
3563 2568 3694 2623 desi-

2092 2657 2365 2713 deriorum
2388 2658 2593 2714 dicitur
2613 2658 2777 2727 (Dan.
2796 2676 2857 2727 x,
2879 2659 2993 2733 11),
3028 2659 3182 2733 prius
3198 2660 3256 2715 in
3270 2661 3396 2717 aula
3410 2661 3560 2732 regia
3580 2676 3694 2717 car-

2091 2747 2179 2802 nis
2211 2747 2269 2803 in
2299 2764 2357 2804 se
2385 2746 2657 2803 desideria
2687 2746 3002 2805 edomuisse
3029 2757 3387 2817 memoratur,
3420 2757 3484 2805 ut
3514 2749 3593 2804 nil
3625 2765 3694 2805 ex

2092 2836 2511 2895 delectabilihus
2538 2837 2677 2895 cibis
2705 2840 3022 2911 attingeret,
3055 2839 3149 2896 sed
3180 2840 3345 2896 lautis
3372 2855 3435 2897 ac
3464 2840 3697 2896 mollio-

2092 2926 2246 2983 ribus
2266 2927 2490 2983 duriora
2508 2936 2670 2999 atque
2690 2928 2967 3000 asperiora
2986 2928 3195 2983 cibaria
3208 2926 3491 2998 praeferret
3522 2928 3689 2998 (Dan.

2093 3032 2133 3085 ι,
2167 3016 2280 3088 12),
2309 3022 2372 3071 ut
2400 3014 2533 3071 dum
2560 3015 2667 3071 sibi
2700 3016 2992 3072 exterioris
3020 3015 3130 3073 cibi
3162 3013 3541 3071 blandimenta
3568 3015 3699 3073 sub-

2093 3104 2354 3174 traheret,
2382 3104 2451 3160 ad
2472 3104 2675 3161 interni
2705 3104 2893 3177 pabuli
2913 3103 3316 3161 delectamenta
3346 3105 3689 3176 perveniret;

2094 3202 2148 3250 et
2178 3201 2331 3252 tanto
2360 3192 2579 3252 avidius
2622 3201 2841 3268 gustum
2885 3194 3169 3267 sapientiae
3216 3194 3369 3252 intus
3398 3194 3694 3267 acciperet,

2096 3292 2301 3357 quanto
2330 3300 2577 3358 saporem
2606 3284 2787 3341 carnis
2807 3300 2906 3357 pro
2925 3282 3114 3341 eadem
3147 3284 3421 3358 sapientia
3445 3284 3584 3341 foris
3614 3299 3699 3339 ro-

2095 3372 2311 3431 bustius
2341 3374 2703 3448 repressisset.
2735 3373 2793 3432 Si
2824 3375 2973 3431 enim
3000 3390 3033 3429 a
3061 3390 3223 3431 carne
3251 3374 3359 3433 hoc
3388 3374 3535 3449 quod
3564 3375 3702 3433 libet

2098 3463 2493 3534 abscindimus,
2520 3467 2541 3501 ⁶
2572 3481 2703 3521 mox
2737 3466 2796 3521 in
2816 3465 3019 3538 spiritu
3048 3465 3194 3539 quod
3224 3465 3457 3523 delectet
3484 3465 3701 3521 inveni-

2100 3571 2242 3611 mus.
2274 3554 2576 3611 Intentioni
2606 3553 2808 3627 quippe
2834 3553 3056 3624 animae,
3103 3555 3150 3611 si
3179 3556 3425 3613 exterior
3454 3555 3704 3627 evagatio

2099 3642 2395 3712 clauditur,
2420 3642 2655 3700 interior
2682 3658 2927 3699 secessus
2956 3643 3218 3715 aperitur.
3243 3644 3379 3701 Nam
3408 3660 3517 3717 quo
3545 3652 3705 3701 extra

2100 3751 2160 3792 se
2185 3736 2364 3809 spargi
2397 3741 2620 3808 propter
2647 3732 2999 3806 disciplinam
3029 3748 3187 3789 mens
3217 3750 3329 3789 non
3362 3741 3563 3805 potest,
3586 3735 3607 3769 ⁷
3638 3749 3705 3791 eo

2102 3842 2266 3900 super
2312 3842 2368 3882 se
2417 3824 2701 3881 intendere
2743 3840 2839 3895 per
2881 3822 3188 3895 profectum
3235 3830 3435 3894 potest,
3480 3824 3612 3896 quia
3650 3831 3708 3880 et

2104 3919 2162 3974 in
2211 3916 2385 3972 altum
2428 3928 2671 3971 crescere
2718 3911 2882 3968 arbor
2923 3911 3157 3984 cogitur,
3207 3926 3327 3983 quae
3378 3926 3474 3983 per
3520 3928 3704 3969 ramos

2104 4006 2345 4065 diﬁ‘uudi
2364 4004 2723 4079 prohibetur;
2752 4010 2806 4060 et
2822 4018 2949 4060 cum
2969 4002 3119 4059 rivos
3143 4000 3314 4057 fontis
3334 3998 3707 4072 obstruimus,

2103 4098 2312 4155 ﬂuenta
2334 4111 2555 4169 surgere
2575 4094 2646 4152 ad
2665 4094 2949 4167 superiora
2968 4108 3352 4166 provocamus.
3377 4090 3551 4164 Igitur
3570 4091 3707 4149 dum

2104 4188 2339 4250 studiosi
2370 4188 2576 4263 quique
2612 4191 2928 4242 sanctorum
2958 4183 3130 4240 vitam
3170 4180 3445 4239 imitando
3476 4182 3708 4256 conspi-

2102 4282 2280 4351 ciunt,
2324 4280 2384 4335 in
2426 4278 2597 4351 petris
2629 4275 2799 4333 ibices
2828 4274 2973 4332 fetus
3000 4282 3234 4347 ponunt.
3276 4272 3421 4329 Hinc
3448 4279 3532 4328 est
3561 4270 3711 4346 quod

2104 4371 2382 4428 auditores
2424 4384 2551 4424 suos
2592 4366 2748 4439 quasi
2792 4363 2962 4422 ibices
2991 4362 3050 4419 in
3079 4362 3248 4436 petris
3278 4376 3465 4434 parere
3503 4360 3710 4420 Paulus

2104 4456 2452 4519 admonebat.
2498 4460 2646 4518 975
2673 4470 2800 4511 cum
2840 4451 3174 4510 enumeratis
3220 4450 3491 4523 majorum
3520 4452 3711 4509 virtu-

2105 4558 2255 4616 tibus
2278 4555 2485 4613 diceret
2518 4571 2530 4610 :
2565 4552 2823 4611 Habentes
2852 4557 3053 4607 tantam
3082 4550 3383 4624 impositam
3426 4550 3615 4607 nubem
3645 4557 3712 4608 te-

2106 4650 2287 4715 stium,
2338 4648 2644 4721 deponentes
2684 4662 2833 4702 omne
2867 4643 3100 4718 pondus,
3141 4649 3191 4699 et
3227 4642 3573 4700 circumstans
3613 4660 3709 4700 nos

2103 4745 2395 4814 peccatum,
2420 4756 2521 4811 per
2545 4737 2861 4811 patientiam
2891 4736 2913 4770 ⁸
2958 4751 3241 4791 curramus
3283 4734 3357 4790 ad
3381 4734 3712 4805 propositum

2107 4832 2258 4889 nobis
2287 4836 2546 4887 certamen
2579 4828 2771 4901 (Hebr.
2802 4842 2908 4894 χιι,
2938 4826 3018 4899 1).
3068 4826 3141 4882 Et
3167 4839 3385 4880 rursum
3419 4839 3431 4877 :
3475 4822 3713 4889 Quorum

2107 4924 2363 4981 intuentes
2376 4923 2577 4980 exitum
2590 4918 3023 4983 conuersationis,
3040 4914 3325 4972 imitamini
3345 4911 3501 4987 ﬁdem
3517 4910 3710 4983 (Hebr.

2111 5031 2234 5083 xm,
2268 5015 2346 5083 7).

2184 5017 2533 5178 Rea-XIX]
2580 5101 2668 5158 40.
2706 5101 2841 5156 Cum
2867 5097 3053 5155 divina
3073 5099 3338 5169 praecepta
3367 5092 3709 5165 concipimus,

2113 5328 2171 5386 in
2202 5342 2311 5400 quo
2340 5325 2502 5399 paulo
2530 5330 2655 5381 ante
2682 5338 2814 5393 quos
2838 5336 2955 5376 nos.

2183 5403 2205 5436 ὃ
2239 5399 2410 5436 Drgtnl
2488 5397 2560 5436 ml
2588 5395 2933 5436 imitnls'tmnm

2185 5397 2459 5467 5‘Pratel.,
2487 5397 2561 5452 ad
2588 5397 2951 5451 imitationem.

2185 5474 2207 5509 ⁰
2237 5470 2471 5528 Vindoc.
2502 5476 2557 5525 et
2585 5469 2659 5540 pl.
2692 5468 3060 5540 Norm.,_m_oaj
3086 5463 3143 5518 in
3175 5462 3390 5540 Christo
3414 5462 3582 5540 quod.

2185 5546 2205 5579 ⁷
2237 5544 2317 5599 Ita
2344 5543 2471 5599 Mss.
2505 5533 2640 5613 pene
2669 5554 2881 5603 omnes,
2909 5535 3063 5593 Editi
3093 5551 3190 5608 pro
3207 5533 3476 5591 intendere
3505 5533 3715 5590 habent

2115 5616 2436 5745 mitigat.
2465 5692 2520 5743 et
2548 5683 2713 5744 Corb.
2743 5682 2955 5753 Germ.,
2982 5697 3263 5740 curramus
3282 5678 3638 5754 propositum.
