4152 6182
515 263 618 319 547

1713 255 1961 312 SANCTI
1995 255 2332 313 GREGORII
2389 255 2614 314 MAGNI

3717 259 3822 317 548

515 404 621 443 non
644 387 823 442 statim
844 382 1200 457 parturimus.
1231 412 1303 425 —
1330 381 1437 440 Sed
1463 397 1591 440 cum
1619 380 1812 438 divina
1843 389 2112 454 praecepta
2141 385 2193 446 Α
2220 382 2441 456 quantis
2469 379 2800 452 doloribus,‘
2818 384 2973 457 quasi
3005 383 3336 456 quibusdam
3376 384 3668 442 conatibus
3695 387 3823 442 ani-

514 473 681 534 corde
703 477 720 510 ί
750 473 1115 546 concipimus,
1147 488 1259 528 non
1287 473 1472 528 statim
1502 471 1658 544 quasi
1682 469 1796 544 jam
1829 470 2002 526 solide
2032 487 2118 527 co-

515 563 686 634 gitata
713 563 1072 634 parturimus.
1105 561 1262 618 Unde
1290 571 1345 618 et
1370 561 1563 618 beatus
1589 559 1692 616 Job
1721 576 1833 615 non
1861 559 1929 616 de
1958 567 2116 632 partu

515 652 743 720 ibicum,
775 651 871 708 sed
900 652 967 708 de
995 658 1243 723 tempore
1273 659 1460 723 partus
1491 649 1814 722 inquiritur.
1847 650 2006 718 Quod
2035 651 2113 706 vi-

515 741 718 798 delicet
745 749 960 813 tempus
994 743 1040 798 si
1072 743 1130 798 in
1171 741 1588 814 nobismetipsis
1618 741 1715 796 vix
1745 740 2116 812 comprehen—

512 831 716 900 dimus,
751 831 926 887 multo
948 832 1122 904 magis
1142 832 1199 887 in
1223 833 1404 888 aliena
1431 839 1614 888 mente
1633 832 1930 888 nescimus.
1955 831 2114 888 Prius

514 925 665 976 enim
695 921 924 993 superni
963 921 1184 978 timoris
1223 921 1435 977 semina
1464 928 1622 976 utero
1649 919 1831 976 cordis
1863 930 2116 992 suscepta

511 1025 609 1082 per
648 1009 1064 1066 meditationem
1112 1009 1285 1066 studii
1334 1009 1694 1082 coagulantur
1732 1016 1794 1064 ut
1833 1018 2112 1078 maneant,

511 1099 863 1171 postmodum
875 1099 1086 1168 ,stricta
1098 1099 1403 1158 intentione
1415 1098 1765 1174 cogitationis
1779 1098 1960 1166 aﬂixa,
1979 1097 2112 1153 dum

510 1187 582 1244 ad
611 1188 959 1246 discretionis
989 1187 1256 1243 rationem
1287 1186 1544 1255 tendunt,
1567 1186 1724 1260 quasi
1754 1187 1810 1242 in
1842 1185 2111 1242 membro-

511 1293 636 1333 rum
665 1276 1084 1332 distinctionem
1112 1275 1456 1343 formantur;
1489 1275 1714 1343 dehinc,
1731 1291 1836 1330 usu
1864 1289 2110 1346 perseve-

508 1367 703 1426 rantia)
733 1367 756 1401 ²
787 1365 1113 1424 conﬁrmata
1139 1367 1294 1422 velut
1322 1365 1380 1422 in
1421 1365 1755 1422 soliditatem
1784 1365 1989 1421 ossium
2021 1379 2111 1418 ve-

507 1456 704 1524 niunt;
734 1454 804 1512 ad
829 1464 1139 1512 extremum
1160 1472 1312 1523 vero,
1336 1455 1580 1528 perfecta
1598 1454 1924 1510 auctoritate
1952 1453 2112 1509 robo-

509 1555 647 1614 rata,
684 1545 840 1618 quasi
871 1545 930 1600 in
976 1553 1196 1617 partum
1245 1543 1580 1616 procedunt;
1625 1559 1746 1616 quae
1774 1542 2112 1598 incrementa

509 1635 831 1693 divinorum
855 1636 1129 1692 seminum
1151 1635 1340 1691 nullus
1371 1635 1430 1690 in
1449 1634 1629 1690 aliena
1653 1640 1834 1689 mente
1863 1630 2108 1688 conside-

2225 489 2342 528 mas
2371 473 2428 528 in
2457 471 2564 528 ﬁde
2593 480 2646 528 et
2666 473 3084 530 conversatione
3104 473 3450 546 parturiunt;
3479 489 3646 546 quam
3669 484 3822 534 cauta

2223 577 2280 616 se
2311 561 2692 619 observatione
2739 562 3218 635 circumspiciunt,
3278 569 3343 617 ut
3395 561 3510 618 sint
3557 563 3728 622 fortes
3767 565 3823 621 in

2225 651 2530 722 praeceptis,
2567 656 2714 715 976
2751 652 3147 725 compatientes
3189 651 3246 706 in
3294 650 3736 722 inﬁrmitatibus,
3769 655 3823 710 in

2225 746 2391 804 minis
2432 749 2732 817 terribiles,
2765 749 2822 804 in
2853 747 3334 804 exhortationibus
3376 748 3590 818 blandi,
3642 751 3700 805 in
3731 767 3827 806 οε·-

2222 836 2512 893 tendendo
2527 838 2847 910 magisterio
2867 837 3124 905 humiles,
3158 838 3217 893 in
3237 855 3420 894 rerum
3438 840 3825 910 temporalium

2224 934 2545 1000 contemptu
2575 929 2945 997 dominantes,
2979 929 3036 984 in
3066 928 3368 985 tolerandis
3399 929 3828 986 adversitatibus

2225 1015 2412 1086 rigidi,
2453 1024 2507 1072 et
2536 1024 2723 1072 tamen
2773 1017 2906 1072 dum
2956 1018 3102 1074 vires
3144 1034 3272 1074 suas
3310 1018 3536 1074 sibimet
3565 1035 3678 1075 non
3716 1019 3828 1074 tri—

2223 1105 2423 1173 buunt,
2449 1105 2658 1161 inﬁrmi
2686 1150 2698 1174 ,
2731 1115 2970 1180 quantus
2997 1108 3070 1163 sit
3093 1107 3172 1162 eis
3203 1107 3364 1164 dolor
3383 1107 3451 1163 de
3479 1107 3821 1176 cadentibus,

2223 1202 2462 1268 quantus
2483 1195 2550 1252 de
2570 1195 2849 1252 stantibus
2870 1197 3066 1263 timor;
3098 1213 3208 1269 quo
3234 1197 3450 1253 fervore
3467 1196 3577 1252 alia
3595 1197 3824 1270 adipisci

2221 1290 2504 1354 appetunt,
2535 1301 2646 1358 quo
2689 1302 2891 1358 pavore
2922 1285 3031 1342 alia
3072 1285 3268 1358 adepta
3295 1294 3642 1342 conservant.
3686 1285 3826 1354 Quia

2221 1371 2390 1441 igitur
2413 1388 2810 1445 perpaucorum
2839 1383 2922 1430 est
2947 1375 3053 1430 ista
3081 1390 3330 1446 pensare,
3351 1375 3491 1432 bene
3515 1375 3566 1432 ei
3587 1375 3820 1432 dicitur:

2229 1460 2316 1517 Vel
2336 1462 2696 1531 parturientes
2718 1480 2899 1520 cervas
2918 1463 3246 1520 observasti?

2292 1571 2432 1648 [νει.
2466 1574 2616 1650 XX.]
2658 1575 2746 1633 43.
2783 1577 2886 1646 Qui
2911 1594 3009 1649 per
3036 1577 3267 1649 vigorem
3311 1577 3601 1649 disciplina!
3636 1583 3822 1648 patres

2218 1667 2360 1729 sunt,
2388 1679 2488 1732 per
2509 1663 2724 1734 pietatis
2752 1667 2954 1722 viscera
2982 1666 3088 1720 sint
3111 1672 3326 1722 matres.
3351 1697 3422 1707 —
3449 1666 3535 1722 Nil
3567 1681 3696 1721 vero
3723 1664 3821 1720 ob-

507 1731 612 1793 rat,
635 1723 744 1781 nisi
777 1725 894 1797 ipse
922 1725 1016 1798 qui
1038 1733 1204 1781 creat.
1227 1723 1364 1780 Nam
1395 1723 1496 1779 etsi
1528 1720 1830 1795 quemlibet
1849 1718 1964 1791 jam
1993 1717 2101 1773 vim

2221 1757 2331 1806 stat
2371 1717 2526 1824 quod
2563 1753 2730 1810 verba
2775 1757 2922 1812 Deus
2961 1755 3028 1812 de
3068 1755 3388 1812 doctoribus
3433 1755 3658 1824 faciens,
3703 1771 3821 1810 non

505 1829 753 1886 supernae
783 1814 1242 1886 concupiscentiae
1272 1812 1586 1884 concepisse
1615 1807 1978 1882 quarumdam
2009 1823 2106 1864 re—

510 1919 635 1958 rum
673 1901 1024 1958 attestatione
1071 1901 1475 1974 cognoscimus,
1520 1898 1740 1974 quando
1781 1905 1968 1955 tamen
1998 1899 2020 1932 ³
2047 1897 2108 1953 in

505 1999 664 2064 partu
692 2000 944 2063 erumpat
974 1992 1312 2064 ignoramus.

573 2135 662 2192 41.
709 2136 938 2205 Quidam
969 2135 1107 2207 fetus
1135 2134 1364 2192 abortivi
1409 2140 1550 2202 sunt,
1591 2132 1720 2204 quia
1763 2131 2105 2204 prmmaturi.

503 2223 656 2282 Bona
689 2231 866 2281 tenera
895 2226 1127 2281 humana
1165 2227 1281 2280 laus
1309 2221 1614 2294 exstinguit.
1645 2252 1716 2262 —
1745 2219 1897 2293 Saepe
1923 2227 2104 2276 autem

503 2323 766 2388 concepta
810 2322 990 2372 mente
1032 2313 1245 2370 semina
1287 2311 1576 2385 pervenire
1607 2309 1675 2367 ad
1712 2309 2105 2384 perfectionem

503 2413 802 2478 nequeunt,
849 2406 978 2478 quia
1018 2403 1247 2460 oriendo
1277 2410 1492 2475 tempus
1522 2409 1708 2474 partus
1753 2397 2101 2457 antecedunt.

503 2493 576 2551 Et
605 2495 735 2567 quia
765 2495 998 2551 necdum
1030 2494 1188 2566 plene
1221 2494 1240 2527 ‘
1273 2493 1330 2548 in
1359 2492 1690 2564 cogitatione
1718 2491 1952 2546 formata
1980 2497 2105 2544 ante

504 2582 777 2640 humanos
797 2583 986 2638 oculos
1007 2581 1300 2653 prodeunt,
1319 2583 1471 2636 velut
1486 2580 1740 2634 abortiva
1768 2580 2100 2634 moriuntur.

503 2669 654 2724 Bona
683 2668 884 2742 quippe
910 2667 1092 2723 adhuc
1113 2675 1318 2735 tenera,
1355 2669 1678 2738 plerumque
1708 2665 1951 2721 humana
1984 2667 2104 2721 lin-

505 2775 629 2832 gua,
661 2758 794 2814 dum
819 2757 933 2830 jam
964 2758 1118 2831 quasi
1140 2757 1307 2814 fortia
1333 2756 1540 2824 laudat,
1571 2755 1894 2826 exstinguit.
1927 2755 2104 2810 Tanto

501 2847 648 2904 enim
680 2847 910 2904 celerius
943 2845 1227 2916 occidunt,
1269 2854 1475 2920 quanto
1503 2845 1574 2900 ad
1612 2844 1820 2900 favoris
1847 2843 2101 2900 notitiam

501 2937 887 3010 intempestive
903 2943 1290 3011 prorumpunt.
1309 2936 1716 3008 Nonnunquam
1745 2950 1878 2991 vero
1904 2935 2101 3008 imper-

499 3026 643 3084 fecta
668 3036 856 3084 nostra
896 3025 1157 3100 cogitatio
1186 3025 1422 3083 necdum
1453 3023 1727 3092 roborata,
1771 3023 1905 3080 dum
1935 3023 2102 3080 citius

2217 1854 2532 1911 cervorum,
2581 1843 2677 1900 sed
2717 1861 3004 1901 cervarum
3047 1861 3140 1900 eos
3172 1845 3352 1917 specie
3392 1844 3658 1917 designat,
3691 1843 3825 1917 quia

2217 1928 2488 1986 nimirum
2515 1931 2536 1966 θ
2565 1932 2652 1988 illi
2687 1935 2804 1989 veri
2833 1935 3082 1990 doctores
3109 1943 3260 2002 sunt,
3283 1935 3525 2006 quicum
3555 1951 3652 2006 per
3669 1933 3825 2006 vigo-

2219 2034 2332 2074 rem
2363 2017 2672 2090 disciplinm
2702 2028 2884 2092 patres
2911 2029 3060 2088 sunt,
3093 2037 3191 2092 per
3218 2021 3440 2093 pietatis
3469 2023 3684 2079 viscera
3705 2039 3826 2079 esse

2220 2114 2418 2162 matres
2443 2117 2738 2164 noverunt.
2793 2107 2898 2176 Qui
2949 2107 3161 2164 labores
3189 2116 3391 2164 sanctae
3435 2110 3828 2182 conceptionis

2217 2197 2473 2267 tolerant,
2504 2207 2558 2254 et
2586 2197 2948 2270 proferendos
2963 2199 3076 2254 Deo
3096 2197 3242 2254 ﬁlios
3268 2198 3415 2254 intra
3441 2208 3662 2255 uterum
3691 2198 3826 2254 cha-

2215 2285 2397 2342 ritatis
2425 2296 2666 2358 portant.
2711 2289 2774 2344 In
2801 2286 3013 2343 edenda
3051 2289 3200 2344 enim
3229 2287 3384 2360 prole
3415 2287 3656 2360 amplius
3692 2303 3826 2344 ma—

2213 2380 2322 2431 tres
2351 2373 2626 2445 laborant,
2668 2393 2790 2450 quze
2817 2383 3154 2433 crescentem
3182 2376 3329 2432 intra
3355 2384 3578 2432 uterum
3613 2392 3826 2433 conce-

2216 2463 2482 2534 ptionem,
2515 2466 2680 2537 longo
2711 2465 2986 2522 mensium
3015 2473 3263 2538 tempore
3290 2464 3588 2532 sustinent,
3615 2471 3671 2520 et
3701 2482 3820 2540 quae

2213 2567 2284 2607 ex
2322 2560 2481 2608 utero
2523 2554 2910 2625 procedentem
2958 2569 3074 2609 non
3114 2553 3233 2608 sine
3275 2553 3488 2625 magnis
3535 2552 3820 2610 doloribus

2213 2639 2520 2712 deponunt.
2554 2642 2710 2700 Unde
2739 2650 2794 2698 et
2831 2641 2922 2699 hic
2950 2648 3079 2716 apta
3113 2641 3550 2698 consideratione
3577 2641 3818 2715 subjun-

2214 2729 2363 2800 gitur
2395 2746 2408 2786 :

2667 2827 2897 2886 CAPUT
2934 2829 3015 2885 XI
3053 2827 3198 2902 [Rea
3227 2829 3322 2904 X].

2283 2927 2454 2985 Vsus.
2487 2928 2542 2984 2.
2572 2958 2643 2970 —
2670 2927 3038 2985 Dinumerasti
3062 2947 3258 2987 menses
3285 2935 3548 3000 conceptus
3573 2945 3764 2987 earum
3785 2934 3815 2990 ἵ

2279 3025 2366 3083 44.
2401 3027 2506 3083 Per
2533 3044 2822 3099 congruum
2853 3033 3053 3100 tempus
3081 3035 3320 3100 concepta
3348 3027 3540 3083 soboles
3558 3027 3616 3082 in
3632 3029 3814 3086 cordis

497 3118 820 3176 hominibus
839 3119 1169 3186 ostenditur,
1192 3116 1566 3174 resistentium
1585 3115 1918 3172 adversitate
1937 3113 2098 3171 dissi-
2132 3105 2175 3166 Ο
2211 3121 2360 3171 utero
2387 3117 2638 3187 gestanda
2668 3122 2728 3170 ut
2756 3115 2914 3172 vivat.
2948 3149 3019 3158 —
3044 3117 3230 3174 Sancti
3272 3115 3418 3172 enim
3451 3115 3558 3172 viri
3585 3133 3717 3174 cum
3747 3116 3816 3176 de

498 3217 690 3280 patur;
739 3216 792 3264 et
821 3225 946 3265 cum
976 3215 1208 3264 conatur
1235 3215 1361 3264 ante
1390 3215 1609 3280 tempus
1635 3205 1813 3262 videri
1843 3205 1974 3278 quia
1999 3205 2094 3273 sit,

498 3297 520 3332 ⁸
551 3296 663 3368 agit
693 3305 753 3352 ut
779 3311 890 3352 non
912 3295 1004 3352 sit.
1023 3295 1208 3352 Sancti
1229 3303 1411 3351 autem
1433 3295 1562 3363 viri,
1595 3294 1725 3367 quia
1751 3299 1950 3349 cuncta
1975 3308 2096 3365 quae

495 3383 635 3444 bene
675 3385 919 3458 cogitant
967 3383 1188 3442 student
1234 3395 1298 3441 ut
1338 3385 1552 3440 occulte
1594 3384 2002 3450 convalescant,
2041 3389 2096 3438 et

496 3476 652 3550 quasi
695 3491 1042 3549 processuros
1072 3474 1216 3531 fetus
1253 3475 1406 3548 prius
1449 3474 1593 3530 intra
1623 3482 1845 3530 uterum
1894 3473 2096 3528 mentis

495 3565 758 3634 formant,
788 3572 933 3622 recte
959 3563 1151 3620 beatus
1174 3564 1276 3622 Job
1309 3563 1375 3620 de
1412 3571 1600 3638 partus
1628 3571 1873 3636 tempore
1899 3561 2096 3618 discu-

493 3655 652 3725 titur,
685 3653 834 3730 quod
852 3653 1114 3711 videlicet
1133 3654 1437 3727 unicuique
1458 3653 1678 3726 quando
1697 3653 1770 3710 sit
1787 3668 2094 3724 congruum

495 3745 604 3803 nisi
630 3763 661 3803 a
679 3753 921 3804 creatore
949 3743 1214 3801 nescitur.
1240 3744 1346 3812 Qui
1381 3743 1514 3799 dum
1539 3745 1561 3778 ⁶
1582 3743 1884 3816 penetralia
1912 3741 2095 3798 cordis

494 3836 711 3909 aspicit,
761 3837 982 3911 quando
1010 3835 1080 3894 ad
1108 3835 1407 3893 humanam
1450 3833 1707 3893 notitiam
1736 3832 1882 3890 bona
1909 3841 2097 3890 nostra

494 3943 734 4000 congrue
766 3935 1080 3998 nascantur,
1123 3924 1506 4001 apprehendit.
1553 3925 1699 3980 Bene
1729 3925 1913 3996 itaque
1943 3923 2096 3979 dici-

491 4023 585 4072 tur
616 4034 628 4071 :
667 4017 925 4086 Nunquid
951 4017 1090 4071 nosti
1133 4023 1330 4088 tempus
1361 4021 1556 4088 partus
1585 4013 1776 4068 ibicum
1802 4013 1861 4066 in
1883 4011 2094 4083 petris?

493 4106 576 4159 Ac
599 4103 646 4157 si
665 4111 850 4172 aperte
871 4104 1052 4161 dicat:
1085 4105 1155 4160 Ut
1175 4120 1295 4178 ego,
1327 4103 1422 4176 qui
1451 4101 1660 4158 idcirco
1688 4100 1988 4156 electOrum
2018 4098 2094 4154 fe-

491 4198 582 4248 tus
603 4191 822 4246 vivaces
841 4191 1004 4261 facio,
1025 4197 1046 4230 ⁷
1070 4195 1196 4267 quia
1219 4192 1470 4266 praescito
1485 4191 1542 4246 in
1563 4198 1808 4260 tempore
1827 4188 2091 4260 produco.

489 4281 638 4338 Bene
669 4286 852 4336 autem
885 4283 1106 4354 expleto
1149 4283 1265 4338 fetu
1305 4279 1622 4336 auditorum
1657 4276 1916 4334 subditur
1951 4294 1962 4332 :
2006 4277 2094 4333 Vel

462 4368 845 4443 ’parturientes
858 4387 1039 4428 cervas
1057 4371 1347 4428 observasti
1365 4372 1392 4427 ?
1419 4369 1792 4426 Parturientes
1807 4367 1954 4422 enim
1985 4382 2095 4423 cer-

2207 3205 2460 3278 profectu
2506 3205 2821 3261 auditorum
2865 3205 3132 3278 cogitant,
3189 3206 3347 3280 quasi
3383 3205 3499 3278 jam
3545 3205 3603 3262 in
3654 3217 3815 3264 utero

2207 3295 2622 3366 conceptionem
2674 3301 2912 3365 portant.
2961 3294 3067 3351 Sed
3095 3311 3222 3351 cum
3266 3295 3535 3352 nonnulla
3563 3311 3689 3369 quae
3719 3296 3816 3353 di-

2206 3382 2378 3440 cenda
2403 3390 2532 3439 sunt
2560 3382 2846 3453 differunt,
2877 3393 2934 3440 et
2964 3391 3152 3457 aptum
3182 3385 3299 3442 suis
3327 3384 3814 3442 exhortationibus

2204 3479 2420 3546 tempus
2455 3480 2728 3546 quaerunt,
2775 3473 2930 3529 velut
2953 3491 2985 3530 a
3015 3484 3176 3546 partu
3207 3491 3370 3548 quem
3399 3473 3518 3532 ﬁeri
3549 3483 3812 3548 appetunt

2205 3561 2264 3618 in
2311 3562 2584 3619 mensium
2627 3561 2948 3634 prolixitate
2999 3561 3322 3619 dilatantur.
3378 3563 3452 3619 Et
3495 3579 3637 3637 saepe
3675 3563 3808 3620 dum

2206 3651 2454 3728 quadam
2481 3669 2602 3726 quae
2633 3653 2901 3721 sentiunt,
2945 3652 3331 3725 intempestive
3358 3651 3544 3712 dicere
3569 3653 3810 3710 audien-

2205 3744 2357 3800 tibus
2375 3744 2594 3813 nolunt,
2628 3743 2686 3799 in
2709 3743 2827 3816 ipsa
2853 3743 3111 3800 tarditate
3131 3744 3474 3816 proferenda:
3499 3746 3806 3812 sententiae,

2205 3835 2323 3892 sive
2351 3834 2420 3891 ad
2446 3834 2564 3891 haec
2592 3850 2714 3906 quas
2741 3833 3021 3891 suadenda
3047 3841 3196 3902 sunt,
3225 3851 3323 3892 seu
3348 3835 3420 3892 ad
3444 3836 3541 3893 illa
3569 3852 3690 3910 qum
3725 3837 3805 3893 in-

2206 3923 2498 3995 crepanda,
2521 3923 2755 3979 consilio
2784 3923 2969 3979 altiori
2997 3923 3310 3981 ﬁrmantur.
3342 3925 3414 3980 Et
3441 3923 3572 3981 dum
3601 3925 3802 3996 cogita-

2205 4019 2298 4068 tur
2340 4011 2456 4066 vita
2505 4011 2774 4080 ﬁliorum,
2813 4027 2917 4069 nec
2953 4021 3135 4069 tamen
3178 4021 3304 4070 ante
3350 4022 3564 4088 tempus
3610 4013 3801 4086 lingua

2205 4100 2500 4158 consilium
2528 4099 2728 4156 mentis
2757 4099 2932 4171 ejicit,
2973 4102 3130 4174 quasi
3151 4103 3267 4176 jam
3297 4112 3558 4176 concepta
3583 4102 3801 4161 soboles

2207 4191 2348 4246 intra
2377 4195 2595 4244 uterum
2622 4189 2840 4257 crescit,
2866 4197 2929 4246 ut
2956 4190 3026 4246 ad
3053 4191 3366 4250 auditorum
3398 4194 3650 4250 notitiam
3669 4201 3802 4251 tunc

2205 4278 2475 4336 sententia
2493 4277 2676 4335 cordis
2690 4285 2868 4348 exeat,
2901 4281 3122 4353 quando
3138 4285 3350 4354 prolata
3367 4284 3582 4340 utiliter
3602 4287 3622 4321 ⁹
3644 4284 3800 4358 quasi

2204 4385 2301 4442 per
2339 4385 2643 4442 congruum
2685 4377 2902 4441 tempus
2948 4379 3137 4442 partus
3175 4373 3348 4430 vivat.
3402 4375 3475 4430 Et
3514 4375 3645 4448 quia
3685 4373 3802 4431 haec

490 4475 587 4516 vas
607 4458 896 4514 observare
923 4469 1005 4516 est
1042 4461 1168 4517 illos
1197 4459 1412 4516 labores
1439 4466 1656 4531 patrum
1689 4455 1784 4528 qui
1814 4455 2090 4529 spiritales
2122 4466 2171 4526 D
2205 4457 2459 4516 homines
2479 4458 2539 4516 in
2555 4459 2942 4532 magistrorum
2963 4468 3146 4517 mente
3175 4463 3394 4536 quando
3415 4466 3500 4521 vel
3523 4465 3802 4537 quomodo

487 4548 634 4604 filios
663 4554 928 4619 generant
954 4557 1114 4604 cauta
1141 4540 1584 4605 consideratione
1611 4561 1856 4618 pensare.

559 4637 648 4696 42.
689 4636 1107 4694 Prcedicatorum
1135 4639 1345 4693 animas
1369 4637 1789 4708 parturientium
1825 4637 1919 4707 qui
1946 4635 2090 4692 dolo-

487 4747 594 4800 res,
638 4745 756 4800 quaa
805 4725 966 4784 dotes.
997 4759 1068 4770 —
1107 4727 1344 4784 Solerter
1389 4726 1590 4798 quippe
1633 4725 1962 4782 intuendum
2008 4732 2090 4782 est

489 4820 637 4896 quod
665 4819 759 4878 hic
787 4834 970 4877 sermo
1000 4827 1112 4876 tam
1147 4816 1442 4890 vigilanter
1471 4815 1832 4890 imprimitur,
1862 4824 1924 4872 ut
1941 4815 2087 4872 dica-

487 4921 598 4981 tur,
644 4909 952 4976 observasti,
990 4910 1120 4984 quia
1163 4907 1354 4981 utique
1399 4921 1798 4980 perpaucorum
1829 4912 1910 4960 est
1947 4921 2090 4976 pen-

488 5018 606 5058 sare
663 5003 786 5077 quis
843 5002 999 5058 labor
1052 5001 1124 5058 sit
1181 4999 1239 5056 in
1293 4995 1780 5071 praedicationibus
1831 5001 2084 5068 patrum;

525 5307 534 5318 .
564 5237 580 5271 ¹
615 5236 776 5293 Corb.
811 5237 1020 5304 Germ.,
1051 5234 1296 5302 Ebroic.,
1327 5232 1525 5288 Pratel.
1558 5238 1612 5288 et
1640 5232 1854 5300 Norm.,
1881 5229 2084 5304 conspi-

487 5323 876 5446 “Timaeo,
905 5379 1104 5436 Pratel.
1137 5386 1194 5434 et
1220 5377 1388 5446 Utic.,
1418 5376 1677 5447 formata,
1697 5373 1945 5444 Ebroic.,
1967 5391 2084 5430 con-

487 5446 741 5518 formata.

561 5519 583 5602 ξ
611 5517 1001 5602 ζέει-..Νοτξηη
1038 5521 1096 5574 in
1117 5527 1356 5602 partum.

563 5591 586 5626 ⁴
613 5587 864 5662 Ebroic.,
892 5589 950 5643 in
963 5587 1282 5662 goqni'tione.

561 5663 583 5698 ε
613 5658 766 5735 Editi
795 5673 922 5735 cum
953 5658 1115 5717 (Σοί-Ι).
1151 5661 1362 5728 Germ.,
1389 5661 1548 5735 quasi
1568 5661 1750 5735 agitur
1773 5667 1840 5735 ut
1857 5675 1965 5716 non
1993 5658 2080 5735 sit.

513 5751 548 5790 n
576 5729 908 5808 quibusdam
939 5737 1121 5787 tamen
1150 5739 1258 5790 vet.
1290 5729 1567 5790 omittitur
1589 5729 1767 5805 quasi.
1795 5730 2082 5806 Expressi-

2201 4555 2432 4620 agantur
2474 4549 2750 4621 ignorant,
2798 4551 2944 4606 Deus
2976 4565 3107 4607 vero
3135 4552 3204 4608 ad
3249 4552 3634 4610 retributionis
3674 4555 3802 4625 glo—

2201 4637 2340 4694 riam
2372 4654 2483 4694 non
2513 4638 2692 4694 solum
2723 4637 2976 4695 effectum
3006 4640 3337 4710 considerat,
3365 4641 3462 4698 sed
3489 4643 3652 4698 etiam
3687 4660 3798 4700 mo-

2201 4735 2387 4785 menta
2414 4728 2811 4800 cogitationum
2833 4729 3031 4802 signat,
3054 4739 3200 4786 recte
3231 4731 3300 4788 ad
3326 4731 3548 4788 beatum
3577 4732 3681 4788 Job
3710 4732 3800 4790 di-

2197 4817 2345 4874 citur
2363 4835 2374 4872 :
2404 4817 2771 4873 Dinumerasti
2783 4835 2980 4874 menses
2993 4827 3266 4892 conceptus
3279 4838 3466 4877 earum
3481 4825 3510 4879 ?
3525 4821 3799 4880 Subaudis

2197 4915 2259 4962 ut
2303 4923 2421 4979 ego,
2468 4907 2566 4980 qui
2608 4907 2667 4962 in
2713 4908 2918 4966 sanctis
2963 4910 3412 4982 praedicatoribus
3460 4929 3572 4969 non
3615 4913 3795 4968 solum

2195 4997 2408 5054 fructus
2437 4999 2773 5057 exteriorum
2814 5017 3063 5074 operum,
3107 5001 3204 5059 sed
3245 5003 3391 5076 ipsas
3423 5003 3670 5062 diutinas
3699 5019 3794 5059 co-

2193 5245 2318 5286 mus
2342 5228 2472 5285 Mss.
2503 5229 2737 5302 Turon.,
2763 5229 3024 5301 Vindoc.,
3069 5233 3286 5302 Norm.,
3317 5234 3514 5302 Laud.,
3546 5233 3672 5291 Val.
3705 5232 3789 5292 Cl.

2267 5302 2512 5383 “Praei;
2533 5310 2591 5383 at.
2618 5301 2782 5383 021'}!-
2805 5302 3016 5383 δεξξιξιυ
3041 5301 3400 5383 Ρεέείνῖίὲδίζέᾳ.
3417 5301 3614 5383 sordis.
3649 5305 3791 5364 αοιιο

2191 5373 2441 5428 sentiunt
2469 5372 2617 5428 Edit.
2651 5373 2822 5429 Paris.
2857 5374 2994 5432 1495
3022 5372 3076 5432 et
3105 5376 3270 5434 Basil.
3311 5377 3466 5434 1514.

2261 5444 2284 5480 ⁷
2313 5443 2560 5512 Ebroic.,
2585 5446 2851 5516 prwscita.
2884 5447 2966 5502 Ita
2995 5456 3104 5504 vet.
3139 5449 3243 5505 Ed.
3276 5448 3444 5506 Basil.

2265 5515 2288 5551 ⁸
2315 5514 2488 5570 Laud.
2519 5523 2572 5570 et
2602 5515 2724 5572 Val.
2755 5516 2864 5576 CL.
2894 5518 2979 5574 illi
3007 5537 3127 5576 cere
3157 5521 3412 5576 doctores.

2476 5559 2488 5570 .
2519 5538 2572 5570 et
2613 5538 2724 5572 val.
2755 5538 2864 5584 μμ,
2894 5538 2979 5574 un
3007 5538 3127 5576 cere
3157 5538 3412 5578 uectores.

2263 5588 2284 5622 ⁸
2315 5585 2577 5666 Vindoc.,
2607 5588 2820 5658 Norm.,
2851 5589 3190 5661 Laud.,Val.
3221 5589 3331 5664 CL,
3363 5593 3522 5666 quasi
3543 5609 3644 5666 per
3671 5607 3789 5648 con-

2189 5674 2384 5730 gruum
2407 5663 2647 5728 partum.
