4152 6182
345 268 452 327 549

1092 274 1466 334 MORALIUM
1504 276 1638 333 LIB.
1682 274 1868 334 XXX.
1907 307 1976 321 -—
2013 277 2085 334 IN
2123 276 2350 336 CAPUT
2388 279 2634 338 XXXIX
2672 283 2734 339 Β.
2777 282 2920 340 JOB.

3547 290 3647 350 551

346 395 642 468 gitationes
687 412 937 467 numero,
970 400 987 434 ¹
1018 400 1114 474 qui
1170 408 1225 457 et
1279 418 1369 459 eas
1416 402 1485 459 ad
1528 403 1947 461 retributionem
1976 411 2027 470 Α
2055 420 2217 461 cerva
2246 408 2460 478 pariens
2507 407 2813 476 emittebat,
2847 411 3067 482 quando
3097 413 3302 471 eisdem
3334 427 3459 489 post
3488 436 3546 475 se
3573 436 3656 476 re-

344 503 524 545 servo.

415 576 555 651 [γει.
584 577 762 652 ΧΧΙ.]
795 579 884 637 45.
934 580 1037 649 Qui
1074 599 1126 638 se
1165 584 1237 638 ad
1269 585 1671 655 praedicandum
1716 590 1939 656 parant,

337 666 493 738 prius
522 683 575 721 se
610 666 832 722 interius
864 669 1151 726 virtutibus
1182 672 1448 730 innovent.
1484 705 1555 716 —
1584 675 1820 729 Possunt
1847 688 1942 744 per

341 772 573 825 menses,
607 758 737 830 quia
763 761 1006 833 congesti
1036 761 1153 820 dies
1181 771 1332 834 sunt,
1363 766 1530 821 etiam
1560 762 1940 836 multiplicatae

341 848 576 904 virtutes
605 847 861 921 intelligi.
896 852 957 908 In
989 854 1270 911 mensibus
1298 870 1515 928 quoque
1545 855 1675 910 luna
1702 851 1939 908 renasci-

341 948 461 1005 tur;
496 937 689 1011 nilque
717 937 898 996 obstat
927 941 973 997 si
1005 957 1101 1013 per
1130 959 1341 1000 menses
1362 944 1384 978 ²
1408 959 1551 999 nova
1578 942 1938 1016 regeneratio-

338 1027 425 1084 nis
454 1036 706 1084 creatura
735 1028 999 1100 signetur.
1023 1032 1103 1087 De
1122 1049 1229 1105 qua
1246 1033 1450 1090 Paulus
1467 1033 1747 1106 apostolus
1767 1029 1932 1086 dicit:

338 1120 403 1175 In
436 1117 650 1174 Christo
677 1118 803 1173 Jesu
828 1136 990 1190 neque
1013 1121 1342 1179 circumcisio
1370 1123 1580 1194 aliquid
1602 1123 1760 1190 valet,
1778 1136 1941 1190 neque

332 1206 677 1279 praeputium,
709 1207 799 1262 sed
825 1224 961 1264 nova
983 1216 1230 1267 creatura
1261 1211 1469 1283 (Galat.
1501 1230 1558 1280 v,
1599 1212 1665 1274 6;
1707 1228 1787 1277 vr,
1823 1209 1934 1281 15).

336 1295 526 1353 Sancti
556 1296 725 1368 igitur
753 1296 882 1366 viri,
917 1314 1044 1355 cum
1082 1316 1138 1356 se
1180 1300 1250 1357 ad
1277 1300 1691 1373 praedicandum
1720 1303 1937 1371 parant,

336 1386 491 1458 prius
533 1401 591 1441 se
638 1385 872 1443 interius
913 1388 1216 1446 virtutibus
1268 1389 1561 1458 innovant,
1610 1397 1673 1445 ut
1717 1388 1787 1444 ad
1835 1386 1942 1443 hoc

335 1473 487 1547 quod
525 1474 800 1547 loquendo
844 1474 1062 1547 docent,
1094 1478 1336 1534 vivendo
1378 1478 1734 1535 concordent.
1780 1476 1941 1532 Prius

334 1580 437 1619 sua
464 1562 683 1620 interna
710 1565 1080 1636 considerant,
1101 1576 1264 1640 atque
1292 1585 1325 1624 a
1353 1568 1569 1625 cunctis
1595 1583 1653 1624 se
1672 1566 1939 1623 vitiorum

333 1651 595 1710 sordibus
623 1653 948 1724 emundant,
987 1663 1245 1714 curantes
1273 1673 1622 1729 summopere
1659 1665 1723 1713 ut
1752 1663 1941 1711 contra

333 1745 477 1803 iram
536 1747 815 1818 patientiae
871 1747 993 1805 luce
1045 1748 1449 1821 resplendeant,
1510 1757 1702 1804 contra
1758 1744 1940 1802 carnis

332 1836 616 1892 luxuriam
665 1837 831 1894 etiam
879 1838 1062 1895 cordis
1108 1839 1384 1896 munditia
1426 1838 1753 1910 fulgescant,
1796 1842 1940 1899 977

335 1942 531 1990 contra
580 1943 857 2006 torporem
918 1936 1036 1991 zelo
1083 1937 1372 2006 candeant,
1432 1945 1627 1992 contra
1680 1935 1940 1992 confusos

334 2023 787 2096 praecipitationis
816 2034 998 2081 motus
1026 2042 1218 2085 serena
1246 2027 1518 2099 gravitate
1537 2025 1789 2089 rutilent,
1810 2041 1937 2081 con-

332 2123 419 2171 tra
448 2114 757 2188 superbiam
789 2132 915 2173 vera
943 2116 1258 2173 humilitate
1288 2119 1527 2186 luceant,
1551 2123 1744 2174 contra
1773 2114 1938 2171 timo-

332 2220 451 2260 rem
481 2205 650 2262 radiis
679 2208 1020 2262 auctoritatis
1048 2208 1371 2265 clarescant.
1394 2207 1536 2275 Quia
1550 2223 1679 2278 ergo
1698 2214 1856 2263 tanta
1882 2205 1938 2259 in

330 2309 388 2349 se
420 2294 575 2365 prius
602 2294 786 2351 studia
813 2303 1132 2367 congerunt,
1164 2298 1322 2370 quasi
1352 2298 1412 2352 in
1441 2305 1713 2369 conceptu
1735 2304 1940 2352 sanctae

328 2383 747 2453 praedicationis
792 2400 1004 2441 menses
1032 2386 1305 2443 virtutum
1336 2385 1495 2441 ﬁunt.
1532 2386 1679 2454 Quos
1722 2401 1938 2441 menses

329 2472 614 2528 Dominus
660 2474 809 2529 solus
837 2472 1168 2542 dinumerat,
1199 2476 1332 2547 quia
1359 2475 1547 2531 eadem
1575 2475 1724 2531 bona
1749 2475 1805 2529 in
1836 2490 1939 2530 eo—

329 2577 465 2615 rum
495 2560 756 2615 cordibus
802 2576 913 2615 non
954 2561 1062 2615 nisi
1098 2562 1194 2633 qui
1240 2562 1393 2617 dedit
1439 2571 1651 2633 pensat.
1694 2563 1766 2617 Et
1813 2563 1942 2635 quia

328 2648 502 2719 juxta
531 2664 842 2704 mensuram
864 2649 1133 2705 virtutum
1158 2650 1384 2709 effectus
1403 2651 1569 2707 etiam
1589 2650 1941 2724 subsequitur

329 2736 650 2807 fructuum,
679 2746 825 2795 recte
855 2737 1244 2811 subjungitur:

950 2855 1182 2913 CAPUT
1210 2856 1332 2913 XII.

401 2946 544 3002 Iam.
576 2976 649 2989 —
674 2946 749 3001 Et
775 2946 918 3001 scisti
949 2952 1145 3019 tempus
1178 2955 1370 3019 partus
1398 2951 1631 3005 earum?

398 3034 495 3091 46.
538 3033 802 3092 Virtutum
829 3052 1127 3092 mensuram
1156 3036 1363 3107 fructus
1392 3038 1536 3092 ratio
1576 3037 1834 3108 sequitur.
1869 3068 1939 3078 —

2051 494 2350 552 deuntibus
2379 496 2689 553 exclamare
2719 498 3032 570 cogebatur,
3066 501 3258 560 dicens
3283 522 3294 561 :
3333 507 3376 563 Ο
3402 506 3656 564 insensati

2055 584 2278 652 Galatae,
2305 586 2424 655 quis
2464 602 2553 640 vos
2581 585 2868 656 fascinavit
2885 606 2905 653 ;
2933 594 2980 642 et
2999 589 3074 643 sic
3106 592 3257 647 stulti
3281 594 3429 660 estis,
3461 603 3520 650 ut
3540 614 3656 651 cum

2049 674 2245 745 spiritu
2287 677 2564 746 creperitis,
2607 693 2749 731 nunc
2788 693 2948 733 carne
2976 683 3407 738 consummemini
3440 685 3650 757 (Galat.

2050 780 2132 832 In,
2167 766 2218 838 1)
2240 765 2267 821 Ῡ
2296 766 2381 820 vel
2413 774 2591 822 certe:
2631 767 2939 825 Currebatis
2969 770 3108 838 bene,
3140 772 3234 842 qui
3263 790 3356 829 vos
3385 775 3658 846 impedivit

2050 855 2261 911 veritati
2305 872 2411 910 non
2459 857 2668 912 obedire
2699 858 2904 929 (Galat.
2937 878 2993 929 v,
3027 861 3130 933 7)?
3177 860 3369 929 Qualis
3401 862 3457 919 in
3490 862 3657 935 hujus

2048 960 2221 1001 cervae
2253 953 2410 1017 partu
2453 947 2669 1018 rugitus
2713 948 2841 1019 fuit,
2892 966 3012 1023 quae
3060 950 3157 1006 diu
3187 959 3481 1024 conceptos
3510 952 3656 1011 ﬁlios

2048 1051 2172 1089 cum
2205 1043 2284 1091 tot
2314 1034 2733 1093 diﬂicultatibus
2764 1040 2993 1111 peperit,
3026 1040 3440 1114 et‘quandoque
3470 1052 3656 1114 partos

2048 1124 2115 1179 ad
2146 1124 2370 1180 malitiae
2399 1134 2617 1182 uterum
2655 1126 2860 1185 redisse
2889 1130 3194 1201 cognovit?
3224 1129 3653 1188 Consideremus

2050 1212 2181 1285 quid
2202 1212 2409 1269 doloris
2430 1214 2706 1285 habuerit,
2731 1218 2863 1291 quid
2896 1219 3119 1288 laboris,
3144 1236 3265 1293 quae
3288 1229 3341 1277 et
3366 1228 3651 1294 postquam

2050 1303 2231 1376 potuit
2251 1314 2515 1378 concepta
2533 1305 2712 1377 edere,
2736 1324 2958 1365 rursum
2978 1310 3260 1382 compulsa
3285 1317 3367 1367 est
3386 1309 3658 1367 exstincta

2051 1394 2336 1451 suscitare.

2124 1507 2263 1581 [Vet.
2298 1510 2507 1585 XXII.]
2538 1511 2627 1568 48.
2669 1512 2789 1569 Nisi
2816 1512 2888 1568 ad
2913 1512 3277 1585 inﬁrmitatem
3304 1520 3545 1570 nostram
3575 1515 3659 1570 de-

2051 1598 2349 1653 scenderent
2367 1606 2415 1654 et
2440 1601 2873 1668 incurvarentur,
2891 1603 3032 1675 ﬁlios
3060 1602 3119 1657 in
3145 1603 3247 1676 ﬁde
3273 1619 3381 1657 non
3408 1620 3658 1675 procrea-

2051 1694 2187 1742 rent.
2237 1688 2432 1759 Sapere
2472 1690 2545 1746 ad
2598 1691 2929 1747 sobrietatem
2975 1692 3174 1748 debent.
3225 1723 3296 1734 —
3341 1692 3656 1750 Notandum

1975 1777 2020 1836 B
2053 1791 2183 1830 vero
2211 1793 2558 1850 summopere
2578 1787 2659 1834 est
2679 1780 2827 1852 quod
2859 1781 2977 1836 istae
3006 1798 3181 1838 cervae
3209 1781 3577 1839 incurvantur
3598 1792 3659 1839 ut

2049 1866 2284 1937 pariant,
2317 1868 2446 1939 quia
2470 1867 2735 1923 nimirum
2765 1869 2810 1924 si
2841 1879 3033 1925 erectae
3063 1878 3293 1939 starent,
3322 1888 3509 1943 parere
3538 1890 3649 1928 non

2050 1954 2316 2010 valerent.
2360 1955 2475 2011 Nisi
2517 1957 2666 2012 enim
2699 1956 3086 2028 pradicatores
3114 1960 3290 2015 sancti
3321 1959 3389 2015 ab
3418 1960 3515 2016 illa
3554 1961 3656 2016 im-

2050 2043 2337 2099 mensitate
2357 2044 2839 2116 contemplationis
2859 2045 3091 2103 internae
3122 2063 3286 2119 quam
3316 2048 3564 2120 capiunt,
3587 2049 3657 2105 ad

2050 2130 2429 2188 inﬁrmitatem
2460 2143 2702 2190 nostram
2734 2133 3055 2191 humillima
3084 2135 3475 2207 praedicatione
3496 2138 3654 2210 quasi

2049 2220 2285 2293 quadam
2316 2220 2698 2277 incurvatione
2719 2222 3131 2291 descenderent,
3157 2240 3440 2297 nunquam
3465 2227 3656 2299 utique

2051 2308 2109 2362 in
2139 2306 2247 2363 ﬁde
2273 2307 2418 2365 ﬁlios
2439 2319 2803 2380 procrearent.
2829 2311 3000 2367 Nobis
3029 2313 3231 2384 quippe
3261 2313 3516 2384 prodesse
3540 2330 3653 2370 non

2050 2408 2290 2469 possent,
2321 2398 2367 2454 si
2398 2397 2455 2453 in
2487 2416 2597 2454 suae
2626 2400 2940 2457 altitudinis
2968 2401 3246 2458 erectione
3276 2403 3650 2474 persisterent.

2050 2486 2156 2542 Sed
2184 2486 2470 2544 videamus
2501 2505 2719 2545 cervam
2750 2506 2865 2545 sese
2908 2497 2970 2545 ut
3015 2490 3191 2561 pariat
3222 2492 3606 2549 incurvantem
3635 2513 3646 2550 :

2049 2578 2185 2648 Ego,
2215 2576 2415 2650 inquit,
2453 2595 2559 2633 non
2581 2580 2730 2649 potui
2758 2579 2902 2634 vobis
2934 2579 3080 2650 loqui
3106 2581 3263 2650 quasi
3301 2582 3655 2652 spiritalibus,

2048 2665 2137 2721 sed
2165 2667 2321 2736 quasi
2349 2668 2675 2733 carnalibus,
2706 2675 2960 2739 tanquam
2979 2669 3229 2739 parvulis
3242 2669 3301 2724 in
3325 2670 3537 2725 Christo
3570 2674 3654 2727 lac

2048 2754 2194 2810 vobis
2232 2764 2418 2827 potum
2462 2758 2601 2822 dedi,
2630 2775 2737 2812 non
2778 2775 2947 2813 escam
2993 2758 3052 2830 (Ι
3080 2758 3205 2815 Cor.
3240 2776 3327 2825 In,
3361 2760 3439 2833 1).
3473 2761 3655 2834 Atque

2049 2860 2181 2899 mox
2193 2843 2435 2916 ejusdem
2450 2846 2852 2903 incutvationis
2866 2862 3058 2903 causas
3073 2847 3419 2919 exsequitur,
3436 2847 3647 2905 dicens:

2048 2934 2296 2990 Nondum
2325 2936 2461 2989 enim
2492 2935 2766 3006 poteratis,
2809 2936 2899 2990 sed
2930 2952 3021 2990 nec
3047 2936 3220 2990 adhuc
3260 2936 3473 3006 quidem
3507 2944 3650 3007 pote-

2048 3023 2142 3077 stis
2173 3023 2362 3094 (Ibid.,
2391 3025 2472 3097 2).
2496 3023 2601 3080 Sed
2625 3024 2768 3079 hanc
2787 3039 3024 3090 cervam,
3049 3040 3171 3096 quae
3194 3034 3416 3097 propter
3445 3041 3545 3082 nos
3568 3026 3648 3083 in-

327 3122 631 3194 Subaudis,
664 3124 735 3181 Ut
761 3141 879 3198 ego,
912 3125 1007 3199 qui
1038 3125 1170 3182 dum
1203 3126 1260 3181 in
1295 3127 1629 3199 cogitatione
1658 3127 1933 3182 virtutum
1972 3138 2016 3198 α
2046 3122 2272 3170 curvata
2294 3123 2395 3182 θεῖ,
2419 3129 2601 3187 (1113330
2624 3113 2912 3170 Videamus
2936 3119 3081 3177 978
3111 3123 3369 3171 erectam.
3393 3115 3520 3172 Ait:
3551 3117 3647 3173 Sa-

328 3229 551 3271 menses
595 3213 906 3282 dinumero,
937 3214 1157 3287 quando
1195 3214 1301 3272 hoc
1329 3214 1478 3288 quod
1521 3215 1748 3288 implere
1777 3231 1934 3287 appe-

333 3310 470 3359 tunt
496 3318 684 3375 parere
714 3304 933 3360 valeant
967 3303 1100 3372 scio,
1134 3304 1263 3377 quia
1292 3304 1556 3360 nimirum
1590 3303 1720 3361 dum
1753 3303 1936 3361 cordis

327 3392 551 3449 occulta
577 3391 879 3464 conspicio,
908 3391 1156 3448 futurum
1190 3393 1324 3449 foris
1353 3392 1607 3451 eﬂ'ectum
1638 3394 1820 3466 operis
1854 3392 1934 3447 in-

328 3489 419 3537 tus
453 3480 511 3535 in
540 3480 780 3552 pondere
808 3481 1157 3554 cogitationis
1183 3498 1372 3554 penso.
1406 3483 1700 3555 Sequitur:

936 3570 1161 3629 CAPUT
1188 3572 1339 3628 XIII.

404 3658 583 3716 Vnus.
615 3659 666 3716 3.
698 3690 769 3701 —
796 3660 1157 3715 Incurvantur
1183 3659 1255 3714 ad
1281 3658 1466 3728 fetum,
1508 3665 1558 3713 et
1588 3658 1832 3731 pariunt,
1891 3665 1942 3714 et

334 3749 553 3821 rugitus
576 3750 834 3805 emittunt.

403 3838 499 3895 47.
532 3840 911 3896 Prwdicatores
966 3840 1070 3895 nisi
1105 3838 1276 3910 ﬂendo
1322 3836 1678 3909 spiritualiter
1725 3838 1937 3909 gignere

329 3945 442 3984 non
462 3934 703 4000 possunt.
726 3959 797 3970 —
817 3928 1062 4001 Rugiunt
1081 3928 1304 4001 quippe,
1335 3926 1469 3983 dum
1486 3942 1581 4000 per
1602 3927 1935 3984 incurvatio-

332 4034 465 4076 nem
495 4035 648 4075 suam
680 4020 738 4075 in
767 4019 1182 4076 conversatione
1210 4019 1349 4076 lucis
1379 4019 1695 4076 auditorum
1726 4018 1937 4076 animas

332 4109 593 4183 gignunt,
617 4109 745 4181 quia
765 4109 834 4165 ab
854 4109 1071 4166 aeternis
1091 4126 1191 4165 nos
1214 4108 1504 4181 suppliciis
1524 4124 1806 4165 removere
1829 4107 1936 4163 nisi

332 4196 522 4253 ﬂendo
551 4205 606 4253 et
651 4196 886 4255 dolendo
932 4214 1043 4254 non
1084 4207 1331 4271 possunt.
1365 4197 1754 4254 Prmdicatores
1787 4196 1934 4253 enim

332 4291 515 4350 sancti
545 4305 694 4347 nunc
723 4289 781 4346 in
812 4290 1070 4363 lacrymis
1098 4288 1395 4355 seminant,
1428 4297 1490 4345 ut
1519 4297 1753 4361 segetem
1785 4294 1935 4359 post-

332 4383 563 4440 modum
595 4384 919 4456 gaudiorum
949 4389 1175 4438 metant.
1200 4382 1359 4437 Nunc
1386 4380 1542 4453 quasi
1571 4396 1745 4436 cervae
1766 4380 1823 4434 in
1843 4378 1936 4435 do-

332 4475 453 4531 lore
484 4483 671 4546 partus
701 4482 850 4541 sunt,
888 4482 949 4528 ut
996 4470 1229 4543 spiritali
1264 4470 1415 4542 prole
1451 4469 1799 4541 postmodum
1826 4469 1938 4524 sint
1966 4498 2017 4557 D

333 4563 583 4622 fecundi.
604 4563 672 4619 Ut
693 4562 838 4617 enim
862 4576 1033 4616 unum
1056 4559 1123 4615 de
1152 4558 1345 4614 multis
1373 4558 1587 4631 loquar,
1619 4557 1782 4614 video
1802 4559 1937 4614 Pau-

335 4655 455 4711 lum
489 4655 644 4727 quasi
674 4651 970 4726 quamdam
1000 4665 1217 4707 cervam
1249 4649 1306 4704 in
1336 4657 1495 4721 partu
1524 4664 1624 4704 suo
1646 4648 1937 4721 magnido-

336 4745 476 4802 loris
504 4746 714 4818 rugitus
734 4744 1096 4800 emittentem.
1122 4740 1217 4796 Ait
1240 4738 1388 4795 enim
1414 4757 1426 4795 :
1452 4738 1640 4795 Filioli
1663 4739 1787 4807 mei,
1810 4756 1938 4810 quos

334 4838 532 4893 iterum
554 4837 825 4909 parturio,
855 4835 1013 4891 donec
1029 4832 1292 4904 formetur
1309 4831 1554 4889 Christus
1570 4829 1629 4885 in
1655 4828 1820 4894 vobis,
1837 4829 1938 4883 vel-

340 4930 441 4985 lem
469 4945 576 4983 esse
601 4927 748 5000 apud
768 4943 858 4981 vos
885 4926 1061 4992 modo,
1091 4931 1140 4980 et
1159 4931 1365 4981 mutare
1395 4939 1564 4977 vocem
1592 4936 1784 4985 meam,
1813 4936 1938 4990 quo-

336 5019 490 5075 niam
506 5016 807 5087 confundor
823 5016 880 5071 in
912 5016 1050 5072 vobis
1066 5016 1278 5087 (Galat.
1312 5031 1392 5080 1v,
1426 5012 1539 5085 19).
1560 5012 1701 5069 Ecce
1728 5017 1939 5065 mutare

340 5110 468 5165 vult
492 5124 683 5165 vocem
714 5106 773 5161 in
801 5114 960 5178 partu
990 5122 1109 5173 suo,
1141 5113 1202 5160 ut
1230 5101 1642 5177 praedicationis
1671 5114 1851 5155 sermo
1879 5097 1938 5152 in

340 5199 587 5272 rugitum
617 5205 864 5255 vertatur
890 5194 1120 5251 doloris.
1140 5194 1274 5251 Vult
1294 5202 1508 5249 mutare
1537 5206 1729 5247 vocem
1759 5204 1935 5256 suam,

340 5289 475 5362 quia
528 5304 664 5363 quos
713 5283 827 5360 jam
860 5282 1204 5359 praedicando
1240 5290 1542 5357 pepererat,
1594 5276 1943 5336 reformando

342 5395 566 5454 gemens
608 5381 807 5437 iterum
855 5374 1214 5452 parturiebat.
1260 5374 1488 5442 Qualem
1538 5370 1782 5443 rugitum
1826 5368 1945 5427 haec

425 5610 443 5688 ξ
475 5608 585 5688 AL,
618 5608 745 5688 quia
775 5613 822 5664 et
847 5623 953 5665 eas.
1157 5675 1190 5688 ﬂ
1271 5676 1281 5688 .

419 5680 443 5715 ³
482 5680 701 5750 Pratel.,
733 5697 881 5736 nova:
900 5680 1307 5751 regenerationis
1334 5682 1597 5751 creatura.

421 5752 444 5786 ³
476 5751 635 5810 Corb.
681 5746 890 5820 Germ.,
934 5746 1128 5821 Haud,
1174 5747 1296 5808 Val.
1347 5748 1455 5818 CL,
1501 5748 1727 5817 Pratel.,
1777 5746 1947 5803 vocati

2040 3211 2296 3283 pientiam
2346 3211 2613 3282 loquimur
2652 3211 2791 3267 inter
2816 3210 3072 3283 perfectos
3122 3211 3180 3284 (I
3204 3210 3331 3268 Cor.
3365 3228 3428 3280 ιι,
3460 3211 3540 3285 6).
3576 3213 3647 3269 Et

2044 3316 2263 3357 rursum
2289 3318 2300 3356 :
2338 3301 2455 3357 Sive
2482 3308 2646 3357 mente
2674 3302 2990 3371 excedimus,
3020 3301 3129 3357 Deo
3160 3299 3251 3373 (II
3278 3300 3403 3358 Cor.
3438 3318 3496 3371 v,
3533 3301 3646 3373 13).

2045 3388 2183 3447 Cum
2226 3406 2356 3447 vero
2402 3400 2585 3447 mente
2614 3389 2833 3448 excedit
2873 3392 3008 3460 Deo,
3052 3406 3338 3448 excessum
3388 3388 3507 3462 ejus
3550 3406 3650 3446 nos

2045 3478 2273 3535 omnino
2297 3496 2409 3536 non
2439 3480 2706 3552 capimus.
2739 3482 2811 3538 Ut
2838 3496 2966 3553 ergo
2988 3497 3089 3537 nos
3110 3479 3649 3548 lucretur,incurva-

2046 3574 2137 3622 tur
2164 3566 2235 3623 ad
2259 3585 2378 3624 nos.
2405 3569 2557 3625 Unde
2583 3570 2702 3627 illic
2729 3578 2852 3642 apte
2881 3569 3203 3642 subjungit:
3239 3568 3358 3625 Sive
3375 3568 3542 3625 sobrii
3561 3583 3648 3624 su-

2044 3673 2162 3711 mus
2188 3657 2335 3712 vobis
2365 3658 2578 3729 (Ibid).
2609 3658 2667 3713 Si
2695 3658 2846 3713 enim
2876 3658 3052 3714 sancti
3083 3659 3192 3714 viri
3224 3672 3288 3712 ea
3322 3656 3482 3714 nobis
3512 3674 3645 3730 prae-

2045 3743 2229 3800 dicare
2259 3746 2464 3801 vellent
2480 3761 2601 3817 quae
2627 3746 2872 3816 capiunt,
2902 3762 3030 3801 cum
3062 3746 3119 3800 in
3148 3760 3387 3815 superna
3407 3753 3651 3801 contem-

2046 3835 2287 3908 platione
2316 3836 2657 3903 debriantur,
2693 3844 2748 3891 et
2792 3850 2904 3889 non
2947 3834 3121 3904 magis
3162 3833 3450 3889 scientiam
3490 3850 3648 3889 suam

2048 3925 2286 3998 quodam
2346 3923 2721 3980 moderamine
2776 3930 2831 3978 et
2886 3921 3180 3978 sobrietate
3241 3928 3609 3991 temperarent
3633 3965 3648 3991 ,

2047 4013 2229 4072 adhuc
2252 4023 2482 4087 angusto
2512 4012 2894 4085 intelligentia
2922 4010 3050 4067 sinu
3092 4010 3188 4065 illa
3215 4008 3439 4082 superni
3481 4010 3651 4067 fontis

2046 4104 2253 4160 ﬂuenta
2280 4103 2404 4177 quis
2432 4102 2691 4175 caperet?
2720 4103 3024 4158 Incurvataa
3070 4106 3253 4155 autem
3305 4097 3421 4155 ista!
3452 4115 3649 4171 cervae,

2046 4192 2181 4249 alias
2200 4193 2363 4249 caeli3
2386 4201 2593 4250 vocataa
2622 4201 2771 4261 sunt,
2802 4190 2869 4247 de
2890 4189 3093 4263 quibus
3123 4188 3366 4245 dicitur:
3400 4187 3645 4259 Domine,

2047 4286 2248 4343 inclina
2276 4286 2428 4342 caelos
2457 4292 2591 4353 tuos,
2622 4291 2670 4339 et
2699 4282 2941 4339 descende
2970 4280 3143 4354 (Psal.
3176 4296 3367 4349 CXLIII,
3394 4280 3477 4353 5).
3510 4280 3649 4337 Cum

2046 4377 2193 4432 enim
2223 4376 2562 4432 inclinantur
2580 4373 2725 4441 omli,
2746 4369 3030 4427 descendit
3048 4370 3338 4438 Dominus,
3372 4370 3502 4442 quia
3522 4386 3648 4427 cum

2046 4480 2103 4520 se
2152 4465 2209 4519 in
2254 4462 2639 4535 praedicatione
2678 4477 2776 4517 sua
2822 4459 2997 4516 sancti
3044 4457 3295 4514 doctores
3338 4457 3648 4527 attrahunt,

2048 4551 2361 4608 divinitatis
2390 4551 2644 4608 notitiam
2674 4549 2878 4605 nostris
2906 4547 3168 4605 cordibus
3194 4547 3522 4604 infundunt.
3549 4548 3650 4604 Ne-

2049 4657 2320 4715 quaquam
2367 4641 2568 4715 quippe
2613 4639 2682 4696 ad
2728 4655 2829 4696 nos
2871 4638 3142 4695 Dominus
3178 4636 3554 4706 descenderet,
3602 4636 3650 4691 si

2048 4732 2427 4805 praedicatores
2454 4730 2571 4803 ejus
2607 4730 2665 4786 in
2695 4729 3181 4803 contemplationis
3225 4730 3406 4802 rigore
3432 4726 3647 4785 inﬂexi-

2046 4821 2186 4879 biles
2216 4828 2611 4895 permanerent.
2644 4820 2989 4876 Inclinantur
3017 4836 3148 4892 ergo
3178 4818 3304 4873 casli
3336 4824 3398 4871 ut
3428 4814 3652 4871 descen-

2047 4911 2142 4968 dat
2168 4913 2457 4981 Dominus,
2475 4911 2836 4968 incurvantur
2855 4925 3031 4966 cervae
3050 4915 3112 4962 ut
3140 4922 3240 4960 nos
3260 4904 3319 4960 in
3350 4918 3495 4959 nova
3514 4900 3647 4958 ﬁdei

2049 5003 2168 5059 luce
2217 5017 2523 5057 nascamur.
2569 5001 2690 5056 Istae
2725 4999 3027 5054 incurvatae
3076 5010 3249 5051 cervae
3304 4993 3361 5048 in
3407 4990 3649 5050 Canticis

2048 5091 2388 5148 canticorum
2419 5092 2441 5125 ⁸
2472 5105 2683 5161 sponsae
2726 5088 2895 5144 ubera
2927 5092 3056 5142 sunt
3082 5091 3314 5151 vocatae,
3345 5081 3490 5139 sicut
3515 5082 3646 5140 scri-

2049 5192 2205 5255 ptum
2236 5190 2351 5237 est:
2396 5180 2621 5239 Meliora
2650 5184 2773 5233 sunt
2809 5176 2971 5231 ubera
3004 5182 3095 5229 tua
3124 5174 3246 5228 vino
3276 5172 3468 5243 (Cant.
3503 5191 3541 5242 1,
3567 5173 3643 5246 1).

2052 5273 2160 5328 Ista
2196 5269 2343 5326 enim
2374 5277 2504 5326 sunt
2531 5266 2699 5323 ubera
2727 5280 2847 5337 quae
2879 5264 2935 5320 in
2959 5280 3085 5320 arca
3112 5262 3350 5336 pectoris
3378 5261 3489 5318 ﬁxa
3510 5263 3647 5319 lacte

2055 5381 2153 5422 nos
2180 5371 2392 5438 potant,
2424 5361 2553 5436 quia
2589 5359 2693 5433 ipsi
2721 5358 2939 5416 arcanis
2970 5372 3199 5415 summie
3228 5355 3646 5428 contemplatio-

2054 5605 2374 5727 5w‘uPratel.
2407 5676 2460 5724 et
2489 5666 2651 5725 Corb.
2684 5666 2893 5734 Germ.,
2923 5665 3101 5736 sponsi
3142 5663 3320 5723 ubera.
