4152 6182
483 234 584 290 551

1689 225 1938 283 SANCTI
1999 226 2336 285 GREGORII
2372 227 2600 286 MAGNI

3685 233 3796 290 552

487 357 578 414 nis
609 355 961 421 inharentes,
991 350 1184 408 subtili
1230 367 1329 408 nos
1372 349 1764 424 pradicatione
1801 351 2080 409 nutriunt.
2109 356 2162 415 A
2191 354 2287 426 qui
2343 353 2541 411 remoti
2599 370 2630 408 a
2687 353 2861 410 turbis
2891 355 2913 392 ⁸
2965 353 3328 426 popularibus
3373 364 3795 413 conversantur.

485 447 558 504 Ut
585 444 758 517 igitur
785 441 854 498 ab
884 448 1092 499 aterno
1117 441 1327 514 gemitu
1352 447 1407 497 et
1436 439 1625 497 dolore
1653 455 1755 496 nos
1780 439 2080 511 retrabant,

487 549 636 591 nunc
683 531 1051 589 incurventur
1095 547 1294 601 cerva,
1344 537 1507 604 atque
1562 530 1620 585 in
1667 536 1828 602 partu
1871 530 2085 602 rugitus

485 623 770 682 emittunt.
805 620 946 689 Quia
975 636 1106 676 vero
1137 619 1264 692 ipsi,
1287 619 1382 694 qui
1411 625 1597 676 sancta
1624 619 1847 674 Patrum
1877 619 2088 691 pradi-

485 713 705 771 catione
733 717 1055 778 nascuntur,
1080 708 1380 784 aliquando
1399 709 1650 765 doctores
1677 725 1806 764 suos
1829 709 2086 781 patiendo

487 803 858 878 praveniunt,
877 809 940 859 ut
959 801 1038 858 eis
1065 799 1247 857 adhuc
1277 799 1335 856 in
1365 799 1470 857 hac
1489 799 1605 856 vita
1623 799 1953 857 durantibus
1981 801 2086 874 ipsi

485 891 604 966 jam
633 893 902 967 martyrio
935 896 1412 960 consummentur,
1443 897 1566 962 apte
1592 890 1842 962 sequitur
1867 907 1879 946 :

917 983 1144 1040 CAPUT
1179 982 1310 1040 XIV
1348 981 1491 1054 [Rea
1530 979 1658 1055 X1].

561 1075 735 1134 Vnus.
766 1073 820 1131 4.
851 1104 923 1116 -—
951 1074 1284 1144 Separantur
1312 1071 1414 1144 ﬁlii
1441 1088 1648 1140 earum,
1677 1075 1726 1126 et
1764 1075 1994 1143 pergunt
2019 1069 2092 1126 ad

485 1171 742 1240 pastum;
779 1163 1141 1234 egrediuntur,
1166 1167 1216 1216 et
1243 1176 1350 1215 non
1377 1166 1715 1216 revertuntur
1742 1159 1815 1216 ad
1841 1177 1947 1216 eas.

563 1253 652 1310 49.
677 1253 885 1309 Eorum
903 1250 1005 1323 ﬁlii
1033 1249 1104 1306 ad
1121 1266 1288 1306 sacrm
1309 1251 1600 1322 Scripta-rce
1614 1255 1829 1322 pastum
1843 1253 2090 1322 pergunt.

493 1343 605 1400 Eos
642 1340 863 1401 Verbum
891 1357 957 1395 ex
983 1343 1182 1395 natura
1210 1339 1508 1395 divinitatis
1535 1338 2094 1395 itlustrat.—Pastum

494 1431 781 1505 Scriptura
807 1446 962 1488 sacra
989 1427 1128 1486 illud
1149 1427 1450 1484 viriditatis
1468 1437 1684 1484 aterna
1709 1427 1976 1500 pabulum
1999 1441 2096 1482 vo-

495 1529 606 1590 cat,
622 1522 720 1578 ubi
744 1521 860 1594 jam
886 1527 1072 1577 nostra
1100 1519 1328 1577 refectio
1343 1521 1554 1576 nullius
1574 1519 1821 1576 defectus
1840 1517 2097 1574 ariditate

495 1620 812 1672 marcescat.
859 1614 940 1669 De
986 1627 1095 1684 quo
1138 1620 1294 1684 pastu
1339 1626 1435 1683 per
1462 1611 1806 1667 Psalmistam
1852 1609 2094 1668 dicitur:

495 1703 757 1762 Dominus
781 1702 916 1774 regit
942 1718 1040 1769 me,
1072 1707 1121 1756 et
1145 1700 1282 1756 nihil
1311 1700 1441 1756 mihi
1459 1700 1643 1770 deerit,
1674 1699 1733 1755 in
1755 1701 1864 1756 loco
1889 1715 2102 1772 pascuae

495 1795 574 1852 ibi
615 1813 696 1852 me
736 1794 1012 1852 collocavit
1041 1793 1214 1867 (Psal.
1243 1809 1385 1862 χχιι,
1419 1794 1499 1867 2).
1548 1794 1620 1848 Et
1669 1808 1930 1849 rursum:
1983 1791 2094 1849 Nos

499 1895 676 1946 autem
693 1887 714 1928 ί
743 1889 974 1961 populus
1003 1885 1137 1957 ejus,
1167 1891 1217 1940 et
1240 1903 1358 1941 oves
1378 1901 1591 1958 pascua:
1610 1885 1723 1956 ejus
1754 1885 1926 1958 (Psal.
1944 1901 2094 1952 xcrv,

505 1979 586 2052 7).
635 1980 715 2035 De
743 1977 946 2051 quibus
977 1975 1244 2032 nimirum
1275 1975 1490 2048 pascuis
1520 1975 1736 2033 Veritas
1766 1991 1861 2048 per
1889 1981 2099 2032 semet—

505 2067 680 2141 ipsam
713 2066 849 2124 dicit
873 2084 884 2122 :
917 2067 1024 2122 Per
1050 2082 1131 2120 me
1157 2064 1204 2120 si
1231 2065 1350 2136 quis
1380 2063 1672 2133 introierit,
1701 2064 2025 2129 salvabitur;
2053 2069 2102 2117 et

502 2157 851 2230 ingredietur,
877 2163 925 2212 et
947 2155 1260 2228 egredietur,
1289 2161 1338 2210 et
1353 2171 1558 2226 pascua
1584 2154 1810 2210 inveniet
1830 2153 2011 2226 (Joan.
2039 2168 2101 2222 x,

505 2248 590 2321 9).
649 2248 888 2320 Pergunt
932 2263 1060 2318 ergo
1098 2243 1168 2301 ad
1209 2251 1444 2318 pastum,
1490 2245 1620 2317 quia
1665 2243 1734 2301 de
1782 2241 2105 2316 corporibus

507 2343 774 2396 exeuntes
800 2337 900 2392 illa
939 2335 1138 2408 pabula
1181 2334 1413 2392 interna
1442 2335 1745 2392 viriditatis
1789 2335 2104 2392 inveniunt.

507 2425 904 2500 Egrediuntur,
929 2433 983 2481 et
1011 2441 1122 2482 non
1152 2433 1505 2482 revertuntur
1531 2425 1601 2483 ad
1629 2441 1740 2496 eas,
1763 2425 1893 2500 quia
1923 2425 1982 2481 in
2013 2425 2110 2480 illa

510 2517 749 2592 suscepti
779 2517 1242 2590 contemplatione
1271 2516 1618 2590 gaudiorum,
1645 2517 1760 2590 jam
1794 2515 2112 2574 nullatenus

511 2607 762 2680 indigent
789 2605 957 2662 verba
985 2604 1174 2662 audire
1199 2605 1537 2662 docentium.
1579 2606 1797 2678 Egressi
1830 2605 2014 2679 itaque
2043 2605 2110 2662 ad

512 2712 603 2754 eas
625 2695 741 2769 jam
768 2711 879 2751 non
907 2693 1158 2764 redeunt,
1187 2693 1317 2769 quia
1353 2695 1635 2767 angustias
1665 2695 1797 2752 vita
1825 2695 2112 2766 praesentis

515 2784 829 2853 evadentes,
879 2784 1025 2841 ultra
1069 2801 1102 2840 a
1144 2785 1466 2842 doctoribus
1502 2783 1952 2856 pradicationem
1982 2784 2112 2840 vita

515 2875 760 2949 accipere
789 2890 902 2931 non
934 2875 1242 2948 requirunt.
1277 2875 1432 2932 Tunc
1451 2875 1654 2949 quippe
1682 2873 1944 2946 impletur
1965 2872 2114 2946 quod

517 2965 781 3038 scriptum
803 2971 917 3022 est:
944 2965 1065 3023 Non
1093 2963 1288 3020 docebit
1317 2965 1464 3022 ultra
1493 2965 1580 3020 vir
1602 2963 1913 3036 proximum
1937 2979 2112 3031 suum,

517 3063 566 3114 et
607 3057 694 3112 vir
719 3053 948 3126 fratrem
987 3071 1166 3120 suum,
1213 3054 1388 3111 dicens
1421 3073 1432 3112 :
1491 3057 1748 3127 Cognosce
1787 3053 2118 3118 Dominum;

517 3162 692 3202 omnes
714 3146 852 3200 enim
877 3150 1176 3216 cognoscent
1214 3161 1295 3199 me
1329 3163 1364 3200 a
1390 3144 1608 3200 mini-mo
1637 3159 1820 3200 eorum
1858 3158 2023 3214 usque
2050 3139 2122 3196 ad
2151 3115 2194 3177 c

517 3235 850 3300 maximum,
893 3233 1021 3289 dicit
1059 3233 1321 3291 Dominus
1353 3232 1570 3306 (Jerem.
1605 3249 1766 3302 xxxx,
1797 3233 1915 3307 34).
1966 3232 2123 3288 Tunc

522 3324 784 3396 impletur
813 3321 960 3395 quod
987 3321 1046 3378 in
1066 3321 1370 3394 Evangelio
1392 3321 1608 3380 Veritas
1637 3322 1776 3381 dicit
1803 3341 1816 3380 :
1849 3323 2043 3379 Palam
2061 3321 2124 3376 de

520 3414 685 3472 Patre
710 3411 732 3446 '
760 3427 872 3466 meo
901 3411 1229 3468 annuntiabo
1257 3411 1402 3467 vobis
1432 3413 1622 3485 (Joan.
1644 3429 1763 3481 xvr,
1793 3411 1910 3484 25).
1945 3409 2122 3466 Filius

522 3503 726 3577 quippe
753 3499 822 3557 de
852 3501 1008 3558 Patre
1037 3502 1217 3574 palam
1245 3503 1563 3573 annuntiat,
1607 3502 1740 3577 quia
1778 3501 1923 3558 sicut
1951 3513 2124 3572 supe-

523 3593 641 3649 rius
669 3591 938 3661 diximus,
979 3607 1075 3665 per
1103 3589 1210 3648 hoc
1236 3591 1387 3666 quod
1415 3591 1664 3650 Verbum
1693 3598 1796 3660 est,
1826 3606 1897 3646 ex
1925 3597 2124 3646 natura

525 3699 626 3739 nos
653 3681 965 3739 divinitatis
997 3681 1258 3740 illustrat.
1278 3681 1460 3740 Verba
1478 3683 1629 3740 enim
1650 3689 1785 3738 tunc
1803 3677 2124 3736 docentium

525 3773 682 3848 quasi
703 3773 970 3849 quosdam
991 3772 1248 3832 humana
1265 3773 1467 3847 lingua
1487 3772 1699 3830 rivulos
1720 3787 1832 3828 non
1847 3777 2124 3844 quarunt,

526 3864 748 3939 quando
777 3863 844 3921 de
875 3864 994 3938 ipso
1013 3862 1128 3938 jam
1158 3866 1408 3922 veritatis
1439 3867 1460 3900 ³
1491 3863 1644 3922 fonte
1673 3863 2014 3920 derivantur.

597 3955 772 4028 Igitur
801 3962 1090 4027 postquam
1121 3955 1354 4028 ﬁgurata
1397 3954 1782 4012 incurvatioue
1814 3965 2123 4018 cervarum,

527 4051 704 4106 multa
731 4050 799 4106 de
829 4051 1216 4121 magistrorum
1262 4051 1468 4106 virtute
1519 4055 1736 4105 narrata
1785 4055 1934 4115 sunt,
1982 4043 2128 4102 979

527 4153 678 4194 nunc
720 4137 790 4192 ad
817 4151 1009 4192 eorum
1038 4139 1231 4208 vitam,
1273 4138 1368 4212 qui
1419 4147 1646 4196 remota
1693 4137 2129 4194 conversationis

528 4233 738 4284 secreta
765 4233 1050 4298 appetunt,
1076 4225 1245 4282 verba
1265 4233 1560 4282 vertuntur
1583 4245 1596 4283 :
1616 4227 1726 4300 qui
1747 4235 1802 4284 et
1824 4227 1942 4300 ipsa
1967 4229 1989 4264 ⁴
2019 4245 2130 4286 ces-

529 4315 692 4374 sandi
711 4315 846 4384 otia,
876 4315 1006 4388 quia
1023 4315 1220 4375 divino
1246 4315 1524 4390 adjutorio
1553 4325 1609 4375 et
1635 4334 1748 4376 non
1775 4318 1892 4376 suis
1916 4319 2130 4377 viribus

530 4413 920 4481 assequuntur,
951 4405 1020 4462 de
1048 4407 1127 4464 eis
1155 4422 1187 4463 a
1224 4406 1464 4464 Domino
1493 4407 1734 4466 dicitur:

781 4494 1009 4553 CAPUT
1039 4497 1144 4555 XV
1175 4495 1315 4572 [Vet.
1347 4498 1560 4568 XXIII,
1591 4500 1711 4558 Rev.
1743 4497 1901 4574 XII].

605 4587 774 4646 Vens.
806 4587 1070 4655 5.—Quis
1099 4590 1303 4646 dimisit
1323 4607 1586 4663 onagrum
1614 4594 1634 4628 ⁵
1673 4593 1916 4658 liberum,
1944 4597 1995 4648 et
2019 4591 2132 4649 vin-

533 4677 656 4735 cula
683 4675 798 4748 ejus
821 4676 940 4748 quis
969 4679 1128 4734 solvit
1149 4679 1180 4736 ‘i

605 4767 695 4826 50.
731 4767 935 4840 Onagri
963 4767 1115 4824 liberi
1141 4769 1351 4825 nomine
1376 4768 1772 4842 intelliguntur,
1791 4769 1886 4840 qui
1911 4787 1944 4826 a
1973 4769 2135 4826 servi-

537 4863 644 4916 tute
671 4858 1009 4917 swcalarium
1035 4877 1218 4916 rerum
1244 4859 1474 4932 expediti
1493 4901 1514 4927 ,
1542 4860 1822 4917 solitudini
1849 4867 2138 4916 vacant.—

539 4949 814 5008 Subaudis
857 4951 966 5008 nisi
1011 4968 1130 5026 ego.
1177 4952 1392 5026 Onager
1423 4951 1593 5022 enim,
1625 4951 1719 5026 qui
1747 4951 1806 5008 in
1836 4951 2139 5012 solitudine

541 5049 936 5112 commoratur,
953 5059 1065 5100 non
1095 5043 1397 5116 incongrue
1425 5041 1600 5100 vitam
1629 5057 1820 5098 eorum
1839 5041 2138 5115 signiﬁcat,

622 5223 639 5298 ξ
668 5223 870 5298 Pratel.
893 5231 949 5280 et
959 5225 1142 5298 kUtic.,
1168 5226 1404 5298 populus
1431 5231 1551 5298 tuus
1568 5231 1617 5298 et
1643 5241 1760 5281 oves
1788 5242 1999 5298 pascua:
2019 5231 2139 5284 tua.

620 5293 642 5328 ²
671 5293 844 5351 Laud.
870 5303 924 5351 et
949 5293 1330 5354 Corb.’Germ.
1363 5313 1474 5354 non
1505 5297 1710 5354 habent
1735 5293 1866 5353 meO.

619 5364 642 5398 ³
673 5365 778 5445 llic
807 5367 1245 5445 sequimuryss.
1276 5367 1500 5445 Ebroic.
1523 5369 1786 5445 aliosque.
1804 5369 2146 5445 Norm.,tres

550 5435 1067 5512 Anglic.,_V_indoc._
1097 5439 1248 5512 Editi
1279 5455 1408 5496 cum
1438 5439 1600 5497 Corb.
1633 5435 1843 5508 Germ,
1875 5456 1975 5512 pro
2002 5435 2148 5495 fderi-

550 5505 769 5574 cantur,
801 5505 1008 5562 habent
1034 5509 1366 5566 debriantur.

623 5578 646 5612 ‘
675 5576 850 5652 Editj,
872 5581 1118 5652 vocandi,
1138 5581 1536 5652 reluctantibus
1553 5581 1682 5639 Mss.
1702 5582 1962 5652 Vindoc.,
1979 5581 2144 5640 Corb.

552 5647 762 5718 Germ.,
795 5648 996 5718 Laud.,
1026 5650 1150 5706 Val.
1183 5651 1290 5717 Cl.,
1321 5653 1536 5720 Norm.,
1566 5663 1670 5711 etc.

624 5723 645 5756 ⁵
677 5719 919 5778 Additur
947 5721 1005 5776 in
1036 5722 1321 5778 nonnullis
1355 5724 1462 5781 Ed.
1493 5725 1552 5780 in
1577 5725 1932 5783 solitudinem.

2193 443 2299 511 Qui
2327 451 2450 516 apte
2470 445 2633 501 etiam
2665 443 2804 501 liber
2819 444 3026 503 dicitur
3047 462 3059 500 :
3089 446 3220 519 quia
3242 461 3441 518 magna
3456 453 3541 502 est
3555 447 3802 504 servitus

2194 535 2543 592 saecularium
2585 535 2954 608 negotiorum,
3002 533 3207 608 quibus
3249 550 3404 592 mens
3434 534 3804 594 vehementer

2195 624 2470 693 atteritur,
2516 625 2771 698 quamvis
2819 625 2878 681 in
2927 625 3007 682 eis
3048 633 3246 698 sponte
3273 627 3294 661 ⁷
3341 623 3594 684 desudet.
3629 623 3807 697 Cujus

2196 716 2481 773 servitutis
2509 717 2830 775 conditione
2871 733 3056 775 carere
3101 727 3184 775 est
3227 718 3286 775 in
3317 717 3526 776 mundo
3571 717 3686 791 jam
3723 718 3807 776 nil

2196 807 2603 878 concupiscere.
2639 806 2804 874 Quasi
2849 805 2998 864 enim
3023 806 3262 880 quodam
3293 809 3316 844 ⁸
3349 805 3486 881 jugo
3515 808 3810 866 servitutis

2199 903 2458 968 premunt
2499 912 2760 969 prospera
2797 897 2934 954 dum
2983 905 3338 971 appetuntur,
3391 907 3650 970 premunt
3694 898 3812 954 ad-

2200 1002 2358 1042 versa
2383 986 2519 1042 dum
2549 985 2940 1043 formidantur.
2973 989 3046 1042 At
3075 988 3120 1043 si
3165 987 3290 1061 quis
3317 989 3486 1045 semel
3533 1004 3567 1044 a
3612 988 3814 1046 domi-

2201 1076 2428 1133 natione
2488 1076 2890 1134 desideriorum
2945 1077 3334 1150 temporalium
3390 1077 3534 1135 colla
3601 1079 3813 1137 mentis

2201 1167 2532 1235 excusserit,
2565 1165 2800 1240 quadam
2835 1164 2951 1238 jam
2987 1167 3152 1223 etiam
3183 1166 3240 1222 in
3271 1165 3375 1224 hac
3404 1166 3524 1222 vita
3553 1166 3812 1224 libertate

2203 1255 2524 1328 perfruitur,
2569 1255 2706 1312 dum
2743 1256 2899 1312 nullo
2927 1255 3201 1314 desiderio
3229 1255 3516 1314 felicitatis
3540 1255 3807 1325 afﬁcitur,

2204 1347 2360 1402 nullo
2414 1345 2766 1404 adversitatis
2819 1355 3030 1404 terrore
3083 1353 3412 1404 coarctatur.
3473 1346 3592 1404 Hoc
3643 1361 3815 1420 grave

2205 1436 2491 1493 servitutis
2512 1434 2709 1510 jugum
2729 1438 3001 1494 Dominus
3027 1437 3171 1495 vidit
3199 1436 3551 1494 saecularium
3576 1435 3816 1494 cervici-

2205 1523 2312 1582 bus
2343 1525 2691 1599 impressum,
2723 1543 2851 1584 cum
2882 1527 3124 1585 diceret:
3165 1527 3341 1587 Venite
3382 1527 3455 1583 ad
3482 1543 3582 1596 me,
3629 1539 3816 1581 omnes

2207 1615 2301 1688 qui
2331 1617 2590 1673 laboratis
2617 1624 2666 1674 et
2691 1619 2898 1675 onerati
2923 1617 3066 1688 estis,
3105 1624 3153 1674 et
3180 1635 3269 1690 ego
3295 1617 3530 1690 reﬁciam
3549 1632 3658 1672 vos.
3687 1613 3818 1670 Tol-

2211 1705 2301 1761 lite
2317 1704 2510 1777 jugum
2539 1723 2709 1762 meum
2733 1725 2894 1780 super
2919 1726 3032 1774 vos,
3065 1715 3115 1764 et
3141 1709 3324 1764 discite
3347 1725 3382 1763 a
3406 1723 3486 1763 me
3511 1706 3638 1778 quia
3661 1702 3820 1759 mitis

2205 1812 2344 1864 sum,
2375 1803 2422 1853 et
2448 1797 2667 1854 humilis
2695 1799 2874 1866 corde,
2895 1805 2944 1855 et
2969 1799 3246 1856 invenietis
3272 1798 3503 1871 requiem
3531 1793 3822 1852 animabus

2204 1887 2410 1943 vestris.
2443 1887 2640 1960 Jugum
2666 1887 2806 1944 enim
2845 1898 3016 1946 meum
3064 1905 3224 1946 suave
3251 1895 3346 1958 est,
3389 1894 3441 1944 et
3480 1902 3615 1944 onus
3641 1899 3823 1941 meum

2212 1989 2316 2046 leve
2346 1973 2558 2046 (Matth.
2592 1993 2672 2045 x1,
2705 1975 2918 2054 28-39).
2951 1979 3224 2049 Asperum
3265 1975 3468 2048 quippe
3507 1973 3733 2046 jugum,
3767 1977 3826 2027 et

2209 2063 2381 2135 dura,
2415 2065 2562 2124 sicut
2591 2065 2857 2136 diximus,
2897 2065 3185 2124 servitutis
3212 2064 3428 2138 pondus
3455 2070 3556 2132 est,
3587 2062 3826 2120 subesse

2210 2156 2640 2228 temporalibus,
2697 2155 2910 2214 ambire
2959 2163 3198 2225 terrena,
3247 2155 3484 2212 retinere
3539 2149 3822 2218 labentia,

2213 2245 2358 2301 velle
2375 2252 2528 2302 stare
2556 2245 2616 2302 in
2644 2261 2758 2302 non
2784 2245 3079 2314 stantibus,
3101 2253 3356 2317 appetere
3384 2240 3610 2316 quidem
3638 2246 3826 2296 trans-

2214 2335 2427 2404 euntia,
2463 2333 2560 2391 sed
2601 2351 2728 2392 cum
2758 2333 3174 2392 transeuntibus
3201 2333 3352 2388 nolle
3379 2331 3640 2388 transire.
3677 2330 3825 2385 Dum

2217 2424 2364 2480 enim
2391 2433 2586 2482 contra
2615 2432 2806 2480 votum
2837 2431 3038 2482 cuncta
3061 2422 3306 2494 fugiunt,
3337 2437 3460 2494 qua
3489 2417 3646 2492 prius
3675 2433 3826 2474 men-

2218 2521 2330 2572 tem
2359 2531 2430 2572 ex
2461 2514 2736 2572 desiderio
2767 2513 3078 2586 adeptionis
3106 2511 3439 2580 afﬂixerant,
3473 2517 3597 2583 post
3623 2526 3699 2568 ex
3735 2525 3825 2582 pa-

2220 2621 2354 2662 vore
2382 2604 2701 2662 amissionis
2730 2613 3010 2678 premunt.
3041 2602 3208 2660 Liber
3223 2617 3352 2675 ergo
3371 2601 3682 2659 dimittitur
3709 2601 3825 2675 qui,

2220 2695 2446 2752 calcatis
2491 2695 2726 2750 terrenis
2765 2692 3081 2761 desideriis,
3135 2690 3206 2748 ab
3256 2690 3592 2764 appetitione
3637 2705 3825 2746 rerum

2223 2783 2613 2856 temporalium
2642 2783 2938 2840 securitate
2965 2781 3168 2838 mentis
3197 2789 3547 2836 exoneratur.
3581 2779 3659 2836 Et
3697 2779 3828 2834 vin-

2225 2874 2348 2929 cula
2377 2872 2511 2942 ejus,
2541 2873 2660 2942 quis
2692 2872 2902 2929 solvit?
2940 2870 3216 2928 Subaudis
3245 2870 3354 2926 nisi
3380 2885 3494 2944 ego.

2296 2964 2386 3020 51.
2418 2963 2615 3020 Divina
2643 2963 2921 3035 adjutorio
2949 2961 3335 3020 desideriorum
3365 2959 3662 3020 aumatium
3698 2957 3827 3016 reti-

2226 3055 2422 3110 nacula
2449 3060 2796 3127 rumpuntur.
2813 3053 3205 3110 —Solvuntur
3231 3069 3364 3110 vero
3391 3048 3829 3124 uniuscujusque

2231 3144 2476 3213 vincula,
2496 3145 2630 3202 dum
2660 3145 2856 3202 divino
2884 3143 3161 3217 adjutorio
3181 3143 3400 3202 interna
3425 3141 3830 3201 desideriorum

2231 3233 2536 3290 carnalium
2585 3234 2891 3294 retinacula
2931 3232 3348 3307 dirumpuntur.
3383 3231 3526 3291 Cum
3559 3230 3716 3288 enim
3745 3230 3830 3303 pia

2231 3323 2469 3381 intentio
2511 3323 2581 3380 ad
2609 3323 3031 3381 conversionem
3060 3331 3242 3394 vocat,
3292 3323 3388 3381 sed
3417 3321 3602 3378 adhuc
3628 3321 3703 3378 ab
3731 3320 3830 3378 hac

2231 3412 2540 3471 intentione
2552 3412 2734 3472 carnis
2747 3413 3044 3471 inﬁrmitas
3062 3422 3304 3483 revocat,
3321 3413 3479 3487 quasi
3495 3411 3826 3487 quibusdam

2231 3505 2476 3564 vinculis
2503 3507 2688 3564 anima
2717 3507 2884 3580 ligata
2904 3506 3253 3580 prapeditur.
3277 3507 3482 3564 Multos
3511 3507 3659 3562 enim
3689 3520 3826 3578 sape

2233 3597 2488 3655 videmus
2515 3599 2538 3634 ⁸
2574 3597 2748 3654 vitam
2778 3597 3004 3670 quidem
3030 3604 3234 3658 sancta
3265 3595 3714 3654 conversationis
3740 3609 3827 3667 ap-

2233 3699 2453 3762 petere;
2486 3687 2582 3746 sed
2609 3705 2678 3746 ne
2705 3687 2853 3746 hanc
2880 3687 3096 3762 assequi
3118 3687 3358 3757 valeant,
3377 3685 3543 3744 modo
3562 3686 3829 3743 irruentes

2234 3795 2412 3850 casus,
2444 3779 2609 3837 modo
2638 3779 2826 3836 futura
2849 3777 3078 3836 adversa
3103 3776 3422 3835 formidare.
3454 3775 3562 3844 Qui
3598 3776 3658 3832 in
3689 3779 3830 3833 certa

2235 3869 2380 3926 mala
2407 3869 2540 3926 dum
2578 3870 2733 3943 quasi
2775 3868 2921 3926 cauti
2967 3867 3334 3941 prospiciunt,
3380 3867 3440 3924 in
3478 3873 3824 3938 peccatorum

2236 3973 2460 4014 suorum
2490 3957 2730 4014 vinculis
2757 3955 2966 4014 incauti
2993 3959 3322 4016 retinentur.
3348 3958 3523 4017 Multa
3539 3957 3686 4014 enim
3707 3961 3828 4014 ante

2237 4049 2426 4106 oculos
2442 4056 2673 4120 ponunt,
2693 4064 2814 4121 qua
2839 4049 2886 4104 si
2915 4048 2996 4105 eis
3023 4049 3084 4104 in
3113 4047 3531 4106 conversatione
3553 4044 3827 4108 eveniant,

2239 4136 2535 4192 subsistere
2580 4151 2637 4192 se
2678 4151 2790 4192 non
2821 4152 2978 4210 posse
3007 4135 3328 4194 formidant.
3361 4137 3440 4194 De
3467 4135 3669 4210 quibus
3697 4133 3830 4191 bene

2241 4223 2498 4280 Salomon
2534 4222 2613 4278 ait
2644 4240 2656 4278 :
2706 4223 2818 4279 Iter
2840 4223 3140 4296 pigrorum,
3174 4225 3330 4297 quasi
3373 4241 3515 4296 sepes
3559 4223 3833 4296 spinarum

2243 4313 2430 4387 (Prov.
2462 4330 2560 4383 xv,
2593 4311 2706 4387 19).
2736 4313 2874 4370 Nam
2916 4331 3043 4372 cum
3083 4315 3230 4371 viam
3271 4314 3372 4373 Dei
3410 4320 3697 4389 appetunt,
3745 4327 3830 4369 eos

2241 4403 2394 4460 velut
2422 4402 2594 4476 spina
2621 4403 2962 4462 obstantium
2984 4405 3197 4477 sepium
3223 4404 3304 4462 sic
3323 4403 3683 4461 formidinum
3716 4417 3832 4461 sua-

2163 4487 2212 4546 D
2245 4511 2366 4552 rum
2397 4497 2662 4568 opposita
2691 4495 3030 4568 suspiciones
3074 4505 3345 4569 pungunt.
3389 4493 3547 4563 Quod
3575 4493 3708 4568 quia
3733 4491 3832 4549 ele-

2245 4595 2364 4644 ctos
2393 4587 2694 4662 prapedire
2721 4604 2832 4645 non
2861 4589 3020 4658 solet,
3069 4588 3208 4646 bene
3236 4588 3354 4646 illic
3395 4595 3617 4646 secutus
3645 4584 3832 4661 adjun-

2243 4675 2358 4750 git:
2390 4678 2487 4737 Via
2500 4677 2775 4749 justorum
2811 4679 3005 4750 absque
3031 4679 3344 4750 offendicula
3364 4677 3586 4751 (Ibid).
3619 4678 3664 4713 ¹⁰
3697 4669 3833 4733 Iusti

2245 4766 2448 4842 quippe
2487 4767 2546 4824 in
2591 4768 3006 4826 conversatione
3035 4784 3135 4826 sua
3161 4767 3446 4842 quodlibet
3473 4768 3554 4824 eis
3581 4764 3835 4824 adversi-

2244 4849 2394 4912 tatis'
2421 4856 2749 4926 obviaverit,
2803 4873 2915 4914 non
2965 4858 3300 4931 impingunt,
3354 4855 3487 4933 quia
3520 4851 3836 4930 temporalis

2247 4945 2597 5004 adversitatis
2627 4950 2670 4984 ¹¹
2729 4947 3010 5006 obstacula
3061 4957 3278 5007 atema
3334 4949 3450 5022 spei
3502 4955 3559 5005 et
3612 4947 3836 5005 interna

2249 5037 2730 5112 contemplationis
2774 5039 2919 5097 saltu
2959 5038 3372 5099 transcendunt.
3427 5039 3610 5098 Solvit
3659 5037 3838 5114 itaque

2253 5219 2504 5352 Tumida
2558 5221 2922 5282 sacularibus.
2969 5223 3265 5297 Sequimur
3314 5221 3566 5282 laudatos
3612 5221 3742 5282 Mss.
3787 5222 3839 5278 et

2254 5367 2359 5511 qu;
2382 5367 2510 5496 Egi
2533 5367 2643 5435 Cl.,
2673 5367 2973 5424 desudetur.
3017 5366 3180 5426 Corb.
3212 5367 3398 5425 Germ.
3431 5367 3600 5424 habet
3642 5375 3838 5424 utram‘

2329 5509 2350 5584 ἓ
2377 5509 2769 5584 ζέαιᾳίίελϐοτι).
2803 5510 2986 5584 Germ.
3018 5517 3072 5568 et
3099 5511 3268 5584 plur.,
3290 5510 3423 5584 jugo
3452 5510 3676 5568 servitii.

2326 5581 2502 5654 9Val.
2536 5583 2642 5654 CL,
2674 5583 2817 5638 viam
2847 5583 3074 5654 quidem.

2332 5653 2378 5688 ¹⁰
2406 5653 2603 5725 Laud.,
2633 5655 2722 5709 isti
2749 5653 2959 5725 quippe.

2333 5671 2378 5688 ιν
2406 5671 2603 5721 unum,
2633 5671 2722 5709 isu
2749 5671 2843 5725 qui
2915 5672 2959 5711 e.

2331 5725 2376 5761 ¹¹
2409 5724 2608 5782 Pratel.
2641 5733 2695 5781 et
2723 5671 3130 5796 CorgGermu
3159 5725 3498 5798 objectacula.
