4152 6182
346 235 455 304 8.53

328 470 600 546 cujusque
654 478 839 535 animo
904 482 1248 543 inﬁrmarum
1306 490 1702 561 cogitationum
1760 498 1933 554 nodos

325 563 564 633 rumpit,
612 572 668 620 et
703 568 975 639 propitius
1025 573 1254 649 dissipat
1296 595 1458 636 omne
1505 584 1651 655 quod
1690 583 1927 644 illectam

327 659 573 709 mentem
604 655 826 727 ligabat.
860 660 1122 735 Sequitur
1154 684 1165 721 :

920 805 1147 866 CAPUT
1175 813 1326 871 XVI.

397 915 571 973 Vsus.
603 917 656 974 6.
687 950 758 961 —
790 922 887 978 Cui
915 924 1034 981 dedi
1055 928 1111 981 in
1129 930 1415 987 solitudine
1428 934 1659 1005 domum,
1683 944 1732 993 et
1760 938 1925 994 taber-

321 1006 521 1060 nacula
538 1005 653 1077 ejus
681 1009 737 1063 in
768 1015 909 1066 terra
939 1016 1243 1087 salsuginis.

394 1094 486 1184 52.
517 1096 734 1168 Duplex
771 1100 1022 1168 solitudo,
1071 1107 1246 1163 cordis
1286 1115 1333 1164 et
1361 1114 1619 1184 corporis.
1660 1116 1783 1171 Htec
1813 1118 1925 1173 sine

319 1182 438 1238 alia
466 1200 573 1239 non
596 1188 833 1257 prodest.
866 1221 938 1232 —
970 1192 1086 1251 Hoc
1113 1195 1234 1253 loco
1274 1182 1628 1259 solitudinem
1660 1204 1923 1263 debemus

322 1271 633 1345 intelligere
671 1279 935 1348 corporis,
989 1299 1057 1338 an
1110 1287 1466 1346 solitudinem
1514 1292 1695 1349 cordis
1741 1294 1770 1349 ‘l
1816 1295 1923 1351 Sed

316 1361 456 1436 quid
487 1363 710 1434 prodest
754 1367 995 1426 solitudo
1041 1378 1307 1447 corporis,
1340 1379 1387 1434 si
1414 1380 1657 1437 solitudo
1683 1382 1923 1439 defuerit

319 1451 507 1509 cordis
534 1452 563 1509 Ῡ
590 1452 699 1520 Qui
728 1456 873 1511 enim
922 1474 1151 1532 corpore
1196 1473 1439 1523 remotus
1486 1469 1647 1536 vivit,
1696 1471 1791 1527 sed
1823 1481 1922 1529 tu-

320 1541 592 1598 multibus
620 1547 1054 1604 conversationis
1083 1550 1338 1609 humanas
1382 1564 1730 1614 terrenorum
1765 1560 1921 1616 desi-

318 1627 603 1686 deriorum
632 1633 1061 1706 cogitationibus
1089 1656 1145 1696 se
1162 1640 1373 1711 inserit,
1398 1632 1510 1700 non
1540 1654 1622 1702 est
1649 1647 1706 1703 in
1728 1649 1917 1703 solitu-

315 1716 468 1774 dine.
498 1718 556 1776 Si
585 1737 718 1777 vero
745 1732 1027 1794 prematur
1047 1727 1250 1801 aliquis
1270 1732 1628 1802 corporaliter
1643 1735 1915 1805 populari-
1951 1757 1999 1819 Β

315 1806 424 1864 bus
452 1807 649 1877 turbis,
672 1817 727 1865 et
746 1817 930 1868 tamen
962 1816 1146 1877 nullos
1174 1834 1430 1875 curarum
1460 1823 1809 1879 saecularium
1838 1834 1919 1883 tu-

316 1898 532 1955 multus
558 1898 617 1955 in
662 1901 826 1958 corde
871 1904 1131 1975 patiatur,
1178 1924 1290 1964 non
1319 1917 1401 1966 est
1443 1911 1502 1966 in
1548 1912 1702 1969 urbe.
1735 1914 1923 1987 Itaque

318 1985 467 2044 bene
486 1991 940 2050 conversantibus
965 1996 1209 2067 primum
1230 1999 1474 2056 solitudo
1500 2003 1703 2058 mentis
1724 1985 1921 2059 tribui-

316 2081 428 2145 tur,
454 2085 516 2133 ut
542 2089 925 2153 exsurgentem
960 2084 1293 2143 intrinsecus
1338 2090 1630 2161 strepitum
1661 2099 1921 2150 terreno-

314 2181 438 2222 rum
463 2166 864 2228 desideriorum
899 2183 1170 2245 premant,
1203 2184 1264 2232 ut
1284 2178 1613 2237 ebullientes
1646 2184 1663 2217 ί
1693 2183 1763 2239 ab
1793 2184 1918 2239 inﬁ-

312 2255 420 2311 mis
467 2273 626 2315 curas
668 2260 853 2317 cordis
901 2278 998 2334 per
1042 2267 1267 2337 superni
1306 2269 1535 2339 gratiam
1583 2272 1920 2345 restringant

311 2348 535 2414 amoris,
564 2365 864 2423 omnesque
905 2360 1089 2409 motus
1134 2355 1450 2427 importune
1479 2374 1535 2415 se
1563 2360 1916 2418 offerentium

311 2432 517 2492 levium
539 2438 962 2509 cogitationum,
993 2442 1146 2513 quasi
1168 2444 1431 2514 quasdam
1452 2447 1918 2507 circumvolantes

304 2538 529 2581 muscas
559 2526 631 2581 ab
676 2528 854 2583 oculis
890 2530 1090 2585 mentis
1134 2531 1357 2602 abigant
1402 2550 1570 2590 manu
1609 2538 1913 2607 gravitatis,

300 2620 363 2668 et
407 2612 688 2683 quoddam
736 2615 843 2670 sibi
892 2632 1022 2671 cum
1068 2619 1307 2675 Domino
1350 2622 1497 2679 intra
1542 2641 1600 2681 se
1643 2636 1915 2685 secretum

301 2706 583 2771 quaerant,
616 2701 713 2757 ubi
735 2718 859 2759 cum
881 2704 983 2760 illo
1011 2709 1271 2763 exteriori
1295 2721 1537 2768 cessante
1565 2716 1799 2788 strepitu
1820 2733 1915 2789 per

306 2788 533 2843 interna
562 2788 836 2846 desideria
863 2792 1090 2856 silenter
1118 2797 1432 2868 loquantur.

381 2872 522 2947 [Vet.
572 2876 709 2933 XXI
718 2877 801 2950 V.)
846 2880 934 2935 53.
990 2881 1269 2939 Silentium
1301 2891 1774 2961 contemplationis,
1814 2895 1912 2950 hac

306 2965 367 3019 in
391 2966 501 3020 vita
541 2983 650 3035 non
676 2974 847 3038 potest
872 2986 978 3024 esse
1020 2972 1335 3042 perfectum.
1367 3008 1437 3019 —
1466 2980 1544 3035 De
1572 2979 1677 3037 hoc
1701 2993 1910 3041 secreto

308 3054 490 3112 cordis
515 3056 651 3112 alias
679 3056 889 3113 dictum
910 3067 993 3116 est
1025 3078 1036 3115 ;
1060 3065 1278 3119 Factum
1301 3073 1374 3121 est
1391 3067 1661 3125 silentium
1678 3072 1736 3126 in
1763 3076 1906 3144 creto,

308 3146 462 3216 quasi
489 3146 713 3202 dimidia
742 3148 874 3204 hora
924 3149 1110 3220 (Apoc.
1162 3171 1285 3222 vm,
1335 3157 1414 3227 1).
1464 3157 1676 3217 Caelum
1706 3162 1907 3236 quippe
1939 3170 1981 3232 Ο

307 3233 539 3291 ecclesia
566 3242 793 3292 vocatur
817 3237 1140 3308 electorum,
1172 3257 1293 3314 quae
1322 3243 1390 3301 ad
1418 3254 1622 3303 aeterna
1650 3256 1704 3306 et
1722 3233 1905 3308 subl—i-

307 3323 425 3379 mia
450 3323 582 3380 dum
612 3341 707 3396 per
735 3324 1168 3386 sublevationem
1202 3336 1684 3407 contemplationis
1710 3340 1906 3397 inten-

306 3411 413 3479 dit,
445 3422 725 3484 surgentes
753 3414 821 3470 ab
843 3414 1056 3473 inﬁmis
1071 3421 1466 3492 cogitationum
1487 3430 1768 3487 tumultus
1785 3446 1903 3502 pre-

306 3502 431 3570 mit,
462 3510 623 3576 atque
664 3503 810 3560 intra
850 3521 906 3561 se
947 3508 1062 3563 Deo
1103 3510 1380 3581 quoddam
1426 3513 1712 3572 silentium
1743 3518 1898 3577 facit.

305 3589 470 3658 Quod
489 3591 709 3664 quidem
729 3591 1010 3650 silentium
1034 3600 1537 3670 contemplationis,
1561 3605 1691 3674 quia
1720 3606 1777 3662 in
1800 3606 1902 3664 hac

304 3682 429 3739 vita
446 3699 558 3738 non
586 3690 759 3755 potest
787 3701 903 3741 esse
923 3686 1250 3758 perfectum,
1281 3690 1488 3747 factum
1504 3692 1740 3751 dimidia
1767 3696 1903 3754 hora

300 3771 538 3830 dicitur.
570 3772 593 3809 ⁸
617 3774 836 3830 Nolenti
875 3775 1079 3848 quippe
1124 3776 1312 3834 animo
1341 3779 1473 3835 dum
1502 3782 1899 3854 cogitationum

301 3861 636 3920 tumultuosi
665 3880 722 3921 se
758 3865 1019 3937 strepitus
1058 3866 1337 3939 ingerunt,
1368 3868 1535 3926 etiam
1570 3871 1901 3932 sublimibus

303 3950 705 4022 intendentem,
737 3969 957 4011 rursum
1003 3955 1071 4012 ad
1102 3957 1443 4029 respicienda
1472 3967 1689 4019 terrena
1717 3962 1901 4021 cordis

305 4041 531 4099 oculum
563 4040 837 4100 violenter
858 4044 1106 4101 trahunt.
1135 4045 1290 4104 Unde
1318 4048 1584 4121 scriptum
1613 4058 1696 4108 est
1721 4070 1732 4108 :
1772 4053 1900 4110 Cor-

296 4147 406 4202 pus
433 4132 574 4201 quod
603 4135 988 4205 corrumpitur,
1018 4143 1275 4207 aggravet
1300 4138 1556 4209 animam,
1578 4148 1627 4196 et
1653 4142 1903 4214 deprimit

306 4224 517 4276 terrena
545 4220 855 4277 inhabitatio
885 4239 1093 4279 sensum
1119 4227 1288 4281 multa
1306 4227 1613 4299 cogitantem
1631 4231 1792 4304 (Sap.
1815 4250 1897 4305 Ix,

308 4310 423 4383 15).
456 4311 601 4369 Bene
628 4328 756 4385 ergo
788 4313 993 4371 factum
1043 4314 1150 4371 hoc
1193 4317 1481 4396 silentium
1513 4336 1624 4376 non
1667 4322 1898 4396 integra,

302 4398 401 4457 sed
429 4399 661 4458 dimidia
687 4401 822 4459 hora
851 4403 1202 4475 describitur,
1231 4407 1363 4479 quia
1389 4391 1482 4465 hic
1509 4391 1900 4483 contemplatio

303 4490 984 4568 nequaquam'perﬁcitur,
1016 4500 1271 4571 quamvis
1300 4502 1555 4561 ardenter
1585 4506 1895 4565 inchoatur.

1074 249 1450 323 MORALIUM
1486 270 1621 326 LIB.
1666 272 1850 329 xxx.
1890 304 1962 318 —
1998 262 2072 335 ΙΝ
2108 276 2337 338 CAPUT
2375 272 2618 343 XXXIX
2658 288 2722 346 Β.
2763 286 2905 350 ton.

331 377 482 482 9S0
510 385 657 443 Deus
684 391 871 488 onagri
900 394 1144 463 vincula,
1176 399 1396 470 quando
1430 401 1499 457 ab
1526 404 1685 460 electi
1726 407 1932 464 unius;
1961 400 2014 460 A
2042 420 2106 491 2)
2131 422 2159 479 ?
2187 425 2329 492 Quid
2351 444 2476 500 ergo
2508 431 2528 465 ι

3535 288 3641 370 55‘s

2560 448 2724 504 super
2753 449 2851 488 sex
2883 436 3097 495 cubitos
3129 443 3346 513 palmus
3370 450 3638 525 insinuat,

2041 515 2148 571 nisi
2192 523 2674 594 contemplationis
2716 528 2852 597 vim,
2898 548 3021 605 quas
3058 534 3172 607 jam
3220 542 3380 601 initia
3426 557 3641 607 aeternae

2040 611 2093 660 et
2121 609 2365 679 septimae
2406 613 2608 685 quietis
2638 615 2980 676 demonstrat
3011 624 3039 679 ?
3069 624 3209 692 Quia
3238 633 3383 689 enim
3415 647 3640 695 interno-

2038 709 2159 749 rum
2192 701 2583 773 contemplatio
2628 703 2721 761 hic
2764 707 2994 765 minime
3040 715 3344 789 perﬁcitur,
3386 740 3641 785 mensura

2037 785 2255 881 septimi
2285 791 2459 847 cubiti
2490 810 2598 849 non
2623 798 2897 868 expletur.
2922 801 3241 887 Electorum
3259 785 3443 884 itaque
3472 818 3639 893 eccle-

2035 870 2134 941 sia,
2178 876 2199 909 ⁵
2232 879 2361 950 quia
2403 890 2599 938 cuncta
2638 901 2756 957 quae
2799 891 3072 960 operanda
3119 884 3247 951 sunt
3296 870 3553 972 perﬁcit;
3581 904 3639 960 in

2035 978 2131 1017 sex
2162 965 2366 1023 cubitis
2413 986 2528 1027 sese
2573 972 2630 1028 in
2681 984 2868 1032 monte
2905 980 3083 1050 posita
3129 965 3329 1042 civitm
3373 990 3634 1049 ostendit.

2034 1048 2173 1117 Quia
2200 1070 2331 1111 vero
2380 1057 2471 1114 hic
2527 1060 2708 1119 adhuc
2764 1048 3098 1127 sola—initia
3149 1079 3637 1149 contemplationis

2033 1143 2169 1202 981
2201 1151 2446 1226 inspicit,
2486 1156 2554 1213 de
2601 1160 2838 1232 septimo
2872 1165 3063 1224 cubito
3107 1187 3220 1228 non
3250 1173 3357 1231 nisi
3374 1143 3635 1249 palmum

2030 1238 2225 1308 tangit.

2100 1325 2168 1381 54
2223 1329 2439 1385 Culmen
2463 1338 2917 1407 contemplationis
2947 1360 3054 1399 non
3085 1349 3391 1422 attingitur,
3439 1355 3543 1411 nisi
3569 1357 3635 1414 ab

2029 1417 2350 1474 exteriorum
2365 1429 2950 1497 curarumoppressione
2969 1433 3635 1503 liberemur.-—Sciendum

2031 1521 2160 1559 vero
2200 1518 2281 1564 est
2326 1510 2454 1582 quia
2497 1530 2839 1590 nequaquam
2883 1522 3102 1580 culmen
3151 1530 3633 1602 contemplationis

2028 1591 2374 1663 attingimus,
2415 1598 2459 1653 si
2506 1618 2617 1657 non
2665 1604 2732 1659 ab
2767 1608 3056 1666 exterioris
3104 1629 3249 1670 cura:
3283 1620 3633 1689 oppressione
3698 1632 3709 1641 ‘

2027 1696 2320 1740 cessemus.
2335 1686 2694 1762 Nequaquam
2715 1698 3080 1771 nosmetipsos
3098 1686 3401 1775 intuemur,
3420 1715 3480 1762 ut
3496 1709 3629 1765 scia-

2031 1786 2152 1825 mus
2180 1772 2330 1828 aliud
2370 1775 2429 1830 in
2460 1778 2618 1835 nobis
2648 1799 2764 1839 esse
2809 1788 3074 1844 rationale
3106 1793 3251 1864 quod
3285 1796 3444 1868 regit,
3476 1800 3629 1856 aliud

2031 1857 2267 1916 animale
2297 1863 2443 1933 quod
2465 1867 2693 1938 regitur,
2722 1872 2831 1926 nisi
2854 1874 2920 1928 ad
2942 1885 3212 1934 secretum
3234 1881 3398 1953 hujus
3420 1888 3629 1945 silentii

2030 1957 2393 2019 recurrentes,
2435 1953 2503 2008 ab
2538 1959 2692 2013 omni
2722 1963 2967 2018 exterius
2994 1968 3407 2036 perturbatione
3437 1976 3629 2047 sopia-

2030 2050 2173 2091 mur.
2198 2037 2356 2104 Quod
2376 2041 2661 2101 silentium
2680 2056 2928 2106 nostrum
2952 2052 3090 2111 bene
3119 2056 3283 2114 etiam
3308 2062 3481 2119 Adam
3501 2037 3628 2123 dor-

2030 2123 2206 2181 miens
2222 2126 2479 2199 ﬁguravit
2499 2133 2659 2205 (Ibid.
2685 2137 2805 2210 21),
2827 2139 2893 2195 de
2914 2141 3073 2214 cujus
3094 2162 3224 2201 mox
3248 2149 3414 2207 latere
3429 2155 3630 2211 mulier

2028 2216 2310 2284 processit,
2343 2218 2471 2290 quia
2499 2223 2749 2296 quisquis
2779 2227 2846 2282 ad
2876 2229 3140 2289 interiora
3168 2234 3526 2310 intelligenda
3544 2260 3627 2300 ra-

2027 2299 2197 2371 pitur,
2220 2319 2250 2358 a
2279 2304 2440 2363 rebus
2469 2309 2785 2371 visibilibus
2815 2318 3004 2374 oculos
3034 2322 3243 2379 claudit
3273 2342 3286 2391 ;
3320 2299 3378 2381 et
3406 2336 3538 2386 tunc
3566 2331 3625 2389 in

2027 2393 2322 2463 semetipso
2344 2396 2429 2451 vel
2454 2413 2573 2470 qua:
2592 2417 2821 2472 praeesse
2852 2407 3093 2464 viriliter
3112 2411 3364 2483 debeant,
3398 2419 3486 2473 vel
3504 2436 3625 2493 quae

2026 2478 2247 2537 subesse
2273 2486 2483 2553 possint
2505 2487 2727 2548 inﬁrma
2745 2493 3063 2568 distinguit,
3085 2508 3147 2556 ut
3174 2502 3325 2559 aliud
3345 2478 3402 2560 in
3426 2478 3535 2563 illo.
3552 2509 3625 2565 sit

2024 2569 2170 2640 quod
2198 2587 2382 2644 regere
2410 2577 2590 2633 valeat
2630 2587 2892 2655 tanquam
2924 2587 3032 2655 vir,
3072 2590 3223 2646 aliud
3256 2602 3517 2668 tanquam
3548 2599 3625 2655 fe-

2023 2658 2173 2713 mina
2210 2662 2356 2733 quod
2388 2676 2624 2737 regatur.
2673 2672 2734 2726 In
2777 2673 2884 2730 hoc
2919 2676 3104 2749 itaque
3146 2681 3370 2739 silentio
3417 2686 3620 2757 cordis,

2022 2743 2151 2802 dum
2183 2766 2277 2821 per
2306 2759 2827 2828 contemplationem
2861 2763 3095 2822 interius
3124 2767 3438 2842 vigilamus,
3471 2784 3620 2832 exte-

2020 2834 2136 2890 rius
2165 2841 2317 2909 quasi
2341 2841 2821 2906 obdormiscimus.
2853 2852 2992 2918 Quia
3020 2870 3147 2927 ergo
3174 2862 3368 2915 remoti
3402 2863 3530 2932 viri,
3563 2865 3621 2921 id

2020 2930 2101 2980 est
2129 2941 2160 2979 a
2187 2926 2474 2987 desideriis
2491 2937 2803 2993 carnalibus
2818 2940 3005 3008 alieni,
3030 2943 3135 3000 hoc
3163 2947 3443 3005 silentium
3470 2926 3619 3009 nien-

2018 3011 2091 3068 tis
2113 3013 2445 3087 inhabitant,
2467 3021 2599 3079 huic
2614 3041 2818 3096 onagro
2840 3029 3109 3085 Dominus
3126 3031 3184 3087 in
3205 3030 3505 3095 solitudine
3524 3040 3621 3097 do-

2020 3120 2169 3161 mum
2188 3108 2358 3181 dedit,
2392 3120 2453 3169 ut
2482 3116 2644 3173 turba
2670 3117 3068 3177 desideriorum
3089 3127 3475 3197 temporalium
3505 3146 3616 3187 non

2019 3204 2319 3267 prematur.

2089 3284 2227 3359 [Vet.
2253 3289 2447 3366 XXV]
2487 3292 2575 3350 55.
2613 3296 2795 3353 Sancti
2822 3299 3065 3370 quandiu
3108 3301 3306 3372 vivunt,
3353 3305 3610 3365 desiderio

2012 3390 2256 3446 supernae
2270 3380 2469 3450 patriae
2482 3388 2726 3443 (astuant.
2750 3416 2821 3428 —
2840 3389 3099 3462 Sequitur
3132 3411 3143 3448 :
3177 3396 3252 3450 Et
3272 3396 3617 3456 tabernacula

2013 3464 2124 3533 ejus
2161 3468 2219 3521 in
2251 3474 2395 3525 terra
2422 3474 2733 3545 salsuginis.
2767 3477 2996 3549 Salsugo
3025 3483 3321 3539 aecendere
3349 3486 3499 3541 sitim
3529 3503 3616 3543 so-

2012 3555 2105 3611 let.
2142 3557 2213 3611 Et
2242 3561 2372 3629 quia
2397 3564 2573 3620 sancti
2604 3565 2710 3620 viri
2733 3568 2979 3638 quandiu
3002 3570 3058 3625 in
3080 3571 3252 3644 hujus
3273 3573 3402 3631 vitae
3432 3577 3608 3634 taber-

2010 3643 2223 3699 naculis
2254 3644 2584 3719 degunt,'ad
2626 3670 2919 3726 supernam
2966 3643 3199 3728 patriam
3233 3662 3494 3721 desiderii
3527 3668 3614 3724 sui

2011 3731 2349 3803 quotidianis
2377 3738 2599 3795 aestibus
2628 3743 3026 3813 accenduntur,
3064 3747 3121 3803 in
3148 3757 3295 3805 terra
3323 3753 3615 3825 salsuginis

2009 3820 2363 3878 tabernacula
2392 3824 2593 3881 habere
2623 3829 2999 3898 perhibentur.
3032 3834 3378 3892 Incessanter
3409 3820 3614 3913 quippe

2011 3911 2386 3967 accenduntur
2430 3920 2492 3968 ut
2534 3914 2743 3985 sitiant,
2782 3917 2981 3974 sitiunt
3011 3928 3071 3977 ut
3103 3923 3417 3992 satientur;
3469 3911 3615 3988 sicut

2010 3998 2277 4071 scriptum
2306 4009 2387 4057 est
2420 4020 2430 4057 :
2464 4004 2619 4059 Beati
2644 4005 2738 4075 qui
2759 4007 3008 4063 esuriant
3033 4016 3080 4065 et
3107 4012 3297 4067 sitiunt
3312 4012 3611 4086 justitiam,

2009 4088 2261 4159 quoniam
2285 4090 2390 4163 ipsi
2414 4092 2801 4149 saturabuntur
2845 4094 3056 4167 (Matth.
3100 4117 3158 4169 v,
3194 4100 3274 4174 6).
3308 4101 3568 4177 Sequitur
3596 4125 3609 4163 :

2586 4233 2812 4292 CAPUT
2859 4237 3039 4296 XVII.

2081 4320 2249 4380 Vsus.
2283 4323 2335 4382 7.
2371 4354 2443 4367 —
2475 4325 2771 4384 Contemnit
2796 4331 3191 4389 multitudinem
3217 4332 3468 4393 civitatis.

2078 4410 2167 4468 56.
2207 4413 2559 4470 Terrenorum
2578 4416 2847 4472 hominum
2871 4421 3264 4477 multitudinem
3285 4425 3431 4495 sequi
3456 4424 3613 4481 dedi-

2006 4508 2333 4572 gnantur.—
2355 4503 2769 4562 Multitudinem
2782 4508 3028 4565 civitatis
3043 4518 3398 4569 contemnere
3415 4523 3495 4570 est
3511 4514 3611 4570 hu-

302 4580 465 4650 Quod
494 4585 660 4641 etiam
689 4601 786 4656 per
812 4585 1159 4645 Ezechielem
1190 4590 1509 4662 prophetam
1538 4604 1902 4667 congruenter
1928 4575 1980 4636 Ῑ)
2010 4606 2184 4647 manas
2212 4594 2647 4651 conversationis
2688 4612 2855 4668 prava
2894 4599 3078 4657 studia
3107 4601 3380 4669 devitarc,
3411 4613 3472 4659 ut
3494 4603 3610 4676 jam

300 4671 638 4744 exprimitur
670 4676 885 4747 (Ezech.
918 4692 1011 4744 XL,
1041 4677 1123 4747 5),
1154 4680 1248 4751 qui
1267 4695 1365 4751 pro
1385 4698 1643 4740 mensura
1656 4685 1899 4744 civitatis

301 4758 363 4816 in
388 4770 574 4818 monte
603 4763 861 4831 conditae,
887 4766 946 4821 in
977 4781 1144 4822 manu
1172 4767 1280 4823 viri
1318 4770 1589 4828 calamum
1616 4790 1713 4830 sex
1741 4774 1898 4831 cubi-
1940 4772 1944 4775 ⁷

300 4858 489 4907 torum
548 4852 571 4887 ³
617 4861 671 4909 et
723 4853 914 4925 palmi,
972 4872 1030 4912 se
1083 4856 1284 4913 vidisse
1324 4865 1573 4917 testatur.
1620 4862 1682 4917 In
1714 4871 1898 4922 monte

304 4940 514 5013 quippe
548 4942 848 4999 electorum
878 4945 1106 5002 ecclesia
1133 4946 1238 5003 sita
1264 4955 1365 5017 est,
1410 4951 1539 5023 quia
1586 4950 1816 5010 fundata
1840 4955 1897 5010 in

301 5028 518 5086 inﬁmis
537 5029 826 5090 desideriis
854 5049 965 5090 non
995 5042 1094 5091 est.
1127 5036 1271 5104 Quid
1292 5046 1473 5096 autem
1498 5057 1593 5113 per
1622 5040 1894 5113 cubitum,

300 5118 417 5176 nisi
463 5120 748 5193 operatio;
786 5121 920 5194 quid
967 5137 1063 5195 per
1108 5125 1381 5182 senarium
1428 5144 1745 5197 numerum,
1790 5130 1898 5186 nisi

300 5206 570 5281 perfectio
614 5210 945 5283 operationis
982 5213 1307 5283 ostenditur,
1358 5215 1486 5289 quia
1526 5224 1580 5272 et
1614 5226 1770 5273 sexto
1812 5218 1901 5276 die

300 5303 507 5354 cuncta
526 5313 689 5372 opera
708 5299 978 5359 Dominus
1016 5302 1262 5375 explesse
1299 5312 1634 5361 memoratur
1658 5306 1813 5378 (Gen.
1837 5324 1898 5378 ιι,

312 5587 325 5598 θ
377 5513 402 5598 ξ
432 5509 644 5574 Turon.
677 5520 733 5575 et
758 5515 883 5576 Val.
918 5516 1025 5586 CL,
1058 5516 1130 5574 ad
1156 5516 1360 5590 inﬁma.
1392 5517 1554 5577 Corb.
1590 5520 1800 5591 Germ.,
1831 5522 1905 5579 ad

301 5588 762 5750 ’πξῖιῗῑᾘοτωη
783 5660 983 5750 nolenti
1002 5660 1193 5750 quippe
1206 5661 1382 5750 animo
1402 5664 1778 5750 cogitationum
1809 5673 1902 5724 tu-

306 5732 560 5788 multuosi
588 5750 641 5788 se
667 5733 913 5814 strepitus
942 5732 1204 5805 ingerunt,
1231 5740 1279 5789 et
1275 5733 1410 5865 eam
1440 5732 1767 5796 sublimibus.

379 5802 402 5838 ³
432 5803 661 5874 Pratel.,
692 5804 860 5873 Utic.,
890 5804 1087 5876 Laud.,
1118 5806 1242 5867 Val.
1320 5807 1382 5876 1.,
1413 5813 1460 5864 et
1482 5810 1686 5881 palmo.

486 5902 729 5962 Parnon.
771 5903 1022 5965 LXXVI.

2008 4696 2120 4737 non
2149 4681 2315 4739 libeat
2344 4691 2684 4741 terrenorum
2707 4685 3020 4759 hominum,
3052 4692 3149 4765 qui
3181 4709 3292 4764 prae
3320 4692 3606 4749 abundan-

2005 4769 2084 4825 tia
2099 4770 2410 4844 iniquitatis
2427 4774 2748 4845 multisunt,
2766 4777 3008 4848 perditos
3026 4797 3205 4836 mores
3222 4780 3452 4835 imitari.
3471 4779 3608 4836 Cum

2006 4860 2194 4931 paucis
2221 4877 2456 4936 namque
2478 4862 2691 4937 ingredi
2711 4875 3000 4938 angustam
3025 4876 3241 4939 portam
3270 4866 3607 4935 desiderant,

2006 4957 2061 5005 et
2089 4966 2199 5005 non
2229 4967 2354 5007 cuin
2378 4952 2570 5009 multis
2589 4954 2699 5011 lata
2718 4954 2917 5012 itinera
2944 4956 3160 5027 ingredi
3190 4962 3471 5027 appetunt,
3489 4971 3610 5027 quae

2006 5037 2075 5093 ad
2102 5038 2387 5095 interitum
2408 5041 2618 5098 ducunt
2641 5046 2853 5115 (Matth.
2876 5061 2976 5112 vn,
3002 5045 3114 5116 l3).
3136 5043 3376 5099 Solerter
3408 5045 3609 5117 quippe

2005 5143 2038 5183 a
2064 5144 2172 5199 quo
2201 5136 2255 5183 et
2281 5128 2351 5184 ad
2388 5130 2523 5201 quid
2564 5139 2693 5187 sunt
2735 5132 2903 5188 creati
2945 5131 3321 5203 conspiciunt,
3369 5140 3423 5188 et
3464 5142 3612 5191 recta

2009 5215 2443 5273 consideratione
2467 5228 2701 5291 acceptae
2733 5220 2992 5290 imaginis
3007 5220 3167 5292 sequi
3189 5220 3343 5293 vulgi
3361 5222 3610 5278 multitu-

2009 5302 2194 5361 dinem
2224 5304 2607 5377 dedignantur.
2650 5306 2802 5363 Unde
2830 5315 2885 5363 et
2914 5307 3104 5380 sponsi
3137 5324 3275 5365 voce
3304 5323 3518 5381 sponsae
3548 5309 3608 5366 in

2083 5523 2104 5558 ‘
2132 5523 2306 5597 Laud.
2340 5531 2394 5580 et
2422 5522 2545 5597 Val.
2579 5524 2687 5594 CL,
2718 5541 2880 5597 super
2907 5525 3160 5583 cubitum.

2084 5592 2388 5681 {Vindocq
2420 5596 2561 5681 quia.
2575 5597 2647 5652 ad
2672 5592 2857 5680 cuncta
2884 5615 2999 5669 qua:
3022 5597 3293 5681 operando
3317 5605 3451 5681 sunt
3468 5614 3611 5681 pro-

2051 5666 2142 5745 cit,
2165 5668 2247 5745 _in
2287 5684 2392 5745 sec
2425 5666 2621 5745 cubitos
2663 5686 2768 5725 sese
2790 5669 2864 5745 _in
2891 5666 3078 5745 monte
3124 5672 3301 5745 posita
3356 5666 3605 5745 extendit.

2059 5738 2231 5797 broic.
2262 5747 2317 5796 et
2345 5740 2415 5797 al.
2451 5740 2666 5809 Norm.,
2707 5741 2837 5814 quia
2863 5742 2937 5800 ad
2962 5738 3262 5802 cunctd.....
3288 5742 3528 5816 proﬁcit.

3368 5908 3438 5967 18
