4156 6178
599 239 706 299 553

1779 231 2028 297 SANCTI
2067 233 2404 298 GREGORII
2442 237 2673 298 MAGNI

3791 242 3889 306 356

601 363 842 423 Canticis
886 359 1227 418 canticorum
1264 358 1472 418 dicitur
1503 378 1515 417 :
1566 361 1690 418 Nisi
1730 364 2030 434 cognoveris
2075 371 2139 432 te,
2175 382 2205 420 ο
2233 367 2284 426 Α
2314 381 2456 422 Inus.
2480 367 2754 424 Incassum
2777 383 3012 441 namque
3040 375 3231 425 contra
3250 367 3552 426 exteriores
3572 370 3820 428 inimicos
3837 375 3889 430 in

593 453 824 529 pulchra
864 452 1004 507 inter
1030 452 1300 518 mulieres,
1343 451 1601 523 egredere,
1650 458 1698 506 et
1725 451 1814 508 abi
1836 459 1957 525 post
1986 454 2200 524 vestigia

596 559 833 617 gregum,
863 547 910 598 et
933 559 1088 615 pasce
1115 542 1289 598 haedos
1320 546 1435 597 tuos
1462 541 1653 608 (Cant.
1674 559 1712 609 I,
1737 541 1815 613 7).
1841 541 2196 614 Semetipsam

598 649 838 707 namque
865 650 928 691 ea
956 649 1077 707 quae
1095 640 1177 690 est
1197 631 1426 705 pulchra
1445 632 1590 688 inter
1611 631 1868 687 mulieres
1896 631 2196 704 cognoscit,

599 723 820 800 quando
854 724 1026 781 electa
1063 738 1292 797 queque
1319 722 1504 778 anima
1544 721 1707 777 etiam
1742 722 1886 777 inter
1914 731 2198 794 peccantes

599 815 778 886 posita
807 813 937 887 quia
964 812 1032 868 ad
1063 811 1304 868 auctoris
1329 811 1411 866 sui
1445 810 1738 882 imaginem
1769 827 1832 866 ac
1865 810 2198 867 similitudi-

600 919 727 962 nem
758 903 831 960 sit
858 902 1082 960 condita
1111 899 1365 957 meminit
1395 900 1602 971 (Genes.
1632 918 1670 967 ι,
1695 900 1812 970 26),
1835 909 1888 955 et
1902 899 2065 972 juxta
2081 917 2198 973 per-

600 1003 768 1067 ceptae
795 989 1183 1049 similitudinis
1217 988 1468 1045 ordinem
1500 988 1726 1045 incedit.
1774 990 1904 1057 Quae
1930 990 1974 1046 si
2005 1006 2062 1046 se
2086 1007 2196 1046 non

599 1081 902 1156 cognoscit,
939 1077 1238 1152 egreditur,
1271 1078 1401 1150 quia
1428 1094 1459 1132 a
1489 1087 1698 1134 secreto
1727 1079 1811 1134 sui
1869 1078 2050 1136 cordis
2090 1095 2193 1133 ex-

599 1172 777 1245 pulsa,
833 1170 888 1226 in
939 1167 1310 1225 exterioribus
1364 1166 1829 1238 concupiscentiis
1875 1167 2192 1239 dissipatur.

598 1261 828 1332 Egressa
857 1273 988 1314 vero
1021 1256 1136 1312 abit
1165 1263 1286 1328 post
1318 1255 1549 1327 vestigia
1597 1271 1842 1327 gregum,
1877 1258 1893 1290 ¹
1929 1256 2059 1328 quia
2100 1272 2198 1311 sua

597 1347 813 1407 interna
839 1347 1112 1415 deserens,
1135 1345 1204 1402 ad
1233 1345 1395 1402 latam
1420 1344 1675 1401 videlicet
1703 1345 1848 1400 viam
1871 1343 2113 1412 ducitur,
2144 1353 2199 1400 et

597 1438 846 1512 Sequitur
891 1436 1142 1508 exempla
1179 1435 1529 1508 populorum.
1584 1434 1694 1490 Nec
1731 1431 1846 1505 jam
1877 1449 2064 1505 agnos,
2101 1432 2196 1489 sed

600 1529 789 1587 haedos
803 1529 999 1602 pascit,
1019 1527 1149 1601 quia
1169 1541 1282 1582 non
1303 1523 1559 1581 innoxias
1589 1523 1947 1595 cogitationes
1973 1524 2192 1591 mentis,

598 1619 694 1676 sed
722 1619 931 1675 nutrire
961 1633 1158 1690 pravos
1188 1623 1372 1671 motus
1399 1613 1580 1672 carnis
1609 1613 1867 1670 intendit.
1901 1614 2040 1680 Quia
2068 1629 2196 1685 ergo

2307 470 2500 526 campo
2518 455 2724 512 bellum
2754 458 2983 529 geritur,
3013 457 3060 512 si
3090 457 3238 513 intra
3267 458 3385 530 ipsa
3409 457 3564 514 urbis
3595 461 3793 516 moenia
3816 462 3888 518 ci-

2307 544 2393 598 vis
2412 543 2675 602 insidians
2696 545 2946 602 habetur.
2978 546 3130 603 Mens
3149 562 3367 620 quoque
3387 546 3506 618 ipsa
3525 549 3783 606 certantis
3798 549 3890 605 sub

2307 634 2456 704 gravi
2504 635 2842 691 confusionis
2875 633 3139 692 dedecore
3181 653 3213 691 a
3255 634 3521 706 spiritalis
3587 637 3892 695 certaminis

2306 723 2686 794 congressione
2733 724 3037 795 repellitur,
3082 723 3302 796 quando
3345 723 3574 780 inﬁrma
3619 725 3678 780 in
3725 729 3893 784 carnis

2307 812 2495 882 praelio
2516 813 2653 884 gulae
2674 812 2868 884 gladiis
2888 813 3138 869 confossa
3159 820 3507 884 superantur.
3532 815 3666 870 Nam
3700 831 3821 871 cum
3841 831 3894 872 se

2307 901 2488 971 parvis
2516 902 2787 974 prosterni
2817 903 3106 975 conspicit,
3140 903 3442 975 conﬂigere
3462 902 3766 975 majoribus
3785 920 3894 961 eru-

2306 987 2498 1046 bescit.

2376 1107 2464 1163 59.
2503 1106 2606 1174 Qui
2628 1107 2807 1177 gulam
2840 1107 3082 1163 edomare
3100 1123 3204 1162 non
3241 1112 3455 1175 curant,
3487 1106 3696 1164 incaute
3715 1107 3783 1164 ad
3799 1107 3896 1179 spi-

2305 1195 2492 1250 ritalia
2512 1196 2647 1251 bella
2667 1197 3349 1269 consurgunt—Nonnulli
3372 1213 3505 1253 vero
3521 1196 3772 1252 ordinem
3793 1213 3895 1253 cer-

2304 1285 2530 1342 taminis
2576 1285 2910 1358 ignorantes,
2959 1285 3213 1343 edomare
3248 1286 3432 1359 gulam
3490 1287 3801 1360 negligunt,
3848 1295 3898 1343 et

2299 1371 2414 1444 jam
2445 1372 2514 1428 ad
2554 1373 2822 1445 spiritalia
2862 1374 3008 1430 bella
3048 1383 3406 1447 consurgunt.
3457 1375 3562 1442 Qui
3609 1373 3901 1448 aliquando
3959 1415 3962 1420 ς

2306 1462 2482 1516 multa
2527 1462 2691 1518 etiam
2735 1478 2856 1535 quae
2885 1479 3094 1535 magnae
3125 1470 3254 1518 sunt
3295 1463 3644 1520 fortitudinis
3672 1463 3898 1528 faciunt,

2305 1549 2419 1618 sed,
2470 1549 2790 1607 dominante
2837 1551 2976 1622 gulae
3017 1551 3176 1619 vitio,
3225 1567 3320 1623 per
3364 1551 3547 1609 carnis
3590 1551 3900 1608 illecebram

2304 1655 2468 1696 omne
2496 1639 2644 1712 quod
2675 1640 2892 1696 fortiter
2919 1641 3132 1713 egerint
3163 1641 3432 1713 perdunt;
3467 1648 3522 1696 et
3548 1639 3678 1696 dum
3711 1648 3903 1696 venter

597 1709 804 1802 eieci“
821 1707 1052 1802 quis“?
1072 1723 1136 1764 ac
1149 1706 1442 1763 continens
1458 1702 1578 1802 3,13"
1580 1720 1612 1802 e,
1629 1709 1752 1802 post,
1763 1718 1993 1802 31.933]?
2018 1709 2196 1802 ‘fsu"
2224 1725 2270 1785 B
2303 1745 2414 1785 non
2445 1702 2820 1800 restringitur,
2863 1702 3181 1802 pervcarnis.
3199 1727 3704 1800 concupiscentiam
3733 1725 3901 1782 simul

599 1797 686 1870 gia
713 1790 964 1870 despicit,
992 1795 1210 1854 dicatur
1238 1801 1383 1851 recte
1417 1810 1428 1848 :
1481 1792 1774 1849 Contemnit
1801 1791 2190 1847 multitudinem

596 1888 842 1946 ciuitatis.
875 1885 979 1945 Ubi
1011 1894 1065 1942 et
1096 1893 1218 1959 apte
1247 1880 1598 1954 subjungitur
1631 1898 1642 1936 :

965 2000 1192 2058 CAPUT
1217 1999 1400 2057 XVIII
1431 1997 1575 2073 [Rec.
1607 1997 1797 2072 XIII].

667 2091 805 2149 Ian).
835 2121 907 2132 —
939 2089 1235 2147 Clamorem
1264 2088 1526 2144 exactoris
1552 2104 1661 2142 non
1689 2086 1861 2142 audit.

666 2182 756 2238 57.
789 2179 1255 2241 Vehementioribus
1274 2176 1474 2233 diaboli
1490 2175 1858 2232 tentationibus
1872 2191 2030 2230 aures
2049 2175 2130 2230 cla
2138 2192 2190 2229 u-

595 2272 750 2338 dunt,
779 2279 828 2328 et
852 2271 1048 2328 ventris
1079 2268 1416 2325 clamoribus.
1448 2298 1519 2310 —
1547 2266 1680 2334 Quis
1708 2265 1943 2336 intelligi
1971 2272 2194 2320 exactor

595 2361 758 2430 alius,
787 2361 895 2418 nisi
923 2359 1178 2418 diabolus
1201 2365 1396 2431 potest,
1441 2361 1585 2420 982
1615 2355 1709 2429 qui
1743 2355 1907 2411 semel
1939 2352 1994 2408 in
2027 2370 2193 2426 para-

597 2457 718 2515 diso
764 2456 979 2514 homini
1020 2458 1175 2514 mala:
1224 2454 1592 2528 persuasionis
1635 2469 1925 2510 nummum
1957 2452 2191 2508 contulit

601 2551 812 2622 (Genes.
862 2566 945 2615 III,
996 2549 1149 2621 1-6),
1194 2554 1248 2602 et
1289 2545 1538 2620 quotidie
1583 2544 1651 2601 ab
1697 2562 1762 2601 eo
1804 2542 1973 2614 hujus
2018 2540 2189 2598 debiti

596 2637 815 2708 exigere
844 2643 1056 2691 reatum
1085 2635 1281 2708 quaerit
1301 2633 1330 2690 ‘l
1377 2633 1556 2706 Hujus
1583 2631 1856 2689 exactoris
1899 2647 2081 2687 sermo
2111 2637 2193 2686 est

598 2726 756 2781 malae
775 2725 1137 2798 suggestionis
1166 2723 1466 2781 inchoatio.
1495 2721 1671 2795 Hujus
1690 2719 1963 2776 exactoris
1986 2720 2193 2776 clamor

597 2820 679 2869 est
688 2810 805 2884 jam
827 2811 848 2846 ³
878 2827 988 2867 non
1012 2811 1170 2879 lenis,
1203 2810 1298 2866 sed
1327 2809 1570 2866 violenta
1599 2807 1851 2864 tentatio.
1888 2809 1907 2842 ³
1939 2807 2041 2862 Hic
2066 2821 2190 2861 exa-

595 2909 719 2960 ctor
735 2901 956 2970 clamat,
980 2917 1105 2958 cum
1127 2899 1345 2956 fortiter
1367 2905 1560 2955 tentat.
1581 2898 1889 2956 Clamorem
1919 2911 2047 2968 ergo
2067 2911 2190 2950 exa-

595 2993 764 3051 ctoris
793 3007 905 3048 non
933 2991 1124 3048 audire
1154 2997 1236 3046 est
1264 2988 1524 3045 violentis
1551 2987 1917 3044 tentationum
1950 2984 2192 3041 motibus

2299 1823 2509 1872 cunctae
2539 1815 2772 1872 virtutes
2800 1815 3132 1873 obruuntur.
3167 1816 3321 1874 Unde
3365 1825 3421 1874 et
3449 1817 3516 1874 de
3543 1815 3905 1873 Nabuchodo-

2301 1921 2465 1962 nosor
2497 1905 2752 1963 vincente
2779 1905 3042 1963 scribitur
3068 1909 3089 1943 ⁶
3126 1925 3138 1962 :
3183 1908 3442 1980 Princeps
3486 1924 3782 1978 coquorum
3808 1906 3905 1961 de—

2301 1997 2500 2050 struxit
2525 2013 2705 2050 muros
2721 1997 3034 2052 Jerusalem.
3055 1995 3200 2064 Quid
3216 1995 3365 2051 enim
3397 2013 3501 2069 per
3525 2013 3711 2052 muros
3737 1997 3904 2051 Jeru-

2301 2085 2465 2141 salem
2493 2083 2807 2156 signiﬁcans
2851 2083 3133 2156 Scriptura
3174 2085 3480 2154 exprimit,
3528 2083 3638 2140 nisi
3670 2085 3908 2138 virtutes

2301 2170 2518 2238 animae,
2548 2185 2667 2242 quae
2688 2168 2757 2224 ad
2776 2169 2923 2240 pacis
2942 2168 3211 2224 visionem
3245 2166 3475 2223 tendit?
3503 2167 3616 2222 Aut
3645 2167 3772 2240 quis
3801 2182 3909 2222 co-

2301 2275 2535 2332 quorum
2564 2257 2835 2329 princeps,
2866 2256 2972 2312 nisi
3003 2263 3194 2312 venter
3213 2255 3506 2327 accipitur,
3540 2256 3634 2312 cui
3661 2254 3905 2327 diligen-

2300 2347 2512 2403 tissima
2531 2364 2562 2403 a
2581 2347 2943 2420 coquentibus
2961 2363 3091 2404 cura
3112 2346 3352 2403 servitur
3365 2345 3392 2401 ?
3421 2345 3610 2402 Muros
3631 2344 3806 2416 igitur
3825 2346 3902 2401 Je-

2301 2437 2536 2492 rusalem
2567 2437 2820 2508 princeps
2862 2451 3167 2508 coquorum
3211 2433 3465 2501 destruit,
3507 2432 3641 2505 quia
3672 2433 3900 2488 virtutes

2303 2525 2500 2582 animae
2529 2526 2661 2581 dum
2683 2543 2797 2582 non
2825 2526 3179 2598 restringitur
3203 2533 3416 2592 venter,
3439 2524 3640 2596 perdit.
3666 2525 3808 2580 Hinc
3823 2531 3899 2579 est

2303 2612 2450 2685 quod
2479 2613 2682 2668 Paulus
2713 2621 2905 2669 contra
2931 2612 3230 2668 Jerusalem
3264 2613 3466 2667 muenia
3493 2611 3794 2668 decertanti
3823 2612 3896 2666 vi-

2302 2718 2387 2758 res
2433 2718 2740 2773 coquorum
2783 2701 3020 2774 principi
3068 2701 3450 2769 subtrahebat,
3491 2717 3619 2757 cum
3649 2700 3892 2757 diceret:

2306 2791 2516 2862 Castigo
2551 2807 2743 2862 corpus
2779 2808 2969 2859 meum,
3018 2797 3066 2845 et
3105 2790 3346 2845 servit-uti
3387 2789 3623 2858 subjicio,
3659 2807 3727 2844 ne
3765 2788 3897 2858 forte

2301 2881 2426 2936 aliis
2450 2883 2771 2952 praedicans,
2803 2883 2911 2954 ipse
2939 2883 3196 2954 reprobus
3218 2881 3413 2955 elﬁciar
3445 2883 3501 2952 (Ι
3525 2882 3648 2937 Cor.
3667 2897 3752 2946 Ix,
3783 2879 3893 2950 27).

2301 2971 2444 3028 Hinc
2473 2972 2636 3027 etiam
2667 2971 2952 3044 praemisit,
2985 2972 3174 3028 dicens
3207 2988 3218 3026 ς
3282 2973 3368 3028 Sic
3395 2987 3573 3038 curro,
3604 2986 3710 3024 non
3741 2969 3896 3039 quasi

598 3081 828 3138 minime
863 3081 1194 3138 consentire.
1227 3078 1461 3135 Audiret
1480 3078 1628 3134 enim
1657 3075 1704 3131 si
1724 3091 1787 3131 ea
1806 3091 1925 3147 quae
1947 3072 2188 3146 suggerit

2299 3062 2353 3117 in
2380 3062 2670 3126 incertum;
2715 3061 2789 3116 sic
2829 3078 3028 3134 pugno,
3070 3079 3176 3116 non
3213 3063 3369 3132 quasi
3406 3077 3577 3117 aerem
3612 3060 3894 3114 verberans

595 3169 816 3225 faceret.
849 3169 955 3224 Sed
983 3185 1109 3224 cum
1141 3182 1392 3237 perversa
1421 3181 1578 3236 agere
1597 3164 1849 3236 despicit,
1883 3171 2028 3221 recte
2057 3162 2189 3218 dici-

595 3263 688 3311 tur
717 3273 728 3311 :
765 3255 1065 3311 Clamorem
1099 3253 1362 3310 exactoris
1389 3269 1494 3306 non
1533 3252 1703 3308 audit.

668 3345 808 3420 [Vet.
842 3345 1090 3420 XXVI.].
1145 3344 1236 3401 58.
1289 3343 1554 3400 Nonnulli
1602 3358 1732 3399 vero
1778 3341 1885 3399 hoc
1930 3343 2050 3399 loco
2097 3357 2191 3412 per

596 3441 911 3493 exactorem
941 3433 1180 3506 intelligi
1209 3439 1457 3488 ventrem
1489 3431 1702 3487 volunt.
1748 3432 1868 3502 Ipse
1895 3445 2133 3499 namque
2160 3447 2191 3485 a

595 3524 756 3582 nobis
786 3522 1061 3597 quoddam
1108 3521 1356 3579 debitum
1389 3521 1586 3593 exigit,
1634 3520 1764 3594 quia
1805 3517 2191 3592 quotidianum

594 3612 839 3669 fructum
869 3611 975 3668 sibi
1006 3610 1235 3669 humani
1265 3609 1468 3667 laboris
1499 3607 1748 3682 impendi
1777 3607 1942 3662 etiam
1975 3620 2070 3678 per
2099 3621 2189 3661 na-

594 3710 775 3760 turam
805 3701 1021 3775 quaerit.
1052 3700 1410 3758 Abstinentes
1439 3698 1608 3771 igitur
1639 3696 1766 3764 viri,
1809 3693 1903 3768 qui
1936 3693 2042 3751 hoc
2071 3695 2191 3752 loco

593 3791 787 3866 onagri
833 3791 1102 3850 vocabulo
1148 3790 1476 3866 ﬁgurantur,
1529 3791 1550 3825 ‘
1580 3789 1712 3846 dum
1753 3787 2024 3844 violenter
2053 3787 2192 3859 gulae

593 3882 866 3940 desideria
883 3882 1214 3956 reprimunt,
1238 3881 1390 3954 quasi
1415 3877 1705 3937 clamantis
1729 3877 2005 3933 exactoris
2027 3875 2192 3930 verba

593 3978 980 4028 contemnunt.
1013 3969 1120 4027 Sed
1147 3985 1275 4026 cum
1303 3966 1611 4024 continenti
1643 3965 1765 4021 viro
1793 3972 1986 4021 contra
2016 3964 2192 4018 innu-

592 4073 743 4112 mera
770 4057 909 4112 vitia
937 4059 1111 4114 multa
1137 4058 1411 4112 virtutum
1431 4053 1732 4111 certamina
1755 4058 2071 4123 suppetant,
2091 4068 2192 4108 cur

590 4143 695 4200 sub
721 4144 993 4199 exactoris
1020 4145 1258 4201 clamore
1287 4149 1626 4213 contempto,
1648 4139 1717 4196 de
1745 4139 1865 4196 solo
1885 4138 1977 4196 hic
1997 4148 2190 4196 ventre

591 4231 797 4289 dicitur
830 4233 978 4303 quod
1007 4232 1125 4304 ejus
1145 4233 1412 4304 impetum
1437 4231 1848 4302 impulsumque
1875 4231 2187 4302 restringat,

591 4322 700 4379 nisi
729 4320 877 4395 quod
905 4321 1093 4379 nullus
1141 4322 1379 4395 palmam
1410 4317 1713 4392 spiritualis
1741 4319 2058 4377 certaminis
2086 4337 2192 4393 ap-

2299 3152 2493 3221 (Ibid.,
2523 3152 2639 3223 26).
2689 3150 2830 3218 Quia
2857 3167 2983 3206 cum
3013 3166 3232 3208 carnem
3263 3150 3668 3222 restringimus,
3703 3151 3726 3189 ⁶
3768 3149 3896 3222 ipsis

2299 3241 2644 3296 abstinentiae
2677 3248 2877 3295 nostrae
2907 3240 3112 3297 ictibus
3140 3257 3250 3296 non
3279 3256 3482 3308 aerem,
3515 3239 3610 3295 sed
3646 3240 3896 3294 immun-

2299 3330 2400 3386 dos
2427 3330 2654 3401 spiritus
2685 3329 3037 3386 verberamus
3059 3347 3073 3397 ;
3107 3338 3162 3385 et
3189 3346 3315 3385 cum
3345 3328 3453 3385 hoc
3481 3328 3630 3402 quod
3651 3336 3737 3384 est
3758 3328 3895 3383 intra

2299 3436 2400 3476 nos
2443 3417 2801 3490 subjicimus;
2851 3427 3006 3475 extra
3046 3419 3240 3492 positis
3276 3418 3605 3474 adversariis
3635 3420 3655 3453 ⁷
3692 3432 3893 3490 pugnos

2300 3507 2512 3564 damus.
2546 3508 2688 3565 Hinc
2717 3515 2797 3563 est
2827 3513 2972 3572 983
3001 3507 3148 3580 quod
3173 3523 3299 3564 cum
3330 3523 3429 3562 rex
3449 3506 3750 3579 Babylonis
3776 3519 3890 3560 suc-

2300 3611 2460 3669 cendi
2508 3609 2782 3667 fornacem
2807 3607 2965 3680 jubet
2997 3606 3161 3678 (Dan.
3193 3605 3306 3675 III),
3351 3603 3634 3676 naphthze,
3665 3610 3886 3674 stuppa,

2300 3699 2438 3772 picis
2467 3705 2520 3754 et
2549 3696 2790 3754 malleoli
2819 3694 3122 3751 ministrari
3151 3693 3462 3765 congeriem
3485 3692 3770 3765 praecepit;
3801 3687 3890 3745 sed

2300 3796 2485 3846 tamen
2505 3787 2844 3844 abstinentes
2864 3798 3060 3856 pueros
3081 3781 3187 3838 hoc
3203 3781 3328 3854 igne
3349 3781 3578 3837 minime
3599 3779 3887 3847 consumit,

2301 3877 2428 3951 quia
2443 3876 2704 3948 antiquus
2719 3873 2894 3930 hostis
2913 3873 3041 3929 licet
3069 3873 3391 3928 innumeras
3416 3870 3665 3926 ciborum
3698 3884 3886 3926 concu-

2300 3963 2594 4039 piscentias
2614 3963 2818 4019 nostris
2841 3961 3128 4018 obtutibus
3142 3967 3406 4033 opponat,
3429 3958 3629 4032 quibus
3645 3957 3886 4014 libidinis

2300 4054 2444 4127 ignis
2462 4060 2691 4121 crescat,
2713 4052 2873 4109 bonis
2891 4060 3074 4108 tamen
3102 4051 3380 4108 mentibus
3400 4049 3622 4122 superni
3650 4047 3885 4120 Spiritus

2300 4142 2472 4214 gratia
2499 4141 2766 4209 insibilat,
2793 4147 2905 4198 uta
2925 4141 3164 4198 carnalis
3191 4139 3648 4213 concupiscentiae
3669 4137 3886 4193 aestibus

2300 4235 2482 4291 illzesze
2512 4233 2830 4306 perdurent,
2872 4240 2934 4289 ut
2962 4233 3063 4290 etsi
3091 4249 3264 4306 usque
3292 4232 3360 4288 ad
3388 4230 3744 4288 tentationem
3774 4243 3886 4283 cor-

2297 4323 2384 4380 dis
2413 4323 2633 4379 ﬂamma
2662 4322 2869 4392 ardeat,
2900 4340 3073 4398 usque
3103 4323 3172 4380 ad
3203 4338 3532 4381 consensum
3562 4328 3745 4377 tamen
3774 4327 3883 4374 ten-

592 4409 904 4484 prehendit,
929 4411 1058 4484 quia
1085 4426 1198 4467 non
1229 4411 1288 4466 in
1318 4409 1610 4481 semetipso
1640 4409 1792 4482 prius
1821 4425 1917 4482 per
1931 4408 2189 4466 aﬂlictam
2220 4426 2269 4486 D
2298 4414 2434 4470 tatio
2462 4429 2573 4470 non
2605 4421 2820 4470 exurat.

591 4497 800 4555 ventris
827 4498 1331 4571 concupiscentiam
1359 4497 1542 4556 carnis
1572 4497 1851 4555 incentiva
1880 4496 2146 4553 devicerit
2163 4497 2191 4554 ?

588 4589 775 4661 Neque
802 4586 949 4643 enim
979 4587 1048 4644 ad
1076 4588 1396 4645 conﬂictum
1431 4587 1694 4660 spiritalis
1732 4587 1923 4659 agonis
1951 4586 2187 4658 assurgi.

589 4683 703 4744 tur,
736 4675 784 4733 si
826 4691 938 4732 non
968 4676 1122 4748 prius
1160 4677 1308 4733 intra
1353 4678 1719 4748 nosmetipsos
1749 4675 1924 4731 hostis
1954 4676 2185 4747 positus,

589 4765 730 4839 gula
761 4763 1020 4822 videlicet
1055 4764 1352 4838 appetitus,
1390 4764 1698 4833 edomatur,
1749 4765 1878 4837 quia
1905 4764 1950 4820 si
1982 4781 2093 4820 non
2123 4781 2185 4821 ea

587 4871 710 4929 qua
739 4853 900 4913 nobis
949 4862 1080 4912 sunt
1126 4853 1398 4911 viciniora
1444 4853 1865 4926 prosternimus,
1915 4854 2181 4912 nimirum

585 4943 826 5004 inaniter
851 4943 922 5002 ad
949 4959 1012 5004 ea
1038 4960 1160 5019 quae
1187 4942 1402 5016 longius
1430 4950 1560 4999 sunt
1584 4942 1957 5016 impugnanda
1984 4943 2179 5000 transi-

660 5195 677 5232 ¹
705 5194 904 5269 Laud.,
929 5197 1058 5269 quia
1083 5215 1181 5254 sua
1209 5197 1348 5254 enim
1372 5201 1626 5253 teternum
1653 5197 1909 5253 deserens.

655 5270 680 5305 ⁸
707 5268 1084 5350 Recent.Ed.,
1104 5269 1304 5350 invitis
1327 5269 1482 5350 M_ss.,
1500 5286 1607 5325 non
1637 5270 1780 5326 levis.
1804 5269 2001 5327 Melius
2023 5269 2174 5340 lenis,

583 5341 1166 5492 Opgbglrtilidiﬁ:
1174 5349 1508 5480 £239,023
1532 5417 1746 5467 exactor
1774 5413 2032 5484 loquitur,
2061 5431 2177 5470 cum

585 5477 770 5532 leniter
795 5489 1042 5532 suaaerst-
1071 5483 1154 5532 Im:
1181 5491 1396 5532 exactor
1423 5485 1636 5532 clamat.
1667 5490 1770 5532 etc-

603 5483 770 5532 eniter
795 5483 1043 5550 suggerit,
1071 5483 1154 5538 hic
1181 5491 1396 5539 exactor
1423 5485 1636 5550 clamat,
1667 5490 1770 5540 etc.
1834 5483 1851 5484 ἢ

653 5550 676 5622 f
707 5547 870 5622 gorb.
907 5551 1117 5622 Germ.,
1148 5555 1346 5611 Pratel.
1378 5563 1433 5611 et
1467 5555 1634 5621 Utic.,
1665 5555 1790 5610 dum
1817 5555 2064 5612 violenta.

653 5620 675 5654 ⁸
705 5619 941 5695 Ιν-ῌρε.
974 5619 1112 5695 xxv,
1137 5624 1208 5691 8;
1252 5626 1450 5683 Jerem.
1482 5643 1578 5695 LII,
1613 5619 1698 5695 14,
1746 5642 1854 5684 sec.
1886 5634 2022 5682 text.
2056 5627 2174 5684 He-

579 5689 666 5753 br.
698 5699 753 5752 et
782 5689 958 5762 LXX,
997 5689 1106 5752 ubi
1122 5689 1433 5768 appellatur
1460 5689 1713 5771 princeps
1743 5714 1954 5766 exerc.,
1987 5696 2170 5770 Chal.,

2372 4502 2509 4576 [Vet.
2540 4504 2641 4559 XX
2651 4501 2796 4574 VII.)
2844 4502 2931 4559 60.
2969 4501 3208 4572 Quinque
3235 4501 3404 4557 modis
3430 4501 3557 4573 gula
3581 4515 3678 4556 nos
3712 4501 3881 4554 tentat.

2298 4595 2417 4652 Non
2445 4595 2606 4662 cibus,
2635 4594 2723 4649 sed
2749 4594 3010 4666 appetitus
3030 4592 3086 4647 in
3105 4592 3231 4648 vitio
3255 4591 3731 4648 est.—Sciendum
3761 4605 3882 4663 prae-

2295 4691 2441 4740 terea
2463 4691 2545 4740 est
2565 4683 2693 4755 quia
2721 4683 2964 4754 quinque
2991 4697 3091 4737 nos
3122 4681 3300 4737 modis
3327 4681 3465 4753 gulae
3489 4680 3690 4736 vitium
3721 4683 3884 4735 tentat

2296 4774 2397 4845 (De
2417 4789 2666 4840 consecr.,
2692 4772 2746 4826 d.
2763 4772 2818 4837 5,
2840 4788 2884 4826 c.
2913 4772 3150 4842 Quinque
3170 4770 3388 4841 modis).
3406 4768 3725 4842 Aliquando
3741 4782 3880 4824 nam.

2290 4877 2396 4936 que
2440 4860 2754 4932 indigentiae
2800 4867 3048 4932 tempora
3077 4858 3372 4932 praevenit;
3425 4857 3728 4930 aliquando
3759 4869 3881 4911 vero

2287 4959 2504 5023 tempus
2528 4965 2638 5005 non
2685 4949 2971 5023 prazvenit,
3019 4948 3114 5007 sed
3144 4947 3298 5006 cibos
3340 4947 3604 5006 lautiores
3650 4945 3878 5021 quaerit;

2281 5193 2527 5266 princeps
2563 5209 2869 5266 coquorum.

2294 5260 2305 5346 ξ
2359 5267 2392 5347 ⁸,
2411 5260 2855 5347 Turon.;Laud.,
2872 5263 3036 5322 Corb.
3051 5263 3237 5321 Germ.
3246 5262 3391 5335 ,Val.
3417 5261 3500 5323 Cl.
3520 5260 3880 5333 Pratel.,etc.,

2285 5343 2417 5407 ipsis
2450 5343 2794 5392 continentiw.

2356 5410 2376 5443 ⁷
2408 5409 2628 5465 Recent.
2661 5408 2889 5475 Excusi,
2915 5424 3124 5479 pugnas
3153 5409 3360 5464 damus.
3391 5407 3720 5464 Inhtesimus
3747 5406 3874 5462 Mss.

2284 5477 2446 5535 Corb.
2479 5479 2687 5546 Germ.,
2719 5477 2932 5546 Norm.,
2963 5477 3160 5548 Laud,
3182 5481 3303 5536 Val.
3339 5480 3421 5536 Cl.
3451 5487 3505 5534 et
3539 5480 3637 5546 aL,
3668 5492 3882 5534 necnon

2284 5557 2390 5605 vet.
2410 5549 2514 5605 Ed.
2534 5549 2728 5617 Paris.,
2748 5549 2913 5606 Basil.
2942 5552 3108 5606 Favet
3130 5551 3260 5608 huic
3280 5553 3405 5607 lect.
3424 5559 3611 5606 textus
3627 5549 3876 5613 Graecus;

2282 5621 2377 5696 ubi
2389 5621 2556 5696 enim
2584 5621 2815 5696 legimus
2844 5622 2902 5696 in
2933 5622 3166 5695 Vulgata
3195 5623 3269 5677 sic
3300 5640 3500 5696 pugno,
3548 5621 3769 5696 proprie
3797 5619 3884 5675 si-

2282 5691 2573 5765 gnificatur
2606 5710 2616 5749 :
2645 5691 2726 5748 sic
2749 5694 2982 5765 pugilem
3007 5691 3127 5766 ago,
3158 5691 3414 5758 πυκτὶὑωξ
