4156 6178
285 278 392 342 557

1033 279 1400 342 MORALIUM
1437 285 1570 341 LIB.
1611 273 1794 340 XXX.
1833 314 1904 326 —
1943 271 2016 340 IN
2047 279 2275 340 CAPUT
2315 281 2558 338 XXXIX
2598 279 2661 338 Β.
2703 273 2844 339 JOB.

3472 281 3579 347 558

284 406 589 482 aliquando
616 406 874 480 qualibet
893 425 1012 481 qua
1041 409 1308 465 sumenda
1338 410 1449 465 sint
1478 409 1769 481 praeparari
1797 424 1885 464 ac-
1910 410 1959 469 A
1997 407 2176 479 itaque
2200 423 2401 480 onager
2429 407 2700 462 exactoris
2731 406 2900 478 hujus
2929 423 3239 465 sermonem
3267 410 3444 480 audit,
3475 414 3580 468 cla-

285 499 535 557 curatius
567 498 797 569 expetit,
828 497 1124 570 aliquando
1155 505 1337 554 autem
1367 506 1420 554 et
1454 499 1708 571 qualitati
1737 497 1885 554 cibo-

285 604 412 644 rum
445 593 500 641 et
523 585 756 657 tempori
786 586 1062 657 congruit,
1093 585 1186 641 sed
1218 586 1275 642 in
1306 587 1423 658 ipsa
1451 587 1755 658 quantitate
1784 603 1887 642 su-

285 675 479 733 mendi
497 691 807 730 mensuram
827 674 1119 730 moderata
1150 674 1461 731 refectionis
1485 674 1720 731 excedit.
1743 675 1886 732 Non-

286 780 578 837 nunquam
601 779 730 819 vero
756 770 811 818 et
830 762 1100 834 abjectius
1125 771 1205 819 est
1233 764 1380 835 quod
1409 764 1702 833 desiderat,
1729 771 1782 820 et
1809 772 1884 819 ta-

289 869 417 908 men
451 853 572 924 ipso
610 860 746 907 astu
787 853 1042 907 immensi
1087 851 1346 907 desiderii
1387 852 1629 908 deterius
1676 859 1880 924 peccat.

288 940 485 998 Mortis
513 939 713 1011 quippe
735 940 1057 995 sententiam
1084 939 1251 1010 patris
1276 955 1367 994 ore
1383 939 1644 994 Jonathas
1665 939 1885 1005 meruit,

290 1030 423 1104 quia
441 1031 496 1085 in
514 1037 675 1100 gustu
699 1031 877 1085 mellis
895 1031 1255 1086 constitutum
1273 1029 1467 1085 edendi
1494 1037 1709 1101 tempus
1725 1036 1889 1084 ante—

291 1120 460 1178 cessit
487 1120 552 1190 (Ι
582 1121 705 1190 Reg.
725 1136 844 1186 xxv,
877 1119 991 1191 27).
1025 1119 1095 1174 Et
1124 1135 1193 1174 ex
1213 1119 1453 1190 Egypto
1483 1119 1717 1190 populus
1745 1117 1891 1172 edu-

291 1219 437 1278 ctus,
471 1209 530 1263 in
556 1225 740 1264 eremo
770 1207 1049 1276 occubuit,
1081 1209 1229 1282 quia,
1253 1209 1508 1280 despecto
1549 1225 1770 1276 manna,
1799 1206 1891 1263 ci-

291 1299 394 1355 bos
420 1297 672 1355 carnium
692 1298 870 1368 petiit,
895 1314 1030 1370 quos
1057 1297 1316 1353 lautiores
1348 1297 1562 1369 putavit
1585 1298 1770 1368 (Nam.
1791 1311 1890 1350 XXI

292 1390 376 1462 5).
409 1389 483 1444 Et
511 1387 688 1459 prima
715 1385 961 1440 ﬁliorum
1006 1386 1126 1441 Heli
1155 1387 1319 1457 culpa
1349 1385 1578 1442 suborta
1607 1393 1708 1453 est,
1743 1383 1892 1457 quod

294 1495 366 1535 ex
394 1493 586 1533 eorum
619 1484 750 1531 voto
803 1474 1100 1530 sacerdotis
1153 1491 1310 1547 puer,
1340 1491 1451 1531 non
1478 1474 1706 1546 antiquo
1743 1489 1894 1528 more

295 1575 482 1626 costas
511 1565 678 1620 vellet
714 1563 780 1619 de
809 1563 1083 1619 sacriﬁcio
1113 1580 1304 1619 carnes
1335 1563 1602 1634 accipere,
1635 1561 1730 1617 sed
1758 1579 1895 1618 cru—

297 1656 397 1713 das
426 1659 712 1727 quareret,
761 1668 896 1724 quas
935 1653 1244 1709 accuratius
1274 1651 1560 1707 exhiberet
1597 1653 1653 1722 (Ι
1676 1653 1800 1721 Reg.
1833 1667 1892 1717 ιι,

300 1746 368 1802 i2
398 1745 554 1815 seq.).
601 1742 672 1796 Et
701 1757 827 1796 cum
866 1741 936 1796 ad
990 1741 1291 1797 Jerusalem
1351 1741 1600 1796 dicitur:
1642 1741 1764 1794 Haec
1791 1738 1897 1808 fuit

297 1832 556 1904 iniquitas
586 1830 824 1886 Sodoma
850 1829 1054 1884 sororis
1077 1836 1196 1898 tute,
1228 1829 1496 1901 superbia,
1527 1827 1784 1881 saturitas
1800 1843 1896 1896 pa-

299 1925 410 1992 nis,
431 1920 817 1978 etabundantia
851 1920 1068 1991 (Ezeeh.
1095 1936 1214 1987 xvr,
1240 1919 1357 1991 49),
1383 1925 1567 1990 aperte
1588 1915 1900 1972 ostenditur

300 2011 455 2086 quod
485 2010 686 2066 idcirco
733 2010 966 2066 salutem
998 2008 1261 2081 perdidit,
1312 2007 1442 2080 quia
1472 2022 1598 2063 cum
1629 2003 1898 2076 superbia

303 2105 446 2161 vitio
461 2120 770 2160 mensuram
785 2102 1076 2159 moderata
1093 2101 1410 2158 refectionis
1429 2099 1684 2155 excessit.
1703 2098 1774 2152 Et
1790 2095 1898 2168 pri-

305 2193 708 2265 mogenitorum
730 2192 958 2264 gloriam
979 2192 1124 2246 Esau
1145 2190 1354 2257 amisit,
1386 2188 1516 2261 quia
1546 2202 1743 2258 magno
1763 2193 1901 2240 astu

307 2281 562 2337 desiderii
578 2282 747 2336 vilem
765 2279 974 2347 cibum,
989 2279 1199 2336 scilicet
1219 2277 1560 2344 lenticulam,
1578 2272 1903 2345 concupivit

310 2372 513 2442 (Genes.
534 2387 675 2438 xxv,
697 2369 788 2441 33)
810 2387 824 2436 ;
847 2385 1010 2441 quam
1033 2368 1168 2423 dum
1188 2365 1492 2422 vendendis
1513 2364 1902 2435 etiamvprimo-

307 2460 505 2532 genitis
537 2459 801 2531 pratulit,
833 2473 943 2529 quo
973 2457 1031 2512 in
1060 2457 1212 2512 illam
1241 2455 1486 2528 appetitu
1511 2453 1794 2508 auhelaret
1823 2451 1902 2505 in-

308 2548 539 2604 dicavit.
557 2549 748 2618 Neque
776 2546 926 2599 enim
947 2545 1124 2611 cibus,
1157 2543 1252 2598 sed
1273 2543 1548 2614 appetitus
1569 2542 1628 2595 in
1645 2541 1782 2594 vitio
1803 2547 1901 2594 est.

309 2637 470 2693 Unde
505 2643 559 2690 et
588 2634 850 2688 lautiores
871 2631 1022 2687 cibos
1051 2631 1374 2702 plerumque
1403 2630 1519 2684 sine
1536 2629 1696 2699 culpa
1724 2627 1906 2682 sumi-

305 2743 460 2793 mus,
497 2732 552 2779 et
582 2723 906 2794 abjectiores
933 2737 1042 2777 non
1065 2723 1182 2776 sine
1203 2728 1356 2775 reatu
1377 2719 1724 2775 conscientia
1746 2718 1908 2790 degu-

311 2823 547 2872 stamus.
582 2814 688 2867 Ilic
715 2811 913 2883 quippe
944 2827 1103 2882 quem
1129 2810 1392 2876 diximus,
1415 2811 1582 2876 Esau,
1610 2809 1906 2880 primatum

314 2919 410 2978 per
441 2902 762 2956 lenticulam
787 2899 1046 2970 perdidit,
1066 2906 1119 2953 et
1147 2899 1296 2953 Elias
1320 2900 1334 2932 ¹
1365 2899 1420 2952 in
1442 2913 1624 2953 eremo
1646 2898 1906 2952 virtutem

317 2994 562 3067 corporis
600 3008 790 3048 carnes
819 2990 1029 3047 edendo
1057 2989 1300 3045 servavit
1339 2991 1462 3058 (ΙΙΙ
1490 2991 1614 3058 Reg.
1646 3005 1784 3056 xvn,
1825 2989 1905 3059 6).

321 3084 472 3142 Unde
493 3091 546 3138 et
560 3083 822 3154 antiquus
844 3080 1016 3136 hostis
1035 3080 1161 3152 quia
1181 3095 1289 3134 non
1312 3079 1522 3145 cibum,
1543 3077 1636 3133 sed
1653 3078 1762 3133 cibi
1784 3093 1912 3132 con-

318 3173 717 3246 cupiscentiam
745 3186 858 3226 esse
888 3185 1107 3225 causam
1138 3167 1509 3223 damnationis
1538 3165 1814 3237 intelligit,
1855 3171 1908 3220 et

325 3265 564 3337 primum
595 3261 702 3317 sibi
735 3260 1014 3316 hominem
1034 3276 1145 3314 non
1166 3275 1350 3327 carne,
1369 3257 1463 3313 sed
1485 3273 1647 3329 pomo
1663 3255 1910 3312 subdidit

314 3355 530 3426 (Genes.
559 3368 642 3419 ιιι,
673 3350 754 3422 6),
777 3357 830 3404 et
846 3348 1150 3405 secundum
1178 3364 1288 3402 non
1309 3363 1492 3414 carne,
1516 3345 1609 3401 sed
1632 3361 1768 3417 pane
1796 3353 1910 3399 ten-

313 3443 456 3498 tavit
488 3439 698 3511 (Matth.
735 3455 812 3506 ιν,
841 3435 920 3508 3).
955 3437 1096 3492 Hinc
1113 3445 1195 3492 est
1224 3434 1370 3508 quod
1392 3436 1716 3506 plerumque
1733 3432 1910 3487 Adam

315 3533 480 3603 culpa
508 3528 896 3595 committitur,
947 3527 1112 3583 etiam
1155 3543 1280 3582 cum
1313 3524 1525 3596 abjecta
1558 3531 1612 3578 et
1642 3524 1778 3577 vilia
1807 3539 1912 3576 su-

316 3628 566 3678 muntur.
599 3620 782 3690 Neque
812 3617 959 3672 enim
991 3615 1166 3670 Adam
1198 3615 1350 3670 solus
1378 3621 1440 3668 ut
1464 3631 1495 3668 a
1523 3613 1693 3667 vetito
1720 3629 1776 3667 se
1808 3628 1914 3683 po-

317 3728 414 3766 mo
464 3709 815 3780 suspenderet
857 3713 1196 3779 praceptum
1246 3703 1642 3775 prohibitionis
1683 3701 1910 3772 accepit.

313 3800 462 3858 Nam
492 3815 614 3855 cum
642 3799 905 3854 alimenta
929 3794 1178 3868 quadam
1208 3793 1372 3849 saluti
1394 3799 1592 3847 nostrae
1621 3792 1766 3845 Deus
1789 3806 1914 3845 con-

314 3888 493 3946 traria
524 3887 746 3956 indicat,
779 3887 846 3943 ab
887 3885 974 3941 his
1017 3901 1116 3940 nos
1143 3883 1297 3956 quasi
1330 3897 1424 3953 per
1453 3880 1780 3937 sententiam
1812 3895 1918 3934 ve-

319 3985 418 4034 tat.
452 3977 524 4032 Et
545 3975 676 4032 dum
707 3975 1156 4047 concupiscentes
1185 3971 1353 4028 noxia
1381 3969 1724 4042 attingimus,
1743 3967 1918 4041 profe-

320 4074 411 4124 cto
441 4065 576 4142 quid
609 4065 762 4122 aliud
783 4081 946 4138 quam
976 4065 1146 4120 vetita
1166 4059 1562 4134 degustamus?

392 4156 482 4212 61.
515 4156 742 4212 Edenda
781 4171 896 4224 quce
922 4154 1194 4209 necessims
1223 4152 1437 4224 quaerit,
1467 4167 1574 4205 non
1600 4166 1718 4221 qua
1757 4146 1918 4204 libido

323 4246 568 4317 suggerit.
606 4247 816 4312 Quanta
867 4243 938 4298 ad
983 4243 1075 4297 hoc
1112 4242 1358 4297 discretio
1392 4239 1702 4295 necessaria.
1742 4267 1813 4278 --
1841 4237 1921 4292 Ea

323 4334 511 4406 itaque
545 4332 810 4389 sumenda
839 4338 966 4387 sunt
987 4347 1107 4403 qua
1136 4338 1344 4386 natura
1376 4328 1670 4385 necessitas
1700 4325 1918 4399 quaerit,

325 4431 379 4480 et
403 4441 516 4479 non
546 4439 665 4496 qua
695 4421 892 4479 edendi
923 4420 1097 4476 libido
1128 4418 1386 4491 suggerit.
1420 4416 1524 4473 Sed
1555 4431 1782 4487 magnus
1811 4414 1918 4469 dis-

324 4513 589 4570 cretionis
607 4514 760 4570 labor
779 4519 860 4568 est
881 4511 1013 4567 huic
1038 4508 1281 4566 exactori
1303 4517 1356 4563 et
1371 4504 1583 4578 aliquid
1605 4503 1920 4576 impendere

325 4609 383 4658 et
410 4601 622 4674 aliquid
652 4598 946 4672 denegare;
987 4605 1040 4653 et
1071 4614 1178 4652 non
1199 4595 1378 4652 dando
1397 4595 1579 4666 gulam
1598 4593 1922 4664 restringere

327 4699 383 4747 et
406 4691 590 4747 dando
625 4697 874 4745 naturam
898 4687 1129 4743 nutrire.
1165 4682 1309 4757 [Rem
1333 4685 1414 4739 XI
1422 4681 1508 4755 V.]
1537 4681 1668 4748 Qua
1697 4681 1924 4736 fortasse

326 4779 591 4837 discretio
610 4779 971 4843 subinfertur,
987 4793 1113 4834 cum
1134 4774 1340 4831 dicitur
1365 4791 1375 4828 :
1405 4773 1704 4829 Clamorem
1722 4777 1924 4826 exacto-

328 4871 410 4927 ris
439 4886 546 4924 non
575 4868 745 4924 audit.
778 4869 968 4924 Sermo
1009 4879 1248 4938 namque
1279 4867 1426 4926 984
1454 4861 1622 4932 hujus
1655 4858 1926 4916 exactoris

329 4977 414 5025 est
434 4968 740 5024 necessaria
755 4964 1054 5036 postulatio
1069 4971 1298 5018 natura.
1323 4961 1543 5018 Clamor
1558 4974 1689 5014 vero
1710 4955 1827 5028 ejus
1845 4964 1928 5012 est

332 5073 650 5116 mensuram
672 5054 1012 5115 necessitatis
1038 5052 1312 5110 transiens
1341 5051 1617 5124 appetitus
1643 5050 1802 5122 gulae.
1825 5045 1930 5103 Hic

412 5229 428 5263 ¹
461 5225 569 5284 Ed.
603 5233 831 5293 recent.,
861 5224 919 5279 in
950 5240 1116 5279 eremo
1136 5239 1232 5294 per
1259 5222 1504 5276 virtutem
1528 5219 1772 5294 spiritus.
1802 5219 1929 5288 Vet,

335 5299 491 5356 Edit.
525 5299 695 5354 Paris.
728 5305 782 5354 et
813 5290 1004 5363 Basil.,
1028 5295 1084 5349 in
1109 5290 1276 5349 eremo
1298 5295 1544 5347 virtutem
1573 5290 1795 5362 spiritus
1816 5298 1922 5347 etc.

335 5371 514 5438 Quam
541 5370 828 5425 lectionem
851 5375 911 5422 ut
927 5367 1192 5438 potiorem
1208 5364 1440 5438 libenter
1458 5363 1931 5438 amplecteremur,

334 5431 446 5498 nisi
479 5442 721 5497 obstaret
744 5431 1042 5496 consensus
1078 5437 1206 5492 Mss.
1241 5435 1481 5506 Anglic.,
1516 5431 1730 5506 Norm.,
1763 5431 1928 5506 (Iorb.

335 5513 554 5586 Germ.,
571 5513 802 5586 Turon.,
823 5509 1022 5577 Laud.,
1052 5508 1190 5586 Val;
1206 5506 1288 5563 Cl.
1313 5502 1366 5560 et
1384 5505 1638 5586 Longip.,
1661 5504 1717 5559 in
1737 5502 1937 5574 quibus

338 5579 583 5659 legitur,
600 5584 846 5659 virtutem
863 5580 1123 5653 corporis.
1153 5579 1324 5659 ἕξοι-τᾳ
1338 5593 1436 5659 per
1451 5579 1935 5659 virtutemco‘rpo-

338 5646 422 5712 ris'
444 5646 808 5727 hic'intelligi
839 5646 1016 5725 potest
1044 5646 1387 5710 continentia
1414 5655 1468 5705 et
1482 5650 1705 5706 castitas
1722 5646 1936 5705 illibata

341 5743 544 5784 carnis.

1952 4467 2002 4525 D

1994 513 2201 552 morem
2233 513 2344 551 non
2369 495 2543 564 audit,
2566 495 2695 568 quia
2719 494 2989 552 discretus
3019 497 3106 552 vir
3131 514 3192 555 ac
3219 501 3510 557 continens
3530 509 3584 557 et

1994 599 2166 656 usque
2185 583 2253 640 ad
2274 583 2681 656 temperandam
2717 584 3092 641 necessitatem
3116 593 3364 643 ventrem
3386 588 3583 660 reﬁcit,

1995 680 2049 728 et
2068 689 2099 727 a
2127 672 2410 744 voluptate
2441 673 2740 745 restringit.

2066 761 2207 835 [Vet.
2240 761 2528 838 XXVIII
2560 763 2647 820 62.
2691 764 2940 835 Voluptas
2967 763 3060 819 sub
3087 765 3403 821 necessitatis
3426 767 3588 836 specie

1996 867 2047 905 se
2070 852 2660 922 palluit—Sciendum
2692 870 2822 909 vero
2847 863 2928 910 est
2954 855 3084 928 quia
3111 856 3192 912 sic
3222 856 3471 928 voluptas
3485 859 3586 913 sub

1998 940 2319 996 necessitate
2348 957 2404 997 se
2437 942 2648 1013 palliat,
2682 951 2744 998 ut
2773 944 2870 998 vix
2900 961 3020 999 eam
3051 945 3322 1016 perfectus
3355 946 3587 1018 quisque

1999 1029 2292 1086 discernat.
2325 1033 2461 1087 Nam
2491 1032 2622 1088 dum
2646 1034 2794 1088 solvi
2829 1033 3074 1090 debitum
3107 1037 3398 1092 necessitas
3427 1039 3585 1110 petit,

2000 1121 2253 1191 voluptas
2281 1120 2490 1191 expleri
2521 1120 2854 1178 desiderium
2883 1123 3158 1195 suppetit,
3182 1126 3203 1158 ³
3231 1133 3285 1181 et
3313 1133 3464 1182 tanto
3495 1143 3588 1198 gu-

2002 1209 2108 1263 lam
2140 1209 2386 1264 securius
2418 1209 2473 1263 in
2505 1226 2744 1282 praeceps
2785 1213 2949 1284 rapit,
2981 1222 3185 1284 quanto
3217 1215 3317 1270 sub
3357 1215 3590 1272 honesto

2001 1297 2227 1352 nomine
2258 1299 2600 1355 necessitatis
2629 1301 2911 1371 explenda
2942 1319 2998 1357 se
3029 1303 3288 1375 contegit.
3323 1305 3472 1377 Sape
3501 1324 3592 1362 au-

2001 1392 2110 1439 tem
2142 1385 2199 1440 in
2228 1385 2554 1457 ipsaedendi
2574 1388 2664 1444 via
2693 1389 2898 1445 furtive
2918 1388 3174 1460 adjuncta
3196 1392 3448 1464 voluptas
3469 1393 3593 1449 sub-

2002 1474 2252 1546 sequitur
2274 1494 2286 1543 ;
2313 1493 2708 1550 nonnunquam
2727 1495 2858 1534 vero
2879 1479 3226 1551 impudenter
3241 1482 3412 1538 libera
3429 1484 3592 1540 etiam

2004 1564 2197 1635 praire
2227 1574 2475 1622 conatur.
2508 1568 2688 1624 Facile
2717 1576 2899 1624 autem
2925 1577 3004 1625 est
3034 1570 3436 1642 deprehendere
3467 1589 3594 1628 cum

2006 1655 2262 1726 voluptas
2304 1655 2422 1728 ejus
2452 1659 2832 1715 necessitatem
2865 1661 3150 1731 praevenit,
3185 1661 3279 1717 sed
3326 1663 3485 1718 valde
3515 1670 3598 1719 est

1930 1763 1976 1822 Β
2005 1747 2230 1804 dilIicile
2259 1751 2566 1808 discernere
2588 1771 2714 1810 cum
2739 1756 2797 1810 in
2827 1755 2946 1826 ipso
2975 1772 3070 1811 esu
3092 1757 3396 1814 necessario
3425 1775 3480 1813 se
3510 1775 3597 1814 oc-

2006 1837 2153 1892 culta
2173 1839 2476 1912 subjungit.
2511 1843 2648 1897 Nam
2678 1844 2809 1914 quia
2837 1854 3168 1914 praeuntem
3201 1857 3410 1903 natura
3440 1864 3599 1919 appe-

2006 1924 2170 1980 titum
2189 1928 2455 1998 sequitur,
2479 1929 2676 2000 quasia
2695 1939 2846 2002 tergo
2868 1932 3096 1988 veniens
3123 1934 3335 1990 tardius
3357 1936 3596 1991 videtur.

2006 2014 2088 2068 Eo
2116 2014 2264 2068 enim
2303 2022 2544 2087 tempore
2575 2034 2684 2090 quo
2727 2019 3037 2075 necessitati
3066 2019 3311 2077 debitum
3342 2023 3599 2090 solvitur,

2009 2101 2140 2174 quia
2186 2117 2281 2173 per
2331 2120 2483 2160 esum
2516 2107 2771 2178 voluptas
2808 2108 3121 2164 necessitati
3154 2110 3433 2179 miscetur,
3467 2110 3602 2183 quid

2011 2191 2305 2247 necessitas
2335 2199 2500 2263 petat,
2535 2201 2587 2249 et
2617 2195 2772 2266 quid,
2802 2196 2944 2252 sicut
2972 2196 3184 2253 dictum
3216 2208 3317 2266 est,
3350 2199 3603 2270 voluptas

2011 2286 2284 2350 suppetat,
2317 2281 2622 2351 ignoratur.
2655 2283 2806 2354 Saepe
2865 2300 2994 2340 vero
3025 2294 3078 2342 et
3107 2285 3508 2353 discernimus;
3550 2294 3605 2342 et

2013 2369 2143 2442 quia
2159 2378 2445 2442 utramque
2466 2369 2571 2425 sibi
2588 2369 2940 2441 conjunctam
2961 2373 3238 2429 novimus.
3258 2375 3314 2429 in
3337 2375 3441 2430 hoc
3457 2375 3603 2447 quod

2013 2464 2170 2513 extra
2220 2465 2391 2514 metas
2440 2459 2706 2530 rapimur,
2730 2462 2750 2495 ³
2784 2459 2917 2516 libet
2957 2470 3018 2517 ut
3055 2461 3277 2516 sciendo
3306 2462 3600 2530 fallamur;

2015 2558 2068 2607 et
2096 2551 2228 2606 dum
2261 2552 2366 2607 sibi
2398 2569 2554 2609 mens
2599 2569 2668 2609 ex
2713 2555 3032 2611 necessitate
3062 2554 3364 2622 blanditur,
3393 2571 3462 2610 ex
3498 2571 3606 2611 vo-

2017 2642 2222 2713 luptate
2243 2642 2536 2714 decipitur.
2559 2643 2834 2714 Scriptum
2852 2644 3051 2716 quippe
3070 2653 3149 2701 est
3175 2661 3186 2698 :
3215 2645 3408 2700 Carnis
3422 2661 3607 2698 curam

2015 2746 2078 2784 ne
2091 2730 2316 2800 feceritis
2335 2732 2387 2786 in
2405 2732 2995 2802 desideriis(Rom.xm,
3018 2731 3128 2804 14).
3148 2731 3278 2799 Qua
3299 2733 3466 2804 igitur
3489 2733 3608 2788 ﬁeri

2017 2818 2076 2874 in
2122 2819 2401 2876 desiderio
2448 2819 2792 2891 prohibetur,
2824 2821 2881 2875 in
2911 2821 3234 2877 necessitate
3265 2821 3605 2879 conceditur.

2087 2908 2174 2963 63.
2203 2909 2397 2963 Carnis
2416 2909 2696 2974 desideria,
2718 2926 2823 2963 non
2839 2926 2964 2964 caro
2984 2910 3280 2965 occidenda.
3310 2910 3610 2964 Cavendum

2016 3013 2099 3064 ne,
2155 2997 2276 3050 dum
2321 2999 2515 3051 hostem
2560 2998 2904 3066 insequimur,
2935 2999 3094 3052 civem
3140 3015 3291 3069 quem
3319 2998 3609 3068 diligimus,

1940 3117 1983 3176 Ο
2021 3085 2545 3141 trucidemus.—Sed
2574 3101 2713 3156 saepe
2743 3085 2871 3141 dum
2896 3086 3113 3142 incaute
3142 3085 3452 3143 necessitati
3482 3103 3609 3142 con-

2018 3171 2427 3240 descendimus,
2457 3171 2749 3229 desideriis
2792 3175 3152 3231 deservimus.
3205 3176 3611 3247 Nonnunquam

2019 3279 2150 3318 vero
2180 3263 2312 3318 dum
2341 3262 2629 3319 desideriis
2653 3263 3068 3321 immoderatius
3098 3264 3322 3320 obviare
3354 3265 3606 3334 nitimur,

2021 3353 2362 3410 necessitatis
2393 3354 2639 3409 miserias
2667 3370 2946 3426 augemus.
2981 3356 3071 3412 Sic
3105 3355 3252 3411 enim
3284 3372 3500 3411 necesse
3531 3363 3614 3412 est

2023 3444 2044 3479 ‘
2075 3452 2135 3500 ut
2154 3461 2331 3501 arcem
2356 3445 2585 3518 quisque
2601 3444 2953 3500 continentia
2981 3453 3180 3512 teneat,
3205 3451 3472 3517 quatenus
3501 3460 3612 3499 non
3645 3445 3648 3448 ’

2021 3548 2264 3600 carnem,
2308 3532 2402 3587 sed
2443 3532 2580 3586 vitia
2599 3531 2779 3587 carnis
2815 3531 3047 3587 occidat.
3101 3533 3237 3588 Nam
3286 3533 3613 3604 plerumque

2023 3619 2156 3676 dum
2186 3620 2310 3691 plus
2345 3618 2503 3690 justo
2531 3635 2657 3674 caro
2689 3619 3063 3691 restringitur,
3100 3619 3264 3676 etiam
3295 3620 3365 3675 ab
3393 3620 3617 3675 exerci-

2023 3708 2232 3764 tatione
2282 3708 2414 3763 boni
2468 3709 2648 3779 Operis
2692 3715 3005 3775 enervatur,
3063 3716 3124 3762 ut
3179 3707 3248 3763 ad
3311 3708 3616 3763 orationem

2025 3813 2242 3871 quoque
2280 3797 2366 3852 vel
2401 3795 2844 3866 praedicationem
2878 3809 2990 3848 non
3019 3793 3272 3863 sufﬁciat,
3331 3795 3464 3850 dum
3518 3796 3618 3850 in-

2026 3886 2245 3944 centiva
2273 3884 2538 3940 vitiorum
2578 3883 2636 3938 in
2670 3899 2726 3938 se
2764 3881 3016 3937 funditus
3063 3882 3328 3938 suﬂ'ocare
3370 3882 3614 3938 festinat.

2027 3974 2352 4047 Adjutorem
2375 3971 2577 4045 quippe
2590 3971 2853 4028 habemus
2879 3971 3204 4028 intentionis
3220 3972 3449 4028 interna
3471 3971 3621 4030 hunc

2029 4063 2315 4120 hominem
2370 4076 2532 4134 quem
2587 4060 2829 4116 exterius
2859 4068 3150 4132 gestamus,
3199 4068 3253 4116 et
3297 4059 3402 4133 ipsi
3432 4059 3622 4117 insunt

2029 4163 2212 4212 motus
2240 4153 2502 4222 lascivia,
2553 4152 2660 4224 ipsi
2700 4150 2927 4208 eﬂ‘ectus
2955 4161 3257 4224 suppetunt
3284 4153 3622 4226 operationis

2028 4245 2206 4301 bonae.
2239 4243 2392 4314 Sapo
2432 4257 2568 4296 vero
2615 4239 2747 4296 dum
2792 4240 2850 4295 in
2881 4240 2980 4296 illo
3011 4240 3226 4297 hostem
3255 4241 3619 4314 insequimur,

2029 4334 2197 4389 etiam
2227 4331 2405 4388 civem
2437 4345 2598 4402 quem
2629 4328 2915 4400 diligimus
2942 4329 3286 4387 trucidamus
3301 4350 3321 4397 ;
3375 4341 3428 4388 et
3482 4346 3623 4403 sape

2031 4424 2162 4480 dum
2185 4421 2339 4494 quasi
2363 4419 2578 4476 concivi
2602 4418 2898 4489 parcimus,
2927 4417 2996 4473 ad
3018 4419 3266 4490 pralium
3290 4419 3503 4476 hostem
3526 4437 3625 4476 nu-

2033 4511 2254 4568 trimus.
2287 4507 2509 4564 Eisdem
2531 4522 2768 4579 namque
2797 4506 3078 4562 alimentis
3107 4508 3245 4564 vitia
3273 4509 3621 4581 superbiunt,

2032 4599 2234 4673 quibus
2262 4596 2488 4653 nutrita
2505 4596 2740 4652 virtutes
2766 4595 3077 4654 vivunt.Et
3092 4614 3217 4655 cum
3250 4599 3428 4654 virtus
3457 4599 3627 4653 alitur

2033 4690 2356 4764 plerumque
2373 4687 2518 4742 vires
2547 4686 2701 4742 vitiis
2730 4694 3017 4759 augentur.
3042 4686 3179 4745 Cum
3198 4703 3329 4743 vero
3361 4689 3628 4742 immensa

2035 4778 2376 4837 continentia
2395 4776 2661 4832 vitiorum
2680 4777 2826 4832 vires
2846 4785 3130 4846 extenuat,
3157 4777 3322 4832 etiam
3340 4776 3520 4830 virtus
3550 4772 3616 4828 de

2035 4865 2226 4923 ﬁciens
2254 4864 2495 4922 anhelat.
2530 4861 2684 4920 Unde
2715 4880 2934 4922 necesse
2966 4873 3049 4920 est
3084 4870 3146 4918 ut
3174 4861 3408 4917 interior
3435 4860 3625 4926 homo,

2037 4965 2222 5013 noster
2263 4971 2452 5028 aquus
2481 4953 2705 5026 quidam
2741 4953 2946 5009 arbiter
2977 4950 3264 5025 prasideat
3295 4949 3441 5004 inter
3468 4963 3543 5016 se,
3574 4955 3630 5003 et

2037 5062 2161 5102 eum
2191 5061 2352 5118 quem
2382 5045 2626 5100 exterius
2671 5050 2865 5115 gestat,
2897 5050 3169 5114 quatenus
3197 5040 3247 5094 ei
3286 5037 3454 5094 homo
3496 5054 3628 5094 suus

2111 5216 2133 5250 ²
2161 5213 2290 5282 Ed.,
2320 5219 2368 5268 et
2398 5218 2542 5268 tanto
2571 5211 2718 5282 gula.
2750 5210 2938 5282 Nostri
2953 5209 3101 5282 Mss.
3122 5207 3329 5265 habent
3356 5209 3557 5282 gulam:

2113 5287 2134 5320 ³
2168 5279 2462 5350 Gussanv.,
2493 5279 2619 5338 cum
2643 5289 2844 5352 recent.
2869 5281 3014 5349 aliis,
3045 5281 3202 5336 libere
3230 5279 3510 5352 reﬁciendo
3527 5279 3632 5350 fal-

2047 5358 2299 5414 limur....
2331 5372 2396 5410 ea:
2415 5355 2682 5409 voluntate
2706 5351 2984 5424 decipitur.
3025 5351 3324 5424 Sequimur
3345 5353 3473 5424 Mss.
3507 5355 3635 5407 An—

2080 5429 2196 5496 lic.,
2226 5428 2440 5493 Norm.,
2472 5424 2726 5495 Longip.,
2761 5422 2923 5496 Gorb.
2948 5422 3156 5496 Germl,
3176 5423 3378 5496 _Laud.,
3400 5423 3632 5496 Turon.,

2083 5447 2196 5496 Ιιο.,
2226 5447 2440 5493 ΠΟΓΠΙἿ
2472 5447 2726 5495 ιλυῐιεψη
2761 5447 2923 5480 LtUI'U.
2948 5447 3156 5490 UBI'IH.,
3181 5447 3378 5492 unum,
3408 5447 3520 5478 lurl

2045 5447 2304 5566 glindocq
2337 5504 2465 5565 etc.,
2495 5511 2709 5551 necnon
2739 5503 2850 5550 vet.
2883 5493 3032 5550 Edit.
3066 5494 3236 5550 Paris.
3269 5503 3322 5550 et
3352 5494 3520 5550 Basil.

2117 5573 2138 5606 ⁴
2172 5571 2393 5627 Recent.
2426 5567 2670 5638 Vulgati,
2703 5572 2760 5620 ut
2787 5572 2974 5621 artem.
3015 5567 3138 5638 Yet.
3184 5566 3334 5623 Edit.
3367 5565 3538 5638 Paris.
3580 5573 3638 5638 et

2047 5641 2212 5700 Basil.
2244 5635 2596 5698 consentiunt
2621 5639 2748 5694 Mss.
2781 5638 2996 5704 Norm.,
3019 5636 3183 5696 Corb.
3209 5638 3419 5706 Germ.,
3453 5635 3628 5692 Laud.

2046 5721 2178 5782 etc.,
2209 5729 2345 5786 quos
2373 5711 2678 5784 sequimur.
