4156 6178
543 321 649 378 559
675 303 684 309 ’

1745 303 1997 361 SANCTI
2037 301 2374 360 GREGORII
2411 300 2636 359 MAGNI

3747 291 3846 350 560

545 435 789 498 exterior
817 441 873 490 et
918 446 1130 504 semper
1158 428 1226 486 ad
1260 427 1509 484 debitum
1529 423 1898 480 ministerium
1942 421 2148 478 servire
2183 431 2233 490 Α
2271 422 2530 494 poraliter
2543 420 2764 478 condita
2784 425 3016 476 venturo
3035 417 3144 472 ﬁne
3164 433 3197 472 a
3215 415 3562 489 jucunditate
3583 416 3708 471 vitae
3724 432 3849 488 prae-

544 521 802 589 suﬂiciat,
834 527 888 576 et
917 531 1201 590 nunquam
1230 513 1462 587 superbe
1483 511 1656 568 libera
1681 509 1894 567 cervice
1923 514 2152 564 contra-

546 612 694 669 dicat
716 625 840 678 ;nec
868 613 1088 664 moveat
1121 605 1168 662 si
1193 603 1330 678 quid
1343 599 1686 674 suggerendo
1713 597 2148 664 submurmurat,

545 697 850 756 dummodo
899 711 1025 752 eum
1063 708 1284 764 semper
1322 687 1666 762 superposita
1711 686 1857 742 calce
1891 683 2154 740 domina-

545 791 718 850 tionis
746 792 978 862 premat.
1029 782 1228 854 Sicque
1257 778 1321 836 ﬁt
1340 785 1404 834 ut
1431 777 1564 833 dum
1607 789 1850 846 repressa
1891 772 2029 828 vitia
2057 787 2154 827 re-

549 877 656 937 niti
684 860 909 950 quidem
941 870 1102 928 nobis
1131 868 1398 941 patimur,
1421 873 1474 921 et
1501 872 1685 920 tamen
1717 862 1834 917 haec
1861 860 2153 916 nobiscum

550 945 810 1040 congredi
859 979 929 1020 ex
957 976 1116 1033 aequo
1137 955 1516 1031 prohibemus,
1550 967 1652 1008 nec
1681 949 1820 1006 vitia
1839 945 2152 1005 contraiir-

548 1038 726 1114 tutem
759 1052 1114 1128 praevaleant,
1149 1063 1247 1103 nec
1269 1061 1487 1102 rursum
1523 1043 1703 1098 virtus
1733 1057 1858 1097 cum
1887 1038 2152 1094 vitiorum

553 1151 697 1210 985
728 1127 1045 1200 omnimoda
1073 1135 1439 1194 exstinctione
1469 1131 1809 1189 succumbat.
1859 1129 1978 1196 Qua
2008 1127 2067 1182 in
2097 1142 2154 1182 re

553 1247 669 1302 sola
695 1241 861 1299 elatio
899 1241 915 1274 ¹
947 1235 1201 1292 funditus
1215 1232 1612 1305 exstinguitur,
1643 1227 1774 1301 quia
1803 1224 2056 1298 quamvis
2077 1221 2156 1276 vi-

553 1333 740 1394 ctoriae
779 1327 1001 1396 serviat,
1040 1325 1111 1382 ad
1144 1322 1506 1380 edomandam
1557 1327 1739 1374 tamen
1760 1313 2156 1386 cogitationum

557 1419 870 1495 superbiam
891 1414 1159 1473 continua
1177 1410 1338 1468 nobis
1358 1423 1540 1481 pugna
1559 1413 1828 1462 serxatur.
1848 1402 2001 1458 Unde
2020 1401 2158 1456 bene

557 1491 672 1580 hic,
703 1509 835 1583 quia
863 1502 1241 1576 unusquisque
1268 1500 1356 1554 vir
1375 1497 1668 1556 continens
1688 1500 1740 1548 et
1763 1491 1962 1547 debitae
1977 1503 2160 1544 neces-

558 1578 1004 1668 sitaticongruit,
1026 1598 1080 1647 et
1097 1589 1353 1646 violentae
1369 1584 1640 1658 voluptati
1657 1578 2006 1648 contradicit,
2027 1591 2161 1633 voce

558 1687 840 1748 dominica
855 1683 1065 1741 dicitur
1089 1681 1408 1737 :Clamorem
1427 1673 1690 1732 exactoris
1708 1688 1814 1726 non
1823 1668 1994 1725 audit.
2023 1667 2164 1734 Quia

557 1785 744 1836 autem
773 1773 1050 1830 discretus
1079 1767 1170 1825 vir
1197 1783 1261 1824 eo
1299 1765 1368 1822 ad
1397 1759 1756 1834 intelligenda
1797 1756 2079 1830 superiora
2105 1769 2163 1809 se

556 1868 758 1933 elevat,
789 1878 898 1936 quo
926 1859 987 1915 in
1015 1874 1072 1914 se
1089 1856 1269 1913 carnis
1290 1852 1568 1910 incentiva
1597 1849 1846 1920 castigat,
1869 1853 2013 1903 recte
2035 1849 2158 1917 post

557 1959 938 2025 contemptum
967 1943 1244 2004 exactoris
1266 1942 1563 2000 clamorem
1592 1936 1870 1995 subditur.

983 2061 1218 2121 CAPVT
1249 2059 1383 2116 XIX
1414 2057 1558 2132 [Rec.
1581 2051 1733 2127 XV].

631 2185 805 2246 Vnus.
839 2180 894 2238 8.
923 2211 996 2222 —
1019 2174 1387 2248 Circumspicit
1416 2179 1614 2230 montes
1629 2183 1844 2244 pascua:
1870 2181 1998 2222 sum.

631 2277 724 2335 64.
757 2275 846 2333 Ad
888 2268 1230 2343 intelligenda
1270 2265 1521 2323 sublimia
1571 2263 1711 2318 valet
1745 2257 2042 2320 ascendere,
2071 2250 2165 2324 qui

563 2369 745 2428 carnis
773 2365 1037 2423 incentiva
1076 2357 1371 2431 castigavit.
1391 2385 1463 2398 —
1475 2355 1694 2412 Montes
1708 2365 1922 2424 pascuae
1941 2353 2072 2403 sunt
2089 2345 2164 2400 al-

566 2467 638 2516 tae
671 2452 1170 2526 contemplationes
1189 2449 1422 2504 interna
1449 2441 1786 2500 refectionis.
1809 2437 1996 2494 Sancti
2016 2434 2165 2492 enim

565 2549 676 2606 viri
711 2554 916 2622 quanto
946 2543 1120 2614 magis
1163 2557 1221 2598 se
1241 2537 1486 2595 exterius
1505 2529 1857 2606 despiciendo
1877 2527 2166 2600 dejiciunt,

565 2615 746 2696 tanto-
765 2634 1005 2707 amplius
1025 2629 1259 2707 interius
1287 2624 1688 2684 revelationum
1707 2615 2170 2688 contemplatione

565 2703 888 2800 pascuntur.
930 2719 1082 2778 Unde
1106 2705 1390 2788 scriptum
1446 2719 1559 2768 est:
1616 2711 1878 2765 Ascensus
1922 2707 1980 2760 in
2018 2703 2172 2759 corde

567 2796 684 2886 ejus
697 2809 958 2885 disposuit
970 2809 1029 2864 in
1041 2806 1278 2862 convalle
1297 2805 1318 2838 ³
1339 2803 1700 2872 lacrymarum
1723 2796 1898 2868 (Psal.
1929 2807 2170 2858 Lxxxm,

569 2880 626 2975 6,
654 2905 733 2976 7),
765 2880 896 2974 quia
931 2914 1070 2972 quos
1097 2893 1342 2952 exterius
1371 2891 1429 2947 in
1459 2889 1592 2945 ﬂetu
1621 2885 1866 2944 continet
1903 2880 2173 2939 convallis

572 2989 932 3058 humilitatis,
961 3003 1054 3044 eos
1091 2983 1325 3040 interius
1352 2979 1606 3038 sublevat
1633 2989 1890 3032 ascensus
1917 2977 2175 3028 contem-

575 3079 859 3156 plationis.
905 3077 1048 3152 [Vet.
1087 3071 1316 3145 XXIX]
1337 3071 1550 3128 Montes
1577 3066 1750 3156 etiam
1781 3077 2010 3156 pascuae
2045 3063 2174 3114 sunt

574 3144 840 3228 sublimes
869 3144 1103 3221 virtutes
1136 3144 1477 3232 angelorum.
1519 3157 1652 3223 Quae
1701 3153 1910 3209 idcirco
1955 3149 2048 3204 hic
2076 3163 2178 3202 nos
2205 3144 2249 3205 Β

578 3255 948 3318 ministrando
967 3261 1024 3310 et
1039 3248 1356 3324 adjuvando
1377 3247 1653 3317 reﬁciunt,
1675 3243 1804 3317 quia
1824 3241 1941 3296 illic
1959 3239 2177 3294 interno

577 3341 1062 3418 contemplationis
1111 3353 1234 3395 rore
1279 3337 1663 3410 pinguescunt.
1713 3333 1846 3400 Qua:
1891 3328 2022 3401 quia
2061 3328 2180 3382 lar-

577 3438 758 3512 giente
792 3437 908 3490 Deo
936 3431 996 3487 in
1025 3427 1181 3486 omni
1213 3441 1314 3482 nos
1352 3425 1652 3482 certamine
1682 3423 1997 3494 protegunt,
2034 3422 2180 3471 recte

575 3503 928 3596 circumspici
973 3519 1259 3578 dicuntur.
1311 3513 1560 3587 Undique
1589 3511 1737 3568 enim
1785 3507 1947 3563 nobis
1995 3503 2180 3560 adesse

579 3592 1081 3684 circumspicimus,
1103 3621 1340 3682 quorum
1365 3603 1684 3684 defensione
1712 3603 1904 3654 contra
1931 3592 2182 3648 adversa-

578 3707 694 3765 rios
719 3721 790 3762 ex
818 3700 973 3761 omni
1003 3701 1170 3758 latere
1201 3677 1506 3753 munimur'.
1545 3693 1783 3746 Possunt
1811 3684 1993 3742 adhuc
2013 3698 2184 3738 mon-

579 3807 662 3859 tes
712 3813 925 3873 pascua:
973 3789 1150 3866 accipi
1184 3790 1307 3846 altae
1338 3781 1623 3844 sententiae
1652 3778 1949 3852 Scripturae
1993 3791 2182 3844 sacrae,

583 3891 652 3949 de
702 3863 906 3963 quibus
946 3901 1044 3958 per
1066 3863 1412 3940 Psalmistam
1463 3873 1705 3963 dicitur:
1754 3871 1954 3963 Montes
1999 3863 2188 3921 excelsi

584 3958 752 4036 cervis
784 3976 962 4047 (Psal.
987 3989 1106 4041 cm,
1139 3969 1253 4041 18),
1275 3967 1404 4040 quia
1433 3964 1494 4018 hi
1523 3963 1618 4034 qui
1634 3959 1750 4031 jam
1771 3958 1906 4047 dare
1935 3961 2184 4047 contem-

583 4041 844 4138 plationis
865 4059 1038 4114 saltus
1061 4060 1361 4120 noverunt,
1383 4051 1527 4106 altos
1543 4045 1944 4104 sententiarum
1973 4041 2186 4097 divina-

585 4127 710 4210 rum
731 4147 968 4204 vertices
986 4143 1142 4218 quasi
1170 4139 1460 4199 cacumina
1475 4134 1748 4192 montium
1772 4129 2097 4197 ascendunt,
2116 4127 2188 4184 ad

585 4254 708 4314 quae
756 4232 1004 4308 profecto
1047 4229 1335 4288 cacumina
1363 4225 1493 4297 quia
1527 4222 1736 4278 inﬁrmi
1765 4218 2052 4292 pervenire
2075 4234 2188 4274 non

586 4307 793 4392 valent,
815 4327 960 4378 recte
972 4319 1092 4378 illic
1119 4316 1410 4376 subditur:
1430 4313 1594 4369 Petra
1621 4309 1889 4381 refugium
1905 4307 2190 4363 herinaciis

591 4413 810 4491 (Ibid),
832 4407 964 4483 quia
991 4409 1256 4465 videlicet
1271 4399 1548 4462 invalidos
1566 4415 1678 4456 non
1694 4396 2007 4454 sublimiter
2030 4397 2190 4452 intel-

2259 511 2430 567 sentis
2459 510 2612 583 quasi
2653 510 2846 566 aestivo
2889 507 3002 563 sole
3039 505 3334 562 siccantur.
3373 503 3624 562 Virentia
3673 511 3848 560 autem

2260 607 2390 656 sunt
2417 607 2630 668 vocata,
2675 614 2796 670 quae
2841 596 2995 652 nulla
3047 595 3446 668 temporalitate
3490 599 3849 649 marcescunt.

2262 687 2402 743 Huic
2421 703 2548 758 ergo
2565 703 2767 758 onagro
2792 683 3030 740 virentia
3048 684 3382 757 perquirere,
3408 689 3490 738 est
3515 687 3704 738 sancto
3725 679 3856 736 uni-

2261 776 2459 849 cuique
2489 776 2631 844 viro,
2661 775 2928 848 despectis
2948 773 3110 830 rebus
3126 771 3479 841 transitoriis,
3510 770 3568 826 in
3587 777 3850 826 aeternum

2262 883 2523 924 mansura
2552 865 2879 924 desiderare.
3472 931 3484 934 _

2335 957 2547 1014 Cuncta
2580 974 2711 1014 vero
2740 957 2856 1014 haec
2885 972 3004 1029 quae
3033 955 3100 1012 de
3127 971 3330 1028 onagro
3358 951 3506 1010 dicta
3548 959 3680 1008 sunt
3699 950 3856 1007 intel-

2263 1046 2358 1120 ligi
2387 1049 2551 1103 etiam
2583 1057 2637 1104 et
2660 1047 2820 1102 aliter
2851 1052 3098 1119 possunt.
3147 1043 3279 1112 Quae
3327 1043 3560 1116 repetito
3587 1039 3856 1114 superiori

2264 1154 2426 1194 versu
2454 1136 2802 1209 exponimus,
2822 1143 2883 1191 ut
2901 1135 3121 1192 lectoris
3134 1133 3348 1206 judicio
3373 1132 3521 1206 quod
3545 1129 3857 1203 eligendum

2265 1225 2560 1284 crediderit
2588 1225 2982 1298 relinquamus.
3017 1223 3188 1296 Igitur
3217 1231 3508 1296 postquam
3537 1220 3858 1293 praedicato-

2265 1333 2386 1371 rum
2401 1313 2732 1386 dispensatio
2751 1312 2852 1368 sub
2863 1328 3148 1368 cervarum
3164 1317 3436 1384 praetextu
3463 1309 3736 1383 descripta
3754 1315 3859 1374 est,

2268 1413 2330 1461 ut
2355 1402 2733 1460 ostenderetur
2765 1419 2860 1475 per
2888 1417 3048 1474 quem
3080 1400 3198 1458 haec
3223 1399 3411 1458 eadem
3445 1399 3624 1456 virtus
3653 1399 3864 1471 praedi-

2270 1493 2501 1552 cationis
2529 1493 2711 1562 datur,
2745 1492 2896 1550 illico
2914 1491 3363 1549 commemoratio
3392 1491 3459 1548 de
3479 1487 3757 1546 dominica
3779 1487 3862 1544 iu-

2269 1585 2586 1642 carnatione
2619 1581 2985 1651 subnectitur,
3015 1589 3077 1638 ut
3107 1581 3358 1639 dicatur:
3757 1587 3763 1594 '

2860 1722 3088 1779 CAPUT
3125 1721 3280 1778 XXI.

2193 1789 2238 1850 Β
2335 1815 2506 1873 Vens.
2539 1813 2592 1870 5.
2621 1844 2696 1857 —
2726 1813 2858 1881 Quis
2887 1811 3090 1868 dimisit
3117 1828 3376 1884 onagrum
3419 1808 3680 1868 liberum?

2337 1902 2720 1958 ALanomcus
2748 1917 2964 1958 snnsus.
2991 1931 3056 1942 —
3080 1900 3169 1956 66.
3223 1899 3470 1956 Christus
3516 1911 3716 1967 onagro
3762 1909 3864 1948 me-

2265 1993 2370 2048 rito
2399 1997 2758 2064 comparatur.
2791 2021 2862 2031 —
2887 1990 3000 2048 Nec
3045 1988 3337 2060 indignum
3368 1987 3494 2060 quis
3516 1985 3733 2058 judicet
3773 1998 3870 2056 per

2265 2083 2374 2138 tale
2393 2079 2596 2136 animal
2612 2079 2954 2135 incarnatum
2977 2076 3274 2134 Dominum
3291 2093 3446 2148 posse
3467 2073 3714 2148 ﬁgurari,
3733 2073 3872 2128 dum

2221 2181 2236 2210 ι
2269 2178 2483 2229 constat
2509 2168 2766 2225 omnibus
2793 2168 2924 2240 quia
2942 2183 3038 2240 per
3075 2165 3536 2238 signiﬁcationem
3569 2161 3871 2236 quamdam

2271 2262 2329 2316 in
2372 2259 2651 2332 Scriptura
2678 2273 2830 2313 sacra
2855 2265 2909 2312 et
2934 2255 3136 2312 vermis
3163 2263 3218 2312 et
3263 2255 3572 2311 scarabaeus
3607 2257 3873 2324 ponatur,

2272 2349 2415 2406 sicut
2442 2349 2706 2420 scriptum
2747 2353 2862 2402 est:
2911 2347 3024 2417 Ego
3069 2350 3243 2400 autem
3270 2361 3390 2400 sum
3430 2341 3645 2408 vermis,
3677 2346 3726 2395 et
3769 2356 3874 2395 non

2273 2441 2424 2495 homo
2457 2439 2628 2510 (Psal.
2651 2453 2774 2502 xxx,
2797 2436 2878 2508 7).
2901 2435 2972 2489 Et
2991 2434 3133 2490 sicut
3148 2432 3292 2506 apud
3315 2429 3676 2504 Septuaginta
3696 2429 3874 2485 inter—

2276 2535 2454 2602 pretes
2481 2542 2578 2599 per
2605 2529 2750 2588 986
2801 2523 3125 2596 prophetam
3183 2521 3423 2578 dicitur:
3477 2519 3790 2576 Scarabaeus
3814 2516 3874 2572 de

2281 2626 2419 2696 ligno
2435 2622 2684 2678 clamavit
2706 2619 2928 2692 (Habac.
2957 2634 3020 2687 II,
3045 2617 3158 2689 11).
3177 2616 3314 2674 Cum
3337 2631 3464 2687 ergo
3479 2612 3782 2671 nominatis
3796 2627 3870 2666 re-

2276 2713 2383 2769 bus
2409 2719 2518 2766 tam
2545 2708 2774 2781 abjectis
2829 2714 2883 2762 et
2919 2705 3128 2761 vilibus
3168 2703 3457 2776 ﬁguratur,
3499 2700 3634 2778 quid
3682 2700 3750 2756 de
3778 2699 3870 2754 illo

2279 2774 2672 2858 contumeliose
2702 2797 2928 2864 dicitur,
2967 2795 3034 2851 de
3066 2810 3177 2867 quo
3217 2774 3435 2850 constat
3470 2774 3628 2864 quod.
3657 2786 3871 2862 proprie

2279 2893 2422 2951 nihil
2451 2891 2666 2948 dicatur
2685 2889 2714 2946 it
2732 2890 2974 2946 Vocatur
2993 2885 3198 2944 etenim
3229 2900 3418 2956 agnus,
3439 2881 3530 2937 sed
3559 2879 3872 2952 propterin-

2282 2982 2613 3039 nocentiam.
2647 2979 2889 3035 Vocatur
2915 2978 3020 3044 leo,
3053 2974 3146 3030 sed
3176 2981 3396 3046 propter
3415 2969 3733 3043 potentiam.
3757 2966 3872 3022 Ali-

2284 3071 2504 3146 quando
2560 3070 2726 3126 etiam
2772 3067 3009 3139 serpenti
3048 3071 3416 3136 comparatur,
3455 3063 3474 3096 ³
3515 3058 3609 3116 sed
3651 3065 3874 3130 propter

2286 3169 2516 3218 mortem
2548 3161 2635 3216 vel
2664 3157 3009 3230 sapientiam.
3050 3156 3230 3227 Atque
3259 3153 3382 3208 ideo
3413 3166 3507 3224 per
3545 3149 3662 3204 haec
3693 3147 3876 3204 omnia

2287 3251 2397 3308 dici
2426 3249 2728 3322 ﬁguraliter
2751 3254 2951 3318 potest,
2968 3244 3098 3318 quia
3123 3244 3189 3298 de
3209 3242 3298 3297 his
3325 3239 3584 3296 omnibus
3603 3237 3755 3296 credi
3783 3235 3874 3292 ali-

2288 3341 2420 3415 quid
2444 3338 2806 3396 essentialiter
2834 3352 2943 3392 non
2966 3339 3161 3408 potest.
3203 3332 3259 3389 Si
3289 3332 3436 3388 enim
3465 3345 3640 3385 unum
3681 3327 3874 3384 horum

2288 3430 2572 3506 quodlibet
2622 3427 2986 3508 essentialiter
3031 3425 3306 3492 existeret,
3339 3421 3572 3477 alterum
3615 3418 3732 3491 jam
3769 3415 3874 3472 dici

2289 3505 2401 3578 non
2430 3526 2626 3592 posset.
2659 3519 2795 3574 Nam
2824 3517 2870 3572 si
2893 3505 3072 3589 agnus
3103 3511 3320 3586 proprie
3349 3509 3644 3578 diceretur,
3673 3507 3756 3563 leo
3765 3505 3873 3578 jam

2289 3611 2475 3668 vocari
2491 3625 2604 3666 non
2633 3614 2862 3682 poterat.
2893 3606 2950 3662 Si
2981 3606 3066 3662 leo
3091 3602 3308 3677 proprie
3337 3600 3632 3666 diceretur,
3663 3613 3758 3670 per
3774 3610 3873 3652 ser-

2291 3715 2510 3780 pentem
2537 3704 2740 3778 signari
2761 3718 2871 3758 non
2891 3706 3092 3774 posset.
3119 3697 3225 3755 Sed
3253 3697 3373 3752 haec
3392 3695 3452 3750 in
3481 3695 3578 3750 illo
3599 3689 3786 3748 omnia
3799 3686 3872 3744 di-

2292 3797 2468 3854 cimus
2497 3803 2648 3852 tanto
2666 3791 2902 3848 latiusin
2928 3790 3122 3861 ﬁgura,
3148 3794 3355 3860 quanto
3375 3783 3596 3857 longius
3623 3783 3692 3838 ab
3707 3794 3872 3838 essen-

2292 3887 2388 3944 tia.
2420 3888 2605 3942 Potest
2631 3900 2758 3955 ergo
2787 3897 2987 3954 onager
3014 3879 3360 3936 incarnatum
3389 3875 3687 3932 Dominum
3725 3869 3873 3928 desi-

2295 3991 2479 4048 gnare.
2513 3976 2534 4008 ⁴
2559 3977 2785 4045 Agreste
2813 3971 3014 4044 quippe
3047 3967 3252 4025 animal
3300 3974 3382 4022 est
3409 3979 3624 4037 onager.
3655 3962 3728 4018 Et
3751 3959 3874 4032 quia

2296 4064 2611 4120 incarnatus
2637 4060 2908 4117 Dominus
2927 4057 3224 4132 gentilitati
3247 4057 3444 4130 magis,
3473 4069 3632 4128 quam
3677 4048 3873 4106 Iudaeae

2295 4151 2524 4227 profuit,
2556 4149 2792 4206 animale
2817 4165 3016 4222 corpus
3044 4163 3344 4214 assumens,
3375 4144 3530 4218 quasi
3549 4157 3660 4198 nou
3686 4139 3746 4196 in
3771 4136 3876 4194 do-

2296 4225 2470 4311 mum,
2497 4240 2592 4297 sed
2618 4241 2802 4313 potius
2825 4239 2882 4294 in
2913 4255 3107 4312 agrum
3137 4238 3309 4295 venit.
3333 4238 3411 4292 De
3433 4251 3542 4308 quo
3569 4248 3699 4305 agro
3716 4225 3876 4304 genti-

2296 4333 2469 4390 litatis
2498 4347 2593 4405 per
2617 4330 2963 4386 Psalmistam
3007 4329 3240 4385 dicitur:
3285 4325 3485 4398 Species
3525 4323 3649 4396 agri
3690 4317 3888 4378 mecum

2297 4432 2371 4482 est
2393 4427 2508 4498 (Ps.
2542 4439 2693 4490 xux,
2736 4421 3188 4494 ii).lncarnatus
3211 4419 3392 4490 itaque
3407 4411 3786 4485 Dominusqui
3823 4409 3876 4464 in

587 4486 818 4578 iigeutia
843 4507 1084 4568 exercet,
1110 4496 1206 4555 sed
1239 4495 1355 4554 sola
1381 4494 1441 4552 in
1465 4491 1690 4552 Christo
1742 4488 1879 4546 ﬁdes
1905 4486 2194 4544 humiliter
2217 4505 2266 4564 ι)
2297 4486 2476 4574 fon‘na
2514 4513 2614 4572 Dei
2644 4486 2870 4585 aqquaiis
2919 4517 3000 4565 est
3025 4509 3194 4576 Pam,
3227 4509 3284 4564 in
3305 4486 3494 4562 'forma
3532 4502 3679 4560 servi
3710 4500 3879 4557 minor

589 4595 856 4656 continet.
888 4591 1182 4664 Sequitur:

1185 4701 1411 4762 CAPUT
1466 4700 1594 4756 XX.

661 4806 799 4866 Iam.
827 4832 900 4846 —
935 4800 1171 4862 Virentia
1199 4813 1414 4871 quicque
1436 4793 1726 4868 perquirit.

663 4897 752 4956 65.
775 4891 1037 4966 Despectis
1058 4885 1407 4953 transitoriis,
1442 4884 1500 4940 in
1525 4889 1781 4939 wternum
1818 4892 2077 4934 mansura
2105 4873 2189 4929 de-

591 4988 917 5046 siderantur.
946 5011 1018 5023 —
1046 4976 1275 5036 Arentia
1303 4974 1506 5050 quippe
1540 4979 1671 5030 sunt
1699 4967 1886 5027 omnia
1913 4981 2034 5040 quae
2053 4971 2187 5020 tem-

671 5199 688 5235 ¹
729 5197 998 5254 Gussanv.
1029 5209 1157 5252 cum
1187 5192 1333 5265 plur2
1363 5187 1468 5246 Ed.
1502 5186 1637 5260 legit
1663 5183 1936 5265 funditus_
1949 5199 2054 5265 non
2076 5199 2185 5265 3x—

595 5268 900 5341 ειίηθυὲιυν,
932 5254 1267 5341 Bepnsesht.
1283 5254 1725 5341 Nemee-“>30
1751 5254 2044 5341 ΥὲἱκΕάίΡ·
2075 5255 2188 5336 Pe-

595 5327 898 5419 ris,_'iass,'
929 5327 1314 5419 1495:4518,‘
1345 5334 1501 5399 1571,
1535 5327 1916 5419 Basili-{51%,
1964 5335 2094 5395 etc.,
2126 5327 2186 5381 in

597 5409 800 5482 quibus
825 5399 976 5464 deest
1003 5399 1238 5482 negatio.
1269 5399 1351 5482 Ea
1381 5420 1509 5460 sane
1525 5403 1762 5482 sublata,
1793 5399 2036 5482 optimus
2062 5414 2188 5452 ma-

597 5473 694 5560 net
718 5495 927 5559 sensus.
959 5473 1742 5557 nimirum,_solum..elationis
1769 5478 2050 5552 peccatum
2079 5485 2188 5524 ex-

597 5549 828 5630 stingui,
854 5564 966 5604 non
992 5565 1126 5630 vero
1153 5545 1570 5630 sopiri‘peni‘tus
1599 5545 2186 5630 tentationes,nsuccre-

599 5613 880 5680 scen'tibus
905 5619 1122 5676 assidue
1148 5613 1576 5686 cogitationibus
1607 5615 1842 5683 vitiosis,
1871 5613 2186 5686 bellumque

599 5635 880 5700 scentinus
905 5635 1122 5676 assidue
1148 5635 1576 5743 cogtatmmnus
1607 5635 1842 5683 vmosrs,
1871 5635 2186 5686 venuluun

599 5691 972 5776 moventibus.
1011 5690 1074 5776 in
1116 5689 1669 5776 Corquefmqupro
1700 5688 1817 5776 sata
1852 5685 2078 5776 elatio...
2099 5701 2186 5740 ea:-

596 5763 906 5839 stiuguitur,
927 5759 1126 5834 legitur
1157 5759 1376 5816 sollicite
1399 5757 1640 5829 fundit—us
1667 5757 2041 5830 exstinguitur.

2298 4613 2381 4662 est
2409 4605 2586 4673 Patre,
2625 4617 2732 4675 qua
2769 4599 2953 4655 minor
3002 4603 3084 4654 est
3111 4598 3276 4653 etiam
3315 4595 3492 4666 seipso
3533 4590 3758 4663 (Philip.
3797 4590 3874 4659 ιι).

2300 4694 2438 4770 [νει.
2471 4691 2666 4766 XXX]
2689 4691 2915 4747 Dicatur
2943 4703 3070 4759 ergo
3097 4703 3129 4741 a
3157 4687 3315 4742 Patre
3335 4683 3403 4740 de
3423 4682 3567 4758 Filio
3582 4678 3879 4738 secundum

2296 4785 2529 4842 formam
2566 4781 2708 4839 servi
2735 4798 2746 4836 :
2783 4781 2911 4847 Quis
2937 4777 3139 4834 dimisit
3152 4791 3410 4847 onagrum
3441 4773 3685 4837 liberum,
3706 4776 3753 4826 et
3777 4767 3878 4823 vin-

2295 4875 2418 4930 cula
2437 4873 2548 4942 ejus
2575 4871 2667 4942 qui
2694 4869 2893 4926 solvit?
2933 4868 3127 4926 Omnis
3158 4866 3359 4941 quippe
3389 4863 3484 4938 qui
3532 4869 3741 4936 peccat,
3780 4872 3878 4914 ser-

2296 4979 2399 5020 vus
2427 4970 2508 5020 est
2527 4959 2733 5034 peccati
2760 4959 2940 5030 (Joan.
2964 4975 3086 5028 vin,
3135 4957 3252 5029 34).
3293 4958 3365 5013 Et
3399 4954 3530 5031 quia
3578 4953 3880 5011 incarnatus

2367 5181 2389 5218 ³
2430 5176 2600 5238 Laud.
2624 5176 2774 5236 addii
2798 5176 2856 5234 in
2886 5178 2994 5235 loco
3023 5193 3176 5248 quem
3199 5175 3398 5250 posuit.

2368 5255 2390 5290 ³
2429 5231 3510 5308 I—nwiiliife—tiamivctusiioribiistantum
3544 5244 3769 5318 legitur,
3797 5231 3882 5318 sed

2289 5333 2516 5409 propter:
2523 5325 2856 5409 sapientiam.
2867 5322 3094 5409 ‘Cae’tera
3121 5314 3766 5409 su‘pplevim‘us‘exgb'lss.‘
3778 5314 3881 5409 Aq-

2295 5380 2466 5473 lgglici,‘
2493 5380 2706 5473 Noi'm.,
2736 5394 2932 5473 haud,
2963 5394 3123 5452 Corb.
3156 5380 3374 5473 Germ,
3415 5391 3536 5447 Val.
3713 5380 3876 5473 θριξὶ

2296 5459 2514 5540 Optime
2543 5459 2748 5540 dicitur
2767 5459 3046 5540 Christum
3074 5459 3378 5540 comparari
3407 5459 3650 5534 serpenti
3671 5461 3884 5540 promet"

2296 5522 2562 5605 mortem;
2604 5522 2879 5594 sublatum
2928 5538 3076 5594 enim
3125 5522 3440 5593 in‘crucem
3489 5522 3886 5606 praenuntiavit

2295 5626 2515 5691 serpens
2535 5609 2832 5691 in‘deserto
2860 5609 3150 5691 exaltatus.
3193 5679 3204 5690 θ

2367 5680 2400 5718 ί
2427 5681 2569 5740 Pler.
2597 5681 2728 5739 Mss.
2760 5682 2879 5752 agri
2897 5682 3089 5752 quippe
3109 5680 3332 5738 animal.
