4156 6178
348 341 454 399 561

1087 344 1459 404 MORALIUM
1497 347 1631 405 LIB.
1670 346 1853 405 XXX.
1892 375 1965 391 —
2000 346 2072 405 IN
2109 346 2338 406 CAPUT
2375 347 2619 405 XXXIX
2658 348 2721 405 B.
2762 348 2905 406 JOB.

3550 352 3659 411 562

348 466 626 525 Dominus
669 466 937 539 particeps
982 476 1183 526 nostrae
1227 470 1405 528 factus
1440 479 1523 529 est
1566 479 1797 541 naturae,
1844 488 1955 528 non
1984 474 2036 534 Α
2064 488 2215 529 mum
2236 489 2363 545 ergo
2393 472 2452 528 in
2480 471 2777 529 solitudine
2796 478 2851 527 et
2870 470 3283 553 tabernaculum
3305 474 3365 532 in
3393 481 3540 533 terra
3557 479 3660 534 sal-

345 558 548 629 culpae,
582 554 725 611 liber
752 556 1013 613 dimissus
1042 556 1268 628 dicitur,
1299 559 1429 634 quia
1467 562 1570 618 sub
1598 562 1807 634 peccati
1836 563 1949 618 do-

345 644 528 702 minio
558 660 669 700 non
703 652 935 701 tenetur.
968 647 1046 702 De
1075 663 1184 720 quo
1212 649 1347 705 alias
1374 651 1641 723 scriptum
1670 658 1753 707 est
1778 669 1789 706 :
1820 653 1834 687 ¹
1859 652 1946 706 In-

347 742 430 792 ter
456 741 695 790 mortuos
724 735 856 790 liber
887 738 1059 807 (Psal.
1092 756 1349 805 Lxxxvn,
1380 741 1459 811 6).
1494 740 1659 797 Liber
1686 741 1948 798 dimissus

349 825 586 893 dicitur,
618 823 747 897 quia
774 833 1029 882 naturam
1061 836 1304 884 nostram
1332 829 1656 902 suscipiens,
1690 830 1947 903 iniquita-

345 914 421 970 tis
443 912 580 985 jugo
608 914 765 970 nullo
798 915 959 971 modo
988 923 1225 974 tenetur.
1259 919 1429 987 Quem
1460 919 1715 992 quamvis
1738 920 1949 975 macula

346 1004 526 1075 culpae
557 1010 757 1059 nostrae
786 1021 896 1060 non
927 1007 1128 1079 attigit,
1163 1010 1340 1080 passio
1369 1018 1552 1067 tamen
1585 1018 1784 1067 nostra:
1807 1027 1948 1065 mor-

342 1092 580 1149 talitatis
609 1093 889 1150 astrinxit.
924 1095 1076 1153 Unde
1107 1106 1160 1153 et
1190 1107 1478 1172 postquam
1518 1099 1659 1157 liber
1687 1099 1950 1156 dimissus

345 1184 577 1253 dicitur,
609 1192 755 1241 recte
784 1184 853 1241 de
884 1186 981 1243 illo
1007 1188 1363 1261 adjungitur:

931 1274 1157 1333 CAPUT
1204 1278 1382 1333 XXII.

419 1364 558 1419 lem.
591 1390 662 1401 —
689 1362 763 1417 Et
784 1362 998 1419 vincula
1026 1364 1139 1434 ejus
1165 1366 1285 1436 quis
1312 1367 1508 1423 solvit?

417 1450 508 1507 67.
541 1452 718 1523 Hujus
746 1453 936 1523 onagri
962 1453 1175 1509 vincula
1204 1456 1379 1510 soluta
1408 1462 1549 1524 sunt,
1580 1471 1697 1509 cum
1716 1453 1958 1527 inﬁrmi-

348 1546 479 1596 tates
500 1541 788 1612 passionis,
820 1541 877 1597 in
908 1545 1312 1600 resurrectionis
1329 1545 1559 1615 gloriam
1581 1550 1706 1599 sunt
1732 1560 1955 1599 commu-

348 1637 490 1686 tatae.
523 1661 595 1671 —
615 1631 853 1687 Vincula
880 1632 1081 1704 quippe
1110 1632 1229 1705 ejus
1258 1643 1394 1690 tunc
1429 1634 1613 1689 soluta
1652 1640 1784 1689 sunt
1829 1648 1954 1689 cum

346 1721 702 1777 inﬁrmitates
740 1721 1011 1793 passionis
1055 1723 1209 1779 illius
1258 1722 1317 1778 in
1364 1724 1784 1780 resurrectionis
1827 1729 1958 1778 sunt

2053 562 2263 634 suginis
2316 561 2545 633 accepit,
2585 562 2606 595 ³
2635 560 2765 633 quia
2822 559 3139 618 incarnatus
3184 578 3284 635 pro
3340 563 3663 621 hominibus

2053 654 2221 717 Deus,
2257 651 2525 709 derelicta
2562 649 2768 719 Iudaea,
2815 650 3140 723 gentilitatis
3182 651 3349 708 corda
3393 655 3658 724 possedit.

2057 740 2211 797 Unde
2239 741 2289 796 ei
2318 741 2496 797 Patris
2520 756 2653 797 voce
2682 756 2778 813 per
2800 740 3124 814 prophetam
3164 741 3404 798 dicitur:
3438 744 3663 799 Postulo

2055 850 2090 887 a
2118 848 2217 897 me,
2247 836 2295 885 et
2320 830 2453 886 dabo
2485 829 2577 885 tibi
2602 836 2768 901 gentes
2796 831 3145 886 hereditatem
3178 837 3344 897 tuam,
3376 839 3424 888 et
3443 847 3663 903 posses-

2057 922 2254 977 sionem
2288 926 2433 975 tuam
2466 920 2713 975 terminos
2745 927 2898 975 terra;
2923 920 3102 991 (Psal.
3134 938 3195 990 Ii,
3225 921 3305 992 8).
3357 921 3464 989 Qui
3501 920 3667 993 juxta

2059 1011 2165 1067 hoc
2185 1011 2342 1083 quod
2370 1012 2516 1066 Deus
2543 1017 2646 1077 est,
2678 1025 2801 1065 cum
2830 1010 2987 1065 Patre
3015 1009 3109 1065 dat
3133 1010 3339 1077 omnia,
3366 1008 3532 1082 juxta
3558 1009 3667 1066 hoc

2061 1117 2190 1155 vero
2223 1099 2371 1171 quod
2402 1098 2569 1155 homo
2599 1107 2702 1167 est,
2742 1116 2773 1154 a
2811 1100 2968 1154 Patre
3000 1100 3022 1134 ‘
3051 1098 3253 1171 accipit
3280 1100 3426 1155 inter
3453 1099 3662 1168 omnia,

2060 1189 2203 1244 sicut
2230 1188 2496 1260 scriptum
2525 1194 2638 1243 est:
2672 1189 2981 1243 Polestatem
3008 1187 3149 1241 dedit
3176 1188 3223 1242 ei
3242 1195 3290 1243 et
3306 1186 3565 1256 judicium
3582 1185 3665 1256 fa-

2061 1294 2191 1346 cere,
2222 1277 2350 1347 quia
2378 1277 2554 1333 Filius
2583 1276 2812 1331 hominis
2832 1282 2905 1332 est
2924 1278 3111 1348 (Joan.
3134 1294 3190 1345 v,
3219 1277 3334 1349 27).
3357 1278 3429 1333 Et
3446 1292 3666 1332 rursum

2062 1367 2327 1438 scriptum
2367 1372 2479 1421 est:
2530 1366 2707 1421 Sciens
2748 1366 2878 1436 quia
2918 1366 3095 1419 omnia
3137 1365 3279 1421 dedit
3323 1367 3369 1421 ei
3415 1368 3578 1422 Pater
3610 1365 3670 1420 in

2064 1471 2255 1509 manus
2292 1455 2637 1523 (Joan.x1n,
2672 1456 2748 1527 1).
2794 1455 2892 1512 Vel
2937 1455 3080 1511 sicut
3123 1455 3239 1527 ipse
3281 1456 3454 1512 dicit:
3508 1458 3670 1513 Omne

2064 1544 2205 1613 quod
2232 1545 2324 1599 dat
2352 1544 2482 1599 mihi
2511 1545 2697 1610 Pater,
2717 1545 2788 1599 ad
2814 1561 2895 1599 me
2920 1545 3086 1600 veniet
3103 1546 3289 1613 (Joan.
3309 1562 3388 1613 v1,
3411 1544 3526 1616 37).
3548 1545 3669 1599 Jam

2064 1649 2209 1689 vero
2227 1634 2273 1689 si
2301 1635 2570 1707 quaeritur
2593 1634 2727 1708 quid
2747 1634 2891 1689 inter
2910 1634 3136 1691 domum
3166 1650 3229 1690 ac
3252 1632 3670 1689 tabernaculum

2065 1724 2252 1791 distet,
2283 1723 2483 1779 domus
2522 1724 2578 1778 in
2627 1723 2969 1779 habitatione
3012 1731 3112 1792 est,
3155 1722 3568 1779 tabernaculum
3610 1721 3670 1777 iu

347 1810 580 1882 gloriam
610 1818 981 1867 commutatae.
1011 1812 1178 1881 Quasi
1214 1812 1465 1885 quaedam
1497 1812 1720 1868 vincula
1749 1811 1953 1867 Domi-
1989 1833 2035 1892 Β
2066 1812 2281 1868 itinere.
2316 1812 2494 1867 Corda
2522 1812 2707 1883 itaque
2730 1812 3020 1881 gentilium
3042 1812 3198 1884 quasi
3228 1810 3476 1885 quaedam
3495 1809 3671 1866 taber-

347 1918 459 1957 nus
496 1899 688 1957 habuit
722 1916 785 1957 ea
829 1918 951 1974 quae
998 1918 1097 1958 nos
1140 1902 1399 1974 nequitiae
1445 1902 1642 1959 merito
1689 1902 1952 1973 patimur,

348 1998 552 2046 nostrae
578 1990 928 2047 mortalitatis
957 1990 1197 2060 infirma,
1220 1991 1424 2064 quibus
1448 1998 1501 2047 et
1518 2007 1690 2063 usque
1717 1990 1787 2046 ad
1810 2006 1952 2045 mor-

350 2085 461 2135 tem
498 2087 688 2152 sponte
728 2080 885 2153 ligari
913 2099 970 2139 se
1004 2083 1201 2151 voluit,
1224 2090 1279 2139 et
1307 2099 1427 2156 quae
1458 2098 1554 2154 per
1581 2081 1955 2137 resurrectio-

348 2186 475 2226 nem
510 2171 839 2228 mirabiliter
867 2172 1052 2227 solvit.
1084 2171 1312 2227 Esurire
1341 2172 1512 2239 enim,
1555 2171 1735 2239 sitire,
1777 2171 1955 2226 lasse-

346 2276 517 2329 scere,
548 2261 748 2330 teueri,
768 2261 1052 2333 ﬂagellari,
1078 2261 1349 2334 cruciﬁgi,
1374 2270 1575 2317 nostrae
1598 2260 1954 2317 mortalitatis

347 2350 637 2408 vinculum
666 2351 794 2407 fuit.
826 2350 932 2407 Sed
960 2368 1084 2408 cum
1114 2352 1335 2424 expleta
1354 2359 1530 2408 morte
1551 2352 1737 2407 velum
1758 2350 1949 2423 templi

342 2449 715 2513 rumperetur,
745 2439 1127 2497 scindereutur
1157 2449 1345 2513 petrae,
1368 2448 1729 2496 monumenta
1757 2439 1957 2511 pande.

344 2537 563 2597 rentur,
596 2529 802 2586 inferni
832 2530 1071 2586 claustra
1101 2537 1468 2600 patescerent;
1519 2530 1655 2601 quid
1694 2528 1848 2584 aliud
1876 2537 1955 2591 tot

344 2616 693 2687 argumentis
721 2622 888 2671 tantae
920 2615 1142 2672 virtutis
1171 2616 1497 2685 ostenditur,
1538 2617 1647 2673 nisi
1686 2617 1832 2690 quod
1868 2617 1959 2672 illa

346 2704 701 2762 inﬁrmitatis
734 2712 933 2762 nostra:
961 2705 1185 2762 vincula
1217 2706 1593 2775 solvebantur,
1620 2708 1746 2763 utis
1774 2707 1867 2780 qui
1890 2705 1959 2762 ad

349 2793 767 2867 suscipiendam
811 2795 958 2851 servi
987 2796 1221 2851 formam
1253 2804 1495 2864 venerat,
1542 2797 1602 2852 in
1648 2796 1765 2869 ipsa
1811 2796 1957 2852 servi

347 2886 532 2941 forma
559 2883 629 2940 ab
658 2884 862 2939 inferni
883 2884 1120 2940 vinculis
1135 2884 1438 2953 absolutus,
1468 2886 1536 2941 ad
1566 2887 1768 2943 coelum
1790 2886 1958 2941 etiam

347 2990 478 3031 cum
508 2971 772 3028 membris
800 2972 943 3028 liber
971 2972 1220 3030 rediret?
1247 2976 1324 3030 De
1353 2975 1555 3047 quibus
1574 2975 1692 3047 ejus
1715 2975 1960 3032 vinculis

347 3065 542 3120 Petrus
570 3062 851 3134 apostolus
874 3068 1162 3119 attestatur
1198 3062 1419 3120 dicens:
1470 3067 1632 3132 Quem
1677 3066 1819 3120 Deus
1857 3082 1960 3119 su-

347 3154 555 3209 scitavit
581 3153 770 3208 solutis
788 3154 1065 3208 doloribus
1092 3153 1315 3222 inferni,
1336 3154 1503 3223 juxta
1533 3156 1673 3226 quod
1702 3156 1974 3227 impossi—-
1990 3189 2034 3250 Ο

349 3244 448 3300 bile
475 3249 595 3299 erat
622 3244 778 3298 illum
806 3244 968 3298 teneri
994 3244 1061 3299 ab
1082 3261 1137 3300 eo
1157 3244 1298 3316 (Act.
1332 3262 1394 3313 ιι,
1426 3245 1539 3318 24).
1571 3247 1643 3303 Εῐ
1672 3248 1802 3319 quia
1833 3253 1956 3318 post

349 3342 585 3390 mortem
613 3350 768 3391 suam
796 3343 959 3409 atque
983 3338 1441 3395 resurrectionem
1472 3339 1540 3395 ad
1570 3340 1801 3412 gratiam
1824 3339 1955 3398 ﬁdei

349 3426 711 3497 gentilitatem
724 3442 920 3484 vocare
948 3427 1207 3499 dignatus
1227 3436 1327 3497 est,
1350 3437 1641 3503 postquam
1660 3431 1812 3488 dicta
1826 3437 1957 3486 sunt

348 3515 533 3572 soluta
553 3514 672 3587 ejus
705 3515 947 3585 vincula,
979 3524 1102 3589 apte
1129 3518 1485 3591 subjungitur
1512 3538 1524 3575 :

927 3608 1156 3666 CAPUT
1192 3611 1398 3679 XXIII,

437 3703 582 3762 987
607 3708 777 3766 Vnus.
809 3709 863 3765 6.
885 3738 958 3750 —
988 3708 1089 3764 Cui
1116 3708 1236 3763 dedi
1262 3708 1319 3762 in
1347 3708 1632 3763 solitudine
1660 3709 1895 3772 domum,
1912 3713 1962 3762 et

353 3798 751 3856 tabernaculum
777 3800 892 3870 ejus
910 3799 967 3854 in
999 3805 1143 3854 terra
1164 3798 1469 3869 salsuginis.

423 3887 515 3943 68.
549 3888 649 3945 Cui
674 3890 831 3945 datus
859 3889 917 3944 in
944 3888 1230 3945 solitudine
1259 3889 1401 3944 locus
1418 3892 1469 3942 et
1492 3887 1550 3942 in
1572 3893 1715 3943 terra
1735 3886 1961 3958 salsugi-

350 3978 459 4045 nis,
489 3993 608 4032 cum
632 3978 899 4049 gentilitas
926 3994 1043 4033 eum
1070 3977 1278 4049 recepit.
1311 4006 1383 4018 —
1402 3977 1463 4031 In
1484 3975 1789 4049 gentilitate
1809 3974 1959 4031 enim

353 4066 412 4123 in
441 4083 552 4140 qua
582 4067 893 4140 patriarcha
922 4066 1182 4135 nonfuit,
1217 4067 1238 4101 ³
1278 4065 1546 4139 propheta
1573 4081 1686 4122 non
1720 4066 1859 4131 fuit;
1893 4063 1962 4119 ad

354 4154 781 4229 intelligendum
830 4159 1026 4225 Deum,
1076 4156 1171 4229 qui
1222 4156 1433 4212 ratione
1480 4162 1746 4223 uteretur,
1794 4148 1961 4211 homo

353 4261 492 4318 pene
521 4261 634 4302 non
663 4246 790 4302 fuit.
822 4248 900 4302 De
929 4246 1032 4302 hac
1058 4245 1362 4303 solitudine
1382 4262 1478 4317 per
1492 4246 1688 4301 Isaiam
1718 4244 1956 4301 dicitur:

355 4334 651 4391 Latabitur
678 4335 883 4391 deserta
911 4341 959 4390 et
988 4334 1154 4399 invia,
1194 4340 1242 4389 et
1287 4333 1572 4389 exsultabit
1616 4333 1867 4399 solitudo,
1917 4336 1965 4387 et

355 4424 563 4494 ﬂorebit
585 4425 743 4495 quasi
790 4424 965 4480 lilium
1010 4422 1169 4495 (Isai.
1203 4437 1380 4487 xxxv,
1413 4422 1491 4492 1).
1543 4423 1614 4476 Et
1649 4438 1868 4477 rursum
1895 4420 1962 4476 de

354 4513 607 4571 Ecclesia
632 4513 873 4571 dicitur:
905 4515 1070 4571 Ponet
1102 4513 1364 4568 desertum
1392 4512 1507 4582 ejus
1545 4511 1701 4582 quasi
1723 4510 1961 4611 deliciqs,
1995 4551 2044 4611 Π

356 4608 405 4656 et
431 4603 768 4659 solitudinem
793 4602 907 4673 ejus
935 4601 1092 4674 quasi
1118 4602 1330 4655 hortum
1360 4600 1576 4655 Domini
1594 4600 1757 4668 (Isai.
1782 4617 1856 4668 LI,
1878 4599 1958 4670 3).

357 4692 527 4749 Terra
551 4710 686 4750 vero
721 4692 1019 4765 salsuginis
1063 4691 1181 4748 haec
1225 4689 1415 4746 eadem
1457 4688 1698 4746 solitudo
1736 4689 1965 4761 repetita

357 4790 462 4851 est,
487 4800 610 4857 quae
639 4784 957 4857 priusquam
984 4797 1166 4839 veram
1199 4780 1297 4837 Dei
1327 4779 1652 4853 sapientiam
1677 4794 1963 4851 cognosce-

359 4881 465 4942 ret,
493 4874 830 4946 salsuginem
861 4873 1185 4946 protulerat,
1216 4869 1345 4944 quia
1372 4870 1582 4926 nullam
1621 4868 1963 4925 viriditatem

358 4962 494 5021 boni
524 4962 838 5020 intellectus
885 4961 1187 5035 proferens,
1233 4976 1488 5033 perversa
1530 4958 1793 5032 sapiebat.
1844 4959 1966 5014 Do-

441 5162 455 5195 ¹
490 5161 552 5216 In
583 5157 745 5217 Corb.
790 5159 999 5226 Germ.,
1042 5158 1099 5213 in
1128 5156 1263 5229 pler.
1314 5157 1417 5213 Ed.
1463 5164 1517 5213 et
1558 5156 1614 5211 in
1660 5155 1966 5229 novissima

360 5231 469 5288 Ed.
502 5232 671 5288 semel
692 5231 913 5303 legitur,
933 5231 1089 5303 Liber
1105 5227 1206 5293 {et
1221 5236 1438 5303 postea,
1464 5228 1716 5303 dimissus
1747 5227 1961 5303 dicitur.

363 5303 655 5374 Repetitur
683 5298 897 5374 in'Mss.
930 5298 1725 5374 Anglic.,_Nurniﬂ‘Vindoc”
1756 5306 1879 5374 etc._
1905 5300 1966 5374 In

362 5369 519 5431 Ed'it.
549 5374 717 5430 Basil.
754 5373 909 5442 1514,
942 5369 1112 5429 Paris.
1149 5370 1305 5442 1495,
1338 5370 1495 5442 1518.
1528 5372 1740 5442 prolato
1770 5369 1965 5440 psalmi

362 5453 547 5514 textu,
586 5446 724 5499 inter
750 5440 985 5500 mortuos
1026 5443 1177 5507 liber,
1225 5440 1545 5497 subditurzi
1571 5441 1707 5495 inter
1734 5447 1969 5495 mortuos

368 5518 506 5573 liber
534 5518 805 5573 dimissus.

439 5593 463 5627 ⁵
494 5591 745 5657 Βθοριιι.,
780 5585 1181 5645 reluctantibus
1211 5585 1340 5641 Mss.
1372 5591 1427 5657 et
1454 5591 1564 5639 vet.
1599 5583 1837 5657 Excusis
1862 5582 1973 5638 ha-

364 5659 501 5717 bent
526 5678 536 5716 :
566 5656 819 5731 propheta
848 5677 953 5716 non
978 5658 1108 5729 fuit,
1128 5657 1257 5728 quia
1283 5657 1354 5711 ad
1383 5656 1971 5731 intelligendumﬂgum

368 5733 461 5803 qui
493 5724 700 5787 ratione
716 5724 1112 5802 uteretur,'pene
1131 5724 1283 5784 homo
1298 5744 1404 5782 non
1398 5726 1453 5855 Ᾰ
1452 5724 1828 5784 αἰι.’(]οη(;ἱηὶι
1844 5724 1973 5806 Edi-

369 5803 443 5855 tis
469 5812 675 5855 recent.
709 5802 871 5855 Corb.
905 5804 1115 5855 Germ..
1146 5800 1253 5855 nisi
1285 5816 1394 5855 nuo
1463 5798 1669 5855 in.inso
1699 5814 1811 5854 nun
1844 5798 1972 5855 leui-

369 5798 443 5860 tis
469 5812 675 5861 recent.
709 5802 871 5861 Corb.
905 5798 1115 5871 Germ.,
1146 5800 1253 5857 nisi
1285 5798 1433 5874 quod
1463 5799 1533 5853 in.
1552 5798 1669 5871 ipso
1699 5814 1811 5854 nun
1844 5798 1972 5869 legi-

2065 1901 2261 1957 nacula
2290 1898 2484 1955 habuit
2516 1899 2808 1967 veniendo,
2831 1901 2927 1955 sed
2948 1917 3011 1956 ea
3026 1916 3122 1971 per
3130 1901 3404 1971 justitiam
3422 1900 3668 1968 ﬁrmans,

2065 1989 2291 2045 domum
2323 1987 2456 2043 fecit
2496 1987 2817 2043 habitando.
2862 1990 2933 2043 Et
2979 1988 3108 2062 quia
3153 2003 3342 2043 eorum
3391 1987 3564 2043 vitam
3601 1985 3674 2043 ad

2065 2095 2201 2152 quos
2230 2086 2453 2134 venerat
2481 2077 2689 2133 imitari
2714 2078 2986 2149 despexit,
3017 2086 3161 2134 recte
3192 2075 3576 2151 subjungitur:

2645 2170 2875 2227 CAPUT
2905 2172 3112 2229 XXIV.

2138 2259 2308 2316 Vens.
2344 2259 2393 2314 7.
2426 2289 2496 2299 —
2528 2259 2826 2315 Contemnit
2856 2258 3245 2315 multitudinem
3266 2258 3518 2314 civitatis.

2138 2348 2225 2404 69.
2268 2346 2629 2404 Multitudinis
2672 2348 2909 2419 exempla
2938 2364 3043 2401 non
3076 2352 3150 2401 est
3180 2352 3403 2414 secutus,
3447 2344 3535 2400 sed
3573 2359 3673 2399 sua

2067 2438 2327 2508 sequenda
2375 2437 2675 2509 proposuit.
2729 2437 2846 2494 Vita
2894 2452 3128 2509 prwsens
3174 2428 3285 2490 non
3336 2440 3559 2508 propter
3623 2449 3674 2487 se

2068 2529 2297 2584 amanda
2327 2535 2420 2595 est,
2449 2529 2537 2583 sed
2563 2534 2781 2599 propter
2799 2526 3043 2598 futuram
3066 2528 3363 2583 toleranda.
3389 2558 3459 2567 —
3487 2525 3549 2582 Id
3569 2532 3672 2594 est,

2069 2634 2248 2674 mores
2268 2617 2499 2690 despicit
2515 2616 2769 2671 humana:
2793 2615 3251 2672 conversationis.
3278 2617 3454 2672 Homo
3474 2614 3675 2688 quippe

2069 2707 2213 2764 inter
2245 2707 2497 2764 homines
2528 2707 2723 2775 factus,
2748 2723 2909 2763 usum
2945 2715 3124 2763 tenere
3155 2706 3444 2763 hominum
3471 2705 3672 2762 noluit.

2068 2797 2279 2855 Idcirco
2310 2815 2545 2871 namque
2575 2797 2718 2853 inter
2749 2813 2850 2853 nos
2894 2796 3061 2853 homo
3104 2797 3281 2854 factus
3313 2804 3414 2865 est,
3462 2804 3525 2852 ut
3563 2811 3675 2852 non

2067 2889 2245 2944 solum
2267 2905 2367 2945 nos
2385 2887 2651 2960 sanguine
2671 2888 2792 2943 fuso
2815 2886 3126 2954 redimeret,
3149 2885 3241 2943 sed
3263 2887 3429 2941 etiam
3451 2892 3675 2940 ostenso

2068 2977 2321 3049 exemplo
2356 2983 2742 3033 commutaret.
2777 2976 2839 3031 In
2867 2976 3282 3031 conversatione
3305 2974 3472 3045 igitur
3493 2978 3679 3028 nostra.

2069 3074 2123 3122 et
2152 3066 2432 3121 veniendo
2462 3065 2572 3120 alia
2600 3065 2833 3134 invenit,
2858 3072 2912 3119 et
2932 3064 3170 3120 vivendo
3190 3065 3297 3120 alia
3325 3062 3531 3119 docuit.
3555 3062 3678 3119 Stu-

2068 3156 2275 3213 debant
2307 3156 2457 3212 enim
2498 3170 2690 3211 omnes
2718 3155 2953 3228 superba
2979 3154 3156 3212 Adam
3186 3154 3354 3228 stirpe
3381 3151 3677 3229 progeniti,

2069 3261 2335 3319 prospera
2365 3245 2492 3301 vitae
2525 3244 2809 3317 praesentis
2837 3251 3110 3317 appetere,
3150 3243 3380 3301 adversa
3411 3240 3676 3311 devitarc,

2065 3338 2359 3411 Opprobria
2414 3338 2622 3411 fugere,
2680 3337 2909 3411 gloriam
2962 3337 3138 3412 sequi.
3189 3334 3357 3394 Venit
3399 3334 3543 3389 inter
3586 3348 3679 3388 eos

2064 3429 2335 3485 Dominus
2357 3428 2672 3485 incarnatus
2692 3428 2925 3486 adversa
2956 3435 3234 3501 appetens,
3252 3439 3509 3497 prospera
3524 3437 3679 3494 sper-

2066 3534 2223 3587 nens,
2256 3519 2550 3591 opprobria
2580 3521 2935 3591 amplectens,
2985 3518 3213 3591 gloriam
3258 3514 3492 3588 fugiens.
3540 3512 3679 3569 Nam

2067 3624 2195 3663 cum
2222 3607 2399 3664 ludaai
2430 3609 2590 3663 illum
2632 3625 2815 3680 regem
2854 3608 2962 3664 sibi
2991 3608 3325 3664 constituere
3352 3604 3679 3671 voluissent,

2068 3695 2188 3752 ﬁeri
2217 3713 2317 3753 rex
2345 3698 2549 3770 refugit
2580 3698 2763 3770 (Joan.
2796 3715 2878 3765 v1,
2914 3698 3027 3767 15).
3060 3696 3198 3754 Cum
3216 3712 3348 3750 vero
3368 3709 3494 3749 eum
3512 3693 3679 3748 inter-

2069 3786 2230 3841 ﬁcere
2260 3786 2609 3853 molirentur,
2641 3794 2834 3856 sponte
2862 3784 2931 3839 ad
2962 3783 3142 3839 crucis
3182 3781 3497 3854 patibulum
3526 3777 3682 3834 venit

2072 3874 2262 3945 (Ιὸὶιι.,
2295 3890 2459 3941 xvui,
2490 3873 2571 3943 4).
2608 3872 2771 3943 Fugit
2798 3886 2927 3941 ergo
2956 3872 2976 3904 ⁵
3009 3869 3156 3942 quod
3176 3883 3365 3924 omnes
3394 3873 3679 3938 appetunt,

2070 3961 2300 4035 appetiit
2332 3960 2481 4034 quod
2510 3976 2701 4016 omnes
2730 3959 2976 4032 fugiunt.
3025 3957 3131 4014 Sed
3179 3973 3303 4014 cum
3351 3953 3494 4027 fugit
3534 3952 3683 4028 quod

2070 4068 2262 4109 omnes
2289 4059 2575 4125 appetunt,
2607 4049 2840 4122 appetiit
2866 4046 3019 4122 quod
3048 4062 3239 4103 omnes
3267 4044 3509 4117 fugiunt,
3551 4044 3685 4101 fecit

2071 4141 2219 4217 quod
2247 4157 2439 4198 omnes
2469 4140 2824 4208 mirarentur,
2858 4146 2921 4195 ut
2948 4146 3002 4194 et
3032 4147 3281 4194 mortuus
3329 4134 3447 4207 ipse
3490 4150 3682 4191 resur-

2072 4242 2241 4307 geret,
2282 4240 2336 4288 et
2380 4240 2554 4289 morte
2610 4250 2707 4289 sua
2763 4232 2900 4288 alios
2956 4230 3023 4288 de
3080 4236 3257 4286 morte
3311 4225 3678 4284 resuscitaret.

2074 4322 2214 4397 [νει.
2246 4322 2474 4397 ΧΧΧΙ.]
2506 4324 2637 4380 Duce
2667 4323 2870 4396 quippe
2898 4322 3027 4378 vitae
3056 4326 3185 4376 sunt
3214 4318 3461 4375 hominis
3490 4317 3548 4373 in
3565 4333 3681 4374 cor-

2072 4430 2202 4486 pore
2228 4410 2599 4478 consistentis,
2634 4426 2741 4466 uua
2770 4418 2897 4467 ante
2926 4415 3183 4476 mortem,
3213 4407 3324 4463 alia
3352 4413 3475 4479 post
3504 4422 3681 4462 resur-

2074 4504 2371 4561 rectionem
2408 4520 2419 4557 :
2462 4516 2695 4573 quarum
2736 4516 2904 4556 unam
2933 4516 3125 4557 omnes
3153 4498 3363 4572 agendo
3390 4504 3680 4564 noverant,

2071 4597 2298 4653 alteram
2331 4594 2684 4661 nesciebant;
2738 4601 2792 4649 et
2833 4592 3138 4650 humanum
3186 4609 3358 4665 genus
3403 4591 3508 4647 soli
3552 4589 3684 4645 huic

2073 4704 2237 4762 quam
2268 4692 2497 4744 noverat
2527 4684 2870 4741 intendebat.
2906 4684 3074 4742 Venit
3102 4700 3198 4757 per
3225 4698 3444 4740 carnem
3482 4678 3684 4737 Domi—

2072 4795 2197 4847 nus,
2229 4785 2283 4834 et
2310 4776 2443 4833 dum
2472 4774 2712 4847 suscepit
2743 4790 2934 4844 unam,
2985 4774 3212 4830 alteram
3259 4766 3678 4827 demonstravit.

2070 4869 2215 4925 Dum
2234 4866 2388 4936 hanc
2415 4865 2575 4922 nobis
2602 4863 2878 4937 cognitam
2908 4861 3168 4934 suscepit,
3197 4859 3350 4914 illam
3372 4873 3491 4929 qua:
3521 4853 3681 4909 nobis

2072 4963 2154 5013 est
2183 4955 2464 5029 incognita
2483 4952 2754 5009 ostendit.
2786 4948 3071 5010 Moriendo
3101 4947 3302 5020 quippe
3330 4944 3501 4999 vitam
3531 4956 3683 4998 exer-

2073 5152 2480 5239 tuE’.Pro.Phgxta
2507 5166 2614 5204 non
2642 5147 2781 5239 [gul
2820 5216 2832 5239 ι
2930 5213 3052 5239 nr-
3131 5212 3230 5239 v..|
3288 5210 3345 5239 ιη
3430 5209 3551 5239 η.,;,.
3588 5210 3602 5239 ;

2146 5212 2363 5278 3'Corb.
2400 5222 2609 5286 Germ.,
2642 5212 2881 5282 'Pratcl.,
2930 5213 3100 5277 Utic.,
3123 5212 3256 5286 Val.
3288 5212 3397 5286 CL,
3421 5212 3562 5286 quia
3586 5212 3678 5286 in—_

2076 5300 2336 5374 cantatus
2349 5310 2453 5374 pro
2483 5281 3080 5374 hominibus,derelicta
3112 5282 3258 5356 (Val.
3285 5283 3366 5339 Cl.
3400 5281 3681 5353 derelictw)

2075 5359 2385 5438 gentilitatis
2410 5363 2575 5438 condit
2600 5359 2851 5438 possedit.
3007 5427 3035 5438 ._
3205 5427 3215 5437 ο
3300 5427 3353 5438 υ
3391 5425 3424 5438 μ
3558 5425 3567 5434 θ

2150 5439 2172 5472 θ’
2203 5437 2292 5492 Sic
2320 5437 2447 5491 Mss.
2478 5427 2627 5489 Edit'i
2660 5447 2811 5497 vero,
2844 5427 3040 5498 accepit
3072 5427 3269 5483 omnia.
3300 5427 3518 5492 Melius,
3548 5427 3688 5498 inter

2078 5509 2277 5573 omnia,
2310 5517 2371 5563 ut
2401 5505 2604 5577 habent
2642 5503 2768 5577 Mss.
2802 5496 2995 5577 Modus
3023 5505 3104 5554 est
3134 5496 3686 5577 loquendiqregorio

2078 5568 2273 5637 nostro
2298 5576 2614 5634 familiaris.
2640 5572 2782 5631 Vide
2812 5571 2910 5627 lib.
2944 5587 3039 5638 xv,
3072 5568 3226 5627 numl
3259 5570 3348 5639 20,
3369 5576 3424 5625 et
3447 5568 3544 5624 lib.
3566 5585 3684 5636 xvr,

2081 5670 2138 5708 n.
2160 5653 2248 5718 36,
2276 5650 2514 5705 maxime
2546 5662 2690 5718 vero“
2705 5644 2805 5718 lib.
2839 5660 2902 5711 ιι,
2924 5659 2988 5718 _n.
3021 5642 3108 5718 60.

2154 5725 2175 5758 ⁵
2206 5710 2378 5777 Laud.
2413 5727 2467 5776 et
2498 5718 2620 5776 Val.
2654 5716 2765 5783 CL,
2794 5710 2937 5787 queri
2964 5714 3231 5780 homines;
3272 5719 3327 5769 ct
3353 5711 3429 5768 ita
3459 5710 3518 5769 in
3544 5726 3688 5770 con-

2083 5793 2464 5868 sequentibus.
