4156 6178
610 309 718 369 563

1821 311 2071 370 SANCTI
2108 313 2444 374 GREGORII
2482 316 2707 375 MAGNI

3791 322 3887 380 564

609 437 727 495 cuit
755 451 916 510 quam
947 444 1212 505 tenemus,
1245 434 1576 508 resurgendo
1608 437 1823 509 aperuit
1849 455 2011 512 quam
2042 454 2202 512 quae-
2235 442 2288 502 A
2321 443 2450 498 tur?
2478 443 2629 500 Unde
2657 461 2753 517 per
2780 445 3008 502 Paulum
3037 445 3277 503 dicitur:
3310 446 3386 502 Et
3410 443 3664 512 avaritia,
3692 462 3802 517 qua
3825 453 3890 503 est

612 553 816 603 ramus,
848 531 990 590 988
1015 536 1266 610 exemplo
1295 553 1394 592 suo
1418 552 1519 592 nos
1546 534 1748 592 docens
1767 536 1911 610 quod
1943 537 2060 594 haec
2088 538 2202 594 vita

612 641 774 698 quam
805 632 930 680 ante
960 631 1190 680 mortem
1216 623 1472 682 ducimus
1500 640 1612 680 non
1642 633 1861 697 propter
1889 641 1946 681 se
1973 628 2205 684 amanda

613 715 702 782 sit,
735 715 828 771 sed
857 723 1076 788 propter
1103 716 1328 772 alteram
1360 715 1661 772 toleranda.
1707 716 1846 784 Quia
1891 734 2019 790 ergo
2063 735 2207 774 nova

610 804 1024 861 conversatione
1051 821 1183 860 usus
1211 804 1357 860 inter
1385 804 1657 872 homines,
1681 822 1859 862 mores
1888 805 2206 879 Babyloniae

611 899 828 949 secutus
856 910 966 949 non
996 903 1098 962 est,
1127 894 1265 951 bene
1285 895 1352 951 de
1371 911 1437 952 eo
1467 896 1733 968 scriptum
1763 904 1879 952 est:
1917 897 2210 954 Contemnit

609 981 1002 1037 multitudinem
1029 983 1273 1040 civitatis.

683 1071 769 1128 70.
808 1071 1048 1128 Christus
1076 1072 1465 1128 multitudinem
1509 1090 1608 1146 per
1652 1074 1886 1144 spatiosa
1937 1080 2210 1147 vagantem

611 1163 858 1220 deseruit.
890 1195 961 1204 —
990 1163 1090 1219 Vel
1138 1171 1280 1220 certe
1329 1163 1475 1238 quod
1522 1166 1724 1221 multos
1775 1181 1870 1237 per
1915 1167 2211 1238 spatiosam

613 1251 761 1309 viam
800 1261 1059 1325 vagantes
1100 1251 1360 1321 deseruit,
1394 1259 1409 1290 ί
1443 1261 1496 1309 et
1521 1270 1617 1326 per
1644 1262 1872 1327 angusta
1902 1255 2213 1326 gradientes

612 1358 812 1413 paucos
853 1343 1032 1414 elegit.
1076 1342 1486 1399 Multitudinem
1530 1359 1765 1417 namque
1794 1346 2038 1402 civitatis
2069 1362 2216 1403 con-

611 1438 853 1490 temnere
875 1439 955 1488 est
984 1432 1212 1490 humani
1242 1434 1454 1506 generis
1483 1442 1690 1507 partem
1722 1453 1843 1509 quae
1873 1437 2039 1492 latam
2063 1437 2210 1492 viam

613 1522 922 1594 ingreditur
949 1525 1182 1596 :(Matth.
1212 1544 1315 1595 vn,
1343 1526 1456 1598 13),
1499 1544 1619 1602 quae
1648 1535 1702 1584 et
1733 1545 1832 1600 pro
1871 1527 2222 1585 abundantia

612 1611 924 1686 iniquitatis
954 1617 1129 1675 multa
1165 1624 1268 1686 est,
1316 1633 1348 1673 a
1393 1619 1547 1690 regni
1588 1618 1674 1674 sui
1718 1627 1861 1700 sorte
1907 1619 2216 1691 reprobare.

615 1702 878 1779 Sequitur
902 1723 914 1764 :

1190 1823 1416 1880 CAPUT
1452 1823 1632 1879 XXV.

683 1930 820 1986 Iern.
855 1959 925 1970 -
959 1928 1256 1986 Clamorem
1285 1931 1547 1986 exactoris
1576 1948 1682 1986 non
1709 1931 1880 1988 audit.

686 2019 772 2073 71.
806 2021 1113 2085 Exactoris,
1143 2021 1339 2075 scilicet
1368 2020 1566 2075 diaboli
1591 2022 1872 2075 clamorem
1908 2036 2015 2074 non
2041 2018 2211 2074 audi-

616 2106 709 2161 vit.
732 2106 969 2162 —Sicut
984 2123 1149 2179 supra
1175 2107 1386 2163 dictum
1414 2117 1516 2175 est,
1548 2109 1672 2180 quis
1699 2107 1806 2164 hoc
1839 2108 1961 2163 loco
1990 2115 2212 2164 exactor

618 2195 792 2268 accipi
810 2195 917 2251 nisi
937 2195 1192 2252 diabolus
1214 2196 1438 2268 potest?
1468 2197 1572 2264 Qui
1606 2197 1743 2252 male
1763 2196 2044 2252 suadendo
2063 2213 2213 2268 spem

619 2283 858 2342 contulit
888 2283 1339 2354 immortalitatis,
1371 2286 1466 2341 sed
1495 2285 1820 2356 decipiendo
1843 2285 2016 2357 exigit
2044 2284 2214 2340 tribu-

620 2381 737 2430 tum
771 2375 997 2442 mortis;
1036 2375 1131 2448 qui
1159 2374 1649 2432 suadendointulit
1668 2375 1906 2446 culpam,
1941 2374 1962 2408 ³
1993 2374 2218 2430 saevien-

621 2465 692 2520 do
721 2465 894 2535 exigit
931 2481 1166 2536 poenam.
1214 2465 1391 2536 Hujus
1437 2465 1712 2521 exactoris
1761 2480 1942 2520 sermo
1986 2470 2067 2518 est
2095 2469 2220 2517 ante

622 2559 854 2606 mortem
886 2551 1129 2606 hominis
1159 2560 1340 2607 astuta
1368 2554 1668 2625 persuasio,
1703 2553 1912 2608 clamor
1943 2568 2075 2608 vero
2105 2551 2222 2624 ejus

621 2646 702 2694 est
744 2638 988 2695 violenta
1018 2639 1130 2712 jam
1181 2641 1373 2712 rapina
1418 2649 1539 2712 post
1583 2649 1835 2696 mortem.
1887 2641 2036 2708 Quos
2071 2641 2221 2696 enim

622 2735 747 2786 ante
778 2737 1009 2786 mortem
1041 2729 1272 2785 latenter
1301 2730 1603 2801 intercipit,
1634 2729 1735 2786 hos
1762 2729 1830 2786 ad
1860 2729 2118 2802 supplicii
2137 2729 2220 2785 sui

623 2820 960 2877 consortium
994 2827 1114 2893 post
1144 2827 1378 2876 mortem
1417 2820 1691 2876 violenter
1735 2819 1896 2891 rapit.
1941 2820 2047 2875 Sed
2095 2819 2224 2891 quia

623 2912 692 2968 ad
724 2919 955 2968 mortem
987 2912 1213 2968 veniens
1241 2913 1533 2981 Dominus,
1570 2911 1736 2984 hujus
1782 2911 2056 2968 exactoris
2091 2912 2224 2967 vio-

625 3001 802 3056 lentos
829 2999 1066 3074 impetus
1090 3017 1201 3056 non
1221 3001 1464 3072 expavit,
1489 3001 1631 3058 sicut
1652 3001 1766 3073 ipse
1787 3001 1893 3056 ait:
1928 3000 2072 3058 Venit
2089 2999 2225 3055 enim

620 3090 867 3162 princeps
911 3089 1070 3158 hujus
1102 3090 1285 3143 mundi
1313 3097 1360 3144 et
1387 3090 1443 3144 in
1473 3107 1552 3145 me
1588 3107 1695 3144 non
1735 3090 1885 3144 habet
1932 3089 2226 3159 quidquam

625 3179 812 3249 (Joan.
853 3195 970 3247 xlv,
1002 3178 1120 3251 30),
1168 3177 1307 3236 bene
1335 3179 1571 3236 dicitur:
1621 3179 1919 3236 Clamorem
1962 3178 2224 3232 exactoris

625 3284 730 3322 non
757 3267 927 3323 aud-it.
961 3268 1124 3324 Venit
1153 3269 1353 3341 quippe
1381 3267 1450 3322 ad
1479 3284 1603 3323 eum
1627 3275 1849 3323 exactor
1877 3265 2108 3321 humani
2139 3282 2224 3338 ge-

624 3356 791 3427 neris,
823 3357 953 3430 quia
983 3357 1142 3413 illum
1172 3356 1454 3412 hominem
1485 3356 1648 3412 vidit.
1673 3355 1780 3412 Sed
1800 3371 1963 3428 quem
1991 3354 2222 3410 inﬁrmi-

624 3453 732 3501 tate
759 3446 1074 3519 despectum
1105 3446 1388 3503 hominem
1417 3445 1673 3514 credidit,
1698 3444 1906 3501 virtute
1937 3461 2102 3518 supra
2130 3443 2226 3501 ho-

626 3534 832 3590 minem
865 3535 1056 3591 sensit.

700 3621 842 3697 [Rec.
894 3623 1070 3699 XVI.]
1118 3625 1205 3682 72.
1255 3626 1432 3698 Hujus
1471 3626 1732 3682 exactoris
1781 3631 1955 3698 typus,
2003 3625 2228 3691 Laban;

629 3713 848 3785 Christi,
879 3716 1076 3782 Jacob;
1104 3717 1374 3784 Ecclesiae,
1413 3718 1607 3775 Rachel
1642 3716 1766 3788 fuit.
1815 3745 1886 3756 —
1927 3715 2102 3788 Hujus
2146 3715 2228 3770 ni-

627 3807 828 3863 mirum
861 3807 1134 3865 exactoris
1163 3815 1357 3881 typum
1389 3807 1574 3864 Laban
1607 3808 1805 3874 tenuit,
1845 3805 2064 3878 quando
2100 3820 2226 3860 cum

626 3895 811 3950 furore
842 3897 1072 3952 veniens
1097 3913 1195 3952 sua
1223 3895 1368 3965 apud
1399 3896 1566 3951 Jacob
1592 3896 1740 3950 idola
1768 3893 2060 3964 requisivit
2092 3892 2231 3961 (Ge-

624 4000 734 4036 nes.
766 3998 925 4048 XXXI,
948 3982 1034 4048 23,
1057 3985 1212 4052 seq.).
1237 3981 1420 4036 Laban
1443 3982 1644 4052 quippe
1666 3981 2056 4048 interpretatur
2075 3978 2228 4032 deal-

625 4069 793 4126 batio.
827 4068 1112 4124 Dealbatio
1135 4076 1316 4123 autem
1349 4082 1460 4120 non
1490 4066 1945 4121 inconvenienter
1973 4065 2226 4120 diabolus

626 4157 930 4226 accipitur;
964 4157 1059 4228 qui
1088 4171 1214 4212 cum
1245 4155 1316 4208 sit
1345 4153 1664 4207 tenebrosus
1684 4169 1751 4207 ex
1773 4151 1991 4217 merito,
2015 4155 2036 4187 ³
2057 4162 2229 4208 trans-

627 4247 824 4316 ﬁgurat
855 4259 911 4298 se
952 4243 1007 4298 in
1047 4242 1300 4316 angelum
1345 4239 1485 4297 lucis
1531 4240 1619 4313 (II
1667 4239 1792 4296 Cor.
1839 4239 2038 4313 111,14).
2089 4239 2230 4296 Huic

627 4332 857 4390 servivit
885 4332 1069 4400 Jacob,
1104 4332 1161 4388 id
1188 4340 1269 4388 est
1297 4347 1366 4387 ex
1395 4339 1548 4404 parte
1573 4331 1931 4404 reproborum
1969 4328 2232 4386 Iudaicus

629 4419 885 4495 populus,
916 4421 1074 4493 cujus
1107 4440 1178 4480 ex
1206 4439 1368 4480 carne
1399 4422 1718 4479 incarnatus
1754 4423 2024 4479 Dominus
2051 4419 2225 4476 venit.

2312 531 2577 589 idolorum
2605 535 2827 591 servitus
2847 536 3084 608 (Coloss.
3106 553 3190 604 III,
3218 536 3298 608 5).
3324 535 3505 591 Laban
3537 551 3662 607 ergo
3681 535 3893 593 veniens

2313 623 2457 695 apud
2485 624 2650 680 Jacob
2682 625 2829 682 idola
2857 641 2968 681 non
3000 625 3234 694 invenit,
3275 623 3404 698 quia
3445 623 3679 681 ostensis
3716 624 3894 682 mundi

2316 713 2605 784 thesauris,
2636 714 2889 772 diabolus
2932 714 2990 770 in
3038 714 3399 786 Redemptore
3442 720 3632 771 nostro
3680 713 3899 785 vestigia

2316 805 2771 878 concupiscentiae
2801 813 3030 862 terrenae
3060 822 3170 861 non
3200 806 3420 878 reperit,
3468 805 3573 862 Sed
3597 822 3716 878 quae
3747 802 3900 860 Jacob

2319 909 2428 950 non
2457 895 2669 964 habuit,
2701 912 2764 952 ea
2791 896 2992 954 Rachel
3033 895 3271 952 sedendo
3311 896 3614 967 cooperuit.
3660 895 3757 951 Per
3796 897 3904 952 Ra-

2319 984 2439 1041 chel
2470 987 2692 1060 quippe,
2723 1004 2843 1060 quae
2871 995 2925 1042 et
2953 987 3074 1042 ovis
3101 985 3328 1054 dicitur,
3359 985 3606 1042 Ecclesia
3627 984 3900 1056 figuratur.

2320 1076 2515 1134 Sedere
2547 1087 2752 1147 autem,
2782 1089 2862 1136 est
2892 1077 3262 1134 humilitatem
3285 1076 3621 1150 poenitentiae
3641 1085 3902 1149 appetere,

2321 1168 2464 1224 sicut
2477 1170 2740 1242 scriptum
2763 1178 2875 1225 est:
2912 1171 3120 1241 Surgite
3135 1175 3411 1240 postquam
3433 1167 3674 1222 sederitis
3694 1168 3905 1239 (Psalm.

2323 1275 2513 1326 cxxvr,
2543 1261 2625 1332 2).
2652 1260 2851 1316 Rachel
2883 1275 3010 1332 ergo
3041 1259 3186 1315 idola
3229 1258 3467 1315 sedendo
3505 1259 3748 1330 operuit,
3793 1257 3912 1330 quia

2325 1355 2513 1404 sancta
2552 1349 2796 1406 Ecclesia
2837 1349 3116 1405 Christum
3163 1365 3394 1421 sequens
3435 1354 3667 1402 terrena;
3713 1362 3914 1401 concu-

2327 1437 2607 1509 piscentiae
2637 1440 2772 1495 vitia
2795 1439 3110 1511 paenitendo
3139 1439 3296 1494 texit.
3329 1440 3405 1493 De
3439 1436 3543 1493 hac
3566 1435 3913 1509 coopertione

2329 1531 2593 1586 vitiorum
2627 1532 2648 1565 ⁵
2675 1547 2772 1602 per
2798 1529 3140 1586 Psalmistam
3161 1529 3367 1586 dicitur
3390 1546 3400 1584 :
3426 1529 3579 1584 Beati
3597 1543 3826 1598 quorum
3843 1541 3916 1578 re-

2327 1619 2500 1672 missa:
2526 1627 2650 1673 sunt
2676 1620 3000 1689 iniquitates,
3043 1626 3090 1674 et
3117 1637 3346 1690 quorum
3387 1625 3512 1674 tecta
3562 1625 3686 1672 sunt
3716 1620 3918 1688 peccata

2331 1708 2502 1777 (Psal.
2535 1726 2699 1776 xxxi,
2733 1709 2808 1779 1).
2849 1709 2960 1765 Nos
2997 1710 3169 1782 igitur
3204 1710 3406 1766 Rachel
3439 1709 3534 1764 illa
3561 1713 3706 1772 989
3735 1707 3920 1778 signa-

2241 1801 2288 1862 B
2319 1807 2422 1871 vit,
2455 1806 2549 1878 qui
2581 1806 2729 1862 idola
2755 1807 2997 1863 sedendo
3027 1808 3352 1879 premimus,
3386 1807 3432 1863 si
3462 1808 3652 1879 culpas
3680 1801 3922 1860 avaritia:

2317 1894 2636 1968 paenitendo
2667 1894 3011 1950 damnamus.
3043 1896 3175 1962 Quae
3204 1896 3396 1967 utique
3427 1893 3660 1949 avaritia
3680 1891 3796 1946 illis
3818 1902 3920 1943 non

2319 1985 2456 2040 solet
2481 1982 2722 2052 evenire,
2761 1983 2856 2057 qui
2898 1983 2955 2038 in
2994 1983 3084 2038 via
3131 1983 3356 2038 Domini
3388 1982 3626 2036 viriliter
3670 1982 3925 2043 currunt,

2321 2074 2522 2148 quibus
2551 2075 2792 2130 dicitur:
2837 2075 3072 2133 Viriliter
3099 2074 3259 2146 agite,
3290 2079 3336 2128 et
3365 2071 3696 2141 con/artetur
3725 2084 3820 2121 cor
3848 2083 3930 2120 ve-

2323 2171 2492 2218 strum
2523 2164 2696 2235 (Psal.
2726 2181 2867 2232 xxx,
2889 2165 3005 2235 25),
3027 2163 3121 2219 sed
3142 2163 3232 2218 his
3252 2160 3490 2218 maxime
3509 2159 3605 2232 qui
3626 2156 3784 2229 quasi
3803 2154 3929 2209 effe-

2325 2252 2532 2308 minato
2562 2269 2747 2325 gressu
2777 2252 3083 2325 gradientes
3110 2268 3210 2323 per
3230 2249 3612 2307 blandimenta
3640 2243 3831 2300 saeculi
3853 2259 3927 2298 re-

2326 2342 2636 2397 solvuntur.
2655 2341 2810 2397 Unde
2838 2348 2891 2396 et
2920 2341 3036 2396 illic
3063 2338 3309 2412 ejusdem
3338 2335 3591 2393 Rachelis
3620 2334 3742 2391 haec
3770 2332 3928 2389 verba

2329 2438 2488 2486 sunt:
2522 2430 2690 2486 Juxta
2728 2429 3151 2485 consuetudinem
3195 2428 3519 2497 feminarum
3557 2441 3700 2479 nunc
3744 2419 3926 2478 accidit

2330 2521 2459 2576 mihi
2486 2520 2701 2591 (Genes.
2731 2535 2893 2587 xxxi,
2919 2519 3032 2589 35).
3059 2517 3221 2589 Apud
3245 2515 3409 2572 Jacob
3425 2531 3553 2586 ergo
3573 2513 3726 2570 idola
3744 2512 3917 2567 Laban

2332 2629 2442 2668 non
2474 2612 2692 2682 reperit,
2729 2610 2859 2683 quia
2887 2616 3110 2665 exactor
3147 2607 3380 2664 callidus
3418 2605 3553 2678 quid
3588 2605 3642 2660 in
3694 2601 3922 2660 Redem-

2331 2708 2484 2774 ptore
2541 2707 2729 2756 nostro
2775 2698 3216 2771 reprehenderet,
3261 2713 3372 2752 non
3419 2695 3649 2750 invenit.
3706 2695 3781 2749 De
3825 2706 3924 2763 quo

2329 2798 2580 2846 exactore
2611 2787 2958 2860 Redemptori
2990 2795 3179 2843 nostro
3207 2785 3565 2857 gentilitatem
3594 2782 3665 2837 ab
3702 2780 3817 2852 ejus
3837 2779 3926 2834 do-

2333 2879 2506 2937 minio
2536 2878 2790 2934 liberanti
2824 2893 2916 2950 per
2944 2875 3267 2948 prophetam
3297 2874 3534 2930 dicitur:
3566 2872 3768 2940 Iugum
3795 2869 3927 2923 enim

2331 2971 2505 3027 oneris
2552 2968 2684 3039 ejus,
2714 2974 2762 3023 et
2788 2968 2993 3038 virgam
3029 2965 3234 3021 humeri
3261 2964 3395 3034 ejus,
3426 2969 3474 3018 et
3495 2965 3756 3032 sceptrum
3793 2974 3928 3012 cara-

2332 3061 2489 3116 ctoris
2515 3061 2628 3131 ejus
2656 3059 2939 3130 superasti,
2968 3057 3103 3112 sicut
3121 3057 3178 3110 in
3197 3055 3281 3110 die
3305 3054 3527 3110 Madian
3556 3050 3720 3122 (Isai.
3752 3065 3830 3116 rx,
3850 3046 3922 3115 lt).

2253 3158 2296 3218 Ο
2332 3151 2585 3223 Eripiens
2613 3149 2814 3222 quippe
2845 3147 3203 3220 gentilitatem
3228 3143 3519 3208 Dominus,
3548 3136 3831 3212 superavit
3845 3134 3927 3206 ju-

2334 3258 2461 3314 gum
2501 3240 2684 3295 oneris
2720 3237 2860 3309 ejus,
2893 3253 3018 3292 cum
3048 3251 3166 3291 eam
3197 3233 3437 3290 adventu
3468 3248 3568 3287 suo
3596 3229 3665 3284 ab
3702 3230 3794 3285 illa
3819 3227 3929 3283 daa—

2335 3332 2596 3388 moniacae
2613 3328 3202 3403 tyrannidisservitute
3224 3323 3500 3381 liberavit.
3520 3321 3815 3394 Superavit
3829 3319 3926 3374 vir-

2336 3439 2456 3495 gam
2482 3421 2697 3478 humeri
2727 3419 2866 3492 ejus,
2893 3421 2915 3454 °
2943 3435 3070 3475 cum
3093 3416 3500 3489 percussionem
3529 3412 3714 3480 illius,
3735 3427 3847 3485 quae
3864 3423 3927 3463 ex

2336 3529 2592 3588 perverso
2621 3528 2782 3584 opere
2813 3510 3051 3584 graviter
3081 3505 3443 3580 deprimebat,
3478 3504 3546 3560 ab
3577 3503 3822 3559 humano
3849 3515 3925 3572 ge-

2337 3621 2465 3662 nere
2485 3607 2505 3640 ⁷
2523 3603 2805 3675 redempto
2831 3599 3185 3672 compescuit.
3205 3596 3496 3669 Superavit
3514 3601 3794 3666 sceptrum
3812 3605 3924 3646 exa-

2337 3699 2503 3757 ctoris
2518 3696 2657 3769 ejus,
2677 3711 2802 3752 cum
2824 3709 3050 3766 regnum
3067 3689 3310 3762 ejusdem
3331 3686 3562 3754 diaboli,
3579 3684 3678 3758 qui
3707 3699 3800 3756 pro
3819 3696 3922 3753 pes-

2339 3791 2499 3846 tifera
2544 3785 2948 3861 perpetratione
3002 3782 3266 3838 vitiorum
3314 3778 3532 3852 exigere
3576 3777 3926 3834 consueverat

2338 3877 2522 3934 debita
2550 3875 2756 3930 tributa
2772 3887 3078 3944 pinnarum,
3095 3871 3162 3927 de
3183 3870 3430 3926 ﬁdelium
3455 3865 3616 3925 corde
3636 3861 3922 3922 destruxit.

2411 3964 2549 4037 [Vet.
2607 3961 2838 4026 XXXII,
2897 3963 3016 4018 Hec.
3068 3959 3274 4034 XVII.]
3319 3959 3404 4014 73.
3457 3954 3708 4014 Gedeonis
3747 3955 3925 4006 contra

2338 4052 2663 4111 Madianilas
2688 4051 2916 4105 insolens
2931 4067 3135 4121 pugna,
3161 4050 3358 4107 Christi
3378 4053 3625 4104 certamen
3639 4042 3926 4116 praesigne-

2338 4143 2431 4198 -vit.
2463 4171 2533 4181 —
2559 4139 2664 4197 Sed
2692 4137 2969 4214 quomodo
2999 4139 3117 4198 haec
3144 4149 3266 4198 acta
3291 4147 3420 4196 sunt
3447 4136 3748 4194 audiamus.
3779 4129 3926 4188 Sub-

2334 4232 2588 4306 junctum
2621 4239 2702 4288 est
2738 4231 2889 4288 illico
2914 4251 2924 4288 :
2965 4233 3111 4290 Sicut
3137 4233 3196 4287 in
3223 4233 3306 4287 die
3335 4229 3574 4288 Madian.
3603 4227 3726 4284 Non
3755 4225 3848 4280 abs
3874 4235 3925 4276 re

2339 4325 2575 4382 arbitror
2602 4326 2648 4381 si
2678 4324 2784 4382 hoc
2801 4323 3224 4381 Madianitarum
3240 4323 3448 4380 bellum
3470 4319 3615 4394 quod
3632 4320 3692 4374 in
3713 4329 3922 4385 compa-

2340 4417 2550 4473 ratione
2569 4417 2838 4474 adventus
2856 4415 3132 4473 Dominici
3162 4433 3194 4471 a
3222 4414 3488 4488 propheta
3503 4410 3800 4484 vigilanter
3818 4405 3924 4461 illa-

628 4514 812 4568 Potest
839 4512 1004 4568 etiam
1040 4532 1136 4587 per
1172 4515 1356 4572 Laban
1405 4516 1644 4572 mundus
1691 4515 1783 4570 hic
1824 4514 2083 4586 exprimi,
2133 4513 2228 4586 qui
2258 4513 2304 4572 D
2340 4514 2456 4562 tum
2488 4515 2570 4563 est
2595 4505 2890 4579 aliquando
2921 4505 3086 4561 latius
3113 4504 3462 4560 disseramus.
3487 4502 3548 4556 In
3568 4499 3712 4555 libro
3741 4495 3924 4587 quippe

629 4617 752 4659 cum
783 4601 968 4658 furore
995 4604 1162 4661 Jacob
1191 4605 1554 4678 persequitur,
1601 4605 1730 4677 quia
1754 4605 1956 4660 electos
1983 4620 2230 4676 quosque

629 4689 724 4764 qui
755 4690 1134 4766 Redemptoris
1179 4692 1350 4748 nostri
1391 4692 1634 4748 membra
1674 4699 1823 4760 sunt,
1855 4693 2229 4764 persequendo

630 4779 938 4856 opprimere
969 4790 1218 4839 conatur.
1244 4784 1265 4817 ⁴
1296 4781 1474 4855 Hujus
1501 4782 1696 4850 ﬁliam,
1730 4780 1785 4836 id
1815 4789 1896 4837 est
1925 4783 2041 4838 sive
2073 4799 2229 4838 mun-

630 4869 711 4939 di,
741 4871 858 4928 sive
889 4871 1118 4941 diaboli,
1148 4872 1314 4930 Jacob
1351 4871 1600 4939 abstulit,
1650 4887 1775 4927 cum
1823 4869 1929 4926 sibi
1977 4869 2232 4928 Christus

631 4960 930 5016 Ecclesiam
951 4977 1021 5018 ex
1051 4961 1354 5034 gentilitate
1369 4959 1682 5033 conjunxit.
1706 4962 1880 5028 Quam
1903 4967 1958 5016 et
1977 4959 2042 5016 de
2066 4960 2231 5017 domo

631 5050 802 5124 patris
830 5051 1120 5120 abstrahit,
1150 5052 1280 5126 quia
1307 5050 1356 5108 ei
1381 5067 1476 5124 per
1503 5050 1832 5123 Prophetam
1863 5049 2002 5106 dicit
2027 5067 2038 5104 :
2075 5050 2234 5106 Obli-

630 5140 822 5195 viscere
843 5142 1102 5211 populum
1146 5148 1312 5207 tuum,
1351 5147 1398 5196 et
1444 5141 1656 5196 domum
1696 5140 1872 5212 patris
1925 5139 2002 5194 tui
2047 5141 2227 5210 (Psal.

630 5244 782 5296 xuv,
819 5231 930 5301 11).
962 5229 1108 5298 Quid
1137 5247 1268 5287 vero
1297 5230 1351 5288 in
1376 5229 1560 5300 idolis,
1597 5230 1704 5286 nisi
1732 5229 1967 5286 avaritia
1985 5229 2231 5302 designa-

708 5419 724 5452 ¹
759 5417 920 5475 Corb.
953 5420 1163 5495 Germ.,
1184 5420 1427 5490 Ebroic.,
1460 5420 1664 5495 aliique
1694 5421 1907 5488 Norm.,
1942 5425 1990 5476 et
2010 5436 2111 5492 per
2135 5437 2230 5476 an-

631 5495 858 5563 gustam,
889 5507 968 5563 sc.
1000 5492 1163 5548 viam.

707 5563 726 5596 ³
758 5560 1256 5636 Daud.,_serv_iendo
1288 5565 1470 5621 intulit
1492 5581 1722 5636 primum.

704 5636 725 5669 ³
754 5632 995 5706 Nonnul.
1029 5633 1157 5706 Ed,
1193 5632 1540 5706 transﬁgurat
1565 5653 1618 5690 se
1646 5636 1784 5690 velut
1812 5652 1866 5688 in
1895 5636 2156 5705 angelum.

706 5707 725 5741 ‘
757 5704 928 5761 Laud.
961 5711 1016 5760 et
1047 5705 1170 5760 Val.
1191 5705 1296 5771 CL,
1320 5704 1478 5776 hujus
1506 5707 1694 5777 ﬁliam,
1729 5706 1783 5760 id
1803 5712 1875 5764 est
1907 5704 2110 5774 mundi,
2140 5708 2229 5763 Ja-

631 5778 720 5834 cob
749 5777 986 5833 abstulit.

2336 4596 2593 4653 Judicum
2627 4595 2824 4666 (Judic.
2857 4612 2960 4663 vn,
2994 4596 3018 4650 t
3051 4596 3190 4666 seq.)
3222 4639 3237 4663 ,
3267 4591 3488 4650 Gedeon
3518 4598 3712 4646 contra
3739 4582 3924 4644 Madia-

2339 4689 2482 4743 nitas
2510 4685 2799 4742 dimicasse
2824 4683 3172 4741 describitur.
3205 4686 3256 4741 Is
3284 4701 3408 4740 cum
3441 4679 3721 4738 exercitus
3742 4672 3925 4734 multi-

2338 4777 2587 4834 tudinem
2613 4775 2682 4831 ad
2710 4775 2854 4831 bella
2873 4772 3215 4846 produceret,
3247 4775 3438 4831 divina
3455 4773 3539 4830 illi
3560 4767 3927 4828 admonitione

2339 4875 2671 4942 praeceptum
2715 4871 2798 4920 est
2839 4873 2901 4921 ut
2933 4864 3001 4921 ad
3031 4864 3262 4921 ﬂuvium
3294 4864 3542 4932 veniens,
3583 4877 3774 4919 omnes
3801 4869 3925 4930 quos

2340 4958 2498 5014 ﬂexis
2519 4956 2748 5030 genibus
2777 4972 2943 5028 aquas
2965 4954 3186 5012 haurire
3211 4955 3572 5027 conspiceret,
3603 4969 3634 5008 a
3662 4951 3924 5008 bellorum

2340 5047 2600 5105 conﬂictu
2632 5055 2955 5104 removeret.
2990 5047 3011 5082 ⁸
3040 5049 3348 5120 Actumque
3376 5054 3458 5103 est
3479 5053 3540 5102 ut
3569 5041 3795 5100 trecenti
3827 5034 3926 5092 viri

2342 5135 2747 5204 tantummodo,
2783 5135 2878 5208 qui
2907 5143 3110 5192 stantes
3140 5136 3392 5192 manibus
3419 5151 3588 5208 aquas
3621 5133 3924 5191 hauserant,

2343 5232 2707 5286 remanerent.
2728 5225 2864 5282 Cum
2886 5224 2972 5280 his
3001 5225 3068 5281 ad
3100 5227 3348 5298 praelium
3380 5225 3576 5298 pergit,
3606 5237 3804 5295 eosque
3823 5230 3926 5274 non

2415 5422 2434 5454 ⁵
2468 5418 2702 5491 Vindoc.
2741 5425 2802 5491 et
2823 5418 2984 5476 Corb.
3020 5420 3229 5487 Germ.,
3251 5435 3349 5490 per
3371 5418 3701 5491 prophetam.

2414 5493 2436 5526 ⁸
2465 5489 2700 5558 Quidam
2728 5490 2856 5558 Ed.,
2885 5509 3000 5546 cum
3023 5489 3448 5560 persecutionem.

2413 5563 2434 5597 ⁷
2465 5562 2633 5619 Gilot.
2663 5570 2717 5619 et
2743 5563 2814 5619 at.
2847 5563 2976 5620 Ed..
3007 5563 3334 5620 Redemptor.

2420 5579 2431 5597 ι
2465 5579 2633 5619 uiror.
2663 5579 2717 5619 et
2743 5579 2814 5619 at.
2847 5579 2976 5628 [λου
3007 5579 3334 5632 Redemptor.

2415 5635 2435 5668 ⁸
2465 5635 2676 5716 No‘rm.,
2724 5635 2844 5690 Val.
2890 5633 2971 5690 Cl.
3005 5643 3079 5716 _et
3123 5633 3400 5704 nonnulli,
3446 5638 3717 5703 actumque
3754 5635 3849 5696 est,
3887 5630 3931 5680 et

2343 5711 2570 5763 trecenti.
2584 5749 2594 5761 .
2609 5749 2618 5761 .
2649 5711 3035 5763 remanserunt.
