4156 6178
365 356 473 413 565

1065 358 1442 419 MORALIUM
1480 359 1614 416 LIB.
1656 357 1839 416 XXX.
1877 387 1948 401 -
1984 357 2056 416 IN
2093 357 2322 417 CAPUT
2359 358 2603 416 XXXIX
2641 359 2704 418 B.
2744 360 2887 418 JOB.

3551 371 3661 432 566

355 483 553 553 armis,
570 482 665 541 sed
677 484 850 554 tubis,
868 485 1214 558 lampadibus
1229 494 1284 543 et
1303 487 1509 560 lagenis
1525 486 1759 542 armavit
1773 484 1962 557 (Ibid,
1988 488 2040 548 A
2072 501 2176 541 nus
2204 494 2390 542 noster
2425 485 2770 544 adversarius
2797 487 2927 544 ﬁdei
2967 489 2989 524 "
3032 488 3288 562 destruit,
3318 509 3445 553 cum
3475 495 3565 554 his
3592 498 3662 556 ad

355 575 449 641 i9,
480 574 638 647 seq.).
662 576 822 645 Nam,
839 575 980 634 sicut
1001 577 1118 634 illic
1145 577 1411 650 scriptum
1433 584 1532 645 est,
1553 592 1805 634 accensas
1826 576 1958 632 lam-

352 664 522 737 pades
552 664 820 721 miserunt
837 668 980 722 intra
1009 667 1346 739 lagunculas,
1381 675 1434 722 et
1462 665 1623 722 tubas
1653 666 1710 721 in
1740 666 1955 736 dextra,

354 753 576 826 lageuas
621 761 804 808 autem
849 754 907 810 in
951 754 1178 811 sinistra
1215 763 1540 821 tenuerunt;
1573 761 1626 810 et
1663 753 1731 809 ad
1775 754 1959 810 hostes

350 859 482 898 suos
509 841 764 898 cominus
787 843 1094 913 venientes,
1122 844 1443 901 cecinerunt
1472 842 1644 911 tubis,
1681 843 1957 916 confrege-

349 939 485 988 runt
535 931 918 1003 lagunculas,’
965 933 1243 1006 lampades
1295 941 1697 1006 apparuerunt;
1749 941 1803 990 et
1825 933 1959 991 hinc

349 1020 610 1076 tubarum
658 1021 869 1090 sonitu,
885 1021 1043 1079 illinc
1056 1023 1368 1096 lampadum
1382 1010 1764 1080 coruscatione
1779 1023 1957 1079 territi

350 1108 563 1177 hostes,
593 1118 725 1165 sunt
754 1111 812 1166 in
842 1111 1026 1184 fugam
1053 1113 1329 1168 conversi.
1372 1112 1518 1180 Quid
1548 1112 1654 1168 hoc
1684 1119 1784 1180 est,
1811 1111 1958 1184 quod

348 1199 460 1254 tale
487 1197 697 1254 bellum
729 1214 828 1270 per
851 1200 1173 1272 prophetam
1197 1201 1265 1257 ad
1295 1201 1539 1258 medium
1567 1200 1882 1269 adducitur,
1904 1207 1958 1255 et

348 1285 619 1342 adventui
646 1286 1028 1360 Redemptoris
1085 1289 1262 1345 nostri
1302 1289 1463 1346 istius
1489 1306 1686 1361 pugnae
1721 1289 1957 1345 victoria

347 1376 749 1447 comparatur?
778 1378 864 1432 An
918 1377 1162 1434 indicare
1211 1379 1477 1451 propheta
1513 1379 1674 1435 nobis
1720 1377 1952 1446 studuit,

347 1464 498 1538 quod
519 1463 822 1521 adventum
854 1465 1236 1539 Redemptoris
1258 1467 1432 1523 nostri
1462 1475 1654 1523 contra
1673 1467 1954 1523 diabolum

347 1554 446 1609 illa
465 1552 570 1610 sub
593 1551 814 1610 Gedeon
838 1554 976 1611 duce
997 1572 1192 1627 pugnae
1217 1557 1451 1613 victoria
1474 1555 1784 1628 designavit
1799 1555 1827 1611 ?
1860 1555 1956 1610 Ta-

346 1644 422 1698 lia
448 1643 568 1700 illic
596 1642 862 1699 nimirum
893 1653 1014 1701 acta
1040 1654 1190 1712 sunt,
1220 1661 1339 1717 quae
1359 1652 1565 1717 quanto
1595 1644 1768 1716 magis
1795 1660 1956 1699 usum

348 1730 634 1803 pugnandi
672 1739 982 1800 transeunt,
1033 1740 1189 1789 tanto
1244 1732 1483 1804 amplius
1529 1748 1560 1786 a
1591 1729 1956 1802 prophetandi

2068 573 2473 648 praedicationis
2495 574 2639 631 bella
2657 574 2958 646 descendit,
2982 579 3077 650 qui
3106 592 3336 652 possunt
3362 584 3556 644 divina
3573 604 3660 646 co-

2067 679 2344 735 gnoscere,
2392 663 2485 736 qui
2537 665 2720 720 sciunt
2763 664 2832 721 de
2872 665 3160 737 Trinitate,
3202 687 3323 744 quae
3363 675 3508 732 Deus
3555 684 3658 746 est,

2066 753 2307 825 perfecta
2350 754 2573 810 sentire.
2607 755 2917 812 Notandum
2961 772 3092 812 vero
3135 767 3216 816 est
3253 762 3383 833 quia
3411 763 3514 820 iste
3541 773 3662 822 tre-

2066 851 2351 898 centorum
2391 859 2652 900 numerus
2693 844 2752 900 in
2794 855 2888 902 tau
2927 845 3110 903 littera
3153 850 3490 920 continetur,
3539 869 3661 927 quas

2066 933 2247 989 crucis
2283 934 2517 1006 speciem
2554 941 2723 990 tenet.
2757 935 2858 993 Cui
2901 936 2949 992 si
2995 953 3158 1010 super
3192 946 3558 999 transversam
3587 944 3659 1001 li-

2067 1039 2224 1078 neam
2270 1023 2327 1079 id
2368 1025 2515 1097 quod
2556 1025 2612 1080 in
2644 1041 2804 1082 cruce
2831 1025 3039 1083 eminet
3067 1027 3378 1098 adderetur,
3410 1048 3519 1088 non
3543 1031 3660 1105 jam

2067 1113 2246 1168 crucis
2289 1115 2517 1184 species,
2546 1114 2641 1170 sed
2691 1114 2805 1187 ipsa
2853 1131 2990 1172 crux
3031 1125 3190 1175 esset.
3224 1119 3364 1187 Quia
3401 1137 3528 1194 ergo
3558 1121 3660 1180 iste

2067 1208 2434 1258 trecentorum
2485 1219 2748 1260 numerus
2790 1204 2848 1260 in
2893 1213 2988 1262 tau
3032 1207 3212 1264 littera
3239 1209 3574 1280 continetur,
3606 1219 3661 1268 et

2065 1305 2162 1360 per
2187 1297 2280 1345 tau
2311 1291 2569 1360 litteram,
2602 1292 2745 1349 sicut
2765 1293 3033 1364 diximus,
3054 1298 3260 1368 species
3280 1300 3462 1356 crucis
3480 1308 3660 1358 osten-

2065 1379 2238 1447 ditur,
2274 1396 2383 1434 non
2414 1379 2692 1436 immerito
2731 1382 2788 1438 in
2822 1383 2908 1440 his
2937 1387 3196 1444 trecentis
3224 1387 3533 1444 Gedeonem
3564 1407 3661 1446 se-

2066 1468 2360 1540 quentibus
2390 1469 2474 1525 illi
2502 1470 2771 1542 designati
2800 1481 2946 1541 sunt,
2979 1475 3180 1548 quibus
3205 1476 3416 1533 dictum
3447 1485 3566 1534 est:
3602 1479 3662 1536 Si

2065 1558 2184 1628 quis
2212 1559 2325 1613 vult
2346 1565 2468 1630 post
2497 1577 2574 1615 me
2599 1561 2793 1626 venire,
2826 1563 3038 1635 abneget
3063 1565 3408 1637 semetipsum,
3431 1573 3480 1622 et
3509 1569 3662 1624 tollat

2065 1663 2269 1703 crucem
2296 1665 2469 1716 suam,
2504 1657 2553 1707 et
2591 1659 2842 1723 sequatur
2877 1671 2957 1709 me
2985 1655 3135 1726 (Luc.
3174 1673 3253 1725 IX,
3275 1655 3387 1729 23).
3429 1656 3535 1725 Qui
3564 1674 3661 1714 se-

2066 1745 2292 1807 quentes
2307 1740 2604 1795 Dominum
2623 1749 2774 1798 tanto
2791 1744 2974 1800 verius
2990 1760 3206 1801 crucem
3225 1746 3660 1820 tollunt,quanto

351 1821 618 1892 mysterio
648 1837 758 1877 non
784 1821 1069 1878 recedunt.
1112 1822 1248 1889 Quis
1274 1822 1422 1877 enim
1453 1836 1697 1892 unquam
1723 1835 1846 1875 cum
1880 1820 1954 1874 la-
1983 1841 2028 1901 Β
2063 1826 2245 1881 acrius
2273 1835 2326 1883 et
2355 1843 2412 1883 se
2457 1826 2736 1898 edomant,
2764 1838 2818 1886 et
2847 1847 2972 1901 erga
3000 1833 3283 1904 proximos
3311 1852 3439 1891 suos
3467 1835 3662 1892 chari-

353 1908 510 1980 genis
538 1917 590 1964 et
618 1909 963 1982 lampadibus
978 1911 1046 1966 ad
1077 1911 1328 1983 praelium
1360 1910 1565 1966 venit?
1593 1909 1733 1976 Quia
1762 1915 1954 1964 contra

352 2021 508 2061 arma
549 2007 792 2076 veniens,
841 2023 994 2063 arma
1034 2007 1324 2064 deseruit?
1360 2007 1617 2065 Ridicula
1646 2005 1806 2061 nobis
1837 2005 1954 2062 haec

354 2094 599 2165 profecto
627 2095 868 2164 fuerant,
895 2096 941 2152 si
994 2096 1269 2153 terribilia
1289 2096 1542 2152 hostibus
1563 2111 1674 2150 non
1696 2093 1950 2150 fuissent.

353 2182 459 2239 Sed
487 2184 719 2240 victoria
747 2183 866 2257 ipsa
890 2192 1121 2242 testante
1159 2185 1482 2254 didicimus,
1513 2185 1537 2220 ³
1566 2199 1634 2240 ne
1663 2183 1819 2256 parvi
1835 2182 1955 2238 hac

353 2287 475 2343 quae
507 2272 651 2329 facta
679 2280 809 2329 sunt
823 2274 1238 2344 perpendamus.
1265 2274 1487 2331 Gedeon
1519 2274 1702 2346 itaque
1722 2272 1791 2328 ad
1821 2288 1954 2343 prae.

355 2357 492 2413 lium
523 2360 774 2427 veniens,
803 2360 1184 2434 Redemptoris
1221 2362 1396 2418 nostri
1425 2362 1605 2434 signat
1629 2360 1951 2428 adventum,

353 2451 501 2510 990
523 2447 591 2506 de
610 2466 720 2522 quo
764 2451 1032 2522 scriptum
1052 2460 1134 2507 est
1159 2470 1170 2507 :
1206 2455 1395 2509 Tollite
1410 2455 1646 2523 portas,3
1665 2451 1952 2522 principes,

351 2552 581 2610 vestras,
620 2553 667 2600 et
691 2548 966 2601 elevamini
990 2555 1160 2619 portae
1183 2550 1472 2616 ceternales,
1511 2555 1557 2603 et
1581 2549 1820 2604 introibit
1859 2565 1955 2603 rex

353 2634 566 2704 glorise.
578 2634 792 2700 Quisest
805 2635 900 2690 iste
910 2653 1008 2690 rea:
1021 2637 1234 2708 gloriw?
1253 2637 1509 2692 Dominus
1527 2637 1685 2707 fortis
1694 2643 1741 2692 et
1752 2643 1955 2709 potens,

351 2721 620 2776 Dominus
633 2728 818 2792 potens
838 2723 894 2777 in
898 2725 1089 2794 prwlio
1105 2726 1123 2795 (
1129 2727 1258 2781 Psal
1265 2726 1598 2798 .xxm,7,8)‘
1611 2725 1712 2782 Hic
1730 2725 1955 2782 Redem-

350 2815 572 2881 ptorem
595 2817 844 2865 nostrum
866 2827 974 2868 non
1003 2813 1179 2867 solum
1208 2828 1390 2884 opere,
1413 2813 1505 2869 sed
1537 2814 1698 2869 etiam
1730 2813 1955 2869 nomine

353 2897 723 2970 prophetavit.
739 2898 958 2955 Gedeon
976 2917 1098 2956 nam
1107 2917 1210 2973 que
1224 2901 1956 2974 interpretaturcircumiens

353 2987 418 3042 in
450 2994 627 3042 utero.
650 2987 922 3045 Dominus
941 2990 1090 3044 enim
1113 2997 1298 3046 noster
1322 3007 1418 3063 per
1444 2991 1744 3063 majestatis
1765 3000 1955 3064 poten-

355 3077 491 3131 tiam
521 3077 708 3133 omnia
732 3078 1138 3150 complectitur,
1169 3087 1223 3135 et
1250 3089 1435 3136 tamen
1466 3097 1562 3152 per
1596 3080 1954 3154 dispensatio-

356 3171 443 3227 nis
459 3169 692 3242 gratiam
721 3171 868 3226 intra
886 3179 1106 3226 uterum
1132 3171 1380 3245 Virginis
1408 3175 1429 3208 ⁵
1455 3171 1853 3229 humanitatem
1867 3191 1954 3230 su-
1986 3194 2029 3254 ο

353 3279 508 3318 mens
537 3262 712 3317 venit.
746 3263 879 3330 Quis
917 3271 1000 3318 est
1036 3279 1164 3336 ergo
1184 3264 1516 3321 circumiens
1554 3265 1611 3320 in
1641 3273 1818 3335 utero,
1844 3267 1953 3322 nisi

353 3352 706 3424 omnipotens
753 3352 900 3407 Deus
935 3368 1034 3407 sua
1063 3351 1470 3425 dispensatione
1518 3371 1618 3410 nos
1653 3355 1950 3424 redimens,

352 3443 649 3499 divinitate
669 3452 868 3499 cuncta
883 3443 1270 3516 complectens,
1292 3454 1346 3502 et
1374 3444 1773 3502 humanitatem
1807 3446 1953 3502 intra

353 3541 576 3590 uterum
606 3533 872 3590 sumens?
910 3534 972 3589 In
1003 3551 1112 3606 quo
1139 3542 1297 3590 utero
1328 3543 1382 3591 et
1413 3536 1730 3592 incarnatus
1774 3543 1876 3604 est,
1899 3543 1953 3591 et

350 3623 572 3679 clausus
599 3639 709 3678 non
732 3629 835 3690 est,
867 3623 998 3695 quia
1021 3630 1075 3678 et
1105 3623 1251 3679 intra
1269 3631 1490 3680 uterum
1513 3623 1621 3679 fuit
1649 3640 1746 3696 per
1782 3623 1954 3679 inﬁr-

351 3711 566 3768 mitatis
593 3712 975 3780 substantiam,
1007 3719 1062 3767 et
1090 3713 1112 3747 ⁶
1141 3719 1304 3767 extra
1341 3711 1609 3768 mundum
1641 3731 1738 3785 per
1765 3721 1958 3785 poten-

354 3799 491 3856 tiam
532 3799 850 3872 majestatis.
880 3800 1101 3857 Madian
1121 3816 1254 3856 vero
1284 3800 1675 3873 interpretatur
1699 3801 1768 3857 de
1790 3801 1954 3873 judi-

348 3891 458 3947 cio.
495 3891 565 3948 Ut
605 3892 753 3947 enim
800 3891 986 3947 hostes
1019 3890 1137 3963 ejus
1178 3891 1481 3964 repellendi
1527 3891 1952 3964 destruendique

347 3987 557 4049 essent,
589 3997 698 4036 non
729 3980 796 4037 de
827 3981 967 4038 vitio
990 3981 1309 4054 repellentis
1341 3981 1436 4038 sed
1469 3981 1536 4038 de
1567 3980 1782 4053 judicio
1805 3981 1953 4053 juste

342 4067 652 4139 judicantis
676 4068 802 4124 fuit.
846 4058 917 4125 Et
949 4069 1156 4126 idcirco
1177 4069 1244 4126 de
1266 4069 1482 4143 judicio
1511 4077 1801 4139 vocantur,
1824 4070 1954 4143 quia

347 4157 516 4212 alieni
535 4173 566 4212 a
595 4157 768 4228 gratia
797 4157 1199 4230 Redemptoris,
1221 4157 1385 4230 justas
1425 4159 1800 4216 damnationis
1830 4173 1950 4214 me-

347 4247 519 4303 ritum
549 4247 716 4303 etiam
745 4247 804 4304 in
837 4247 1106 4304 vocabulo
1135 4249 1380 4305 nominis
1405 4249 1652 4305 trahunt.

422 4360 564 4435 [γει.
597 4362 858 4419 XXXIII.
885 4361 908 4436 ]
943 4361 1028 4418 74.
1059 4361 1198 4430 Quid
1216 4362 1507 4435 signiﬁcent
1528 4363 1741 4419 trecenti
1760 4363 1952 4419 milites

346 4470 467 4508 cum
499 4452 728 4508 Gedeone
760 4449 1389 4524 pugnantes—Contra
1425 4450 1526 4507 hos
1564 4451 1786 4508 Gedeon
1824 4468 1950 4510 cum

2065 1912 2193 1969 tatis
2236 1917 2610 1987 compassione
2647 1917 2981 1975 cruciantur.
3017 1915 3168 1977 Unde
3197 1931 3252 1978 et
3280 1941 3376 1995 per
3402 1925 3660 1982 Ezechie-

2063 2000 2171 2056 lem
2203 2003 2525 2076 prophetam
2545 2005 2749 2062 dicitur
2781 2025 2793 2063 :
2829 2009 2990 2080 Signa
3015 2016 3104 2065 tau
3123 2027 3281 2083 super
3300 2011 3501 2082 frontes
3520 2013 3660 2069 viro-

2063 2109 2186 2147 rum
2211 2096 2518 2165 gementium
2546 2103 2594 2151 et
2619 2097 2904 2154 dolentium
2936 2099 3150 2170 (Ezech.
3178 2119 3258 2170 Ix,
3282 2102 3362 2175 4).
3392 2104 3490 2160 Vel
3513 2112 3660 2162 certe

2068 2182 2124 2236 in
2155 2181 2242 2238 his
2271 2184 2549 2252 trecentis,
2585 2185 2678 2256 qui
2724 2186 2779 2241 in
2809 2195 2902 2242 tau
2933 2187 3116 2244 littera
3143 2191 3522 2261 continentur,
3553 2193 3660 2251 hoc

2065 2271 2416 2342 exprimitur,
2449 2273 2594 2344 quod
2625 2273 2828 2329 ferrum
2858 2273 3104 2333 hostium
3125 2277 3305 2334 crucis
3333 2279 3482 2352 ligno
3501 2297 3658 2355 supe-

2065 2369 2234 2415 retur.
2268 2360 2539 2434 Ductique
2567 2369 2697 2418 sunt
2723 2362 2791 2418 ad
2818 2363 3072 2434 ﬂuvium,
3105 2373 3167 2422 ut
3196 2383 3364 2439 aquas
3383 2368 3656 2440 biberent,

2065 2457 2120 2504 et
2147 2449 2460 2523 quicunque
2487 2467 2655 2524 aquas
2693 2451 2852 2508 ﬂexis
2879 2452 3109 2525 genibus
3145 2453 3466 2526 hauserunt,
3489 2474 3522 2514 a
3547 2458 3658 2515 bel-

2067 2542 2171 2598 lica
2199 2542 2504 2598 intentione
2533 2545 2730 2600 remoti
2759 2554 2906 2602 sunt.
2929 2546 3104 2618 Aquis
3131 2563 3386 2620 namque,
3409 2549 3661 2607 doctrina

2067 2632 2380 2703 sapientiae;
2421 2641 2599 2689 stante
2641 2643 2822 2690 autem
2855 2651 3018 2708 genu,
3049 2644 3197 2694 recta
3227 2639 3472 2711 operatio
3501 2640 3660 2697 desi-

2067 2731 2281 2793 gnatur.
2332 2721 2437 2790 Qui
2483 2739 2611 2795 ergo
2650 2722 2782 2780 dum
2826 2740 2996 2798 aquas
3037 2724 3255 2796 bibunt,
3297 2729 3660 2800 genuﬂexisse

2068 2811 2445 2882 perhibentur,
2468 2827 2499 2866 a
2516 2810 2786 2869 bellorum
2815 2815 3112 2872 certamine
3133 2815 3399 2890 prohibiti
3419 2834 3659 2877 recesse-

2066 2908 2218 2967 runt,
2241 2901 2369 2974 quia
2389 2917 2515 2956 cum
2546 2901 2659 2957 illis
2680 2900 2933 2959 Christus
2960 2912 3149 2960 contra
3181 2905 3364 2961 hostes
3389 2906 3519 2962 ﬁdei
3540 2923 3658 2981 per-

2067 2988 2144 3060 git
2172 2989 2240 3044 ad
2271 2989 2540 3060 praelium,
2564 2990 2659 3062 qui
2687 3007 2813 3046 cum
2844 2991 3108 3048 doctrinas
3137 2992 3341 3049 ﬂuenta
3371 2993 3654 3065 hauriunt,

2065 3077 2454 3134 rectitudinem
2487 3093 2711 3150 operum
2744 3094 2854 3135 non
2885 3080 3192 3138 inﬂectunt.
3225 3081 3428 3138 Omnes
3457 3083 3658 3157 quippe

2065 3174 2198 3224 tunc
2225 3166 2428 3224 bibisse
2458 3184 2676 3241 aquam,
2709 3167 2802 3225 sed
2832 3185 2943 3226 non
2973 3187 3164 3228 omnes
3191 3179 3341 3230 recto
3370 3189 3513 3246 genu
3537 3183 3658 3231 ste-

2063 3257 2192 3312 tisse
2236 3256 2440 3313 narrati
2488 3265 2636 3314 sunt.
2682 3259 3084 3332 Reprohatique
3126 3269 3276 3330 sunt,
3318 3263 3412 3334 qui
3459 3279 3654 3335 genua,

2061 3345 2194 3402 dum
2242 3363 2409 3419 aquas
2455 3346 2725 3416 biberent,
2771 3349 3138 3418 inﬂexerant;
3187 3349 3318 3422 quia
3365 3357 3657 3408 attestante

2061 3435 2323 3507 Apostolo
2356 3455 2368 3492 :
2402 3438 2521 3493 Non
2548 3437 2817 3494 auditores
2848 3439 2972 3510 legis
2989 3437 3129 3508 justi
3155 3446 3278 3495 sunt
3301 3439 3446 3511 apud
3464 3441 3655 3506 Deum,

2060 3525 2147 3578 sed
2189 3530 2327 3587 991
2362 3524 2588 3594 factores
2620 3525 2744 3596 legis
2763 3527 3205 3599 Justiﬁcabuntur
3236 3527 3411 3600 (Rom.
3443 3545 3504 3596 ιι,
3540 3529 3652 3601 13).

2061 3622 2200 3688 Quia
2246 3623 2418 3692 enim,
2449 3631 2510 3678 ut
2546 3622 2811 3692 diximus,
2845 3624 3136 3682 dissolutio
3179 3641 3408 3698 operum
3453 3627 3508 3683 in
3540 3629 3658 3699 ipsa

2063 3727 2300 3782 genuum
2325 3711 2706 3768 incurvatione
2726 3713 2988 3782 signatur,
3005 3722 3149 3771 recte
3169 3731 3388 3770 rursum
3407 3732 3504 3786 per
3520 3716 3656 3771 Pau-

2062 3801 2177 3855 lum
2207 3798 2415 3855 dicitur
2447 3818 2458 3854 :
2493 3799 2756 3856 Remissas
2784 3817 2973 3854 manus
2999 3807 3048 3856 et
3074 3802 3335 3856 dissoluta
3352 3819 3521 3872 genua
3547 3803 3656 3858 eri-

2060 3889 2181 3960 gite,
2203 3894 2250 3943 et
2274 3904 2482 3960 gressus
2510 3893 2674 3943 rectos
2693 3888 2852 3957 facite
2867 3890 3087 3960 pedibus
3114 3891 3301 3944 vestris
3333 3890 3516 3960 (Hebr.
3551 3907 3653 3960 xu,

2067 3977 2178 4048 l2).
2215 3977 2283 4033 Hi
2315 3994 2442 4050 ergo
2487 3976 2706 4035 Christo
2754 3977 2892 4035 duce
2933 3979 3003 4037 ad
3039 3978 3247 4035 bellum
3279 3979 3300 4015 ⁸
3329 3979 3653 4050 procedunt,

2061 4067 2157 4140 qui
2201 4067 2307 4124 hoc
2350 4067 2498 4140 quod
2527 4083 2620 4124 ore
2654 4067 2988 4125 annuntiant
3016 4084 3179 4140 opere
3207 4067 3525 4138 ostendunt,
3557 4074 3653 4144 qui

2061 4155 2267 4213 ﬂuenta
2286 4155 2552 4214 doctrinae
2581 4156 2942 4229 spiritualiter
2961 4157 3246 4227 hauriunt,
3271 4174 3374 4215 nec
3393 4167 3574 4216 tamen
3596 4159 3655 4216 in

2061 4247 2246 4317 pravis
2279 4246 2536 4320 operibus
2584 4246 2946 4304 inﬂectuntur
2989 4246 3306 4317 carnaliter,
3337 4247 3468 4324 quia
3511 4247 3656 4306 sicut

2059 4335 2324 4407 scriptum
2355 4344 2438 4391 est
2468 4353 2480 4390 :
2512 4336 2632 4393 Non
2658 4341 2734 4391 est
2761 4336 2994 4408 speciosa
3021 4337 3138 4393 laus
3166 4336 3226 4392 in
3251 4353 3343 4392 ore
3362 4336 3657 4409 peccatoris

2061 4423 2248 4495 (Eccli.
2279 4439 2376 4492 xv,
2406 4423 2487 4495 9).

347 4540 609 4597 trecentis
633 4540 810 4613 pergit
836 4539 906 4596 ad
934 4538 1207 4612 praelium.
1227 4539 1378 4595 Solet
1408 4540 1466 4596 in
1495 4541 1811 4598 centenario
1839 4556 1938 4596 nu-
1977 4553 2025 4612 ι)
2129 4539 2216 4595 75.
2255 4538 2396 4606 Quid
2426 4539 2578 4608 tubis,
2601 4539 2870 4612 lampades
2895 4546 2944 4597 et
2987 4541 3202 4614 lagenw,
3224 4558 3341 4598 cum
3376 4541 3566 4614 quibus
3583 4541 3658 4597 ad

347 4646 500 4685 mero
519 4628 804 4702 plenitudo
846 4627 1198 4701 perfectionis
1228 4627 1482 4701 intelligi.
1515 4628 1661 4696 Quid
1685 4645 1812 4701 ergo
1855 4644 1952 4700 per
2053 4629 2304 4700 prtelium
2338 4634 2714 4701 perrexerunt,
2745 4635 2794 4684 et
2837 4630 3005 4686 hostes
3033 4631 3380 4688 debellarunt.
3411 4662 3482 4674 —
3510 4631 3652 4688 Itum

347 4726 431 4773 ter
456 4717 685 4775 ductum
735 4715 1113 4774 centenarium
1145 4732 1437 4773 numerum
1471 4716 1806 4790 designatur,
1840 4713 1949 4771 nisi

351 4807 599 4882 perfecta
627 4807 870 4881 cognitio
898 4805 1230 4863 Trinitatis?
1258 4804 1396 4864 Cum
1425 4805 1515 4862 his
1537 4805 1738 4880 quippe
1763 4807 1949 4864 Domi-

427 5027 454 5100 ‘_
472 5023 635 5082 Corb.
656 5022 866 5100 Germ.,
885 5019 1077 5100 Gilot.,
1100 5017 1372 5100 Gussanv.
1406 5025 1460 5100 et
1477 5019 1628 5100 plur.
1656 5018 1784 5100 Ed,
1805 5021 1946 5100 tam.

384 5097 510 5152 ades
535 5099 899 5167 aperuerunt;
957 5097 1076 5148 cret.
1109 5091 1235 5167 Mss.
1268 5097 1323 5167 et
1343 5097 1452 5146 vet.
1481 5091 1654 5146 ’Edit.
1695 5091 1866 5167 Paris.
1894 5100 1949 5148 et

384 5114 510 5152 ααεε
535 5114 899 5167 aperuerunt;
957 5114 1076 5148 οδει.
1109 5114 1235 5146 MSS.
1268 5114 1323 5146 Cl
1347 5114 1452 5146 νει.
1501 5114 1654 5146 nun.
1695 5114 1866 5148 raris.
1894 5114 1946 5148 θι

339 5114 541 5235 ἓωὶιη
570 5169 973 5239 apparuerunt;
1000 5177 1163 5235 quam
1194 5159 1484 5218 lectionem
1510 5163 1946 5234 anteponendam

349 5239 645 5384 άῃῖἕιᾶῗῐῗ
674 5325 807 5384 cum
825 5307 987 5384 Gorb.
1011 5307 1316 5384 _Ge_r_m.,_ne
1340 5320 1529 5384 parua.
1549 5303 1692 5384 haec;
1724 5305 1942 5384 melius,

345 5381 583 5509 prepare):
594 5399 615 5446 ;
630 5374 777 5506 qutod
795 5378 993 5451 legitur
1006 5378 1066 5433 in
1079 5377 1206 5434 Mss.
1226 5374 1440 5442 Norm.,
1463 5374 1722 5443 Vindoc.,
1745 5376 1942 5444 Laud.,

400 5469 431 5508 a
462 5496 474 5507 .
588 5495 626 5509 ..
657 5467 685 5506 e
712 5468 761 5508 c.

400 5467 474 5508 al.
517 5467 626 5508 UL.
657 5467 761 5508 etc.

423 5495 474 5559 ἶ.
486 5495 626 5579 νέιῖἶ
774 5519 1038 5591 principis
1071 5517 1249 5591 vestri.

423 5538 445 5559 ³
496 5538 610 5579 val.
639 5538 748 5590 LL,
817 5538 1038 5591 rmotpts
1071 5538 1249 5572 venri.

422 5596 458 5668 ‘4
480 5595 594 5662 Al.,
612 5594 746 5648 hunc
765 5538 1173 5668 gedeniptorem:
1211 5588 1682 5668 Interpretationis
1701 5589 1945 5668 nominis

351 5666 697 5742 Gedeonquae
729 5662 1044 5742 subjicitun
1064 5662 1214 5742 ratio
1230 5674 1349 5742 nos
1375 5662 1508 5741 latet
1527 5677 1546 5742 ξ
1583 5662 1943 5742 certe-locum

346 5754 457 5792 non
489 5731 656 5792 hab'et
684 5736 742 5790 in
769 5731 920 5790 fonte
949 5731 1112 5789 Hebr.
1149 5732 1406 5786 Attamen
1441 5731 1501 5786 in
1531 5731 1568 5786 1.
1614 5732 1681 5788 de
1714 5733 1939 5789 Nomin.

347 5808 514 5866 Hebr.
545 5806 722 5866 sancti
754 5803 1099 5878 Hieronymi,
1128 5801 1279 5860 Edit.
1306 5801 1478 5859 Paris.
1513 5801 1672 5872 1546,
1703 5811 1835 5872 etc.,
1872 5805 1943 5861 le-

2058 4734 2184 4792 ergo
2231 4727 2314 4776 est
2363 4718 2431 4774 ad
2478 4718 2727 4791 praelium
2766 4735 2892 4777 cum
2922 4719 3093 4789 tubis,
3127 4737 3254 4778 cum
3285 4717 3654 4790 lampadibus,

2057 4825 2182 4866 cum
2211 4809 2435 4883 lagenis.
2468 4811 2490 4846 ⁹
2519 4807 2820 4867 Inusitatus
2849 4808 2970 4880 iste,
3002 4817 3065 4866 ut
3093 4808 3360 4876 diximus,
3391 4805 3498 4862 fuit
3517 4803 3654 4860 ordo

2057 5023 2235 5098 gitur;
2266 5023 2797 5098 Gedeoneircumiens
2818 5025 2872 5077 in
2885 5031 3060 5098 utero,
3084 5025 3164 5080 vel
3181 5019 3387 5098 inutile,
3409 5015 3518 5098 sive
3537 5021 3657 5098 ten-

2059 5089 2184 5169 tet-io
2213 5093 2513 5169 iniquitatis
2535 5112 2714 5169 eorum
2739 5095 2954 5169 ;_verba
2982 5089 3164 5151 autem
3194 5093 3253 5147 in
3271 5095 3417 5169 utero
3441 5089 3519 5169 vel
3536 5089 3654 5169 inu-

2057 5167 2166 5232 tile,
2210 5161 2319 5219 sive
2365 5165 2577 5220 tentatio
2614 5166 2914 5235 iniquitatis
2942 5183 3156 5232 eorum;
3190 5161 3356 5220 verba
3385 5167 3570 5217 autem
3597 5161 3657 5215 in

2055 5243 2204 5290 utero
2231 5236 2313 5290 vel
2338 5236 2525 5291 inutile
2555 5236 2612 5290 in
2640 5251 2770 5290 nov.
2803 5237 2954 5292 Edit.
2987 5253 3100 5292 non
3130 5239 3472 5306 comparent.

2126 5308 2146 5340 ⁵
2177 5308 2337 5378 Deest
2377 5307 2755 5378 humanitatem
2781 5323 3008 5378 sumens,
3039 5307 3098 5364 in
3127 5300 3344 5374 Noun,
3385 5300 3648 5370 Vindoc.,

2054 5377 2178 5434 Val.
2212 5377 2295 5433 Cl.
2323 5384 2378 5433 et
2412 5377 2576 5434 Corb.
2610 5376 2796 5433 Germ.

2126 5451 2146 5484 ⁸
2177 5448 2398 5505 Ebroic.
2431 5457 2484 5504 et
2523 5447 2784 5516 Vindoc.,
2815 5452 2967 5503 extra
2995 5453 3224 5503 uterum.

2125 5521 2144 5556 ⁷
2173 5520 2374 5575 Pratel.
2401 5527 2455 5576 et
2480 5518 2741 5587 Vindoc.,
2773 5519 2982 5576 stravit.

2054 5662 2089 5718 ἀ
2128 5593 2148 5629 ⁸
2179 5590 2342 5718 Corb.
2371 5591 2583 5657 Germ.,
2615 5590 2875 5659 Vindoc.,
2895 5591 3108 5660 Norm.,
3145 5589 3344 5659 Laud.,
3375 5598 3505 5659 etc.,
3523 5605 3653 5663 pro-

2093 5679 2194 5718 eun
2220 5707 2232 5718 .

2093 5669 2232 5719 eunt.

2124 5736 2146 5769 θ
2178 5733 2351 5791 Iidem
2401 5734 2559 5803 Cod.,
2608 5734 2776 5806 Atque
2817 5733 2931 5801 iste,
2983 5740 3043 5790 ut
3082 5734 3338 5802 dias-imus,
3377 5733 3484 5806 fuit
3520 5732 3656 5789 ordo

2049 5806 2356 5878 prwliandi.
