4156 6178
583 318 690 374 567

1796 326 2047 386 SANCTI
2085 328 2426 390 GREGOBII
2461 333 2688 392 MAGNI

3770 347 3870 405 568

583 439 892 538 praeliandi.
921 441 1259 538 Cecinerunt
1301 445 1472 515 tubis,
1504 454 1560 504 et
1599 447 1842 507 sinistris
1871 451 2076 524 lagenis
2103 462 2180 510 te-
2205 456 2260 515 A
2287 460 2484 529 modio,
2514 461 2603 518 sed
2635 477 2798 534 super
2821 463 3195 522 candelabrum
3225 464 3438 538 (Matth.
3457 483 3515 533 ν,
3537 467 3652 538 15).
3681 468 3740 525 In
3769 486 3871 528 mo-

583 529 858 591 uebantur
881 549 892 588 :
917 530 1063 588 intra
1082 533 1300 604 lagenas
1319 542 1506 592 autem
1523 544 1655 594 sunt
1673 539 1855 595 missae
1877 541 2184 614 lampades;

585 619 884 679 confractis
914 636 1043 676 vero
1076 621 1282 693 lagenis
1309 623 1588 696 lampades
1617 634 1847 686 ostensa
1875 639 2024 699 sunt,
2057 647 2188 704 qua-

583 725 708 766 rum
735 717 1056 767 coruscante
1087 710 1230 779 luce,
1253 711 1439 768 hostes
1461 714 1639 770 territi
1665 715 1722 771 in
1753 717 1936 789 fugam
1959 727 2186 778 vertuno

583 804 694 855 tur.
711 797 1041 870 Designatur
1055 799 1240 872 itaque
1263 801 1322 856 in
1343 800 1495 858 tubis
1514 803 1722 860 clamor
1741 807 2184 880 praedioantium,

583 886 644 944 in
684 887 1054 958 lampadibus,
1073 889 1296 946 claritas
1335 891 1755 964 miraculorum,
1779 895 1838 952 in
1859 897 2064 970 lagenis
2081 899 2186 956 fra-

584 975 768 1048 gilitas
797 993 1112 1050 corporum.
1139 979 1298 1036 Tales
1321 979 1525 1053 quippe
1553 999 1738 1040 secum
1770 985 1886 1042 dux
1916 997 2100 1046 noster
2118 989 2188 1045 ad

583 1065 992 1142 praedicationis
1009 1069 1262 1139 praelium
1285 1069 1468 1139 duxit,
1494 1071 1590 1144 qui
1605 1073 1860 1146 despecta
1878 1077 2052 1133 salute
2071 1095 2187 1136 cor-

585 1155 993 1230 porum,hostes
1009 1173 1138 1212 suos
1154 1157 1440 1216 moriendo
1455 1171 2188 1241 prosternerent,eorumque

585 1245 794 1316 gladios
822 1261 933 1301 non
965 1246 1154 1315 armis,
1175 1264 1290 1304 non
1319 1249 1535 1321 gladiis,
1555 1252 1649 1308 sed
1667 1253 1935 1324 patientia
1954 1272 2190 1328 supera-

585 1335 951 1390 rent.Armali
973 1335 1122 1392 enim
1145 1348 1417 1396 venerunt
1437 1340 1542 1396 sub
1563 1341 1703 1400 duce
1721 1359 1822 1399 suo
1838 1343 1913 1400 ad
1935 1346 2186 1416 praelium

583 1432 855 1496 martyres
877 1423 1084 1492 nostri;
1108 1425 1203 1481 sed
1223 1426 1398 1496 tubis,
1423 1428 1517 1485 sed
1543 1429 1772 1502 lagenis,
1797 1433 1892 1488 sed
1913 1433 2191 1506 lampadi-

583 1511 818 1580 bus.Qui
840 1521 1149 1571 sonuerunt
1179 1515 1350 1584 tubis,
1373 1515 1503 1572 dum
1536 1519 1875 1591 praedicant;
1905 1522 2189 1594 confrege-

583 1609 716 1660 runt
743 1601 981 1674 lagenas,
1011 1601 1146 1658 dum
1177 1603 1442 1661 solvenda
1469 1605 1528 1662 in
1556 1605 1810 1678 passione
1839 1625 1937 1664 sua
1965 1626 2192 1684 corpora

584 1688 884 1749 hostilibus
899 1691 1097 1764 gladiis
1123 1695 1137 1727 ί
1162 1709 1342 1765 oppon
1353 1701 1451 1749 unt
1471 1711 1484 1760 ;
1504 1695 1964 1766 resplenduerunt
1987 1700 2190 1774 lampa-

2299 546 2394 605 dio
2421 549 2567 607 enim
2609 551 2960 610 commodum
3003 555 3322 628 temporale,
3362 555 3422 611 in
3451 555 3676 614 lucerna
3705 565 3871 615 autem

2297 635 2396 694 lux
2430 639 2835 710 praedicationis
2861 643 3146 716 accipitur.
3177 644 3482 701 Lucernam
3503 660 3632 718 ergo
3657 645 3757 703 sub
3771 663 3873 705 mo-

2297 725 2390 782 dio
2409 728 2430 763 3
2481 743 2680 800 ponere
2730 739 2812 787 est
2873 739 3091 805 propter
3155 733 3457 804 temporale
3511 734 3876 808 commodum,

2297 816 2524 887 gratiam
2552 818 2959 890 praedicationis
3002 821 3356 890 abscondere,
3387 821 3536 895 quod
3577 839 3740 880 nemo
3765 823 3878 880 uti-

2296 922 2400 978 que
2452 908 2751 967 electorum
2799 911 2950 969 facit.
2977 911 3049 967 Et
3091 911 3232 968 bene
3287 909 3407 968 illic
3435 911 3694 970 additur:
3727 915 3748 952 ⁴
3787 915 3880 972 Sed

2296 1012 2456 1070 super
2467 1000 2864 1056 candelabrum.
2887 1001 2950 1058 In
2972 999 3302 1057 candelabro
3327 1000 3479 1056 enim
3508 1007 3684 1059 status
3703 1019 3882 1076 corpo-

2297 1083 2373 1141 ris
2402 1085 2741 1158 designatur,
2762 1089 2852 1146 cui
2881 1089 3107 1148 lucerna
3123 1088 3536 1162 superponitur,
3557 1089 3696 1146 dum
3713 1091 3882 1148 eidem

2297 1178 2514 1249 corpori
2542 1195 2673 1238 cura
2717 1180 3124 1253 praedicationis
3167 1180 3490 1238 antefertur.
3535 1181 3686 1240 Bene
3713 1183 3886 1256 itaque

2297 1281 2394 1337 per
2421 1266 2748 1339 Prophetam
2793 1269 3002 1326 dictum
3032 1277 3142 1326 est:
3186 1270 3457 1340 Sceptrum
3493 1271 3760 1326 eaactoris
3780 1271 3886 1342 ejus

2299 1359 2584 1428 superasti,
2615 1360 2748 1415 sicut
2765 1360 2822 1414 in
2848 1361 2932 1416 die
2958 1360 3184 1418 Madian
3211 1359 3369 1432 (Isai.
3394 1375 3474 1429 rx,
3504 1359 3586 1431 4).
3624 1360 3732 1418 Sed
3769 1362 3889 1434 quia

2300 1447 2614 1518 exponendi
2634 1449 2940 1522 prophetici
2967 1449 3270 1506 testimonii
3282 1448 3457 1522 gratia
3480 1449 3643 1522 longe
3662 1450 3888 1523 digressi

2301 1549 2514 1605 sumus,
2544 1536 2613 1592 ad
2641 1537 2821 1610 operis
2845 1538 3019 1596 nostri
3047 1537 3299 1595 ordinem
3331 1545 3694 1594 revertamur.
3725 1538 3891 1610 Igitur

2301 1633 2588 1698 postquam
2607 1626 2813 1684 dictum
2833 1635 2944 1684 est:
2969 1629 3267 1686 Clamorem
3285 1629 3550 1685 exactor-is
3576 1646 3685 1684 non
3701 1629 3890 1694 audiit,

2299 1714 2430 1786 quia
2473 1715 2733 1772 videlicet
2771 1717 2985 1790 antiqui
3033 1717 3210 1774 hostis
3252 1717 3485 1774 insidias
3524 1718 3797 1776 Dominus
3837 1717 3890 1773 in

585 1777 770 1850 dibus»
793 1778 927 1836 dum
959 1790 1082 1854 Ροδῐ
1110 1782 1768 1880 ⁸ο¹¹1ξίοηθηγθοῖβοΐιιω
1800 1787 2082 1847 miraculis
2101 1807 2188 1848 00-
2215 1813 2263 1874 Β
2297 1777 2460 1860 carne
2489 1805 2872 1862 manifestatus
2907 1777 3184 1879 despexit,
3234 1805 3370 1880 quid
3409 1806 3574 1863 etiam
3605 1806 3674 1864 de
3711 1803 3895 1864 electis

584 1879 970 1928 ruscaverunt.
989 1873 1226 1946 Moxque
1247 1871 1432 1930 hostes
1451 1874 1509 1930 in
1529 1875 1718 1947 fugam
1738 1881 1990 1937 conversi
2018 1889 2146 1938 sunt
2168 1899 2183 1950 ;

587 1959 718 2034 quia
745 1960 882 2018 dum
922 1971 1267 2018 mortuorum
1310 1970 1618 2036 martyrum
1649 1982 1877 2040 corpora
1905 1969 2187 2029 miraculis

586 2067 875 2108 coruscare
904 2051 1274 2124 conspiciunt,
1298 2053 1419 2110 luce
1439 2053 1691 2112 veritatis
1709 2057 1889 2129 fracti,
1911 2061 2059 2133 quod
2079 2061 2187 2116 im-

585 2149 992 2214 pugnaverunt,
1021 2143 1392 2201 crediderunt.
1427 2145 1762 2205 Cecinerunt
1791 2165 1918 2223 ergo
1941 2151 2189 2220 tubis,ut

587 2232 792 2304 lagenas
821 2231 1235 2304 frangerentur;
1271 2235 1474 2306 lagenas
1493 2234 1680 2293 fractae
1701 2247 1852 2308 sunt,
1881 2247 1948 2296 ut
1970 2241 2189 2314 lampa-

585 2321 684 2380 des
711 2331 1063 2396 apparerent;
1101 2334 1476 2398 apparuerunt
1503 2327 1802 2400 lampades,
1829 2338 1889 2386 ut
1924 2325 2108 2389 hostes
2131 2333 2190 2391 in

587 2412 772 2485 fugam
804 2421 1181 2482 verterentur;
1216 2415 1274 2471 id
1301 2422 1404 2484 est,
1431 2415 1877 2488 praedicaverunt
1897 2431 2188 2494 martyres,

588 2501 764 2558 donec
792 2517 981 2558 eorum
1004 2519 1232 2574 corpora
1260 2504 1319 2559 in
1350 2511 1526 2561 morte
1545 2507 1930 2577 solverentur;
1963 2526 2192 2582 corpora

589 2605 781 2645 eorum
811 2589 868 2645 in
903 2599 1082 2646 morte
1123 2591 1306 2647 soluta
1332 2600 1482 2661 sunt,
1527 2602 1588 2650 ut
1616 2593 1900 2653 miraculis
1928 2614 2191 2656 corusca-

589 2683 743 2744 rent;
777 2688 1208 2736 coruscavernnt
1237 2681 1540 2750 miraculis,
1571 2688 1632 2738 ut
1652 2681 1837 2740 hostes
1863 2701 1992 2742 suos
2019 2702 2091 2742 ex
2109 2686 2190 2743 di-

591 2767 722 2822 vina
766 2766 884 2824 luce
929 2777 1353 2841 prosternerent,
1386 2782 1654 2846 quatenus
1702 2790 2046 2850 nequaquam
2076 2779 2190 2834 Deo

590 2857 756 2914 erecti
788 2858 1124 2927 resisterent,
1154 2859 1250 2916 sed
1280 2877 1406 2918 eum
1436 2863 1647 2920 subditi
1675 2864 2060 2924 formidarent.

664 2946 750 3004 76.
779 2947 933 3004 Fidei
953 2949 1331 3020 praedicatores
1354 2953 1480 3024 plus
1509 2961 1674 3010 morte
1701 2971 1820 3025 sua,
1851 2973 2012 3027 quam
2035 2975 2191 3030 prte-

589 3037 848 3094 dicatione
867 3037 1377 3110 profecerunl.—Et
1415 3043 1716 3100 notandum
1748 3045 1895 3116 quod
1922 3054 2192 3104 steterunt

589 3126 777 3183 hostes
817 3135 944 3186 ante
991 3129 1228 3200 lagenas,
1259 3129 1522 3201 fugerunt
1559 3139 1685 3188 ante
1733 3133 2029 3206 lampades,
2063 3140 2193 3210 quia

591 3214 858 3270 nimirum
889 3224 1264 3288 persecutores
1282 3225 1483 3274 sanctae
1509 3219 1792 3290 Ecclesiae,
1824 3221 1952 3279 fidei
1981 3225 2193 3296 praedi-

590 3303 871 3361 catoribus
899 3305 1083 3364 adhuc
1115 3306 1174 3364 in
1201 3324 1432 3379 corpore
1461 3309 1655 3380 positis
1685 3311 2036 3380 restiterunt;
2069 3325 2192 3386 post

589 3393 926 3452 solutionem
949 3412 1082 3452 vero
1101 3411 1394 3468 corporum
1416 3399 1802 3470 apparentibus
1829 3400 2112 3460 miraculis
2133 3403 2190 3460 in

590 3483 776 3556 fugam
801 3485 947 3542 versi
976 3495 1122 3555 sunt,
1148 3486 1297 3559 quia,
1319 3502 1523 3559 pavore
1550 3489 1858 3557 conterriti,
1884 3507 1916 3546 a
1941 3507 2191 3564 persecu-

591 3572 742 3628 tione
772 3573 1021 3631 ﬁdelium
1053 3585 1424 3633 cessaverunt.
1445 3576 1839 3635 Praedicatione
1867 3581 2079 3639 scilicet
2108 3592 2193 3640 tu-

539 3715 542 3722 ,
589 3659 809 3729 barum,
859 3662 1048 3720 fractis
1094 3665 1305 3737 lagenis
1349 3681 1664 3740 corporum,
1713 3667 1851 3726 visis
1887 3669 2194 3730 timuerunt

592 3750 937 3825 lampadibus
967 3753 1382 3812 miraculorum.

665 3867 804 3942 Wet.
855 3871 1133 3946 XXXIV.]
1185 3871 1271 3928 77.
1322 3870 1424 3929 Cui
1467 3869 1648 3941 major
1692 3878 1768 3928 est
1795 3889 1927 3930 cura
1955 3875 2194 3948 corporis

591 3975 755 4030 quam
778 3960 1198 4030 pradicatio-nis,
1228 3960 1501 4016 metuenda
1529 3962 1848 4033 reprobatio.
1881 3994 1952 4006 —
1975 3965 2193 4021 Intuen-

593 4047 726 4102 dum
770 4055 852 4102 est
899 4049 1065 4102 etiam
1101 4047 1159 4102 id
1207 4048 1354 4119 quod
1393 4048 1511 4105 illic
1538 4050 1806 4122 scriptum
1835 4061 1936 4120 est,
1978 4053 2107 4126 quia
2134 4055 2192 4111 in

594 4133 824 4190 dextera
864 4133 1044 4206 tubas,
1077 4138 1294 4209 lagenas
1321 4146 1504 4194 autem
1535 4139 1594 4195 in
1625 4141 1848 4199 sinistra
1875 4150 2188 4202 tenuerunt.

593 4221 700 4276 Pro
729 4219 960 4278 dextero
985 4225 1134 4280 enim
1155 4224 1358 4282 habere
1383 4227 1626 4283 dicimur
1653 4229 1926 4302 quidquid
1955 4248 2054 4303 pro
2083 4249 2193 4288 ma-

594 4326 702 4384 gno
748 4326 1079 4383 pensamus;
1130 4333 1230 4390 pro
1277 4315 1502 4374 sinistro
1548 4334 1677 4375 vero
1706 4319 1852 4392 quod
1885 4336 1984 4394 pro
2013 4322 2194 4380 nihilo

593 4399 867 4457 ducimus.
899 4402 1046 4460 Bene
1074 4423 1201 4478 ergo
1233 4407 1350 4464 illic
1378 4409 1644 4480 scriptum
1673 4417 1755 4466 est
1783 4411 1931 4484 quod
1960 4411 2018 4468 in
2047 4412 2194 4469 dex-

2295 1894 2410 1951 suis
2438 1893 2630 1951 fecerit
2656 1901 2803 1952 recte
2826 1893 3134 1966 subjungit,
3165 1893 3355 1951 dicens
3380 1911 3392 1950 :

2857 1981 3088 2040 CAPUT
3107 1983 3314 2040 XXVI.

2365 2071 2536 2129 Vens.
2563 2071 2616 2129 8.
2645 2102 2716 2114 —
2751 2073 3122 2144 Circumspicit
3143 2079 3341 2128 montes
3361 2089 3576 2144 pascuae
3595 2087 3724 2128 suat.

2367 2161 2456 2217 78.
2488 2161 2669 2218 Etiam
2696 2161 2945 2232 superbos
2986 2161 3046 2215 in
3073 2177 3174 2216 sua
3201 2161 3442 2216 membra
3486 2157 3907 2230 transformavit

2303 2251 2563 2310 Christus.
2595 2249 2862 2308 Convertit
2882 2265 2966 2303 eos
2981 2264 3110 2318 quos
3129 2248 3337 2320 aspicit.
3369 2278 3442 2290 —
3466 2249 3678 2305 Montes
3695 2246 3901 2320 accipi-

2299 2355 2423 2396 mus
2440 2355 2632 2395 omnes
2643 2339 2814 2394 elatos
2839 2335 3006 2410 hujus
3027 2337 3238 2406 saeculi,
3256 2335 3352 2410 qui
3380 2337 3439 2392 in
3467 2335 3631 2393 corde
3645 2351 3750 2391 suo
3777 2335 3900 2392 alti-

2299 2427 2492 2484 tudine
2521 2435 2739 2484 terrena
2763 2434 3110 2484 tumuerunt.
3143 2426 3248 2484 Sed
3276 2425 3407 2500 quia
3435 2425 3600 2482 etiam
3631 2425 3769 2482 tales
3795 2427 3896 2484 Do-

2299 2517 2488 2574 minus
2537 2517 2800 2574 Ecclesiae
2843 2533 2953 2572 suae
2981 2515 3201 2589 corpori
3241 2531 3538 2573 conversos
3583 2514 3893 2583 inviscerat,

2300 2624 2501 2681 eosque
2530 2623 2562 2663 a
2585 2607 2756 2680 priori
2786 2605 3023 2662 elatione
3051 2611 3416 2674 commutans,
3451 2605 3510 2661 in
3529 2621 3628 2661 sua
3657 2601 3895 2661 membra

2299 2698 2680 2767 transformat,
2711 2697 2802 2754 isti
2833 2705 3050 2754 montes
3075 2712 3293 2770 pascuae
3321 2695 3441 2769 ejus
3465 2703 3614 2766 sunt,
3653 2694 3786 2769 quia
3801 2693 3895 2751 ni-

2299 2789 2499 2844 mirum
2523 2787 2592 2844 de
2617 2785 2976 2844 conversione
3005 2787 3334 2854 errantium,
3359 2795 3414 2843 et
3441 2784 3508 2842 de
3535 2785 3889 2858 superborum

2299 2879 2611 2936 humilitate
2633 2879 2885 2946 satiatur,
2913 2877 3060 2935 sicut
3079 2878 3196 2950 ipse
3223 2877 3303 2933 ait
3327 2895 3339 2934 :
3370 2879 3518 2937 Meus
3541 2875 3687 2932 cibus
3716 2881 3811 2941 est,
3839 2882 3897 2931 ut

2299 2968 2498 3040 faciam
2515 2969 2837 3025 voluntatem
2855 2967 2968 3039 ejus
2987 2968 3082 3040 qui
3098 2984 3180 3024 me
3205 2967 3352 3023 misit
3375 2969 3558 3040 (Joan.
3590 2981 3673 3034 1v,
3691 2964 3784 3038 34)
3796 3009 3808 3021 .
3825 2967 3898 3022 Et

2299 3059 2441 3116 sicut
2455 3059 2716 3132 apostolis
2737 3059 2805 3116 ad
2831 3058 3277 3132 praedicationem
3293 3056 3476 3114 missis
3503 3056 3784 3129 praecepit,
3815 3055 3896 3112 di-

2225 3170 2270 3231 c
2298 3165 2461 3206 cens:
2490 3149 2797 3221 Operamini
2822 3166 2929 3204 non
2956 3149 3128 3204 cibum
3155 3148 3247 3219 qui
3268 3148 3430 3220 perit,
3463 3147 3552 3202 sed
3581 3145 3680 3216 qui
3694 3162 3898 3218 perma-

2299 3245 2385 3294 net
2410 3239 2468 3293 in
2483 3239 2646 3294 vitam
2661 3244 2911 3294 (sternam
2928 3239 3118 3308 (Joan.
3136 3255 3216 3306 Vt,
3237 3237 3354 3308 27).
3377 3237 3457 3292 De
3498 3234 3590 3291 his
3617 3233 3894 3292 montibus

2301 3341 2396 3398 per
2423 3325 2750 3398 Prophetam
2775 3325 3016 3382 dicitur:
3050 3327 3172 3384 Non
3188 3325 3402 3398 repellet
3427 3323 3694 3380 Dominus
3707 3323 3895 3396 plebem

2301 3431 2472 3482 suam,
2496 3415 2748 3487 quoniam
2767 3417 2825 3470 in
2844 3431 3008 3472 manu
3025 3415 3140 3488 ejus
3159 3422 3282 3470 sunt
3301 3431 3478 3470 omnes
3500 3414 3630 3486 ﬁnes
3664 3419 3833 3480 terra,
3851 3415 3896 3466 et

2301 3507 2605 3564 altitudines
2633 3507 2892 3562 montium
2937 3506 3048 3578 ipse
3090 3505 3342 3577 conspicit
3377 3505 3560 3570 (Psal.
3607 3519 3765 3570 xcrv,
3809 3499 3885 3573 4).

2301 3593 2640 3651 Altitudines
2667 3593 2816 3650 enim
2846 3593 3119 3650 montium
3151 3591 3416 3650 elationes
3444 3597 3578 3649 sunt
3603 3591 3794 3663 utique
3810 3603 3892 3644 su-

2301 3685 2614 3759 perborum.
2649 3683 2796 3752 Quas
2828 3684 3100 3741 Dominus
3128 3683 3444 3756 conspicere
3473 3680 3704 3750 dicitur,
3733 3677 3788 3735 id
3817 3681 3891 3774 est

2302 3775 2370 3832 ab
2415 3775 2708 3850 iniquitate
2738 3789 2837 3832 sua
2874 3774 2934 3830 in
2963 3773 3164 3830 melius
3204 3779 3564 3830 commutare.
3614 3769 3892 3828 Convertit

2302 3882 2540 3940 namque
2563 3865 2834 3924 Dominus
2880 3881 3007 3922 eum
3036 3879 3198 3938 quem
3229 3861 3522 3936 conspicit.
3563 3859 3718 3919 Unde
3749 3855 3889 3915 scri-

2303 3962 2458 4025 ptum
2488 3963 2596 4012 est:
2629 3956 2921 4012 Conversus
2945 3953 3207 4010 Dominus
3234 3952 3468 4026 resth
3485 3953 3723 4017 Petrum,
3751 3953 3799 4004 et
3817 3965 3893 4004 re-

2301 4047 2550 4102 cordatus
2577 4051 2652 4101 est
2667 4042 2860 4102 Petrus
2885 4045 3031 4100 verbi
3055 4044 3274 4101 Domini
3317 4044 3450 4100 sicut
3471 4043 3682 4098 dixerat
3700 4056 3721 4094 :
3751 4037 3890 4106 Quia

2298 4136 2804 4207 priusquamgallus
2823 4141 3012 4204 cantet,
3032 4139 3109 4189 ter
3125 4151 3208 4190 me
3224 4133 3430 4208 negabis
3449 4137 3530 4198 ;et
3559 4143 3790 4202 egressus
3808 4125 3888 4197 fo-

2302 4241 2395 4280 ras
2412 4225 2556 4296 ﬂevit
2580 4240 2764 4280 amare
2782 4225 2940 4294 (Luc.
2973 4239 3117 4293 xx,n
3139 4225 3227 4293 61,
3245 4224 3362 4294 62).
3388 4223 3459 4278 Et
3472 4218 3613 4277 sicut
3632 4217 3888 4274 Salomon

2302 4313 2406 4372 ait:
2429 4316 2544 4372 Rea:
2556 4314 2649 4386 qui
2662 4315 2800 4370 sedet
2828 4315 2886 4370 in
2904 4314 3036 4370 solio
3051 4313 3269 4384 judicii,
3289 4313 3516 4385 dissipat
3532 4325 3679 4366 omne
3695 4307 3892 4364 malum

2302 4403 2500 4461 intuitu
2521 4419 2616 4460 suo
2643 4403 2840 4474 (Prov.
2873 4419 2972 4472 xx,
2991 4402 3074 4477 8).
3105 4405 3184 4460 De
3213 4401 3318 4460 hoc
3343 4409 3595 4474 respectu
3624 4396 3892 4455 montium

591 4497 708 4546 tera
735 4487 916 4558 tubas,
942 4491 1158 4565 lagenas
1177 4503 1359 4551 autem
1393 4495 1450 4551 in
1471 4497 1697 4554 sinistra
1715 4505 2032 4569 tenuerunt,
2064 4501 2195 4574 quia
2225 4525 2275 4583 D
2305 4511 2523 4552 rursum
2567 4509 2665 4568 per
2710 4492 3030 4567 prophetam
3075 4492 3307 4590 dicitur:
3356 4493 3562 4590 Montes
3609 4487 3746 4590 sicut
3782 4499 3896 4590 cera

592 4577 803 4636 Christi
849 4587 1121 4654 martyres
1161 4599 1261 4656 pro
1308 4599 1507 4655 magno
1555 4584 1761 4642 habent
1789 4588 2195 4660 praedicationis
2227 4577 2268 4583 —
2303 4586 2574 4656 ﬂuxerunt
2607 4603 2641 4642 a
2675 4582 2816 4656 facie
2839 4583 3056 4640 Domini
3086 4583 3260 4657 (Psal.
3301 4598 3454 4650 xcvr,
3495 4580 3578 4652 5),
3623 4579 3755 4654 quia
3781 4579 3898 4650 post

591 4667 844 4743 gratiam,
863 4683 1155 4740 corporum
1177 4685 1309 4726 vero
1329 4670 1627 4727 utilitatem
1643 4689 1742 4744 pro
1761 4675 2014 4733 minimo.
2039 4678 2194 4746 Quis-

591 4757 719 4833 quis
747 4757 898 4814 enim
927 4759 1052 4830 plus
1080 4759 1214 4816 facit
1243 4757 1540 4816 utilitatem
1571 4762 1835 4834 corporis,
1867 4778 2032 4836 quam
2063 4784 2195 4840 gra-

591 4849 727 4906 tiam
757 4847 1188 4921 praedicationis,
1219 4848 1278 4904 in
1307 4846 1532 4904 sinistra
1559 4849 1768 4920 tubam,
1791 4860 1955 4924 atque
1979 4854 2038 4911 in
2061 4855 2192 4914 dex-

589 4946 706 4994 tera
736 4938 985 5011 lagenam
1014 4947 1182 4996 tenet.
1213 4935 1270 4994 Si
1299 4935 1449 4994 enim
1482 4937 1653 5010 priori
1682 4939 1804 4996 loco
1834 4942 2012 5014 gratia
2039 4961 2190 5016 prte-

590 5025 885 5084 dicationis
940 5027 1268 5097 attenditur,
1327 5031 1473 5091 992
1519 5036 1572 5085 et
1621 5030 1912 5102 posteriori
1968 5033 2190 5092 utilitas

590 5126 858 5196 corporis,
888 5135 1100 5184 certum
1149 5134 1232 5182 est
1266 5124 1288 5160 ³
1315 5125 1447 5198 quia
1491 5125 1549 5182 in
1579 5125 1791 5185 dextris
1818 5129 1984 5200 tubae,
2016 5139 2070 5188 et
2099 5132 2188 5189 si-

590 5212 781 5270 nistris
802 5215 1006 5286 lagenas
1026 5223 1336 5272 teneantur.
1361 5215 1503 5274 Hinc
1522 5216 1792 5276 Dominus
1812 5219 1870 5274 in
1889 5220 2192 5295 Evangelio

591 5301 670 5356 ait
701 5320 713 5358 :
747 5303 924 5374 Neque
951 5305 1242 5361 accendunt
1289 5305 1581 5372 lucernam,
1619 5313 1665 5363 et
1705 5314 1912 5380 ponunt
1957 5327 2070 5367 eam
2097 5311 2192 5367 sub

666 5487 684 5520 ¹
717 5487 798 5543 Ita
811 5487 1042 5566 Turo_n_._,
1065 5491 1327 5566 Vindoc.,
1344 5493 1620 5563 Laudun.,
1644 5493 1807 5552 Corb.
1831 5496 2040 5566 Germ.,
2066 5497 2190 5555 Val.

587 5556 761 5684 ft
787 5565 900 5613 vet.
931 5556 1083 5650 Edit.
1111 5556 1530 5624 Recent'ioribus
1557 5556 1734 5638 magis
1755 5568 1965 5639 placuit
1989 5556 2196 5642 suppo-

587 5697 982 5830 δὶηῆδγνξῐὲᾶοοη
1023 5700 1253 5772 Pratel.,
1291 5707 1414 5764 Val.
1447 5707 1555 5777 CL,
1586 5710 1680 5780 qui
1715 5728 1748 5767 a
1778 5709 2050 5770 dextris...
2083 5718 2134 5768 et
2157 5730 2192 5770 a

678 5790 694 5830 t
833 5815 844 5829 .

2305 4674 2684 4748 perversitatis
2713 4689 2825 4730 suae
2853 4671 3140 4742 duritiam,
3170 4671 3363 4728 divina
3398 4667 3704 4728 formidine
3733 4665 3897 4741 lique-

2301 4766 2456 4833 facti,
2485 4767 2554 4824 ab
2585 4765 2682 4824 illo
2699 4765 2852 4840 prius
2882 4763 3062 4838 rigido
3089 4771 3306 4821 tumore
3334 4763 3356 4798 ⁵
3386 4758 3651 4818 substrati
3679 4763 3826 4816 sunt.

2373 4859 2459 4916 79.
2491 4859 2658 4916 Bonis
2684 4857 2932 4930 operibus
2963 4870 3337 4913 conversorum
3359 4852 3624 4926 pascitur.
3649 4851 3895 4921 Magnum

2305 4947 2515 5004 Christo
2542 4947 2835 5003 convicium
2849 4947 2973 5019 fecit
2990 4947 3292 5016 Matthteus,
3311 4945 3418 5002 imo
3445 4942 3572 5014 fuit.
3589 4941 3892 4998 —Intuen-

2296 5037 2430 5095 dum
2465 5037 2632 5094 etiam
2669 5037 2818 5110 quod
2850 5055 2964 5096 non
2992 5039 3070 5096 ait
3115 5037 3362 5112 inspicit,
3409 5048 3501 5091 sec
3545 5025 3898 5103 circumspicit

2293 5133 2489 5184 montes
2512 5144 2726 5201 pascuus
2754 5144 2882 5184 suae.
2913 5129 2978 5185 In
3011 5127 3200 5185 Iudaea
3234 5127 3433 5202 quippe
3463 5123 3781 5180 incarnatus
3817 5123 3896 5174 est

2299 5219 2590 5287 Dominus,
2613 5234 2733 5292 quas
2761 5217 2939 5290 posita
2958 5217 3016 5273 in
3046 5216 3228 5273 medio
3251 5215 3496 5289 gentium
3517 5212 3644 5270 fuit.
3675 5212 3698 5248 θ
3718 5210 3897 5300 Atque

2301 5307 2426 5365 ideo
2461 5307 2854 5380 circumspexit
2881 5313 3116 5375 montes,
3148 5305 3278 5379 quia
3313 5305 3484 5360 elatos
3515 5301 3684 5375 hujus
3711 5295 3895 5358 seculi

2377 5498 2399 5534 ³
2438 5498 2560 5554 Val.
2593 5495 2701 5566 (11.,
2735 5503 2919 5553 tenere.

2374 5569 2398 5640 ἕ
2435 5567 2699 5640 Yindoc.,
2723 5568 2822 5626 Sed
2845 5584 3012 5640 supra
3045 5567 3456 5626 candelabrum.

2374 5639 2396 5674 ⁸
2435 5639 2660 5715 Ιὶθ-εξεξῃῑἶ
2681 5636 2924 5713 Vulgati;
2954 5641 3208 5699 subtracti
3225 5647 3384 5710 sunt;
3416 5638 3750 5715 contemptis
3765 5636 3897 5697 Mss-

2305 5717 2490 5773 etvet.
2512 5711 2711 5770 Editis.

2377 5784 2399 5819 θ
2437 5781 2526 5841 Sic
2553 5783 2752 5854 Laud.,
2786 5783 2908 5842 Val.
2947 5782 3055 5853 (ιι,
3103 5785 3364 5856 Vindoc.,
3393 5785 3612 5855 Norm.,
3652 5798 3753 5841 nec
3782 5797 3896 5838 non
