4156 6178
344 265 454 323 569

1076 264 1450 324 MORALIUM
1489 264 1621 322 LIB.
1664 262 1849 319 XXX.
1887 290 1959 305 —
1996 263 2070 320 IN
2108 262 2337 321 CAPUT
2389 262 2637 320 XXXIX
2674 261 2738 317 B.
2779 260 2921 317 JOB.

3560 263 3666 323 570

346 392 786 464 circumquaque
803 389 1008 463 positos
1028 406 1096 446 ex
1116 390 1442 463 gentilitatis
1463 389 1824 447 universitate
1848 389 1956 446 col-
1986 392 2036 451 A
2068 396 2176 447 tum
2206 388 2481 455 tribuitur,
2507 394 2604 445 aut
2621 392 2842 460 propter
2859 389 3069 460 culpam
3088 388 3670 467 subtrahitur.—Szepe

348 483 507 557 legit.
553 482 616 538 In
648 479 738 537 his
777 482 960 554 itaque
1003 481 1285 539 montibus
1337 482 1599 553 pascitur,
1645 480 1774 554 quia
1804 480 1966 537 bonis

347 571 618 646 operibus
647 586 1042 629 conversurum
1072 571 1227 644 quasi
1250 571 1438 629 herbis
1464 571 1775 628 virentibus
1799 569 1963 626 satia-

351 674 468 721 tur.
500 664 643 721 Hinc
672 669 754 719 est
782 662 930 736 quod
958 664 1006 719 ei
1036 680 1251 737 sponsae
1280 681 1413 722 voce
1441 664 1499 720 in
1526 663 1767 721 Canticis
1794 662 1964 719 canti-

352 769 551 811 corum
585 749 828 807 dicitur:
879 751 1064 808 Indica
1092 752 1222 806 mihi
1251 752 1341 806 ubi
1367 769 1577 823 pascas,
1619 750 1707 805 ubi
1734 750 1882 805 cubes
1910 749 1968 803 in

354 842 584 900 meridie
609 842 802 912 (Cant.
837 858 879 909 ι,
908 841 989 913 6).
1020 841 1270 898 Pascitur
1302 843 1503 915 quippe
1531 840 1964 908 Dominus,cum

353 932 523 989 bonis
542 929 749 987 nostris
770 929 988 987 actibus
1007 929 1330 987 delectatur.
1358 930 1534 989 Cubat
1561 946 1692 985 vero
1718 929 1776 984 in
1806 926 1967 984 meri-

356 1021 472 1086 die.
513 1037 639 1077 cum
671 1036 740 1076 ex
771 1018 1062 1076 desideriis
1088 1019 1404 1077 carnalibus
1432 1018 1648 1075 ardenti
1680 1017 1842 1076 corde
1872 1032 1969 1073 re-

356 1109 663 1184 proborum
713 1109 860 1181 apud
907 1112 1053 1171 993
1109 1109 1411 1164 electorum
1468 1124 1696 1165 suorum
1751 1114 1968 1180 pectora

358 1206 713 1278 refrigerium
757 1204 973 1261 invenit
1016 1205 1369 1278 cogitationis
1410 1204 1589 1261 bonae.
1630 1204 1788 1260 Mons
1820 1201 1969 1258 enim

359 1295 590 1369 quidam
637 1294 932 1352 Matthzeus
972 1295 1177 1363 fuerat,
1224 1295 1443 1370 quando
1475 1295 1533 1351 in
1578 1293 1773 1350 telonii
1804 1291 1972 1349 lucris

358 1386 641 1451 tumebat;
676 1384 743 1441 de
769 1400 877 1457 quo
898 1392 951 1441 et
980 1386 1245 1457 scriptum
1276 1394 1357 1441 est
1386 1385 1516 1457 quia
1540 1392 1829 1457 postquam
1859 1399 1971 1439 cre-

359 1474 529 1544 didit,
564 1474 803 1531 imitato
829 1474 886 1529 in
917 1474 1144 1530 domum
1175 1490 1330 1530 suam
1360 1472 1619 1541 Domino,
1651 1471 1970 1528 convivium

361 1580 625 1637 magnum
670 1564 800 1620 fecit
848 1562 1001 1635 (Luc.
1036 1581 1093 1632 v,
1131 1564 1246 1635 29).
1296 1564 1455 1620 Mons
1498 1562 1680 1636 itaque
1710 1562 1812 1617 iste
1842 1560 1974 1616 huic

363 1668 573 1725 onagro
596 1654 612 1687 ¹
645 1651 881 1708 virentis
909 1668 1123 1724 pascuae
1153 1652 1353 1709 herbas
1382 1653 1634 1724 protulit,
1657 1652 1785 1724 quia
1812 1657 1866 1705 et
1894 1649 1972 1704 fo-

2071 480 2283 537 doctori
2339 478 2567 535 verbum
2612 495 2710 551 pro
2753 478 2925 550 gratia
2968 478 3234 536 tribuitur
3278 482 3568 552 auditoris,
3614 492 3670 541 et

2073 588 2213 644 saepe
2259 578 2480 644 propter
2522 568 2793 625 auditoris
2832 569 3050 642 culpam
3105 569 3450 630 subtrahitur
3490 590 3669 632 sermo

2073 662 2307 719 doctori.
2351 661 2413 716 ln
2447 660 2535 716 his
2563 677 2691 732 ergo
2723 676 2843 733 qua:
2890 659 3127 716 ubertim
3159 662 3419 733 praedicat
3454 663 3666 733 doctor,

2075 753 2225 809 nulla
2257 752 2495 809 elatione
2541 765 2597 805 se
2626 750 2833 818 eﬂ'erat,
2878 766 2947 806 ne
2986 750 3215 808 fortasse
3257 757 3404 815 994
3431 768 3542 809 non
3572 770 3670 825 pro

2075 863 2194 914 sua,
2233 846 2326 903 sed
2357 862 2456 919 pro
2484 845 2756 902 auditoris
2784 845 3105 935 graerus
3131 848 3408 920 repleatur
3436 848 3624 921 lingua
3651 867 3666 917 ;

2074 946 2129 994 et
2171 938 2228 993 in
2271 936 2360 993 his
2389 954 2510 1011 qua;
2556 936 2749 993 doctor
2789 937 3050 993 steriliter
3094 937 3252 1005 dicit,
3299 937 3519 995 auditor
3558 955 3670 996 non

2077 1034 2412 1095 succenseat,
2444 1043 2512 1082 ne
2531 1026 2762 1083 fortasse
2790 1026 3031 1083 doctoris
3060 1027 3247 1099 lingua
3282 1044 3393 1084 non
3424 1045 3522 1101 pro
3550 1045 3670 1098 sua,

2076 1117 2170 1173 sed
2201 1134 2299 1189 pro
2330 1115 2600 1173 auditoris
2628 1117 3009 1190 reprobatione
3033 1125 3318 1190 torpescat.
3350 1120 3371 1153 ⁹
3392 1118 3494 1174 Pro
3519 1118 3671 1175 audio

2076 1207 2214 1263 toris
2244 1223 2480 1280 namque
2511 1207 2684 1278 gratia
2711 1206 2865 1276 boni,
2911 1208 3073 1264 datur
3111 1208 3277 1264 etiam
3308 1208 3467 1265 malis
3495 1225 3673 1265 sermo

2078 1296 2421 1364 doctoribus,
2487 1296 2631 1353 sicut
2681 1306 2981 1370 potuerunt
3034 1298 3326 1355 Pharisaeis
3388 1306 3674 1371 suppetere

2080 1387 2247 1443 verba
2269 1386 2697 1460 praedicationis,
2727 1386 2793 1443 de
2814 1387 3014 1461 quibus
3040 1389 3306 1460 scriptum
3335 1395 3417 1445 est
3441 1405 3452 1443 :
3486 1387 3675 1445 Omnia

2079 1494 2200 1549 ergo
2228 1494 2543 1548 quaecunque
2570 1476 2805 1533 dixerint
2831 1477 2996 1543 vobis,
3036 1483 3236 1533 servate
3279 1483 3327 1532 et
3352 1476 3540 1548 facite;
3587 1493 3676 1531 se-

2081 1568 2307 1623 cundum
2334 1584 2457 1622 vero
2485 1584 2645 1639 opera
2672 1583 2852 1622 eorum
2879 1568 3038 1623 nolite
3063 1566 3236 1638 facere
3266 1567 3477 1637 (Matth.
3510 1582 3676 1635 XXIII,

2082 1655 2161 1728 3).
2217 1656 2447 1728 Propter
2492 1656 2807 1712 auditorum
2853 1672 2985 1713 vero
3031 1656 3467 1729 reprobationem
3515 1654 3678 1712 bonis

364 1743 444 1800 ris
472 1759 597 1799 eum
644 1742 927 1811 convivio,
973 1750 1028 1799 et
1059 1742 1210 1798 intus
1254 1741 1431 1814 epulis
1476 1741 1745 1796 virtutum
1799 1737 1969 1811 pavit.
2004 1756 2052 1816 Β
2084 1746 2249 1801 etiam
2281 1744 2602 1800 doctoribus
2630 1762 2809 1801 sermo
2838 1745 3205 1812 subtrahitur,
3253 1745 3396 1803 sicut
3437 1744 3505 1801 ad
3534 1745 3680 1800 Eze-

364 1832 529 1903 Quod
558 1831 738 1890 adhuc
765 1832 1088 1906 plenissime
1114 1834 1389 1905 expletur,
1420 1847 1547 1887 cum
1576 1828 1833 1886 subditur
1865 1846 1877 1885 :

918 1921 1147 1980 CAPUT
1178 1922 1409 1979 XXVII.

440 2014 580 2071 Imu.
615 2040 678 2053 —
713 2013 733 2048 ³
771 2012 1008 2072 Virentia
1034 2029 1250 2084 quisque
1271 2010 1561 2084 perquirit.

440 2102 530 2160 80.
561 2103 787 2160 Arentia
819 2103 983 2159 corda
1011 2101 1258 2159 Christus
1292 2100 1523 2165 deserit;
1551 2099 1654 2172 ﬁde
1680 2115 1743 2154 ac
1769 2114 1859 2169 spe
1884 2096 1978 2151 vi-

369 2193 540 2250 rentia
578 2194 825 2264 requirit.
866 2224 938 2235 —
966 2192 1191 2249 Arentia
1218 2192 1367 2248 enim
1397 2189 1623 2257 deserit,
1653 2196 1707 2245 et
1736 2186 1977 2243 virentia

368 2298 601 2356 quaeque
630 2281 924 2356 perquirit.
960 2284 980 2317 ³
1002 2283 1232 2338 Arentia
1262 2296 1499 2353 namque
1528 2278 1695 2336 corda
1720 2284 1851 2334 sunt
1878 2276 1975 2333 ho-

368 2374 610 2443 minum,
659 2390 779 2447 quae
809 2373 867 2428 in
897 2371 1062 2445 hujus
1088 2372 1273 2429 saeculi
1305 2387 1399 2444 spe
1429 2372 1671 2444 peritura
1711 2371 1974 2444 plantata,

371 2463 708 2519 aeternitatis
738 2461 999 2518 ﬁduciam
1014 2477 1125 2517 non
1146 2460 1372 2516 habent.
1398 2461 1419 2495 ⁸
1440 2461 1638 2517 Virent
1656 2466 1839 2515 autem
1857 2473 1977 2531 quae

371 2552 465 2608 illi
513 2551 828 2607 haereditati
878 2549 1169 2615 inhaerent,
1216 2547 1283 2603 de
1313 2564 1420 2621 qua
1462 2549 1656 2605 Petrus
1703 2547 1980 2620 apostolus

374 2640 550 2697 dicit:
586 2640 652 2695 In
684 2637 1038 2694 hwredilatem
1069 2636 1542 2708 incon'uptibilem,
1575 2643 1623 2691 et
1660 2636 1980 2691 incontami-

372 2735 589 2797 natam,
628 2734 677 2783 et
704 2725 1180 2782 immarcescibilem
1212 2727 1271 2797 (Ι
1292 2727 1405 2782 Pet.
1438 2743 1477 2793 ι,
1509 2724 1587 2796 4).
1629 2725 1804 2780 Tanto
1832 2724 1979 2781 enim

371 2818 564 2873 verius
599 2817 802 2890 quippe
847 2815 1086 2871 virentes
1130 2823 1280 2882 sunt,
1314 2822 1521 2887 quanto
1551 2815 1609 2870 in
1641 2814 1980 2871 haereditatis

372 2909 395 2944 ³
429 2903 906 2962 immarcescibilis
936 2911 1079 2959 sorte
1114 2902 1463 2976 cogitationis
1508 2903 1747 2960 radicem
1778 2904 1975 2977 ﬁgunt.

375 2994 639 3069 Quisquis
682 2995 867 3067 itaque
911 2993 1243 3050 intrinsecus
1291 3009 1440 3049 arere
1488 2992 1772 3064 formidat,
1809 3009 1979 3050 aren-

2082 1832 2315 1889 chielem
2337 1840 2528 1889 contra
2544 1834 2706 1889 Israel
2726 1832 2950 1889 dicitur:
2974 1836 3235 1905 Linguam
3252 1842 3395 1891 tuam
3411 1835 3681 1891 adhaerere

2081 1921 2280 1992 faciam
2306 1924 2491 1993 palato
2524 1930 2632 1992 tuo,
2663 1929 2709 1977 et
2736 1923 2841 1978 eris
2866 1928 3063 1989 mutus,
3094 1941 3184 1979 nec
3206 1925 3361 1994 quasi
3389 1924 3474 1978 vir
3502 1922 3679 1993 objur-

2080 2028 2233 2082 gans,
2263 2010 2389 2081 quia
2417 2010 2602 2066 domus
2626 2028 2946 2083 exasperans
2974 2018 3049 2068 est
3080 2013 3297 2084 (Ezech.
3330 2028 3415 2081 ιιι,
3446 2012 3515 2070 26
3519 2015 3564 2084 ).

2153 2100 2241 2173 83.
2283 2100 2591 2171 Aliquando
2615 2119 2718 2173 pro
2739 2102 2967 2157 doctoris
2986 2109 3033 2157 et
3059 2103 3368 2158 auditorum
3392 2103 3580 2159 merito
3603 2106 3683 2161 vel

2084 2191 2263 2261 culpa,
2294 2190 2458 2246 datur
2483 2197 2578 2246 aut
2604 2197 2846 2262 negatur.
2866 2192 2945 2248 De
2962 2198 3167 2263 accepto
3193 2209 3344 2247 nemo
3368 2193 3679 2248 extollatur.

2086 2278 2237 2349 Spem
2284 2279 2557 2333 comitetur
2603 2279 2777 2335 timor.
2809 2310 2880 2321 —
2907 2279 3222 2353 Aliquando
3282 2285 3465 2336 autem
3503 2295 3683 2337 sermo

2085 2365 2492 2438 praedicationis
2546 2376 2769 2441 propter
2822 2375 3083 2443 utrosque
3139 2369 3320 2437 datur,
3387 2368 3684 2441 aliquando

2086 2463 2311 2529 propter
2377 2464 2638 2531 utrosque
2702 2457 3065 2514 subtrahitur.
3134 2458 3362 2529 Propter
3425 2465 3685 2533 utrosque

2087 2545 2233 2601 enim
2252 2545 2434 2615 datur,
2458 2547 2603 2604 sicut
2622 2546 2816 2603 divina
2836 2564 2967 2605 voce
2996 2547 3166 2605 Paulo
3194 2547 3339 2620 apud
3368 2546 3686 2606 Corinthios

2087 2635 2294 2693 dicitur
2322 2654 2334 2693 :
2381 2638 2509 2695 Noli
2536 2638 2735 2705 timere,
2777 2639 2865 2693 sed
2896 2639 3104 2709 loquere
3133 2637 3275 2710 (Act.
3309 2654 3472 2707 xvm,
3502 2639 3584 2710 9).
3614 2639 3688 2694 Et

2087 2726 2251 2798 paulo
2293 2735 2459 2800 post:
2514 2728 2653 2796 Quia
2694 2729 2927 2801 populus
2966 2729 3166 2785 multus
3211 2734 3287 2784 est
3324 2727 3455 2783 mihi
3500 2728 3557 2783 in
3592 2728 3689 2783 hac

2085 2815 2291 2872 civitate
2313 2817 2621 2889 (Ibid.,10).
2642 2818 2871 2890 Propter
2889 2824 3149 2891 utrosque
3169 2834 3301 2874 vero
3320 2817 3686 2886 subtrahitur,

2087 2906 2230 2962 sicut
2251 2907 2373 2963 Heli
2404 2907 2656 2964 sacerdos
2688 2915 2742 2964 et
2766 2924 2991 2980 pravam
3023 2908 3265 2965 ﬁliorum
3297 2908 3560 2981 cognovit
3587 2924 3689 2965 ao-

2085 2992 2375 3061 tionem,et
2394 2992 2618 3065 dignam
2642 2992 3033 3067 increpationis
3053 3012 3165 3051 non
3186 2994 3436 3052 exercuit
3456 3009 3646 3051 vocem
3666 3011 3680 3060 ;

373 3086 453 3142 tia
482 3084 832 3142 extrinsecus
865 3083 1059 3140 mundi
1090 3082 1259 3156 hujus
1286 3082 1559 3140 desideria
1586 3083 1781 3157 fugiat.
1820 3084 1978 3152 Quis-
2006 3110 2050 3171 C
2086 3098 2212 3137 cum
2242 3083 2486 3155 profecto
2515 3082 2765 3139 futurum
2801 3092 2941 3141 esset
2970 3092 3032 3141 ut
3071 3085 3131 3140 in
3172 3084 3365 3141 mortis
3408 3082 3685 3158 supplicio

374 3177 499 3249 quis
544 3193 577 3231 a
627 3174 867 3231 Domino
913 3172 1156 3247 perquiri
1214 3172 1510 3241 desiderat,
1569 3180 1826 3229 mternam
1873 3189 1979 3245 pa-
2088 3178 2141 3226 et
2170 3171 2305 3228 istos
2334 3179 2517 3228 reatus
2547 3172 2764 3247 ﬂagitii,
2795 3182 2849 3231 et
2876 3174 3036 3230 illum
3064 3174 3274 3232 silentii
3299 3191 3459 3248 pinna
3486 3175 3684 3231 multa-

374 3266 538 3321 triam
572 3271 854 3338 appetens,
886 3262 944 3318 in
982 3263 1198 3319 interna
1234 3261 1417 3319 cordis
1461 3262 1800 3335 plantatione
1830 3262 1980 3319 viri-

372 3353 576 3410 descat.

446 3444 535 3499 8i.
570 3442 626 3498 S.
655 3440 898 3513 Gregorii
916 3441 1171 3497 modestia
1198 3446 1247 3496 et
1273 3440 1771 3498 humilitas—Haec
1797 3448 1979 3497 autem

375 3532 445 3589 de
465 3547 670 3605 onagro
696 3530 952 3603 exposita
968 3530 1073 3587 sub
1099 3529 1309 3602 duplici
1332 3528 1619 3586 intellectu
1641 3531 1663 3565 θ
1683 3528 1979 3586 sufﬁciant.

377 3621 625 3679 Lectoris
664 3637 795 3676 vero
819 3618 1036 3691 judicio
1082 3618 1507 3691 relinquendum
1537 3624 1619 3673 est
1648 3617 1782 3690 quid
1812 3618 1983 3688 magis

383 3708 611 3766 duxerit
637 3707 973 3782 eligendum.
1008 3708 1081 3763 Et
1108 3707 1155 3763 si
1184 3708 1473 3778 utriusque
1495 3705 1857 3777 expositionis
1885 3705 1983 3760 in-

381 3798 741 3870 telligentiam
778 3797 1008 3853 fortasse
1039 3795 1370 3868 despexerit,
1403 3794 1639 3851 libenter
1668 3795 1782 3867 ipse
1810 3794 1981 3850 lecto-

377 3905 499 3947 rem
547 3904 730 3943 meum
779 3886 1040 3943 subtilius
1088 3883 1382 3959 veriusque
1437 3884 1786 3952 sentientem,
1830 3883 1984 3940 velut

377 3977 710 4051 magistrum
754 3976 1062 4050 discipulus
1091 3978 1111 4012 ⁷
1156 3992 1371 4049 sequar,
1419 3975 1546 4049 quia
1579 3974 1717 4030 mihi
1765 3974 1984 4047 proprie

378 4068 648 4125 donatum
690 4065 880 4136 credo,
925 4065 1199 4139 quidquid
1246 4064 1404 4120 illum
1437 4080 1523 4120 me
1554 4064 1751 4120 melius
1779 4062 1983 4119 sentire

378 4175 671 4232 cognosco.
707 4155 847 4231 [Vet.
881 4157 1035 4213 XXX
1043 4155 1130 4230 V.]
1162 4156 1369 4212 Omnes
1397 4155 1545 4211 enim
1578 4154 1673 4228 qui
1695 4153 1802 4211 ﬁde
1832 4153 1983 4227 pleni

381 4248 448 4304 de
476 4250 593 4305 Deo
619 4245 833 4319 aliquid
856 4261 1049 4302 sonare
1082 4245 1337 4312 nitimur,
1367 4260 1570 4316 organa
1598 4243 1847 4301 veritatis
1879 4259 1984 4300 su-

380 4352 533 4404 mus;
566 4344 622 4393 et
650 4335 709 4391 in
735 4334 980 4407 ejusdem
1012 4332 1260 4389 veritatis
1277 4340 1541 4405 potestate
1556 4338 1656 4399 est,
1679 4339 1866 4388 utrum
1889 4348 1984 4404 per

2088 3267 2170 3315 ret
2193 3262 2251 3333 (Ι
2265 3263 2388 3334 Reg.
2412 3278 2497 3330 ιιι,
2523 3262 2610 3331 l2,
2632 3262 2789 3335 seq.).
2823 3264 2971 3321 Inter
2990 3254 3109 3321 haec
3128 3264 3297 3337 igitur
3325 3279 3451 3322 cum
3473 3264 3561 3320 vel
3588 3280 3688 3337 pro

2085 3365 2197 3422 quo
2245 3366 2425 3407 sermo
2470 3350 2651 3420 detur,
2703 3354 2791 3409 vel
2843 3361 3064 3426 propter
3104 3370 3266 3429 quem
3310 3351 3687 3422 subtrahatur,

2088 3439 2425 3510 ignoramus,
2456 3458 2629 3497 unum
2660 3450 2743 3499 est
2769 3442 2986 3499 salubre
3020 3443 3349 3511 remedium,
3373 3458 3474 3499 nec
3503 3443 3570 3500 de
3599 3442 3688 3499 bis

2092 3529 2139 3562 ¹⁰
2161 3545 2281 3601 qum
2311 3529 2437 3586 aliis
2459 3530 2631 3603 magis
2659 3531 2990 3603 accepimus,
3014 3531 3382 3605 nosmetipsos
3400 3531 3688 3601 extollere,

2089 3633 2191 3673 nec
2219 3617 2286 3673 de
2320 3634 2384 3675 eo
2413 3620 2645 3675 alterum
2691 3619 2838 3692 quod
2880 3622 3065 3677 minus
3107 3621 3378 3701 acceperit
3421 3621 3683 3688 irridere;

2089 3704 2184 3761 sed
2213 3705 2328 3762 ﬁxo
2360 3707 2694 3764 humilitatis
2722 3708 2880 3781 pede,
2911 3709 3151 3782 graviter
3181 3719 3236 3766 et
3264 3717 3579 3767 constanter
3606 3709 3687 3765 in-

2089 3793 2303 3860 cedere,
2335 3793 2464 3868 quia
2491 3795 2550 3849 in
2580 3794 2683 3851 hac
2702 3794 2820 3849 vita
2843 3803 3001 3853 tanto
3028 3797 3279 3852 veracius
3298 3795 3446 3851 docti
3475 3812 3686 3864 sumus,

2090 3889 2295 3954 quanto
2337 3880 2647 3937 doctrinam
2688 3881 2849 3939 nobis
2875 3900 2908 3940 a
2948 3882 3359 3956 nobismetipsis
3402 3892 3689 3957 suppetere

2090 3986 2202 4026 non
2233 3986 2390 4042 posse
2432 3970 2831 4043 cognoscimus.
2889 3971 3001 4030 Cur
3027 3986 3156 4045 ergo
3190 3970 3424 4045 quilibet
3451 3971 3519 4029 de
3547 3970 3689 4029 doc—

2088 4059 2237 4116 trina
2264 4059 2565 4133 superbiat,
2623 4059 2718 4134 qui
2748 4061 2967 4118 occulto
2989 4058 3205 4133 judicio
3235 4060 3322 4117 vel
3351 4059 3441 4118 cui
3470 4060 3689 4133 quando

2090 4151 2272 4222 detur,
2297 4152 2383 4209 vel
2407 4151 2625 4226 quando
2645 4152 2735 4209 cui
2757 4152 3118 4210 subtrahatur
3138 4151 3395 4225 ignorat?
3423 4150 3689 4220 Quamvis

2089 4241 2238 4297 enim
2269 4239 2550 4299 securitati
2579 4241 2748 4299 timor
2776 4259 2990 4317 semper
3014 4243 3173 4315 longe
3203 4240 3459 4298 videatur
3477 4241 3682 4311 abesse,

2089 4333 2252 4390 nobis
2276 4340 2461 4391 tamen
2491 4332 2633 4388 nihil
2660 4341 2743 4390 est
2768 4334 3015 4391 securius
3035 4350 3199 4406 quam
3229 4332 3454 4415 sub‘spe
3473 4348 3687 4405 semper

379 4442 470 4483 me
489 4433 646 4483 sonet
666 4424 844 4492 alteri,
866 4442 936 4481 an
965 4439 1062 4498 per
1086 4423 1318 4480 alterum
1351 4422 1510 4479 mihi.
1544 4424 1667 4495 Ipsa
1694 4422 1895 4496 quippe
1923 4423 1981 4478 in
2011 4466 2059 4524 D
2090 4424 2310 4491 timere,
2334 4438 2405 4479 ne
2425 4422 2648 4480 incauta
2666 4439 2820 4479 mens
2839 4432 2934 4480 aut
2953 4421 3293 4497 desperando
3311 4438 3368 4479 se
3393 4423 3432 4458 ¹¹
3454 4420 3513 4478 in
3532 4421 3686 4478 vitiis

382 4515 569 4573 medio
603 4514 798 4584 nostri,
832 4514 995 4570 etiam
1028 4529 1140 4569 non
1184 4528 1336 4585 aeque
1366 4511 1683 4568 viventibus
1725 4512 1983 4569 omnibus

386 4607 408 4641 ⁸
425 4622 585 4680 aqua
607 4613 707 4675 est,
736 4612 790 4661 et
810 4620 951 4677 saepe
971 4602 1141 4660 alium
1164 4602 1358 4674 tangit,
1390 4608 1453 4657 ut
1470 4601 1609 4657 bene
1628 4600 1815 4659 audiat
1834 4601 1982 4675 quod

384 4713 482 4770 per
509 4697 681 4754 alium
711 4695 830 4769 ipsa
856 4693 1139 4761 sonuerit;
1170 4708 1311 4766 saepe
1339 4707 1471 4749 vero
1495 4691 1666 4748 alium
1693 4691 1891 4764 tangit,
1920 4698 1983 4748 ut

381 4787 526 4844 bene
554 4785 703 4860 quod
731 4784 799 4842 ab
827 4783 953 4840 aliis
984 4780 1241 4839 audiatur
1266 4788 1443 4838 sonet.

458 4878 549 4935 82.
584 4877 727 4949 Saepe
746 4874 948 4932 doctori
966 4874 1179 4930 verbum
1198 4877 1294 4929 aut
1305 4877 1528 4945 propter
1544 4870 1809 4929 auditoris
1825 4871 1982 4929 meri-

388 5082 501 5132 vet.
539 5074 689 5132 Edit.
723 5075 784 5132 In
813 5080 1015 5132 recent.
1047 5089 1173 5131 cum
1204 5070 1367 5130 Corb.
1400 5072 1612 5140 Germ.,
1640 5070 1814 5143 Atque
1838 5068 1980 5129 inde.

463 5148 481 5184 ¹
511 5146 684 5204 Laud.
705 5153 762 5203 et
785 5146 908 5204 Val.
937 5146 1045 5214 CL,
1074 5145 1315 5200 virentes.

461 5219 485 5254 ³
516 5219 714 5275 Pratel.
748 5234 813 5274 ac
840 5216 1100 5285 Vindoc.,
1131 5218 1207 5273 Et
1234 5215 1486 5281 virentia.

462 5291 486 5326 ³
512 5290 683 5346 Laud.
714 5296 771 5346 et
791 5289 915 5346 Val.
946 5288 1054 5356 CL,
1085 5294 1304 5344 arent...
1336 5287 1507 5342 corde.

2092 4512 2337 4585 dejiciat,
2366 4519 2461 4569 aut
2490 4512 2806 4570 extollendo
2836 4513 2903 4570 de
2927 4513 3089 4571 donis
3109 4520 3253 4570 ruat.
3275 4515 3420 4572 Ante
3446 4510 3686 4570 districti

2089 4603 2241 4660 enim
2269 4620 2333 4662 ac
2359 4603 2437 4677 pii
2463 4601 2668 4676 judicis
2695 4603 2885 4661 oculos
2911 4610 3119 4677 quanto
3145 4602 3212 4661 de
3240 4618 3298 4661 se
3330 4601 3433 4661 sub
3461 4618 3556 4676 spe
3584 4600 3685 4657 hu-

2092 4692 2283 4751 milius
2312 4691 2567 4767 trepidat,
2595 4698 2751 4749 tanto
2783 4691 2843 4749 in
2872 4692 2972 4749 illo
3000 4691 3282 4750 robustius
3309 4700 3435 4748 stat.

2164 5068 2183 5103 ⁷
2216 5063 2378 5123 Corb.
2411 5065 2623 5131 Germ.,
2646 5062 2821 5121 Laud.
2851 5069 2906 5119 et
2932 5060 3057 5119 Val.
3089 5058 3199 5124 CL,
3228 5070 3437 5127 sequor.

2165 5138 2187 5173 ⁸
2215 5136 2415 5209 Pratel.
2444 5145 2500 5209 et
2526 5134 2963 5209 Val._(_ll.,‘azque
2982 5137 3076 5209 est.
3133 5201 3182 5209 ῃ
3476 5206 3486 5209 _
3561 5198 3570 5209 ,

2162 5210 2184 5244 ⁹
2214 5208 2305 5264 Sic
2349 5207 2610 5274 Vindoc.,
2654 5201 2887 5261 EbrOicI
2925 5209 2979 5274 et
3016 5203 3087 5274 al.
3132 5201 3348 5274 Norm.,
3391 5201 3685 5274 caterique

2091 5279 2293 5352 passim
2309 5278 2450 5352 Mss.
2468 5271 2668 5334 licet'in
2688 5274 2869 5332 Editis
2885 5273 3021 5352 etin
3038 5273 3202 5352 Corb.
3229 5271 3415 5328 Germ.
3447 5271 3680 5345 legatur,

464 5362 487 5396 ⁴
515 5345 735 5435 Ebroic.
768 5345 974 5435 aliique
999 5345 1211 5427 Norm.,
1243 5356 1477 5417 Vindoc.
1498 5364 1554 5414 et
1579 5354 1741 5415 Corb.
1774 5354 1981 5424 Germ.,
2090 5345 2477 5435 pro_a'uditoris
2503 5364 2733 5435 namque
2752 5345 2952 5418 gratia,
2981 5345 3145 5402 datur
3173 5345 3357 5402 bonus.

387 5432 616 5488 uirentia
640 5438 833 5490 autem.

462 5505 485 5541 ⁸
516 5504 632 5577 ill,
661 5502 1103 5577 incorruptibitis.

465 5577 489 5613 ⁶
517 5576 641 5634 Val.
674 5574 781 5646 CL,
808 5574 1117 5649 proﬁciant.

2168 5423 2213 5458 ¹⁰
2244 5420 2467 5492 Pratel.,
2505 5436 2633 5492 quur
2648 5419 2781 5475 illis.

2168 5495 2211 5530 “
2243 5491 2478 5552 Vindoc.
2504 5489 2559 5550 et
2584 5491 2799 5563 Norm.,
2828 5489 2888 5546 in
2912 5489 3064 5551 vitia.
