4156 6178
578 231 3846 277 W

1366 392 1706 478 LIBER
1793 393 2482 482 TRIGESIMUS
2570 399 3029 490 PRIMUS.

564 552 958 646 Explicatur
986 570 1213 646 versus
1241 571 1628 646 nonuscum
1653 556 1928 646 reliquis
1947 556 2181 636 capitis
2215 577 2421 646 xxxrx,
2452 562 2708 623 omissis
2741 571 3006 646 tantum
3039 567 3240 646 tribus
3269 566 3564 646 ultimis;
3605 575 3666 630 et
3695 567 3858 632 divi-

640 651 742 696 na
759 637 1008 728 gratia,
1046 637 1119 696 in
1150 633 1493 724 Evangelii
1515 633 1981 716 pradicdtione
2003 633 2548 722 peccatorumque
2568 645 3015 722 conversione,
3049 645 3341 724 efﬁcacia
3371 633 3733 728 praesertim
3766 651 3863 712 de-

642 722 1070 778 monstratur.

1077 847 1308 906 CAPUT
1345 849 1638 906 PRIMUM.

641 949 784 1008 995
815 947 863 1002 1.
897 945 1160 1017 Inﬂict-um
1189 948 1388 1002 homini
1415 966 1450 1002 a
1477 947 1702 1021 superbo
1717 947 1930 1004 diabolo
1947 950 2159 1018 vulnus,

560 1044 659 1100 Dei
673 1043 970 1100 humilitate
981 1061 1110 1099 sana
1120 1047 1386 1102 tum—In
1408 1045 1660 1118 paradiso
1675 1063 1807 1102 sano
1819 1045 2033 1102 homini
2049 1045 2162 1102 dia-

559 1133 721 1191 bolus
754 1133 1014 1190 invidens
1035 1135 1302 1206 superbia
1333 1137 1536 1192 vulnus
1565 1137 1793 1205 inﬂixit,
1816 1147 1877 1194 ut
1905 1137 1999 1210 qui
2022 1156 2163 1194 mor-

564 1232 670 1280 tem
736 1241 846 1280 non
905 1234 1185 1296 acceperat
1237 1226 1513 1294 conditus,
1577 1232 1589 1262 ¹
1637 1236 1936 1282 mereretur
1990 1228 2164 1284 elatus

568 1315 778 1386 (Genes.
809 1314 920 1385 III).
955 1315 1060 1370 Sed
1084 1316 1213 1386 quia
1241 1315 1444 1371 divina
1473 1317 1730 1388 potentia
1761 1314 2022 1388 suppetit,
2054 1332 2164 1371 non

564 1405 742 1459 solum
774 1403 921 1459 bona
951 1403 1016 1459 de
1049 1405 1228 1460 nihilo
1258 1405 1456 1474 facere,
1500 1407 1594 1461 sed
1623 1422 1686 1461 ea
1711 1406 1875 1461 etiam
1907 1421 1976 1460 ex
2008 1405 2167 1461 malis

573 1510 693 1564 qua
721 1493 975 1549 diabolus
1004 1502 1429 1565 perpetraverat,
1478 1496 1796 1559 reformare,
1842 1502 2033 1551 contra
2061 1495 2167 1550 hoc

569 1576 844 1639 inﬂictum
866 1584 1070 1638 vulnus
1091 1583 1467 1654 superbientis
1486 1584 1691 1640 diaboli
1714 1583 1989 1639 medicina
2007 1601 2166 1656 appa-

564 1671 678 1727 ruit
703 1673 849 1728 inter
878 1673 1138 1729 homines
1163 1673 1455 1730 humilitas
1477 1675 1596 1742 Dei,
1629 1681 1691 1730 ut
1719 1674 1958 1730 auctoris
1986 1691 2166 1730 exem-

566 1761 656 1832 plo
693 1761 972 1818 humiliati
1015 1769 1319 1834 surgerent,
1369 1762 1463 1836 qui
1496 1762 1805 1819 imitatione
1836 1762 2010 1819 hostis
2039 1763 2166 1819 elati

567 1849 902 1907 ceciderant.
932 1851 1136 1909 Contra
1165 1869 1293 1925 ergo
1330 1852 1734 1925 superbientem
1766 1853 2048 1908 diabolum
2077 1869 2167 1925 ap-

570 1940 753 2010 paruit
803 1941 947 1996 inter
994 1941 1249 1997 homines
1284 1941 1452 1998 homo
1501 1941 1678 1998 factus
1731 1940 1960 1997 humilis
2002 1943 2164 1997 Deus.

569 2029 727 2084 Hunc
753 2037 1004 2102 potentes
1052 2029 1219 2101 hujus
1249 2031 1456 2098 saculi,
1491 2030 1547 2086 id
1575 2039 1657 2086 est
1687 2029 1931 2086 membra
1961 2029 2167 2086 diaboli

569 2119 960 2190 superbientis,
993 2137 1056 2176 eo
1086 2121 1482 2193 despicabilem
1512 2123 1883 2190 crediderunt,
1917 2139 2025 2195 quo
2055 2120 2171 2178 hu-

2192 857 2239 916 A
2267 855 2432 911 elatio
2453 854 2806 929 designatur?
2826 860 2961 916 Nam
2990 862 3117 934 quia
3139 861 3196 916 in
3219 876 3348 917 nare
3374 859 3598 918 fatuitas
3622 863 3764 918 solet
3786 862 3864 918 in-

2271 945 2466 1017 telligi,
2486 946 2774 1015 Salomone
2791 958 3077 1007 attestante
3098 950 3415 1019 didicimus,
3436 950 3529 1022 qui
3551 950 3660 1007 ait:
3691 951 3868 1008 Circu-

2276 1035 2356 1088 lus
2397 1039 2677 1092 aureus'in
2713 1039 2934 1094 naribus
2976 1040 3108 1105 suis,
3152 1040 3344 1095 mulier
3371 1040 3596 1112 pulchra
3639 1047 3689 1094 et
3718 1039 3872 1110 fatua

2277 1123 2462 1193 (Prov.
2486 1142 2566 1194 x1,
2589 1128 2704 1199 22).
2738 1129 3057 1184 Hareticam
3091 1145 3326 1202 namque
3354 1128 3665 1184 doctrinam
3695 1128 3871 1185 nitore

2274 1213 2416 1268 vidit
2443 1215 2650 1288 eloquii
2678 1219 3043 1290 resplendere,
3076 1236 3178 1275 nec
3205 1227 3388 1274 tamen
3435 1217 3721 1289 sapientia
3749 1225 3872 1290 apto

2276 1300 2559 1359 intellectu
2591 1323 2909 1378 congruere,
2941 1315 2994 1362 et
3023 1309 3101 1362 ait
3133 1326 3143 1362 :
3183 1309 3427 1364 Circulus
3453 1323 3658 1364 aureus
3684 1307 3742 1361 in
3770 1324 3875 1361 na-

2276 1391 2423 1444 ribus
2452 1393 2588 1460 suis,
2620 1393 2676 1449 id
2706 1403 2786 1449 est
2814 1397 3045 1467 pulchra
3075 1398 3096 1431 ‘
3125 1406 3178 1452 et
3206 1396 3560 1454 circumﬁexa
3589 1395 3798 1452 locutio
3819 1395 3873 1450 in

2276 1480 2529 1536 sensibus
2560 1485 2759 1539 mentis
2787 1485 2988 1553 stulta,
3036 1486 3127 1542 cui
3157 1502 3226 1540 ex
3258 1485 3476 1558 eloquio
3518 1501 3719 1540 aurum
3751 1499 3874 1556 pen-

2277 1567 2388 1634 det,
2442 1570 2462 1603 ⁵
2493 1569 2587 1625 sed
2636 1581 2817 1628 tamen
2853 1591 2922 1628 ex
2963 1583 3193 1631 terrena
3236 1575 3567 1630 intentionis
3613 1573 3875 1646 pondere,

2278 1673 2428 1712 more
2455 1659 2590 1726 suis,
2623 1660 2689 1715 ad
2723 1664 3008 1733 superiora
3045 1683 3156 1720 non
3190 1664 3433 1736 respicit.
3477 1663 3634 1732 Quod
3660 1670 3881 1719 secutus

2277 1749 2550 1818 exposuit,
2584 1749 2774 1807 dicens
2807 1770 2819 1806 :
2869 1754 3069 1810 Mulier
3100 1756 3328 1826 pulchra
3357 1761 3405 1809 et
3431 1754 3627 1824 fatua;
3682 1753 3740 1808 id
3778 1758 3879 1818 est,

2277 1834 2530 1892 doctrina
2561 1836 2816 1896 haretica
2851 1857 2862 1895 :
2912 1841 3143 1913 pulchra
3173 1858 3269 1914 per
3305 1840 3556 1909 verbum,
3605 1839 3760 1895 fatua
3789 1854 3884 1910 per

2278 1925 2637 1983 intellectum.
2683 1929 2744 1983 In
2774 1946 2945 1985 cornu
2978 1948 3125 1998 vero,
3162 1933 3184 1967 δ
3214 1932 3344 2003 quia
3371 1930 3536 1986 elatio
3565 1930 3884 2002 frequenter

2277 2015 2564 2088 accipitur,
2611 2022 2753 2080 996
2783 2019 3056 2091 Propheta
3097 2027 3388 2075 attestante
3430 2018 3754 2085 didicimus,
3788 2015 3886 2089 qui

2278 2114 2388 2169 ait:
2423 2115 2556 2170 Dixi
2585 2116 2804 2187 iniquis,
2849 2119 3010 2173 nolite
3038 2119 3215 2188 inique
3240 2135 3412 2190 agere,
3443 2123 3490 2172 et
3516 2116 3889 2186 delinquenti-

571 2213 759 2268 milem
807 2222 1235 2286 conSpexerunt.
1284 2215 1503 2271 Vulnus
1554 2217 1701 2271 enim
1747 2215 1929 2272 cordis
1987 2231 2176 2270 eorum

2284 2201 2396 2269 bus,
2427 2203 2586 2257 nolite
2615 2206 2852 2260 exaltare
2880 2223 3044 2260 cornu
3076 2207 3462 2278 (Psal.Lxx1v,
3480 2206 3560 2275 5).
3584 2202 3735 2270 Quid
3756 2218 3887 2274 ergo

571 2309 777 2373 quanto
807 2303 980 2376 magis
1010 2304 1235 2371 tumuit,
1284 2311 1439 2360 tanto
1470 2305 1707 2377 amplius
1739 2306 1759 2339 ²
1792 2304 2175 2360 medicamen-

570 2399 687 2446 tum
719 2391 854 2446 mite
883 2392 1153 2465 despexit.
1187 2394 1422 2465 Hepulsa
1463 2395 1635 2467 igitur
1661 2410 1692 2449 a
1721 2393 1948 2448 vulnere
1977 2409 2176 2465 super-

570 2478 772 2534 borum
803 2481 1079 2538 medicina
1121 2491 1310 2538 nostra
1345 2483 1596 2556 pervenit
1645 2483 1714 2540 ad
1747 2483 1950 2538 vulnus
1981 2482 2177 2538 humi-

573 2567 712 2622 lium
739 2585 750 2621 :
787 2570 1015 2639 Infirma
1045 2570 1246 2642 quippe
1275 2573 1460 2626 mundi
1489 2573 1638 2642 elegit
1663 2574 1824 2639 Deus,
1855 2580 1913 2626 ut
1939 2573 2175 2642 confun-

575 2655 668 2708 dat
695 2654 864 2724 fortia
888 2658 953 2726 (I
973 2658 1098 2712 Cor.
1119 2651 1308 2729 1,27);
1342 2667 1635 2730 actumque
1663 2667 1746 2716 est
1773 2675 1897 2715 cum
1927 2661 2174 2732 pauperi-

577 2741 681 2796 bus
710 2742 858 2813 quod
890 2751 1011 2815 post
1039 2744 1202 2799 etiam
1234 2745 1436 2802 divites
1467 2747 1593 2802 elati
1638 2748 1988 2805 mirarentur.
2036 2751 2173 2806 Nam

575 2829 708 2887 dum
732 2847 904 2888 novas
926 2832 984 2889 in
1013 2834 1126 2889 illis
1147 2833 1382 2892 virtutes
1399 2836 1698 2907 aspiciunt,
1720 2854 1910 2893 eorum
1939 2856 2174 2912 quorum

573 2921 724 2992 prius
779 2929 1155 2996 contempsere
1211 2925 1384 2981 vitam
1442 2926 1789 2998 postmodum
1848 2928 2177 3001 Obstupuere

574 3012 862 3071 miracula.
896 3015 1050 3072 Unde
1081 3031 1212 3071 mox
1242 3015 1430 3088 pavidi
1460 3016 1528 3072 ad
1557 3035 1656 3075 sua
1683 3018 1848 3074 corda
1868 3019 2173 3086 redeuntes,

575 3103 961 3160 extimuerunt
1006 3105 1352 3160 sanctitatem
1400 3105 1456 3160 in
1503 3107 1806 3174 miraculis,
1857 3125 2018 3179 quam
2070 3108 2178 3163 de-

575 3199 870 3260 spexerant
911 3191 967 3246 in
1011 3193 1316 3262 praceptis.
1366 3193 1467 3247 Per
1508 3193 1730 3247 inﬁrma
1777 3211 1903 3264 ergo
1950 3196 2181 3251 confusa

573 3285 701 3333 sunt
732 3279 917 3344 fortia,
967 3277 1096 3350 quia
1126 3279 1257 3334 dum
1301 3279 1360 3334 in
1405 3282 1814 3336 venerationem
1863 3282 1977 3337 vita
2005 3283 2180 3354 surgit

576 3364 900 3433 humilium,
950 3366 1116 3420 elatio
1161 3365 1362 3421 cecidit
1403 3367 1784 3438 superborum.
1835 3370 2010 3440 Igitur
2051 3371 2181 3443 quia

573 3454 769 3510 beatus
797 3452 900 3509 Job
928 3460 1129 3509 sancta
1158 3453 1421 3509 Ecclesia
1468 3460 1662 3526 typum
1707 3462 1876 3525 tenet,
1907 3464 1960 3512 et
1988 3458 2180 3513 omni—

2285 2289 2343 2344 in
2373 2290 2722 2349 rhinocerote
2752 2293 2856 2352 hoc
2885 2296 2992 2351 nisi
3034 2304 3282 2368 potentes
3321 2294 3490 2366 hujus
3525 2293 3714 2349 saculi
3745 2292 3884 2349 desi-

2287 2388 2544 2452 gnantur,
2595 2384 2685 2439 vel
2717 2384 2846 2456 ipsa
2883 2384 2941 2440 in
2969 2400 3034 2440 eo
3076 2401 3308 2440 summa
3349 2381 3766 2456 principatuum
3795 2399 3884 2455 po-

2286 2476 2526 2538 testates,
2587 2471 2683 2544 qui
2739 2472 2914 2544 typho
2969 2473 3134 2529 fatua
3177 2472 3500 2544 jactationis
3555 2471 3705 2540 elati,
3753 2470 3880 2526 dum

2285 2558 2437 2614 falsis
2465 2560 2709 2616 exterius
2731 2561 2996 2617 inﬂantur
3021 2561 3346 2629 honoribus,
3370 2561 3518 2617 veris
3548 2560 3786 2616 miseriis
3803 2559 3879 2615 in-

2284 2654 2374 2702 tus
2403 2649 2772 2706 inanescunt?
2803 2651 3016 2719 Quibus
3044 2652 3182 2708 bene
3211 2650 3451 2708 dicitur:
3487 2652 3507 2685 ⁷
3541 2650 3682 2718 Quid
3709 2665 3878 2720 super-

2286 2738 2384 2804 bis,
2414 2744 2559 2794 terra
2589 2747 2638 2795 et
2665 2741 2796 2794 cinis
2829 2742 3020 2812 (Eccli.
3054 2759 3114 2812 x,
3145 2742 3202 2815 9)
3223 2743 3250 2798 ‘l
3296 2743 3358 2798 In
3389 2741 3522 2813 ipsis
3549 2757 3680 2796 vero
3710 2738 3882 2794 initiis

2285 2827 2557 2883 nascentis
2603 2829 2883 2898 Ecclesia,
2931 2830 3064 2886 dum
3113 2838 3305 2888 contra
3354 2831 3499 2886 illam
3546 2828 3786 2883 divitum
3825 2842 3882 2882 se

2286 2923 2522 2986 potestas
2543 2919 2852 2987 extolleret,
2885 2927 3046 2992 atque
3077 2921 3133 2976 in
3162 2919 3280 2992 ejus
3301 2935 3483 2977 necem
3512 2916 3880 2973 immensitate

2289 3012 2450 3060 tanta
2500 3006 2842 3063 crudelitatis
2894 3008 3196 3074 anhelaret,
3245 3009 3377 3063 dum
3424 3015 3506 3063 tot
3544 3003 3881 3062 cruciatibus

2286 3095 2472 3163 anxia,
2503 3103 2587 3151 tot
2615 3097 3091 3168 persecutionibus
3121 3113 3302 3170 pressa
3331 3094 3734 3162 succumberet,
3764 3091 3883 3166 quis

2288 3191 2419 3240 tunc
2464 3185 2684 3241 credere
2717 3185 2900 3256 potuit
2930 3187 2950 3221 ⁸
2981 3187 3126 3260 quod
3157 3187 3255 3242 illa
3295 3194 3445 3242 recta
3484 3191 3538 3240 et
3579 3199 3772 3256 aspera
3797 3199 3880 3238 su-

2287 3273 2581 3345 perborum
2611 3276 2752 3330 colla
2773 3275 2878 3332 sibi
2901 3278 3214 3349 subjiceret,
3237 3285 3291 3332 et
3304 3275 3440 3348 jugo
3460 3276 3635 3332 sancti
3668 3273 3880 3330 timoris

2287 3363 2554 3431 edomita,
2586 3363 2816 3420 mitibus
2844 3364 2973 3421 ﬁdei
3005 3366 3136 3422 loris
3165 3366 3358 3439 ligaret
3378 3367 3406 3422 ?
3453 3365 3562 3422 Diu
3590 3364 3793 3438 quippe
3821 3363 3874 3418 in

2287 3452 2531 3509 exordiis
2559 3454 2673 3509 suis
2704 3454 3071 3512 rhinocerotis
3117 3455 3284 3529 hujus
3313 3472 3486 3512 cornu
3516 3454 3801 3520 ventilata,
3829 3457 3878 3506 et

578 3551 771 3616 potens
799 3544 945 3598 Deus
990 3540 1249 3615 pravidit
1277 3541 1423 3615 quod
1454 3542 1510 3599 in
1541 3543 1861 3617 primordiis
1902 3549 2176 3605 nascentis
2206 3566 2248 3628 ρ
2287 3543 2441 3616 quasi
2474 3542 2724 3598 funditus
2754 3543 3119 3600 interimenda
3148 3561 3403 3616 percussa
3432 3551 3532 3600 est.
3563 3543 3671 3599 Sed
3701 3541 3878 3599 divina

575 3635 862 3705 Ecclesia,
913 3643 1164 3708 potentes
1211 3634 1377 3708 hujus
1424 3637 1612 3694 saculi
1661 3637 1778 3694 leve
1825 3637 1942 3710 ejus
1981 3637 2177 3711 jugum

577 3725 857 3800 suscipere
883 3741 1066 3784 crassa
1095 3724 1277 3784 cordis
1307 3724 1519 3783 cervice
1548 3735 1880 3796 recusarent,
1913 3727 2088 3785 dicat:

1217 3871 1449 3930 CAPUT
1479 3873 1548 3928 ΙΙ.

645 3989 776 4044 CAP.
805 4004 1007 4053 xxxix,
1040 3987 1210 4044 Vens.
1243 3983 1658 4056 9.—Numquid
1683 3987 1818 4041 volet
1838 3987 1858 4020 ³
1880 3986 2181 4042 rhinoceros

572 4077 772 4130 servire
801 4077 892 4131 tibi
913 4080 941 4131 i’

644 4164 696 4219 2.
742 4163 846 4218 Per
872 4165 1257 4220 rhinocerotem
1291 4163 1617 4234 intelligendi
1662 4163 1790 4218 elati
1818 4170 1866 4218 et
1888 4171 2118 4234 potentes
2146 4184 2180 4221 a

578 4248 786 4306 Christo
833 4249 1052 4316 domiti,
1107 4257 1156 4306 et
1199 4250 1447 4305 Ecclesia
1496 4249 1696 4304 servi-re
1740 4251 1922 4306 coacti.
1973 4253 2180 4308 Eorum

575 4340 878 4412 superbiam
919 4341 1198 4398 miraculis
1238 4340 1416 4413 fregit.
1447 4371 1518 4382 —
1546 4339 1885 4398 Rhinoceros
1923 4342 2067 4398 enim
2099 4343 2178 4399 in-

577 4430 799 4486 domita
866 4430 1097 4488 omnino
1150 4439 1360 4488 natura
1418 4439 1533 4501 est;
1609 4431 1686 4488 ita
1743 4439 1806 4488 ut
1858 4431 1905 4488 si
1959 4432 2179 4505 quando

575 4531 766 4594 captus
817 4522 1005 4593 fuerit,
1056 4527 1232 4583 teneri
1281 4526 1598 4583 nullatenus
1645 4525 1836 4599 possit.
1883 4526 2179 4598 Impatiens

577 4612 800 4686 quippe,
828 4621 891 4670 ut
920 4613 1118 4684 fertur,
1166 4615 1320 4671 illico
1354 4616 1612 4671 moritur.
1653 4615 1789 4687 Ejus
1818 4631 1948 4671 vero
1979 4631 2179 4670 nomen

580 4702 776 4759 Latina
805 4703 995 4775 lingua
1032 4703 1460 4776 interpretatum
1501 4711 1678 4771 sonat,
1724 4704 1782 4759 in
1826 4719 1954 4758 nare
1982 4720 2174 4760 cornu.

576 4795 649 4852 Et
678 4793 812 4867 quid
834 4791 986 4850 aliud
1006 4793 1064 4850 in
1086 4809 1221 4850 nare
1248 4791 1356 4849 nisi
1377 4792 1622 4862 fatuitas,
1645 4793 1779 4866 quid
1800 4793 1857 4848 in
1877 4808 2050 4849 cornu
2069 4793 2178 4850 nisi

655 4969 924 5045 ‘_Recent.
947 4965 1099 5045 Editi
1120 4982 1245 5022 cum
1272 4965 1488 5045 germ’?
1517 4969 1832 5045 moreretur.
1859 4965 2176 5045 Ita'quoque

581 5039 782 5098 Codex.
821 5037 995 5094 Laud.
1051 5039 1125 5093 At
1181 5037 1379 5093 melius
1434 5035 1596 5094 Corb.
1652 5036 1862 5102 Germ.,
1919 5035 2180 5102 Vindoc.,

581 5110 1041 5183 Ebroicnaliiquie
1061 5110 1225 5183 Norm
1239 5153 1274 5176 .,
1287 5114 1606 5183 mereretur,
1627 5106 1772 5182 quod
1795 5107 1958 5163 etiam
1981 5107 2181 5179 legitur

581 5181 638 5235 in
670 5188 780 5235 vet.
815 5180 971 5235 Edit.‘
999 5182 1169 5237 Paris.
1201 5189 1254 5236 et
1283 5181 1448 5238 Basil.

654 5252 675 5284 ³
705 5250 878 5318 Editi,
929 5253 1358 5307 medicamentum
1398 5253 1536 5310 vita.
1597 5251 1779 5310 Secuti
1819 5267 2009 5307 sumus
2049 5251 2178 5305 Mss.

583 5321 825 5392 1}nglic.,
873 5323 1088 5390 Norm.,
1116 5323 1376 5392 Vindoc.,
1427 5325 1564 5381 duos
1601 5324 1784 5381 Germ.
1832 5329 1886 5378 et
1914 5320 2086 5377 Laud.
2120 5322 2182 5376 In

585 5391 789 5464 Turon.
821 5400 876 5446 et
905 5393 1027 5448 Val.
1061 5395 1142 5450 Cl.
1177 5391 1395 5464 legitur,
1430 5397 1854 5451 medicamentum
1881 5399 2047 5464 mente
2095 5392 2179 5446 de-

583 5462 777 5542 spexit,
822 5462 1268 5542 mutatoprocul
1323 5462 1492 5524 dubio
1543 5484 1639 5540 per
1685 5463 2182 5522 hallucinationem

583 5533 656 5612 τῷ
685 5533 807 5587 mite
838 5533 894 5587 in
920 5533 1104 5591 mente.

656 5613 677 5688 ξ’
706 5609 878 5688 haud.
912 5619 966 5688 et
995 5613 1118 5669 Val.
1146 5614 1256 5688 _C_l_.,
1276 5616 1628 5688 rhinocerus;
1657 5621 1711 5670 et
1723 5613 1813 5688 ita
1839 5623 2048 5688 postea.

657 5685 678 5718 ⁴
709 5682 871 5740 Corb.
904 5681 1113 5759 Germ.,
1145 5684 1408 5759 Yindoc.,
1437 5687 1684 5751 Ebroic.,
1720 5681 1923 5745 Prat'el.
1970 5684 2185 5759 aliique

583 5757 796 5825 Norm.,
828 5760 876 5812 et
901 5753 1279 5825 circumplexa.

2289 3632 2462 3703 gratia
2489 3632 2866 3706 dispensante,
2892 3641 2946 3689 et
2975 3635 3072 3689 illa
3099 3633 3387 3690 moriendo
3409 3635 3429 3669 ⁹
3453 3631 3737 3688 viviﬁcata
3762 3644 3877 3686 con-

2288 3722 2486 3791 valuit,
2534 3732 2588 3778 et
2616 3739 2790 3779 cornu
2821 3740 2982 3779 suum
3013 3723 3333 3780 rbinoceros
3362 3723 3467 3778 iste
3495 3720 3743 3777 feriendo
3770 3720 3875 3774 las-

2289 3819 2438 3866 satus
2476 3812 2800 3878 inclinavit;
2863 3812 3117 3886 quodque
3172 3811 3513 3885 impossibile
3569 3808 3876 3866 hominibus

2289 3901 2418 3969 fuit,
2465 3903 2579 3958 Deo
2627 3901 2854 3958 difﬁcile
2900 3917 3010 3957 non
3055 3902 3196 3970 fuit,
3241 3901 3337 3974 qui
3385 3907 3675 3972 potestates
3721 3895 3876 3967 hujus

2291 3989 2483 4044 mundi
2515 3988 2718 4059 rigidas
2747 4005 2857 4044 non
2889 3990 3094 4058 verbis,
3124 3988 3218 4045 sed
3240 3988 3518 4045 miraculis
3541 3987 3719 4058 fregit.
3740 3986 3875 4041 Ecce

2290 4077 2436 4132 enim
2484 4076 2731 4148 quotidie
2764 4076 2970 4133 servire
3017 4079 3062 4113 ¹⁰
3093 4078 3466 4136 rhinocerotes
3513 4073 3872 4146 agnoscimus,

2289 4167 2421 4222 dum
2452 4174 2702 4238 potentes
2722 4166 2919 4222 mundi
2950 4166 3138 4239 hujus,
3170 4169 3266 4241 qui
3288 4168 3345 4223 in
3367 4164 3576 4221 viribus
3593 4163 3706 4220 suis
3733 4163 3877 4218 fatua

2293 4256 2505 4312 dudum
2537 4256 2757 4312 fuerant
2803 4255 3042 4312 elatione
3086 4257 3301 4324 conﬁsi,
3349 4258 3462 4312 Deo
3500 4253 3748 4311 subditos
3769 4249 3874 4322 jam

2288 4347 2560 4403 videmus.
2613 4345 2780 4414 Quasi
2831 4345 2898 4402 de
2941 4345 3176 4418 quodam
3226 4345 3499 4403 indomito
3545 4343 3874 4400 rhinocerote

2288 4437 2558 4494 Dominus
2587 4436 2935 4510 loquebatur,
2964 4452 3092 4493 cum
3122 4436 3329 4492 diceret
3355 4453 3366 4490 :
3397 4435 3557 4490 Dives
3577 4433 3780 4506 difficile
3805 4429 3874 4482 in-

2290 4529 2452 4583 trabit
2479 4529 2536 4583 in
2566 4544 2782 4600 regnum
2810 4529 3059 4583 calorum
3090 4527 3305 4598 (Matth.
3336 4541 3459 4592 xxx,
3487 4524 3603 4596 23).
3633 4521 3734 4580 Cui
3761 4533 3873 4578 cum

2288 4634 2610 4690 responsum
2655 4624 2795 4673 esset
2827 4635 2838 4672 :
2879 4619 2954 4673 Et
2989 4616 3108 4686 quis
3134 4614 3335 4687 poterit
3366 4615 3516 4669 salus
3543 4611 3706 4685 ﬁeri?
3735 4609 3875 4668 Illico

2287 4707 2586 4779 adjunxit:
2637 4707 2799 4778 Apud
2838 4705 3068 4762 homines
3115 4707 3210 4761 hoc
3253 4703 3574 4775 impossibile
3615 4708 3709 4764 est,
3740 4696 3872 4771 apud

2285 4799 2454 4854 Deum
2483 4803 2658 4853 autem
2699 4794 2874 4850 omnia
2907 4793 3187 4866 possibilia
3213 4799 3337 4848 sunt
3367 4792 3556 4866 (Ibid.,
3586 4789 3703 4861 26).
3735 4790 3810 4846 Ac
3832 4787 3874 4843 si

2359 4969 2537 5052 5.Val.
2568 4968 2674 5034 CL,
2716 4967 2870 5024 sed...
2913 4966 3215 5023 intentionis
3257 4966 3510 5038 pondere,
3543 4980 3633 5020 sus
3673 4962 3748 5018 ad
3786 4975 3875 5014 su-

2285 5057 2507 5116 perwra
2534 5057 2641 5095 non
2667 5056 2806 5110 resp.

2299 5186 2329 5194 _
2363 5115 2384 5148 ⁸
2418 5113 2627 5194 Germ._
2663 5110 2925 5194 V;i_ndoc.,
2990 5111 3132 5194 pler.
3192 5109 3407 5194 Norm.,
3467 5105 3667 5194 haud”
3723 5098 3873 5162 Corb.

2291 5186 2500 5252 Germ.,
2529 5184 2652 5241 Val.
2685 5182 2792 5250 CL,
2823 5183 2947 5252 quia
2979 5179 3280 5251 frequenter
3307 5179 3578 5253 superbia.

2363 5259 2383 5338 ἶ
2407 5247 2626 5338 _Germ.,
2649 5247 2910 5338 Yindoc.,
2929 5247 3124 5321 Lauri,
3144 5253 3267 5308 Val.
3294 5247 3404 5321 le,
3421 5258 3471 5307 et
3493 5248 3654 5308 Corb.
3679 5247 3872 5306 Germ.,

2290 5329 2420 5399 quid
2451 5329 2702 5399 superbit.

2365 5401 2385 5434 ³
2416 5400 2622 5466 Germ.,
2672 5397 2834 5454 Corb.
2888 5398 3096 5464 Germ.,
3145 5395 3394 5464 Ebroic.,
3438 5393 3646 5466 aliique
3674 5391 3875 5451 Norm.,

2291 5471 2432 5542 quod
2459 5472 2562 5526 illa
2585 5475 2779 5542 erecta.

2363 5542 2536 5615 {Val
2571 5540 2686 5615 Cl.,‘
2710 5541 2976 5613 viviﬁcata
3004 5557 3170 5596 cornu
3196 5537 3484 5615 convaluit.
3560 5606 3626 5615 η.

2293 5683 2336 5741 L
2367 5612 2555 5739 1°dAl.,
2601 5601 2980 5682 rhinocerotas,
3029 5618 3090 5669 ut
3117 5618 3196 5669 est
3225 5610 3283 5667 in
3312 5609 3524 5676 Germ.,
3560 5603 3795 5664 Vindoc.
3824 5601 3880 5654 et

2338 5699 2408 5740 au
2457 5726 2468 5741 .
