4156 6178
342 368 454 428 573

707 367 764 422 S.
806 364 1142 424 GREGOBII
1179 363 1404 420 MAGNI
1441 323 1816 420 MORdLIUM
1853 362 1986 420 LIB.
2029 362 2236 419 XXXI.
2275 392 2346 404 —-
2383 361 2456 418 IN
2492 361 2719 420 CAPUT
2758 361 3002 418 XXXIX
3040 362 3103 418 B.
3143 361 3286 420 JOB.

3541 361 3645 418 574

334 497 547 553 diceret
578 509 590 548 :
625 489 960 549 Rhinoceros
988 490 1090 546 iste
1119 489 1378 546 humanis
1405 488 1619 544 viribus
1650 501 1928 543 mansues-
1964 493 2015 552 Α
2045 496 2156 544 tem
2191 488 2444 544 videmus
2473 487 2501 543 7
2530 487 2671 555 Quia
2709 503 2839 542 vero
2879 493 3002 558 post
3047 494 3329 558 acceptum
3385 485 3647 560 pabulum

334 602 461 644 cere
487 598 600 640 non
631 588 831 654 potest,
864 579 958 636 sed
987 588 1172 636 tamen
1211 579 1418 635 divinis
1456 577 1619 634 subdi
1659 574 1942 632 miraculis

337 684 547 752 potest.
580 671 736 730 Unde
763 670 857 727 hic
885 688 1100 744 quoque
1127 678 1253 742 apte
1282 669 1442 726 beato
1474 668 1575 724 Job
1611 674 1812 727 sanctae
1841 666 1942 722 Ec-

335 765 521 825 clesia:
548 773 743 835 typum
775 761 984 817 tenenti
1013 759 1254 816 dicitur:
1293 757 1551 827 Nunquid
1586 757 1725 812 volet
1749 755 1944 808 rhino-

337 871 484 912 ceros
513 853 712 908 servire
743 850 874 906 tibi?
908 848 1051 923 [Rec.
1085 848 1191 922 ΙΙ.]
1224 845 1531 904 Subaudis:
1565 853 1628 901 ut
1658 843 1819 911 mihi,
1848 843 1943 916 qui

336 961 467 1003 cum
499 940 942 1015 praedicamentis
973 939 1196 1012 quidem
1236 937 1526 994 hominum
1559 935 1658 991 diu
1695 934 1945 990 resistere

346 1033 578 1108 pertuli,
620 1030 716 1086 sed
745 1038 929 1085 tamen
976 1036 1218 1100 repente,
1267 1044 1391 1084 cum
1441 1026 1615 1092 volui,
1663 1022 1945 1079 miraculis

343 1123 549 1181 stravi.
592 1123 674 1178 Ac
727 1121 772 1176 si
803 1121 1044 1191 apertius
1071 1119 1220 1175 dicat
1251 1136 1264 1174 :
1294 1116 1557 1189 Nunquid
1587 1115 1645 1171 hi
1675 1116 1769 1187 qui
1799 1115 1948 1169 fatua

342 1214 583 1270 elatione
611 1210 942 1283 superbiunt
968 1210 1087 1265 sine
1117 1209 1254 1264 meis
1275 1206 1569 1278 adjutoriis
1597 1215 1703 1262 tuae
1735 1203 1946 1276 praedi—

341 1303 550 1365 cationi
581 1301 937 1359 subduntur?
957 1301 1058 1355 Per
1087 1316 1246 1372 quem
1280 1299 1466 1371 itaque
1495 1297 1789 1370 praevaleas
1819 1311 1947 1352 con-

342 1393 542 1460 sidera,
578 1399 633 1447 et
661 1391 721 1444 in
754 1405 918 1444 omne
948 1387 1094 1461 quod
1138 1389 1400 1460 przevales
1429 1387 1686 1444 elationis
1725 1400 1948 1440 sensum

345 1483 573 1540 inclina.
595 1480 694 1537 Vel
714 1486 856 1536 certe
872 1477 940 1533 ad
956 1478 1100 1534 beati
1120 1478 1221 1534 Job
1238 1478 1494 1534 notitiam
1522 1493 1620 1549 pro
1637 1475 1767 1530 hum
1779 1475 1950 1530 iliau—

343 1575 415 1631 da
445 1573 566 1646 ejus
596 1572 802 1627 virtute
831 1569 1146 1635 deducitur,
1163 1586 1327 1642 quam
1350 1569 1490 1624 mira
1506 1567 1838 1640 quandoque
1855 1581 1952 1637 per

347 1664 630 1737 apostolos
649 1668 903 1733 agantur,
921 1661 1015 1733 qui
1029 1659 1297 1715 mundum
1320 1661 1432 1715 Deo
1453 1656 1776 1728 subjiciunt,
1794 1656 1952 1726 eique

345 1752 650 1809 edomitam
669 1757 955 1822 potentum
975 1748 1142 1821 huj‘us
1161 1749 1346 1804 saeculi
1368 1746 1678 1818 superbiam
1701 1744 1950 1809 ﬂectunt,

345 1851 413 1899 ut
441 1848 593 1898 tanto
624 1839 690 1895 de
719 1856 774 1895 se
805 1839 996 1894 beatus
1023 1838 1125 1894 Job
1155 1837 1337 1892 minus
1358 1836 1613 1902 aestimet,
1635 1840 1842 1904 quanto
1863 1847 1950 1902 ag-
1983 1851 2030 1910 B

351 1932 565 2003 gregari
593 1932 703 1986 Deo
727 1938 834 1986 tam
870 1928 1124 1984 difﬁciles
1152 1927 1362 1982 animas
1384 1942 1480 1998 per
1495 1925 1632 1979 alios
1663 1922 1835 1978 videt.
1860 1921 1950 1977 Di-

349 2029 442 2078 cat
461 2037 584 2092 ergo
605 2037 615 2075 :
639 2018 896 2090 Nunquid
926 2019 1059 2073 votet
1086 2017 1392 2072 rhinoceros
1443 2015 1580 2069 tibi?
1629 2011 1904 2068 Subaudis
1936 2027 1947 2065 :

351 2111 507 2168 Sicut
533 2124 628 2182 per
655 2125 747 2165 eos
775 2125 911 2184 quos
939 2107 1140 2164 misero
1173 2103 1556 2161 servietmibi.
1581 2101 1876 2174 Sequitur:

827 2249 1054 2308 CAPUT
1086 2253 1159 2307 IlI
1191 2250 1329 2325 [Vet.
1362 2247 1471 2322 II].

435 2376 602 2434 997.
636 2380 775 2435 lem.
807 2407 878 2418 —
901 2376 1012 2432 Aut
1038 2377 1336 2432 morabitur
1373 2375 1444 2431 ad
1484 2389 1720 2447 praesepe
1751 2377 1898 2426 tuum
1926 2369 1954 2425 ?

428 2471 480 2526 3.
517 2469 810 2540 Scripturaa
835 2473 1026 2522 sancta:
1048 2468 1244 2538 pabulo
1271 2466 1512 2522 Christus
1533 2466 1625 2519 hos
1643 2462 1957 2516 rhinocero—

358 2561 433 2611 tes
462 2555 654 2610 nutrit.
686 2585 757 2595 —
784 2556 1029 2625 Praesepe
1069 2553 1174 2610 hoc
1201 2555 1321 2609 loco
1352 2553 1470 2624 ipsa
1497 2552 1780 2622 Scriptura
1807 2563 1959 2603 sacra

360 2659 478 2698 non
502 2643 960 2699 inconvenienter
988 2643 1276 2714 accipitur,
1307 2642 1364 2698 in
1403 2658 1510 2714 qua
1557 2640 1710 2696 verbi
1760 2639 1958 2712 pabulo

369 2731 642 2788 animalia
671 2739 860 2787 sancta
887 2731 1176 2799 satiantur,
1209 2732 1274 2787 de
1297 2731 1494 2803 quibus
1518 2745 1616 2802 per
1635 2728 1956 2800 Prophetam

357 2820 613 2877 dicitur:
648 2821 926 2876 Animalia
958 2827 1047 2875 tua
1075 2819 1384 2874 habitabant
1411 2820 1542 2873 inea
1579 2819 1750 2887 (Psat.
1784 2832 1956 2880 vau,

364 2910 480 2980 11).
511 2909 657 2965 Hinc
678 2909 841 2963 etiam
864 2916 1025 2963 natus
1053 2908 1322 2963 Dominus
1342 2924 1373 2962 a
1399 2905 1706 2979 pastoribus
1739 2906 1796 2960 in
1829 2921 1960 2976 pra:-

368 2998 484 3070 sepi
515 2997 788 3069 reperitur
824 2998 974 3069 (Luc.
1010 3015 1072 3066 ιι,
1126 2999 1239 3070 16),
1284 2998 1414 3069 quia
1459 2995 1578 3068 ejus
1634 2995 1962 3062 incarnatio,

369 3090 382 3122 ’
421 3087 480 3142 in
511 3103 573 3143 ea
603 3103 724 3159 quae
755 3102 854 3142 nos
896 3086 1075 3142 reiicit
1120 3086 1517 3157 Prophetarum
1563 3084 1833 3156 scriptura
1877 3099 1963 3139 co-

364 3176 664 3248 gnoscitur.
699 3175 1037 3232 Rhinoceros
1084 3175 1267 3247 itaque
1315 3175 1437 3242 iste,
1483 3173 1740 3230 videlicet
1782 3172 1964 3228 omnis

365 3265 539 3320 elatus
567 3264 626 3320 in
647 3264 966 3337 primordiis
988 3264 1262 3321 nascentis
1286 3264 1564 3332 Ecclesiae,
1593 3281 1718 3319 cum
1737 3262 1964 3334 patriar-

364 3353 594 3409 charum
646 3354 813 3421 dicta,
873 3371 998 3410 cum
1051 3355 1441 3428 prophetarum
1500 3353 1782 3425 mysteria,
1837 3367 1964 3407 cum

367 3441 658 3513 Evangelii
688 3458 884 3499 arcana
911 3442 1147 3510 audiret,
1197 3442 1483 3507 irridebat,
1532 3443 1662 3514 quia
1705 3447 1861 3496 tanto
1907 3437 1966 3493 in

366 3531 788 3604 praedicatorum
821 3532 1047 3603 przesepi
1079 3531 1260 3588 claudi
1291 3531 1584 3603 satiarique
1611 3537 1969 3599 contempse-

367 3627 474 3688 rat,
507 3628 712 3692 quanto
741 3620 763 3653 ³
785 3621 842 3674 in
873 3620 1252 3691 voluptatibus
1282 3620 1520 3691 propriis
1538 3619 1822 3685 dimissus,
1855 3617 1964 3671 de—

370 3709 694 3781 sperationis
715 3727 827 3766 suae
848 3726 1101 3781 campum
1135 3709 1372 3765 tenebat.
1406 3709 1579 3775 Quem
1609 3707 1969 3778 superborum

371 3814 623 3870 campum
648 3798 788 3855 bene
816 3800 1021 3855 Paulus
1069 3799 1335 3866 insinuat,
1367 3797 1556 3854 dicens
1586 3815 1597 3853 :
1653 3798 1755 3864 Qui
1785 3797 1973 3866 despe—

371 3895 548 3944 rantes
580 3890 876 3960 semetipsos
894 3890 1233 3945 tradiderunt
1261 3887 1601 3960 impudicitia:
1624 3889 1680 3942 in
1708 3885 1971 3958 operatio-

369 3996 486 4032 nem
543 3978 891 4034 immunditiw
943 3979 1132 4047 omnis,
1187 3979 1244 4032 in
1281 3977 1570 4034 avaritiam
1618 3976 1836 4047 (Ephcs.
1893 3990 1972 4042 ιν,

376 4068 491 4139 19).
526 4067 702 4123 Tanto
733 4071 879 4124 enim
902 4085 958 4124 se
980 4067 1212 4141 quisque
1242 4068 1300 4123 in
1332 4067 1490 4122 malis
1519 4064 1880 4138 przesentibus
1899 4065 1974 4119 1a-

371 4156 486 4212 tius
516 4157 750 4226 relaxat,
776 4168 981 4231 quanto
1012 4167 1132 4228 post
1153 4157 1295 4213 hanc
1315 4157 1486 4211 vitam
1516 4171 1572 4211 se
1599 4153 1812 4226 assequi
1833 4153 1977 4208 bona

374 4254 583 4302 aaterna
611 4246 882 4318 desperat.
915 4245 1020 4302 Sed
1048 4245 1396 4316 omnipotens
1428 4247 1572 4300 Deus
1614 4243 1712 4298 diu
1751 4241 1976 4314 quidem

375 4335 782 4392 rhinocerotem
817 4335 965 4391 hunc
1004 4351 1096 4406 per
1127 4350 1307 4405 pravae
1330 4337 1350 4368 ³
1392 4332 1692 4404 voluptatis
1719 4346 1976 4402 campum

374 4435 663 4498 vagantem
688 4424 934 4496 pertulit,
975 4431 1028 4480 et
1061 4431 1243 4479 tamen
1273 4438 1400 4478 cum
1429 4421 1628 4488 voluit,
1661 4426 1882 4491 repente
1910 4417 1979 4473 ad

376 4532 538 4570 suum
565 4530 801 4587 praesepe
833 4512 1104 4584 religavit,
1132 4519 1194 4567 ut
1223 4511 1350 4566 vitae
1381 4509 1645 4582 pabulum
1666 4508 1802 4563 bene
1819 4508 1981 4564 clau-

377 4621 472 4660 sus
492 4562 846 4676 acdipiatfne
878 4562 1048 4656 viiam
1079 4562 1330 4655 funditus
1364 4562 1519 4666 inale
1558 4597 1700 4653 liber
1741 4596 1977 4652 amittat.
2012 4562 2060 4621 D

378 4694 522 4750 Ecce
550 4695 696 4749 enim
724 4693 837 4766 jam
860 4692 1140 4749 cernimus
1156 4688 1300 4763 quod
1321 4697 1567 4762 potentes
1587 4685 1755 4758 hujus
1775 4685 1984 4759 saeculi,

381 4783 608 4856 ejusque
638 4783 915 4854 principes
957 4780 1382 4855 praedicamenta
1421 4775 1702 4833 dominica
1753 4773 1989 4830 libenter

381 4873 640 4941 audiunt,
673 4880 988 4930 constanter
1014 4872 1222 4943 legunt,
1257 4871 1277 4904 ⁴
1325 4867 1635 4941 passimque
1686 4881 1717 4920 a
1760 4867 1988 4937 praesepi

385 4979 499 5019 non
528 4970 753 5031 exeunt,
784 4961 914 5034 quia
961 4967 1229 5033 praecepta
1266 4958 1386 5026 Dei,
1435 4972 1557 5030 qua;
1603 4962 1697 5010 aut
1735 4952 1985 5025 legendo,

385 5059 482 5107 aut
502 5049 776 5107 audiendo
804 5055 1163 5122 cognoscunt,
1195 5062 1536 5120 nequaquam
1556 5043 1795 5100 vivendo
1816 5051 1988 5100 trans-

385 5139 662 5207 cendunt;
691 5139 787 5196 sed
824 5137 892 5193 ad
921 5136 1075 5192 verbi
1111 5136 1374 5208 pabulum
1416 5133 1575 5207 quasi
1625 5132 1799 5189 clausi
1844 5140 1990 5187 stare

388 5228 770 5302 aequanimiter
798 5226 1053 5294 tolerant,
1074 5234 1136 5281 ut
1155 5222 1365 5280 edendo
1394 5230 1447 5277 et
1469 5220 1838 5293 permanendo
1856 5220 1991 5292 pin-

317 5304 328 5316 ’
390 5327 668 5391 guescant.
701 5316 860 5386 Quod
889 5333 1015 5373 cum
1050 5317 1161 5371 Deo
1197 5319 1388 5384 agente
1430 5310 1821 5381 conspicimus,
1855 5308 1988 5381 quid

389 5409 546 5467 aliud
575 5424 738 5483 quam
769 5406 1174 5464 rhinocerotem
1204 5402 1354 5458 hunc
1393 5401 1461 5456 ad
1490 5414 1731 5472 prasepe
1759 5413 1992 5454 moran-

470 5621 731 5701 ‘P_ratel.,
761 5618 1215 5701 aliiqueNormq
1265 5613 1428 5701 inci:
1473 5613 1662 5686 quibus
1690 5627 1785 5669 nos
1831 5609 2003 5685 reficit

385 5695 772 5771 prophetarum
798 5693 1010 5772 scriptis
1040 5693 1450 5768 recognoscitur.

470 5770 491 5802 ²
523 5765 786 5823 Vindoc..
820 5781 877 5818 in
904 5761 1280 5818 voluntatibus.

470 5840 492 5874 ³
520 5802 801 5894 eiii‘éif’é’i
823 5802 1464 5903 ᾜαῖξωδιΐῖονὶῖηιαείε.

2051 577 2457 650 praedicationis
2484 577 2803 634 rhinoceros
2827 575 2928 631 iste
2957 575 3199 632 fructum
3251 575 3412 632 debet
3457 583 3650 633 osten-

2051 667 2178 724 dere
2207 667 2409 740 operis,
2440 674 2586 723 recte
2615 665 2970 738 subjungitur
2995 682 3006 720 :

2408 782 2636 839 CAPUT
2664 782 2739 839 Iv
2764 781 2904 855 [νει.
2937 787 2985 835 et
3011 782 3130 837 Rec.
3166 776 3304 851 III].

2125 893 2295 950 Vens.
2349 893 2428 950 10.
2462 925 2532 934 -
2563 892 2820 963 Nunquid
2868 891 3115 964 alligabis
3169 890 3546 944 rhinocerotem
3581 886 3654 943 ad

2053 983 2319 1037 arandum
2346 983 2460 1037 toro
2493 988 2578 1036 tuo
2599 985 2626 1038 ἵ

2125 1076 2176 1130 li.
2213 1076 2402 1131 Sreculi
2427 1075 2688 1147 principes
2717 1074 2897 1128 divina
2921 1077 3184 1144 praecepta
3204 1071 3392 1142 quibus
3428 1069 3656 1141 alligan-

2059 1171 2166 1231 tur,
2190 1167 2487 1238 prwdicant
2515 1172 2562 1219 et
2589 1165 2794 1220 ser-vari
2822 1169 3031 1219 curant.
3056 1163 3275 1218 —Lora
3303 1169 3431 1217 sunt
3454 1159 3655 1216 Eccle-

2057 1257 2152 1312 sia
2182 1265 2450 1328 praecepta
2480 1255 2810 1327 disciplinae.
2844 1255 3013 1309 Arare
3057 1269 3190 1308 vero
3217 1260 3297 1307 est
3326 1267 3420 1322 per
3450 1248 3658 1321 praedi-

2058 1348 2289 1404 cationis
2345 1346 2588 1403 studium
2640 1345 2866 1400 humani
2915 1345 3152 1416 pectoris
3180 1351 3381 1398 terram
3431 1353 3652 1394 vomere

2059 1437 2260 1509 linguae
2289 1437 2661 1510 proscindere.
2696 1437 2798 1492 Hic
2828 1435 2997 1507 igitur
3027 1434 3347 1490 rhinoceros
3376 1428 3655 1502 quondam

2059 1526 2327 1597 superbus
2357 1542 2419 1580 ac
2451 1525 2661 1596 rigidus
2687 1523 2801 1596 jam
2825 1541 2973 1580 nunc
3004 1523 3135 1578 loris
3176 1521 3302 1576 ﬁdei
3334 1526 3552 1574 tenetur
3581 1518 3660 1572 li—

2063 1624 2216 1686 gatus
2247 1633 2261 1682 ;
2294 1623 2455 1686 atque
2485 1631 2517 1669 a
2563 1613 2790 1686 praisepi
2833 1613 2899 1668 ad
2941 1611 3206 1667 arandum
3243 1608 3484 1675 ducitur,
3533 1605 3662 1677 quia

2062 1718 2179 1758 eam
2215 1703 2655 1774 przedicationem
2684 1719 2791 1774 qua
2817 1701 2930 1773 ipse
2951 1700 3185 1756 refectus
3214 1705 3294 1752 est
3317 1697 3662 1751 innotescere

2065 1799 2118 1844 et
2147 1790 2270 1845 aliis
2299 1799 2545 1846 conatur.
2579 1791 2794 1845 Scimus
2821 1789 2968 1844 enim
2992 1788 3310 1843 rhinoceros
3331 1783 3451 1851 iste,
3483 1790 3662 1838 terre-

2067 1894 2172 1933 nus
2205 1877 2462 1932 videlicet
2491 1879 2764 1948 princeps,
2815 1883 3022 1948 quanta
3049 1876 3201 1946 prius
3253 1881 3443 1928 contra
3480 1868 3663 1926 Domi‘

2064 1984 2196 2022 num
2239 1967 2566 2022 crudelitate
2604 1967 2861 2034 saevierit,
2907 1973 2960 2020 et
3001 1981 3149 2020 nunc
3190 1969 3380 2035 agente
3428 1957 3664 2015 Domino

2064 2057 2342 2112 cernimus
2393 2065 2596 2130 quanta
2645 2073 2700 2112 se
2742 2056 2790 2111 ei
2841 2055 3155 2111 humilitate
3199 2049 3516 2107 substernit.
3564 2048 3666 2103 Hic

2066 2146 2383 2202 rhinoceros
2418 2164 2528 2202 non
2558 2148 2735 2204 solum
2769 2147 2988 2217 ligatus,
3041 2143 3134 2199 sed
3176 2143 3338 2198 etiam
3382 2139 3451 2194 ad
3497 2154 3667 2193 aran-

2066 2233 2197 2289 dum
2255 2236 2455 2308 ligatus
2515 2243 2618 2303 est,
2670 2235 2798 2308 quia
2841 2233 3101 2289 videlicet
3165 2229 3477 2300 disciplinae
3533 2225 3666 2281 loris

2066 2323 2342 2393 astrictus,
2375 2341 2486 2380 non
2531 2325 2711 2380 solum
2740 2341 2797 2379 se
2846 2340 2877 2378 a
2914 2321 3096 2395 pravis
3147 2319 3403 2392 operibus
3445 2315 3666 2382 retinet,

2067 2413 2161 2469 sed
2190 2414 2354 2469 etiam
2384 2413 2440 2467 in
2465 2420 2665 2469 sanctae
2716 2410 2845 2466 ﬁdei
2898 2407 3384 2482 praedicationibus
3427 2408 3665 2458 exercet.

2066 2505 2206 2560 Ecce
2235 2503 2402 2571 enim,
2433 2503 2576 2559 sicut
2603 2501 2853 2574 superius
2880 2499 3086 2555 dictum
3109 2505 3210 2565 est,
3236 2497 3380 2568 ipsos
3409 2493 3670 2548 humana-

2070 2617 2192 2656 rum
2223 2616 2403 2656 rerum
2434 2606 2672 2655 rectores
2695 2614 2756 2652 ac
2783 2594 3056 2666 principes
3070 2592 3203 2647 dum
3232 2595 3473 2644 metuere
3496 2589 3669 2642 Deum

2070 2691 2128 2747 in
2158 2692 2272 2748 suis
2289 2689 2597 2747 actionibus
2613 2687 2912 2754 cernimus,
2935 2683 3066 2757 quid
3084 2681 3234 2737 aliud
3255 2697 3416 2754 quam
3439 2677 3572 2734 loris
3596 2676 3674 2731 li-

2071 2791 2220 2853 gates
2249 2779 2541 2836 videmus?
2579 2777 2714 2834 Cum
2739 2793 2869 2831 vero
2908 2791 3027 2830 eam
3053 2772 3241 2840 fidem,
3267 2785 3428 2843 quam
3461 2765 3670 2823 dudum

2072 2869 2444 2943 persequendo
2472 2870 2492 2902 ⁵
2527 2868 3001 2938 impugnaverant,
3033 2877 3182 2916 nunc
3210 2858 3436 2932 prolatis
3463 2855 3674 2927 legibus

2073 2959 2367 3032 prmdicare
2397 2975 2508 3013 non
2537 2962 2769 3021 cessant,
2803 2952 2936 3026 quid
2965 2950 3118 3007 aliud
3145 2948 3374 3014 faciunt,
3405 2945 3514 3000 nisi
3543 2959 3671 2998 ara-

2075 3050 2148 3105 tri
2177 3048 2456 3104 laboribus
2487 3044 2797 3102 insudant?

2145 3137 2198 3194 5.
2235 3136 2517 3194 Suae-utaris
2540 3133 2812 3208 potestatis
2832 3137 2879 3187 et
2898 3127 3212 3185 humilitatis
3235 3122 3538 3180 christiana:
3564 3120 3674 3176 mi-

2003 3210 2046 3270 C
2079 3247 2169 3283 rus
2198 3243 2495 3282 consensus.
2526 3255 2595 3266 ——
2627 3223 2785 3278 Libet
2815 3221 2999 3277 videre
3039 3218 3188 3273 hunc
3244 3214 3673 3279 rhinocerotem,

2075 3317 2131 3374 id
2161 3325 2243 3372 est
2271 3326 2427 3373 terrae
2453 3314 2756 3388 principem
2791 3310 2917 3366 fidei
2947 3309 3082 3365 loris
3127 3307 3379 3378 ligatum,
3420 3300 3676 3376 quemad-

2078 3407 2300 3462 modum
2339 3410 2482 3468 998
2518 3411 2572 3460 et
2599 3419 2772 3460 cornu
2801 3409 2981 3473 portat
3011 3415 3106 3472 per
3136 3393 3435 3469 potentiam
3467 3389 3674 3457 saeculi,

2077 3513 2129 3559 et
2149 3504 2343 3576 jugum
2375 3502 2500 3558 ﬁdei
2531 3502 2764 3557 sustinet
2793 3516 2886 3570 per
2916 3511 3155 3552 amorem
3184 3492 3304 3550 Dei.
3332 3489 3537 3545 Timeri
3576 3487 3679 3542 iste

2079 3593 2400 3650 rhinoceros
2430 3591 2586 3646 valde
2635 3597 2864 3661 poterat,
2896 3587 3004 3641 nisi
3049 3585 3250 3655 ligatus
3295 3586 3452 3636 esset.
3496 3577 3680 3635 Cornu

2081 3683 2282 3755 quippe
2311 3682 2497 3747 habet,
2527 3679 2620 3734 sed
2651 3679 2851 3747 ligatus
2879 3682 2980 3731 est.
3017 3672 3231 3728 Habent
3271 3685 3399 3740 ergo
3448 3668 3506 3722 in
3549 3665 3680 3755 loris

2081 3752 2198 3840 ejus
2225 3752 2372 3842 quod
2402 3767 2641 3822 humiles
2694 3763 2946 3833 diligant,
2994 3760 3198 3816 habent
3243 3759 3302 3812 in
3345 3772 3517 3811 cornu
3563 3752 3683 3823 ejus

2083 3860 2229 3934 quod
2258 3859 2386 3914 elati
2417 3855 2822 3929 pertimescant.
2856 3851 3091 3908 Strictus
3128 3847 3277 3901 enim
3307 3844 3459 3910 loris,
3500 3847 3684 3896 servat

2083 3952 2340 4024 pietatem
2374 3942 2836 4007 mansuetudinis,
2880 3939 2974 3996 sed
3022 3937 3194 3992 fultus
3241 3948 3413 3989 cornu
3456 3939 3685 3986 terrenae

2085 4023 2272 4112 gloriae
2302 4044 2518 4094 exercet
2547 4032 2859 4090 dominium
2887 4025 3188 4100 potestatis.
3223 4023 3549 4093 Plerumque
3578 4034 3686 4074 au-

2084 4140 2194 4186 tem
2226 4146 2350 4185 cum
2381 4127 2632 4197 exigente
2663 4123 2744 4177 ira
2785 4119 2853 4175 ad
2889 4115 3198 4174 feriendum
3230 4111 3462 4183 rapitur,
3496 4106 3688 4166 divino

2087 4223 2284 4277 timore
2324 4223 2630 4273 revocatur.
2681 4213 2753 4267 Et
2790 4208 3010 4282 quidem
3057 4221 3151 4278 per
3179 4208 3551 4272 exasperatam
3581 4214 3690 4270 po-

2086 4308 2315 4364 tentiam
2338 4307 2396 4360 in
2425 4303 2666 4359 furorem
2683 4315 2739 4355 se
2764 4299 2972 4362 elevat;
3006 4293 3100 4351 sed
3129 4291 3258 4364 quia
3286 4288 3471 4344 aeterni
3486 4284 3692 4358 judicis

2087 4396 2480 4462 reminiscitur,
2529 4407 2701 4448 cornu
2744 4388 2943 4460 ligatus
2986 4400 3042 4440 se
3083 4382 3332 4438 inclinat.
3383 4378 3534 4448 Smpe
3579 4375 3693 4447 ipse

2081 4489 2294 4544 vidisse
2325 4501 2410 4540 me
2440 4479 2689 4546 memini,
2721 4475 2868 4550 quod
2887 4491 3012 4531 cum
3037 4487 3092 4528 se
3123 4470 3191 4526 ad
3219 4465 3529 4525 feriendum
3560 4478 3695 4536 gra-

2093 4578 2235 4632 viter
2286 4573 2378 4630 hic
2423 4571 2741 4628 rhinoceros
2782 4561 3123 4629 accenderet,
3171 4565 3226 4615 et
3271 4556 3425 4630 quasi
3482 4555 3694 4610 elevato

2097 4683 2269 4722 cornu
2286 4661 2534 4720 bestiolis
2564 4656 2812 4714 minimis
2837 4660 3058 4719 mortes,
3077 4650 3296 4717 exsilia,
3315 4644 3695 4705 damnationes

2097 4772 2201 4830 que
2252 4751 2511 4825 subjectis
2562 4745 2846 4806 immensis
2886 4739 3188 4799 terroribus
3243 4737 3559 4797 intentaret,
3615 4744 3695 4828 re-

2096 4854 2258 4920 pente
2280 4843 2449 4900 fronti
2481 4841 2636 4914 signo
2665 4837 2844 4895 crucis
2872 4835 3157 4906 impresso,
3200 4841 3362 4882 omne
3408 4821 3466 4875 in
3515 4836 3572 4920 se
3615 4818 3695 4873 in-

2097 4937 2354 4996 cendium
2407 4931 2610 4989 furoris
2643 4925 2933 4991 exstinxit,
2984 4933 3280 4978 conversus
3329 4913 3504 4968 minas
3536 4907 3696 4980 depo-

2097 5027 2240 5091 suit;
2273 5032 2327 5080 et
2355 5022 2484 5096 quia
2513 5021 2579 5076 ad
2609 5018 2907 5074 deliberata
2936 5005 3186 5083 progredi
3217 5019 3328 5059 non
3370 5004 3570 5096 posset,
3620 4997 3701 5096 li-_-

2099 5129 2253 5195 gatus
2282 5116 2526 5191 agnovit.
2558 5116 2630 5170 Et
2658 5129 2767 5168 non
2796 5109 2974 5165 solum
3011 5106 3070 5158 in
3099 5117 3154 5156 se
3183 5099 3292 5154 iras
3337 5095 3574 5161 edomat,
3607 5090 3702 5149 sed

2100 5186 2155 5267 in
2187 5186 2558 5281 subjectorum
2588 5205 2754 5260 etiam
2798 5195 3048 5256 sensibus
3093 5205 3254 5248 omne
3293 5186 3440 5262 quod
3490 5192 3697 5242 rectum

2100 5309 2182 5358 est
2210 5274 2446 5355 inserere
2475 5292 2718 5358 festinat,
2749 5296 2810 5344 ut
2839 5285 2966 5358 quia
2996 5295 3186 5339 omnes
3213 5286 3455 5334 sanctam
3502 5274 3705 5331 Eccle-

2102 5391 2238 5448 siam
2263 5398 2340 5444 ‘ex
2369 5385 2567 5442 intima
2585 5377 2916 5453 cogitatione
2937 5377 3289 5437 venerentur,
3308 5365 3560 5438 exemplo
3590 5363 3704 5434 ipse

2180 5609 2199 5643 ‘
2230 5607 2320 5664 Sic
2348 5604 2576 5668 Turon.,
2607 5597 2717 5654 duo
2745 5595 2953 5668 Germ.,
2973 5588 3238 5668 yindoc.,
3269 5578 3704 5668 Daudunuvval.

2109 5658 2718 5748 Cl.,~l‘lorman.,'etc.,
2749 5658 2947 5748 etsi‘in’
2973 5663 3153 5744 Editis
3182 5658 3703 5748 legaturi‘pastique.

2180 5732 2217 5788 θ’
2228 5732 2493 5808 Nonnulli
2521 5732 2996 5812 Edit.,'mendose,
3017 5732 3492 5808 impinguave-rant.
