4156 6178
562 249 669 309 575

1760 249 2010 308 SANCTI
2071 249 2411 309 GBEGOBII
2449 251 2677 310 MAGNI

3773 262 3880 319 576

563 392 674 434 sua
715 372 1046 430 humilitatis
1091 373 1444 432 demonstret.
1488 372 1718 430 Dicatur
1768 373 1938 448 igitur
1993 373 2152 430 beato
2196 377 2245 436 A
2273 376 2510 432 exaratis
2543 376 2782 434 vallibus
2805 377 3030 450 jaceat?
3051 376 3156 446 Qui
3176 393 3240 434 eo
3265 377 3556 450 nequiores
3578 386 3732 449 sunt,
3763 397 3876 455 quo

561 465 664 524 Job
689 483 700 521 :
721 465 980 538 Nunquid
1002 465 1250 538 alligabis
1268 465 1644 522 rhinocerotem
1661 465 1734 520 ad
1759 465 2030 521 arandum
2051 467 2166 521 loro

567 559 694 614 tuo?
723 557 804 614 Ac
830 557 878 613 si
905 565 1088 630 aperte
1133 556 1324 615 dicat:
1376 555 1640 630 Nunquid
1701 562 1950 629 potentes
2000 553 2168 626 hujus

565 645 752 704 saculi
781 645 840 702 in
869 662 969 702 sua
991 646 1142 702 fatua
1169 646 1408 702 elatione
1427 643 1784 714 conﬁdentes,
1814 644 1882 700 ad
1919 645 2165 702 laborem

566 735 971 810 pradicationis
1008 735 1224 809 dirigis,
1271 743 1326 792 et
1357 737 1374 770 ί
1429 735 1532 792 sub
1583 733 1892 807 disciplina
1939 733 2168 791 vincula

567 825 850 898 restringis
877 825 1234 885 iSubaudis:
1267 827 1470 896 Utego,
1501 823 1596 898 qui
1629 823 1686 880 id
1713 825 1798 892 egi
1825 830 1951 882 cum
1983 823 2165 894 volui,

567 916 662 988 qui
711 923 1087 988 persecutores
1123 931 1293 984 meos,
1337 931 1474 989 quos
1521 913 1676 986 prius
1716 913 1902 970 hostes
1940 913 2168 986 pertuli,

571 1004 726 1078 ipsos
778 1005 1128 1078 postmodum
1173 1011 1335 1061 recta
1380 1003 1510 1060 ﬁdei
1549 1002 1864 1061 defensores
1905 1002 2032 1060 feci.
2081 1003 2170 1060 Se-

531 1079 550 1093 ’
569 1094 760 1172 quitur
791 1111 804 1152 :

1055 1182 1282 1241 CAPUT
1311 1183 1363 1241 ν
1394 1182 1533 1258 [γει.
1567 1182 1690 1257 IV].

641 1273 970 1332 Imm—Aut
991 1273 1287 1347 confringet
1311 1274 1486 1346 glebas
1513 1275 1741 1330 vallium
1762 1279 1886 1348 post
1914 1279 1958 1330 te
1982 1272 2010 1330 ?

639 1367 693 1424 ὅ.
727 1366 831 1436 Qui
849 1367 1008 1440 prius
1033 1367 1158 1440 ﬁdei
1175 1371 1550 1438 persecutores,
1567 1366 1898 1438 postmodum
1911 1363 2170 1436 pradica~

575 1463 716 1514 tores
742 1461 794 1512 et
815 1463 1102 1514 assertores
1132 1455 1281 1528 facti.
1311 1486 1384 1496 —
1411 1455 1603 1512 Solent
1631 1455 1866 1512 exculta
1899 1461 2054 1510 terra
2083 1469 2172 1508 su-

569 1542 906 1618 perjacentes
933 1544 1102 1616 gleba
1125 1542 1329 1616 jactata
1347 1543 1557 1600 semina
1572 1559 1836 1616 premere,
1863 1551 1918 1600 et
1934 1558 2174 1598 nascen-

571 1633 650 1690 tia
677 1633 960 1691 suti'ocare.
992 1634 1206 1703 Quibus
1233 1633 1404 1706 glebis
1453 1633 1560 1694 hoc
1596 1635 1718 1692 loco
1748 1633 1832 1690 illi
1859 1633 2168 1705 signantur,

2276 479 2378 521 nec
2405 465 2510 537 ipsi
2540 465 2872 524 humilitatis
2900 468 3142 525 fructum
3172 467 3480 540 proferunt,
3509 475 3564 524 et
3597 469 3748 542 quod
3787 478 3880 528 est

2277 552 2535 624 deterius,
2569 555 2907 627 proferentes
2955 556 3194 614 humiles
3241 565 3517 630 premunt.
3565 558 3652 614 Ad
3683 558 3880 618 horum

2277 643 2540 702 duritiam
2558 647 2968 704 dissolvendam
2991 664 3388 722 nonnunquam
3405 657 3594 706 sancta
3611 651 3879 719 Ecclesia,

2279 737 2408 810 quia
2427 739 2647 810 propria
2663 738 2872 794 virtute
2893 756 3008 796 non
3043 740 3266 806 sufﬁcit,
3297 739 3667 796 rhinocerotis
3697 739 3882 814 hujus,

2280 826 2336 883 id
2363 835 2444 884 est
2478 831 2680 886 terreni
2711 831 2983 904 principis
3018 831 3437 904 opitulationem
3457 831 3677 903 quaerit,
3696 839 3760 886 ut
3775 831 3887 903 ipse

2279 917 2682 990 superjacentes
2713 919 2898 992 glebas
2927 927 3198 988 conterat,
3231 935 3366 993 quas
3394 919 3774 976 Ecclesiarum
3791 919 3886 977 hu-

2281 1010 2484 1067 militas
2514 1011 2668 1083 quasi
2700 1011 2962 1084 planities
3009 1011 3246 1068 vallium
3296 1019 3497 1084 portat.
3544 1013 3656 1088 Has
3705 1013 3890 1085 itaque

2280 1098 2460 1170 glebas
2505 1100 2828 1157 rhinoceros
2857 1101 2992 1174 pede
3023 1102 3326 1174 premit-ac
3371 1101 3728 1170 comminuit,
3764 1101 3890 1176 quia

2281 1203 2575 1260 pravorum
2611 1191 3031 1264 potentiumque
3067 1189 3356 1258 duritiam,
3391 1191 3482 1248 cui
3513 1191 3890 1250 ecclesiastica

2233 1308 2236 1312 ~
2280 1275 2570 1335 humilitas
2590 1278 2846 1337 resistere
2875 1297 2991 1337 non
3023 1281 3193 1350 valet,
3223 1281 3551 1353 principalis
3593 1279 3796 1352 religio
3823 1295 3891 1334 ex

2280 1373 2546 1438 potestate
2577 1368 2853 1426 dissolvit.
2898 1369 3057 1438 Quod
3107 1370 3238 1443 quia
3282 1371 3400 1426 sola
3439 1369 3638 1426 divina
3683 1369 3891 1424 virtute

2281 1456 2480 1528 agitur,
2515 1465 2578 1514 ut
2604 1460 2808 1516 terreni
2837 1460 2993 1532 regni
3021 1460 3268 1517 culmina
3297 1462 3318 1496 ⁶
3352 1459 3421 1515 ad
3447 1468 3778 1532 provectum
3800 1475 3892 1539 re-

2282 1545 2376 1616 gni
2417 1546 2654 1604 caelestis
2697 1549 3055 1619 inclinentur,
3098 1557 3248 1606 recte
3301 1566 3449 1606 nunc
3491 1549 3742 1606 dicitur:
3784 1547 3894 1602 Aut

2280 1635 2577 1708 confringet
2603 1639 2781 1710 glebas
2808 1640 3031 1696 vallium
3057 1645 3179 1712 post
3199 1645 3244 1694 te
3263 1641 3290 1696 ἵ
3307 1640 3375 1694 Ut
3396 1655 3526 1694 vero
3545 1639 3614 1694 de
3638 1637 3758 1694 suis
3785 1636 3892 1692 vir-

574 1722 671 1798 qui
700 1739 796 1796 per
825 1723 1085 1781 duritiam
1118 1741 1273 1782 suam
1293 1733 1454 1798 atque
1482 1725 1795 1797 pestiferam
1834 1721 2030 1790 vitam,
2070 1737 2174 1776 nec
2201 1735 2246 1795 Β
2282 1723 2498 1781 tutibus
2526 1725 2719 1783 beatus
2739 1728 2842 1784 Job
2871 1727 3111 1784 humilia
3139 1727 3364 1794 sentiat,
3395 1735 3448 1784 et
3475 1727 3660 1784 adhuc
3680 1726 3751 1783 de
3780 1725 3895 1780 hu-

575 1813 682 1886 ipsi
709 1815 923 1870 semina
950 1813 1105 1870 verbi
1149 1816 1444 1888 recipiunt,
1475 1831 1578 1872 nec
1621 1822 1966 1887 receptorum
1995 1813 2176 1870 semi-

573 1919 709 1960 num
738 1903 954 1962 fructus
985 1904 1122 1960 alios
1168 1904 1310 1960 ferre
1355 1903 1704 1977 permittunt.
1745 1905 1978 1962 Sanctus
2019 1903 2169 1960 enim

574 1993 805 2068 quisque
832 1992 1156 2066 pradicator
1180 1993 1238 2050 in
1273 1993 1544 2050 mundum
1588 1994 1835 2063 veniens,
1881 1992 2176 2066 evangeli-

573 2082 749 2140 zando
780 2083 1132 2156 pauperibus,
1162 2084 1318 2157 quasi
1367 2083 1561 2140 molles
1593 2083 1824 2140 vallium
1854 2091 2026 2140 terras
2058 2098 2172 2138 ara-

576 2179 727 2230 verat
751 2190 764 2240 ;
787 2171 883 2230 sed
897 2171 1259 2246 quorumdam
1280 2171 1542 2229 duritiam
1575 2173 1596 2208 ²
1626 2173 1896 2230 elatorum
1927 2170 2175 2229 Ecclesia

575 2278 829 2335 rumpere
870 2279 982 2319 non
1031 2263 1241 2332 valens,
1283 2279 1376 2322 eos
1422 2263 1578 2337 quasi
1625 2261 1960 2335 superjectas
1999 2260 2174 2317 labori

576 2369 678 2410 suo
705 2351 890 2424 glebas
915 2368 1171 2426 oppressa
1197 2352 1483 2410 tolerabat.
1517 2353 1680 2410 Multi
1709 2351 1858 2408 enim
1897 2367 2173 2425 perversae

525 2449 532 2458 '
576 2439 779 2499 mentis
805 2440 924 2513 ipsa
947 2447 1290 2498 terrenorum
1315 2441 1630 2515 principum
1660 2439 1986 2496 inﬁdelitate
2037 2455 2172 2496 con-

576 2530 688 2598 ﬁsi,
716 2536 1027 2602 surgentem
1059 2530 1362 2586 Ecclesiam
1383 2531 1524 2587 male
1543 2529 1770 2587 vivendi
1788 2529 2028 2602 pondere
2043 2545 2176 2602 pre-

578 2619 820 2686 mebant,
844 2619 866 2652 ³
887 2633 1014 2676 cum
1043 2618 1142 2674 diu
1169 2633 1306 2689 quos
1325 2625 1546 2691 possent
1571 2618 1736 2674 modo
1765 2617 2176 2674 damnabilibus

579 2707 868 2778 exemplis,
901 2707 1066 2763 modo
1091 2705 1280 2773 minis,
1311 2707 1474 2764 modo
1506 2706 1901 2763 blandimentis
1929 2706 2176 2764 destrue-

533 2843 545 2856 .
581 2802 724 2864 rent,
753 2811 824 2852 ne
849 2802 996 2852 terra
1021 2794 1204 2853 cordis
1241 2795 1559 2853 auditorum
1587 2795 1656 2853 ad
1684 2795 1952 2868 spiritalis
1994 2797 2176 2852 semi-

578 2885 666 2942 nis
694 2884 937 2942 fructum
961 2884 1184 2942 exculta
1209 2886 1534 2956 perveniret.
1565 2885 1640 2942 At
1667 2901 1794 2942 cum
1823 2883 2176 2958 omnipotens

578 2975 725 3030 Deus
772 2971 922 3031 hunc
945 2971 1352 3030 rhinocerotem
1384 2975 1405 3010 ‘
1454 2973 1588 3031 loris
1623 2974 1740 3030 suis
1775 2971 2044 3041 subdidit,
2079 2989 2176 3045 per

2276 1811 2368 1883 jus
2398 1813 2592 1870 mundi
2625 1815 2993 1887 potestatibus
3023 1816 3128 1872 sub
3159 1814 3525 1872 rhinocerotis
3547 1814 3780 1870 nomine
3809 1829 3893 1868 su-

2283 1901 2475 1958 blimia
2498 1911 2811 1976 cognoscat,
2835 1905 3087 1977 sequitur
3115 1922 3128 1962 :

2909 1993 3140 2050 CAPUT
3170 1993 3266 2050 VI.

2352 2079 2522 2138 Vnus.
2551 2080 2637 2137 11.
2667 2110 2738 2122 -
2756 2081 2776 2116 ⁷
2799 2081 3055 2152 Nunquid
3082 2081 3333 2153 ﬁduciam
3359 2080 3568 2136 habebis
3597 2081 3654 2135 in
3682 2097 3900 2154 magna

2282 2168 2595 2240 fortitudine
2620 2169 2752 2240 ejus,
2780 2176 2829 2224 et
2854 2171 3180 2242 derelinques
3209 2171 3256 2226 ei
3285 2169 3486 2226 labores
3501 2175 3618 2224 tuos
3637 2171 3664 2224 Υ

2355 2259 2408 2314 8.
2441 2259 2764 2331 Temporalis
2775 2259 3038 2331 principis
3064 2265 3371 2330 potestatem
3402 2257 3503 2312 sibi
3529 2256 3734 2312 servire
3763 2256 3899 2331 cogit

2287 2347 2550 2415 Christus,
2579 2349 2726 2420 eique
2750 2366 2905 2404 suam
2946 2349 3246 2406 Ecclesium
3285 2349 3512 2403 credidit
3538 2365 3604 2402 ac
3641 2363 3894 2402 commen-

2285 2438 2591 2494 davit—In
2609 2437 2976 2493 rhinocerotis
2991 2437 3328 2493 fortitudine
3343 2435 3606 2492 ﬁduciam
3623 2435 3894 2492 Dominus

2288 2527 2492 2585 habere
2519 2545 2575 2585 se
2604 2527 2820 2596 asserit,
2858 2527 2988 2600 quia
3019 2527 3170 2582 vires
3197 2543 3333 2601 quas
3367 2525 3750 2598 temporaliter
3773 2533 3892 2582 ter—

2285 2633 2424 2674 reno
2455 2617 2696 2690 principi
2727 2616 2986 2686 contulit,
3014 2615 3084 2672 ad
3112 2617 3326 2674 cultum
3357 2631 3473 2670 sua
3520 2613 3890 2670 venerationis

2285 2708 2600 2776 inclinavit,
2631 2713 2694 2762 ut
2721 2723 2791 2762 ex
2820 2715 3044 2780 accepta
3060 2715 3346 2781 potestate,
3366 2724 3466 2781 per
3492 2724 3654 2782 quam
3682 2707 3890 2764 dudum

2285 2807 2478 2854 contra
2505 2799 2679 2853 Deum
2711 2803 3006 2866 tumuerat,
3039 2797 3357 2870 religiosum
3399 2813 3548 2854 nunc
3587 2799 3707 2854 Deo
3734 2796 3887 2854 obse-

2285 2891 2477 2964 quium
2509 2889 2809 2964 impendat.
2841 2891 2960 2958 Quo
2987 2893 3136 2948 enim
3169 2892 3228 2948 in
3255 2892 3516 2948 mundum
3539 2892 3661 2964 plus
3687 2899 3890 2964 potest,

2285 2996 2350 3037 eo
2396 2997 2496 3054 pro
2543 2981 2739 3038 mundi
2777 2987 3001 3038 auctore
3049 2981 3174 3055 plus
3216 2983 3492 3055 pravalet.
3529 2982 3666 3038 Nam
3701 2983 3833 3054 quia
3859 2997 3894 3036 a

579 3080 705 3121 eum
733 3062 886 3131 illico
940 3063 1220 3154 glebarum
1265 3062 1531 3154 duritiam
1573 3064 1762 3154 fregit.
1796 3065 1929 3154 M01;
1971 3063 2173 3154 quippe
2204 3093 2248 3154 ο
2283 3071 2544 3145 subjectis
2583 3072 2698 3144 ipse
2754 3072 3039 3141 metuitur,
3099 3080 3254 3130 tanto
3299 3072 3524 3130 facilius
3579 3069 3890 3144 persuadet,

577 3161 855 3211 terrenum
887 3150 1254 3225 principatum
1303 3169 1417 3209 sua
1460 3153 1590 3209 ﬁdei
1639 3151 1979 3225 subjugavit,
2031 3151 2172 3208 dura

580 3241 1021 3316 persequentium
1051 3239 1215 3298 corda
1242 3241 1529 3309 contrivit,
1574 3248 1636 3297 ut
1675 3239 1830 3314 quasi
1881 3239 2177 3298 confracta

581 3331 750 3404 gleba
777 3347 890 3388 non
911 3328 1028 3402 jam
1057 3329 1339 3386 obdurata
1365 3338 1699 3403 premerent,
1729 3329 1830 3386 sed
1871 3329 1940 3384 ad
1980 3346 2178 3402 perce-

579 3429 674 3496 pta
699 3420 855 3478 verbi
881 3421 1091 3477 semina
1118 3419 1370 3476 resoluta
1413 3419 1801 3492 germinarent.
1846 3416 2002 3474 Unde
2033 3425 2178 3475 recte

580 3529 732 3570 nunc
756 3511 834 3568 ait
859 3529 872 3568 :
906 3513 1020 3568 Aut
1045 3509 1341 3582 confringet
1357 3509 1532 3582 glebas
1560 3507 1786 3565 callium
1809 3513 1933 3580 post
1961 3513 2006 3564 te
2025 3510 2052 3564 ?
2097 3508 2178 3566 Ac

580 3603 627 3659 si
655 3602 891 3660 diceret:
916 3601 1072 3658 Sicut
1084 3605 1208 3673 post
1233 3615 1339 3668 me,
1361 3599 1457 3672 qui
1487 3605 1775 3672 postquam
1809 3604 2046 3653 mentem
2067 3612 2179 3653 cu-

574 3690 804 3766 juslibet
831 3691 987 3748 elata
1016 3689 1302 3764 potestatis
1334 3687 1636 3762 ingredior,
1668 3703 1780 3744 non
1829 3688 2011 3744 solum
2059 3701 2180 3742 eam

580 3781 722 3840 mihi
751 3780 1028 3840 subditam
1059 3780 1248 3849 reddo,
1279 3779 1375 3838 sed
1402 3779 1568 3837 etiam
1598 3777 1667 3835 ad
1709 3775 2073 3836 conterendos
2104 3775 2182 3832 ﬁ—

476 3889 482 3893 ·
581 3873 668 3929 dei
695 3871 882 3930 hostes
910 3872 932 3907 ⁸
963 3887 1210 3940 exerceo,
1245 3879 1307 3928 ut
1335 3877 1584 3943 potentes
1611 3867 1780 3942 hujus
1808 3867 1994 3924 saculi
2045 3881 2180 3922 mea

579 3959 896 4018 formidinis
923 3959 1056 4017 loris
1085 3959 1260 4032 ligati,
1293 3975 1405 4014 non
1441 3959 1622 4014 solum
1666 3957 1726 4012 in
1774 3971 1860 4010 me
1894 3953 2182 4012 credentes

580 4065 954 4129 permaneant,
983 4057 1079 4112 sed
1107 4064 1160 4112 et
1186 4071 1286 4128 pro
1316 4069 1402 4109 me
1433 4057 1577 4116 999
1606 4051 1776 4106 alieni
1807 4051 1991 4108 cordis
2019 4051 2184 4108 duri-

579 4153 716 4210 tiam
741 4153 981 4210 zelantes
1018 4154 1298 4225 frangant.

653 4241 705 4298 7.
735 4241 804 4297 In
829 4257 924 4295 suo
951 4239 1074 4296 sinu
1109 4241 1302 4295 multos
1329 4240 1498 4294 hostes
1526 4238 1678 4295 habet
1705 4238 1967 4305 Ecclesia,
1997 4243 2184 4294 contra

580 4345 710 4403 quos
728 4333 1060 4384 terrenarum
1083 4327 1388 4400 principum
1414 4345 1562 4400 opem
1589 4327 1800 4400 quaerit.
1831 4357 1902 4369 —
1933 4327 2049 4384 Hoc
2076 4341 2186 4382 au-

2287 3169 2492 3236 quanto
2521 3169 2574 3216 et
2611 3177 2736 3217 eum
2767 3168 3033 3233 potestate
3056 3159 3275 3233 judicat
3301 3162 3398 3236 qui
3425 3177 3554 3218 vere
3586 3167 3884 3218 metuatur.

2285 3251 2512 3307 Dicatur
2538 3265 2700 3320 ergo:
2755 3250 3015 3321 Nunquid
3059 3251 3312 3322 ﬁduciam
3358 3251 3566 3306 habebis
3595 3249 3653 3305 in
3692 3266 3879 3322 magna

2285 3339 2600 3410 fortitudine
2625 3337 2782 3408 ejus?
2812 3339 2894 3395 Ac
2920 3339 2968 3396 si
2989 3340 3265 3397 diceretur
3297 3357 3308 3395 :
3353 3341 3423 3398 Ut
3453 3356 3570 3412 ego,
3605 3339 3706 3412 qui
3743 3337 3882 3394 vires

2288 3435 2630 3484 terrenorum
2662 3427 2977 3500 principum
2995 3445 3116 3485 meo
3135 3430 3313 3488 cultui
3329 3429 3631 3487 servituras
3659 3426 3882 3502 aspicio.

2290 3519 2508 3576 Tanto3
2541 3519 2690 3575 enim
2737 3535 2801 3575 ea
2836 3535 2957 3593 qua
3003 3536 3152 3576 nunc
3198 3519 3338 3591 agis,
3391 3519 3610 3576 minora
3653 3519 3881 3586 aestimo,

2291 3619 2496 3684 quanto
2519 3608 2633 3682 jam
2663 3607 2963 3681 praevideo,
2996 3609 3125 3682 quia
3155 3614 3211 3664 et
3239 3607 3476 3681 majores
3503 3608 3675 3682 hujus
3705 3605 3886 3666 mundi

2291 3699 2434 3756 mihi
2465 3706 2762 3773 potestates
2790 3699 3090 3756 inclinabo.
3116 3699 3264 3754 Bene
3289 3705 3478 3754 autem
3509 3699 3799 3756 subditur:
3821 3701 3889 3756 Et

2289 3790 2616 3862 derelinques
2641 3791 2688 3846 ei
2715 3791 2918 3847 labores
2948 3795 3062 3844 tuos
3091 3790 3118 3846 ?
3147 3788 3386 3845 Labores
3415 3789 3564 3846 enim
3595 3807 3730 3847 suos
3766 3789 3890 3846 huic

2291 3879 2630 3936 rhinoceroti
2658 3880 2928 3936 Dominus
2947 3877 3196 3952 reliquit,
3219 3877 3350 3951 quia
3376 3894 3644 3936 converso
3679 3886 3888 3936 terreno

2293 3969 2528 4043 principi
2556 3985 2676 4025 eam
2705 3984 2870 4042 quam
2903 3985 3000 4024 sua
3032 3976 3206 4024 morte
3250 3975 3520 4025 mercatus
3547 3975 3646 4036 est,
3679 3967 3885 4024 Eccle-

2293 4059 2428 4114 siam
2458 4055 2694 4113 credidit
2725 4072 2738 4112 :
2776 4055 2907 4128 quia
2937 4055 3198 4112 videlicet
3227 4055 3287 4112 in
3316 4054 3433 4128 ejus
3470 4071 3636 4110 manu
3681 4059 3887 4128 quanta

2292 4144 2665 4206 sollicitudine
2721 4161 2832 4217 pax
2887 4143 3017 4200 fidei
3077 4144 3151 4200 sit
3212 4145 3417 4201 tuenda
3465 4141 3763 4202 commisit.
3795 4141 3888 4198 Se-

2295 4237 2486 4310 quitur
2517 4251 2530 4291 :

2584 4323 2812 4383 CAPUT
2877 4324 2980 4382 VII
3024 4321 3164 4398 [Vet.
3215 4325 3274 4394 V,
3313 4327 3434 4382 Rec.
3482 4322 3605 4398 IV].

581 4429 690 4480 tem
721 4420 870 4512 quod
896 4419 964 4477 de
991 4420 1308 4512 inﬁdelibus
1337 4421 1604 4512 diximus,
1635 4421 1694 4478 in
1725 4421 2000 4512 plerisque
2014 4419 2179 4478 etiam
2208 4453 2256 4512 D
2363 4415 2534 4474 Vens.
2700 4447 2770 4512 έ
2803 4415 3065 4488 Nunquid
3109 4415 3285 4471 credes
3325 4415 3372 4472 ei
3417 4415 3559 4512 quod
3593 4414 3781 4470 reddat
3823 4427 3891 4468 se-

582 4512 678 4586 qui
705 4509 836 4570 tidei
863 4510 1087 4568 nomine
1113 4519 1408 4572 censentur
1438 4511 1710 4570 videmus.
1745 4510 1910 4568 Multi
1939 4524 2177 4584 namque
2208 4505 2251 4512 ”
2284 4512 2503 4562 mentem
2533 4505 2644 4574 tibi,
2672 4510 2721 4560 et
2751 4523 2936 4562 aream
2968 4511 3123 4562 tuam
3149 4507 3460 4578 congreget?

583 4601 640 4659 in
660 4597 842 4660 medio
878 4597 1178 4656 humilium
1209 4599 1444 4656 fratrum
1486 4599 1654 4672 positi
1697 4599 1865 4656 ﬁdem
1907 4597 2076 4655 verbo
2101 4604 2180 4654 te-

583 4708 690 4748 nus
716 4695 926 4758 tenent,
943 4687 1039 4746 sed
1066 4689 1198 4746 dum
1218 4688 1476 4746 elationis
1490 4688 1730 4762 typhum
1759 4703 1869 4744 non
1897 4687 2179 4753 deserunt,

583 4780 715 4838 dum
737 4794 875 4854 quos
901 4785 1132 4851 possunt
1177 4776 1352 4835 illatis
1381 4775 1669 4834 violentiis
1717 4782 1997 4848 premunt,
2046 4774 2179 4830 dum

583 4865 1046 4928 frnctiﬁcantibus
1073 4865 1198 4924 aliis
1235 4865 1346 4939 ipsi
1391 4881 1737 4940 nequaquam
1778 4863 1991 4922 semina
2026 4862 2182 4920 verbi

585 4959 880 5033 recipiunt,
929 4955 1026 5016 sed
1069 4958 1138 5016 ab
1175 4955 1528 5014 exhortantis
1579 4973 1714 5014 voce
1761 4970 1951 5012 aurem
2000 4953 2184 5011 cordis

585 5057 862 5118 avertunt,
883 5047 977 5106 isti
1001 5045 1139 5122 quid
1177 5045 1353 5116 aliud,
1383 5061 1548 5120 quam
1590 5044 1870 5103 obdurata
1907 5043 2078 5118 gleba
2127 5044 2184 5100 in

663 5235 680 5269 ¹
711 5235 911 5291 Pratel.
948 5241 1004 5292 et
1031 5233 1198 5304 Utic.,
1229 5233 1324 5290 sub
1350 5232 1644 5304 disciplina:
1677 5232 1922 5289 vinculis.

661 5304 684 5338 ³
729 5305 976 5374 Ebroic.,
1023 5305 1253 5378 Pratel.,
1289 5304 1401 5378 duo
1447 5304 1863 5378 Germanenses,
1915 5321 2052 5378 quos
2095 5321 2175 5362 se-

587 5381 1097 5448 quunturgveteres
1149 5375 1300 5433 Edit.
1346 5377 1517 5434 Paris.
1551 5385 1604 5433 et
1632 5378 1823 5448 Basil.,
1871 5375 2174 5447 electorum,

589 5443 1034 5516 quodv‘itiosum
1065 5463 1182 5504 esse
1209 5462 1322 5504 non
1355 5448 1691 5506 dubitamus.

662 5515 684 5624 ἶ
711 5513 834 5570 Val.
865 5514 948 5642 81.
979 5525 1034 5573 et
1059 5517 1256 5600 Laud._,
1283 5535 1400 5574 cum
1427 5520 1521 5576 diu
1547 5537 1650 5591 quo
1678 5525 1896 5604 possunt
1924 5520 2098 5576 modo.

707 5583 832 5642 Val.
911 5587 972 5642 1..
995 5587 1132 5642 hunc
1154 5589 1553 5642 rhinocerota...
1584 5591 1738 5642 subdi
1751 5593 1836 5642 fit.
1870 5593 2011 5642 dum
2046 5608 2098 5642 ne

661 5585 684 5624 ‘
707 5583 832 5643 Val.
857 5583 972 5663 _Cl.,
995 5587 1132 5663 hunc
1154 5583 1573 5663 rhinocerota":
1584 5583 1738 5663 subdi
1751 5593 1836 5658 lit,
1870 5593 2011 5648 dura
2041 5608 2179 5663 per-

588 5673 698 5735 seq.
747 5655 931 5722 corda,
967 5658 1210 5735 _omissis
1236 5661 1522 5735 _9mnibus
1573 5662 1718 5720 aliis.
1759 5655 1921 5724 Gorb.
1964 5655 2174 5735 Germ,

587 5727 938 5786 rhinocerota.
959 5727 1121 5785 Germ
1131 5772 1142 5783 .
1151 5769 1166 5796 ,
1199 5729 1599 5791 rhinocerotam.

2359 4599 2412 4656 9.
2444 4599 2554 4655 Pro
2583 4597 2821 4654 Ecclesia
2852 4599 2982 4668 leges
3007 4598 3360 4669 promulgat;
3388 4596 3482 4667 qui
3502 4595 3704 4652 dudum
3720 4601 3892 4652 contra

2289 4705 2404 4744 eam
2430 4687 2770 4744 sceviebat.—
2789 4687 2896 4755 Qui
2927 4685 3083 4743 aliud
3125 4701 3332 4756 semen,
3361 4684 3471 4742 nisi
3501 4684 3731 4740 verbum
3757 4698 3892 4757 prae-

2291 4778 2584 4836 dicationis
2612 4775 2888 4849 accipitur
2918 4776 2947 4833 ?
2964 4775 3112 4833 sicut
3138 4775 3198 4832 in
3225 4774 3530 4848 Evangelio
3569 4774 3787 4832 Veritas
3818 4770 3892 4829 di-

2291 4867 2369 4924 cit
2401 4885 2412 4924 :
2441 4867 2598 4924 Exiit
2624 4865 2719 4936 qui
2746 4865 3000 4932 seminat,
3031 4865 3289 4922 seminare
3319 4864 3532 4938 (Matth.
3565 4879 3692 4932 xm,
3721 4863 3776 4934 3)
3801 4879 3813 4929 ;
3842 4866 3892 4916 et

2293 4956 2436 5014 sicut
2463 4953 2731 5028 propheta
2760 4953 2839 5008 ait
2863 4971 2875 5008 :
2923 4954 3077 5010 Beati
3115 4953 3208 5024 qui
3245 4953 3519 5009 seminatis
3547 4969 3706 5026 super
3731 4964 3892 5007 omnes

2291 5060 2460 5118 aquas
2491 5043 2648 5115 (Isai.
2681 5059 2868 5109 χχχιι,
2888 5043 3006 5116 20).
3030 5041 3176 5112 Quid
3195 5041 3349 5099 aliud
3376 5057 3501 5098 area
3530 5039 3640 5098 nisi
3658 5035 3894 5098 Ecclesia

2357 5234 2378 5270 ⁵
2411 5234 2534 5291 Val.
2569 5232 2678 5302 CL,
2705 5249 2884 5288 exere.

2358 5307 2380 5341 ⁶
2415 5306 2610 5374 Gilot.,
2644 5294 2847 5372 Vatia,
2886 5304 3026 5361 Guss
3045 5319 3174 5360 anv.
3205 5311 3283 5374 et
3323 5300 3439 5374 al,
3462 5305 3588 5357 cum
3631 5300 3759 5374 Mss.

2286 5376 2494 5446 Germ.,
2524 5367 2952 5448 ad'profectum;
3008 5377 3138 5432 Mss.
3187 5373 3352 5433 Corb.
3400 5367 3612 5442 Germ.,
3655 5367 3889 5444 Anglic.,

2285 5450 2505 5517 Norm.,
2532 5456 2661 5516 etc.,
2693 5448 2766 5502 ad
2786 5453 3113 5514 provectum.

2360 5523 2380 5556 ⁷
2411 5508 2663 5598 Ιιίὶξιᾲιιρ]
2692 5537 2704 5574 :
2744 5508 3004 5598 Nunquid
3035 5519 3247 5598 habebis
3273 5517 3807 5598 .ﬁduciam‘magnam
3837 5508 3891 5591 in

2285 5590 2416 5720 {ei}.
2457 5591 2573 5648 Val.
2592 5588 2674 5649 Cl.
2702 5608 2715 5646 :
2746 5580 3004 5663 Nunquid
3029 5591 3244 5648 habebis
3271 5580 3428 5664 fidem
3454 5588 3514 5643 in
3539 5580 3675 5658 forti
3693 5580 3889 5656 magni-

2312 5681 2348 5720 u
2387 5680 2489 5719 me.

2312 5680 2489 5720 uame.

2356 5735 2378 5772 ⁸
2409 5736 2531 5793 Duo
2561 5735 2742 5794 Germ.
2753 5779 2768 5808 ,
2798 5735 2969 5794 Laud.
2997 5743 3052 5793 et
3077 5735 3154 5810 pl.
3177 5735 3391 5804 Norm.,
3415 5740 3559 5790 tanto
3587 5749 3731 5803 ergo.
