4156 6178
303 303 412 361 577

1030 305 1403 365 MORALIUM
1443 307 1577 365 LIB.
1620 304 1831 366 XXXI.
1870 339 1941 351 —
1977 309 2050 367 IN
2086 302 2332 367 CAPUT
2371 302 2616 367 XXXIX
2654 311 2716 367 Β.
2758 309 2901 367 JOB.

3511 311 3618 371 578

307 430 475 489 debet
503 430 790 503 intelligi?
818 432 885 488 de
906 449 1011 507 qua
1030 432 1389 490 Praecursoris
1408 450 1542 491 voce
1571 433 1777 492 dicitur
1802 452 1813 489 :
1836 436 1909 490 Et
1936 437 1987 496 A
2016 434 2328 508 principum
2359 435 2518 492 timet
2547 452 2614 492 ne
2633 436 2890 491 amittant
2917 435 3051 493 boni
3094 437 3242 510 quod
3271 451 3425 509 sunt,
3464 448 3518 496 et
3558 440 3617 496 in

300 520 690 595 permundabit
715 537 899 577 aream
928 539 1081 578 suam
1113 522 1325 593 (Matth.
1362 540 1444 591 III,
1480 524 1593 596 I2).
1627 524 1762 592 Quis
1788 540 1916 596 ergo

304 612 365 668 in
415 609 581 667 initio
639 611 914 668 nascentis
954 612 1214 670 Ecclesiae
1258 614 1523 681 crederet,
1561 614 1693 671 dum
1728 622 1918 671 contra

303 716 426 756 eam
478 698 572 754 ille
617 698 925 756 indomitus
974 701 1318 774 principatus
1364 710 1526 759 terra:
1557 710 1639 760 tot
1666 703 1835 760 minis
1863 710 1918 758 et

303 788 647 847 cruciatibus
692 789 934 857 saeviret,
972 793 1103 864 quia
1150 792 1473 850 rhinoceros
1522 793 1622 849 iste
1667 794 1780 848 Deo
1836 808 1916 848 se-

304 888 552 935 mentem
600 878 875 948 redderet,
924 879 981 936 id
1033 889 1115 937 est
1168 890 1449 954 acceptum
1510 881 1916 955 praedicationis

303 967 543 1023 verbum
602 966 867 1038 operibus
922 970 1282 1041 repensaret?
1338 969 1470 1038 Quis
1530 977 1721 1034 1000
1784 988 1918 1043 pos-

303 1072 390 1122 set
458 1072 595 1121 tunc
653 1062 1003 1120 inﬁrmorum
1075 1065 1295 1123 credere
1347 1065 1494 1138 quod
1560 1065 1678 1138 ejus
1735 1083 1915 1123 aream

304 1153 710 1225 congregaret?
756 1154 899 1210 Ecce
948 1154 1095 1210 enim
1141 1155 1306 1212 modo
1350 1172 1449 1227 pro
1490 1156 1739 1213 Ecclesia
1773 1158 1917 1228 leges

304 1242 640 1317 promulgat,
659 1242 755 1315 qui
782 1242 988 1299 dudum
1014 1252 1203 1301 contra
1220 1262 1337 1302 eam
1356 1262 1453 1317 per
1472 1245 1622 1302 varia
1643 1253 1917 1302 tormenta

304 1332 587 1388 saeviebat.
639 1332 782 1388 Ecce
812 1332 1089 1404 quaslibet
1123 1342 1310 1406 gentes
1341 1349 1532 1407 capere
1576 1337 1819 1408 potuerit
1848 1335 1916 1392 ad

304 1420 437 1477 ﬁdei
486 1420 612 1476 illas
642 1420 870 1491 gratiam
903 1422 1185 1479 suadendo
1214 1422 1500 1495 perducit;
1532 1423 1720 1495 eisque
1750 1431 1918 1479 aeter-

305 1526 435 1566 nam
470 1509 643 1564 vitam
675 1508 910 1578 indicat,
933 1511 1136 1583 quibus
1157 1512 1331 1583 captis
1360 1519 1683 1584 praesentem
1713 1520 1915 1569 servat.

305 1600 420 1658 Cur
465 1600 622 1657 hoc?
670 1599 811 1668 Quia
865 1600 1127 1658 videlicet
1171 1619 1352 1659 aream
1400 1619 1551 1661 nunc
1605 1610 1915 1676 congregat,

306 1706 472 1764 quam
501 1690 802 1764 aliquando
831 1690 1069 1763 superbo
1098 1709 1272 1749 cornu
1301 1691 1661 1765 dispergendo
1690 1694 1918 1749 ventila-

307 1779 423 1836 bat.
458 1780 665 1837 Audiat
696 1779 869 1852 igitur
896 1779 1089 1836 beatus
1118 1780 1220 1837 Job
1250 1780 1381 1853 quid
1414 1781 1740 1854 gentilitatis
1768 1781 1918 1853 prin-
1949 1802 1996 1862 Β

307 1869 460 1942 cipes
490 1869 710 1939 faciant,
743 1878 798 1927 et
826 1887 1176 1945 nequaquam
1206 1888 1263 1928 se
1291 1870 1433 1944 apud
1465 1872 1818 1943 semetipsum
1848 1869 1917 1926 de

310 1958 494 2031 gloria
520 1965 683 2015 tanta:
710 1976 822 2015 suae
855 1959 1079 2015 virtutis
1108 1960 1356 2016 extollat.
1388 1958 1597 2015 Audiat
1623 1966 1677 2014 et
1704 1974 1804 2015 rex
1825 1975 1916 2031 po-

309 2057 455 2117 tens,
478 2049 816 2120 potentiores
849 2048 1019 2122 hujus
1048 2051 1243 2106 mundi
1273 2066 1425 2122 reges
1453 2056 1657 2122 quanta
1684 2051 1798 2105 Deo
1825 2047 1917 2104 de-

313 2138 539 2195 votione
566 2138 928 2209 famulentur,
951 2146 1007 2196 et
1036 2140 1298 2196 virtutem
1327 2155 1480 2195 suam
1504 2139 1658 2213 quasi
1689 2155 1789 2210 pro
1807 2138 1917 2194 sin-

314 2226 598 2298 gularitate
616 2244 730 2284 non
751 2227 932 2284 trahat
953 2229 1010 2284 in
1031 2229 1286 2286 elationis
1308 2228 1535 2295 vitium,
1560 2226 1657 2300 qui
1672 2227 1840 2283 habet
1860 2225 1918 2282 in

315 2315 437 2371 aliis
465 2316 805 2388 exemplum,
837 2317 967 2389 quia
994 2319 1097 2374 etsi
1128 2327 1261 2374 tunc
1290 2324 1345 2372 et
1372 2316 1613 2373 similem
1644 2314 1917 2371 Dominus

320 2419 430 2458 non
461 2404 625 2474 vidit,
658 2405 863 2461 multos
890 2413 1077 2463 tamen
1104 2422 1203 2478 per
1230 2422 1369 2478 quos
1408 2404 1528 2477 ejus
1559 2404 1789 2477 gloriam
1820 2418 1918 2459 re-

321 2493 582 2550 tunderet
605 2493 881 2565 praevidit.

394 2668 481 2725 10.
546 2668 651 2736 Qui
703 2673 1029 2722 terrenorum
1077 2665 1380 2739 principum
1429 2670 1589 2733 metu,
1633 2662 1920 2720 Ecclesium

317 2763 511 2829 aperta
540 2757 595 2811 vi
624 2774 815 2812 vexare
841 2773 947 2810 non
991 2756 1206 2821 audent,
1236 2756 1308 2810 ad
1336 2755 1489 2811 varia
1522 2752 1738 2824 fraudis
1764 2768 1923 2824 argu-

314 2852 489 2901 menta
520 2850 915 2899 convertuntur.
954 2843 1076 2899 Sine
1102 2843 1243 2897 hoste
1270 2859 1373 2897 esse
1410 2859 1515 2897 non
1538 2846 1710 2912 potest
1732 2841 1925 2896 Eccle-

318 2935 417 2989 sia.
448 2963 521 2973 —
550 2931 724 3003 Igitur
769 2931 898 3003 quia
945 2929 1148 2985 terreni
1178 2929 1454 3002 principes
1500 2945 1693 3002 magna
1725 2945 1779 2985 se
1808 2931 1923 2985 Deo

319 3021 635 3077 humilitate
682 3019 1060 3086 substernunt,
1092 3019 1249 3090 pravi
1283 3017 1536 3073 homines
1567 3019 1661 3090 qui
1708 3016 1921 3072 dudum

326 3119 517 3173 contra
546 3109 850 3165 Ecclesiam
882 3109 940 3164 in
971 3107 1297 3163 inﬁdelitate
1327 3107 1491 3178 positi
1523 3115 1706 3178 aperta
1736 3106 1923 3162 adver-

323 3200 488 3255 sitate
535 3196 858 3264 saeviebant,
904 3212 1054 3251 nunc
1092 3195 1160 3251 ad
1208 3195 1315 3251 alia
1359 3196 1568 3251 fraudis
1605 3202 1924 3267 argumenta

323 3295 636 3343 vertuntur.
661 3285 799 3353 Quia
829 3285 976 3341 enim
1008 3285 1134 3341 illos
1164 3284 1484 3357 religionem
1517 3284 1764 3341 venerari
1796 3299 1922 3340 con-

322 3377 588 3450 spiciunt,
623 3377 725 3448 ipsi
758 3375 967 3431 cultum
1000 3373 1285 3447 religionis
1319 3381 1626 3442 assumunt,
1661 3381 1714 3430 et
1741 3373 1925 3428 bono-

323 3482 448 3521 rum
494 3467 664 3521 vitam
699 3464 801 3521 sub
836 3462 1104 3535 despectis
1148 3461 1395 3518 vestibus
1438 3461 1645 3534 iniquis
1676 3460 1923 3515 moribus

322 3561 600 3627 premunt.
632 3552 823 3610 Mundi
872 3553 1075 3626 quippe
1117 3552 1408 3608 dilectores
1440 3560 1589 3619 sunt,
1622 3550 1834 3622 hocque
1865 3547 1925 3604 in

321 3659 381 3701 se
430 3642 577 3715 quod
622 3641 873 3698 homines
916 3649 1249 3697 venerentur
1292 3639 1611 3705 ostendunt,
1646 3645 1809 3710 atque
1847 3636 1927 3692 eis

324 3731 427 3805 qui
457 3746 586 3786 vere
603 3732 924 3804 semetipsos
945 3729 1277 3801 despiciunt,
1302 3743 1412 3782 non
1435 3732 1634 3795 mente,
1658 3726 1755 3783 sed
1776 3735 1928 3783 veste

322 3821 673 3894 capulantur.
706 3821 848 3888 Quia
877 3819 1025 3876 enim
1060 3826 1381 3890 praesentem
1423 3814 1653 3887 gloriam
1681 3821 1927 3871 amantes

324 3910 539 3985 assequi
585 3927 694 3967 non
725 3917 971 3983 possunt,
1005 3907 1161 3982 quasi
1190 3904 1558 3978 despicientes
1595 3908 1923 3976 sequuntur.

324 4002 432 4071 Qui
481 4000 615 4074 quid
644 4001 889 4057 sentiunt
915 4006 1107 4055 contra
1140 3996 1316 4052 bonos
1344 3992 1713 4062 ostenderent,
1740 3992 1785 4049 si
1824 4008 1931 4065 ap—

331 4099 454 4148 tum
482 4090 750 4164 nequitiae
769 4096 985 4162 tempus
1012 4086 1347 4144 invenirent.
1373 4085 1510 4158 [νει.
1543 4083 1659 4158 VL]
1691 4081 1795 4140 Sed
1816 4080 1934 4140 haec

329 4181 499 4237 etiam
542 4185 865 4251 argumenta
910 4192 1205 4250 pravorum
1240 4177 1255 4210 ¹
1288 4173 1357 4231 ad
1393 4174 1690 4230 electorum
1732 4189 1931 4245 purga-

328 4280 515 4327 menta
542 4269 858 4344 proﬁciunt.
884 4268 1086 4325 Sancta
1113 4265 1262 4321 enim
1284 4264 1532 4320 Ecclesia
1560 4262 1791 4320 transire
1815 4262 1934 4319 sine

329 4362 517 4419 labore
544 4360 866 4418 tentationis
895 4376 1006 4416 non
1037 4362 1218 4431 potest
1249 4363 1496 4426 tempora
1531 4353 1936 4425 peregrinatio-

2024 524 2382 581 conversione
2414 524 2726 597 principum
2769 524 2985 592 tolerat,
3030 524 3160 597 quia
3192 526 3320 582 mali
3354 527 3619 584 simulant

2022 612 2197 669 bonos
2242 629 2298 669 se
2343 629 2479 683 esse,
2519 613 2665 687 quod
2709 629 2820 670 non
2867 620 3015 669 sunt.
3063 612 3218 670 Unde
3271 616 3620 689 omnipotens

2024 704 2190 771 Deus,
2216 702 2345 775 quia
2371 702 2772 759 rhinocerotem
2804 702 2953 760 hunc
2986 702 3120 759 loris
3144 702 3373 775 ligatum
3402 704 3423 739 ²
3452 704 3617 775 dixit,

2024 792 2176 849 illico
2204 809 2498 865 pravorum
2526 791 2865 864 hypocrisim
2894 791 3164 861 subdidit,
3198 791 3389 850 dicens
3425 810 3438 850 :

2483 905 2710 966 CAPUT
2738 908 2864 966 VIII
2897 906 3039 981 [Hec
3072 908 3159 980 V].

2095 1023 2266 1081 Vnus.
2303 1024 2388 1082 13.
2420 1054 2492 1066 -
2518 1026 2702 1082 Penna
2729 1024 3040 1081 struthionis
3085 1025 3276 1081 similis
3321 1030 3397 1081 est
3433 1026 3623 1099 pennis

2025 1114 2231 1168 herodii
2258 1120 2305 1168 et
2321 1115 2610 1186 accipitris.

2099 1203 2184 1258 11.
2228 1203 2527 1259 Struthioni
2550 1219 2751 1275 pennas
2778 1201 3008 1272 habenti,
3025 1200 3234 1258 sednon
3259 1202 3514 1273 volatum,
3546 1200 3622 1259 si-

2025 1291 2173 1347 miles
2201 1298 2324 1346 sunt
2349 1292 2652 1363 hypocrita.
2684 1322 2756 1333 —
2800 1292 2935 1359 Quis
2975 1290 3266 1347 herodium
3313 1298 3369 1347 et
3414 1291 3628 1364 accipi-
3684 1356 3695 1365 _

2023 1388 2164 1437 trem
2201 1382 2410 1440 nesciat
2437 1399 2565 1439 aves
2591 1384 2828 1456 reliquas
2858 1391 3063 1456 quanta
3091 1383 3310 1439 volatus
3335 1383 3423 1439 sui
3463 1384 3631 1439 velo-

2025 1469 2190 1525 citate
2227 1471 2665 1529 transcendant?
2721 1471 2972 1528 Struthio
3015 1487 3146 1527 vero
3197 1486 3388 1542 pennae
3437 1486 3628 1526 eorum

2026 1562 2449 1620 similitudinem
2481 1563 2663 1632 habet,
2706 1563 2801 1620 sed
2831 1563 3047 1620 volatus
3074 1578 3267 1619 eorum
3295 1560 3627 1617 celeritatem

2026 1668 2140 1707 non
2164 1651 2348 1710 habet.
2381 1654 2430 1709 A
2460 1661 2602 1709 terra
2636 1653 2838 1727 quippe
2868 1652 3073 1709 elevari
3096 1668 3208 1708 non
3240 1651 3406 1718 valet,
3437 1656 3491 1704 et
3518 1648 3632 1704 alas

2027 1740 2181 1813 quasi
2238 1741 2308 1796 ad
2357 1742 2603 1797 volatum
2652 1742 2831 1814 specie
2876 1749 3038 1798 tenus
3082 1740 3263 1813 erigit,
3306 1737 3401 1795 sed
3447 1744 3631 1794 tamen

2026 1845 2309 1902 nunquam
2334 1847 2392 1887 se
2420 1848 2451 1886 a
2479 1839 2624 1887 terra
2653 1832 2892 1888 volando
2931 1832 3237 1904 suspendit.
3269 1832 3351 1887 Ita
3377 1837 3506 1886 sunt
3534 1828 3634 1884 ni-

2027 1917 2231 1974 mirum
2260 1934 2451 1975 omnes
2478 1918 2805 1992 hypocrita,
2855 1921 2951 1992 qui
2994 1919 3127 1976 dum
3158 1919 3430 1975 bonorum
3459 1918 3631 1974 vitam

2025 2006 2308 2077 simulant,
2339 2009 2707 2066 imitationem
2736 2017 2938 2068 sanctae
2970 2012 2991 2046 ³
3023 2010 3255 2066 visionis
3283 2009 3507 2078 habent,
3537 2005 3633 2064 sed

2026 2096 2314 2154 veritatem
2333 2105 2535 2156 sanctae
2554 2098 2791 2157 actionis
2810 2116 2923 2157 non
2946 2099 3173 2156 habent.
3197 2099 3412 2156 Habent
3430 2098 3634 2171 quippe

2030 2185 2253 2243 volandi
2281 2202 2489 2259 pennas
2516 2204 2612 2260 per
2635 2188 2893 2261 speciem,
2924 2187 3020 2244 sed
3045 2188 3105 2244 in
3134 2196 3280 2243 terra
3307 2194 3506 2259 repunt
3534 2201 3633 2258 per

2029 2274 2327 2341 actionem,
2358 2276 2489 2348 quia
2515 2276 2629 2331 alas
2655 2293 2751 2349 per
2779 2276 3011 2349 ﬁguram
3039 2275 3347 2333 sanctitatis
3376 2276 3398 2309 ⁴
3426 2281 3632 2330 exten-

2029 2363 2190 2431 dunt,
2227 2363 2324 2420 sed
2361 2380 2617 2421 curarum
2640 2365 2984 2423 saecularium
3015 2363 3255 2437 pondere
3287 2361 3632 2435 praegravati,

2029 2452 2349 2509 nullatenus
2405 2470 2437 2509 a
2490 2462 2639 2511 terra
2679 2454 3055 2512 sublevantur.
3105 2451 3353 2525 Speciem
3399 2467 3636 2523 namque

2031 2542 2433 2601 Pharisaeorum
2470 2545 2768 2618 reprobans
2800 2544 3091 2612 Dominus,
3120 2541 3277 2615 quasi
3306 2541 3636 2599 struthionis

2031 2658 2266 2715 pennam
2300 2639 2483 2696 1001
2515 2642 2816 2714 redarguit,
2848 2658 2969 2715 quae
2999 2641 3060 2697 in
3089 2655 3261 2712 opere
3289 2637 3443 2696 aliud
3468 2654 3638 2696 exer-

2030 2732 2167 2800 cuit,
2197 2739 2252 2788 et
2278 2732 2338 2787 in
2366 2731 2546 2795 colore
2591 2730 2742 2787 aliud
2784 2729 3045 2799 ostendit,
3076 2728 3268 2787 dicens
3302 2746 3314 2785 :
3361 2729 3445 2788 γω
3469 2727 3634 2797 vobis,

2034 2822 2230 2879 Scribis
2256 2827 2304 2876 et
2331 2820 2599 2876 Pharisan'
2630 2820 2933 2892 hypocrita,
2965 2820 3094 2891 quia
3144 2817 3341 2873 similes
3382 2814 3504 2873 estis
3549 2834 3638 2873 se-

2027 2909 2233 2981 pulcris
2255 2908 2534 2977 dealbatis,
2564 2925 2680 2979 qua:
2705 2908 2845 2978 foris
2871 2908 3081 2980 quidem
3109 2911 3370 2979 apparent
3395 2905 3640 2961 homini-

2034 3004 2128 3058 bus
2156 3002 2407 3074 speciosa,
2436 3002 2580 3056 intus
2608 3018 2731 3056 vero
2772 3006 2897 3056 sunt
2934 3002 3098 3072 plena
3134 2998 3337 3053 ossibus
3382 3003 3638 3052 mortuo-

2033 3109 2194 3158 rum;
2220 3092 2298 3147 ita
2322 3096 2369 3146 et
2398 3106 2487 3145 vos
2514 3088 2653 3160 foris
2680 3088 2951 3162 apparetis
2989 3087 3287 3143 hominibus
3308 3084 3465 3156 justi,
3495 3084 3640 3140 intus

1955 3160 1998 3220 Ο
2030 3199 2152 3238 vero
2175 3180 2324 3254 pleni
2352 3180 2474 3235 estis
2512 3160 2757 3235 avaritia
2794 3184 2842 3234 et
2890 3177 3172 3250 iniquitate
3216 3174 3427 3239 (Matth.
3472 3189 3639 3242 XXIII,

2033 3271 2150 3344 27).
2185 3273 2266 3328 Ac
2292 3269 2339 3326 si
2369 3268 2613 3326 diceret:
2662 3267 2963 3326 Sublevare
3020 3282 3122 3324 vos
3164 3264 3389 3323 videtur
3434 3263 3642 3338 species

2033 3377 2246 3434 pennae,
2277 3361 2372 3419 sed
2400 3362 2458 3418 in
2484 3359 2696 3416 inﬁmis
2722 3374 2822 3415 vos
2849 3357 3111 3432 deprimit
3134 3355 3348 3430 pondus
3378 3352 3528 3411 vitae.
3560 3354 3641 3409 De

2033 3450 2139 3508 hoc
2169 3452 2407 3524 pondere
2437 3467 2532 3524 per
2559 3448 2888 3524 Prophetam
2919 3447 3156 3505 dicitur:
3191 3444 3323 3502 Filii
3350 3443 3639 3521 hominum,

2034 3555 2300 3609 usquequo
2321 3541 2342 3574 ⁵
2358 3556 2544 3611 graves
2567 3539 2720 3594 corde
2749 3538 2922 3609 (Psal.
2949 3554 3031 3606 Iv,
3047 3536 3153 3609 3)?
3174 3532 3353 3606 Hujus
3379 3531 3642 3589 struthio-

2036 3626 2124 3683 nis
2156 3642 2551 3683 conversurum
2580 3641 2636 3681 se
2664 3624 3002 3697 hypocrisim
3037 3623 3309 3680 Dominus
3328 3622 3643 3695 pollicetur,

2036 3731 2163 3772 cum
2194 3730 2290 3787 per
2318 3715 2643 3787 prophetam
2674 3712 2812 3770 dicit
2846 3731 2857 3770 :
2892 3715 2913 3749 δ
2951 3711 3340 3784 Gloriﬁcabunt
3364 3728 3445 3766 me
3475 3708 3647 3766 bestia

2038 3803 2180 3875 agri,
2225 3805 2479 3857 dracones
2521 3808 2570 3856 et
2606 3801 2927 3856 struthiones
2958 3788 3119 3872 (Isai;
3146 3814 3304 3866 XLIII,
3335 3798 3449 3870 20).
3495 3796 3642 3864 Quid

2039 3891 2189 3951 enim
2219 3891 2521 3948 draconum
2571 3889 2820 3958 nomine,
2870 3888 2980 3945 nisi
3027 3888 3085 3944 in
3123 3891 3311 3959 aperto
3358 3885 3646 3942 malitiosa

2040 3988 2252 4038 mentes
2281 3979 2690 4053 exprimuntur,
2722 3994 2843 4051 quae
2872 3992 2968 4050 per
2996 3983 3198 4033 terram
3229 3987 3444 4047 semper
3472 3971 3533 4029 in
3564 3970 3647 4029 in-

2040 4070 2189 4128 ﬁmis
2217 4067 2645 4142 cogitationibus
2665 4066 2909 4140 repunt?
2930 4064 3074 4133 Quid
3098 4079 3229 4121 vero
3258 4079 3355 4136 per
3382 4060 3647 4120 struthio-

2041 4175 2175 4215 num
2204 4158 2535 4215 vocabulum
2565 4157 2673 4213 nisi
2702 4156 2759 4212 hi
2790 4155 2886 4230 qui
2913 4171 2970 4211 se
2998 4153 3174 4211 bonos
3205 4152 3472 4210 simulant
3508 4149 3649 4208 desi-

2043 4255 2300 4322 gnantur,
2328 4246 2423 4320 qui
2451 4244 2760 4303 sanctitatis
2786 4243 2957 4300 vitam
2989 4242 3145 4316 quasi
3166 4241 3383 4298 volatus
3410 4255 3648 4315 pennam

2044 4355 2141 4412 per
2169 4338 2404 4410 speciem
2438 4337 2698 4405 retinent,
2730 4334 2827 4392 sed
2856 4351 2954 4408 per
2995 4350 3160 4408 opera
3195 4349 3308 4390 non
3350 4330 3651 4390 exercent?

330 4453 441 4522 nis,
474 4467 599 4528 quae
647 4449 749 4507 etsi
796 4449 933 4506 foris
975 4423 1190 4519 apertos
1220 4423 1405 4501 hostes
1431 4423 1550 4498 non
1571 4423 1755 4510 habet,
1787 4442 1937 4498 intus
1964 4519 2008 4528 _
2045 4426 2354 4528 (ξιρΐίθοθοτί
2403 4427 2672 4527 itaque.“
2701 4425 2974 4482 Dominus
3014 4440 3046 4480 ³
3070 4423 3339 4528 gramm“
3355 4423 3444 4479 νθί
3479 4430 3654 4528 βίω*

332 4511 521 4598 tamen
575 4540 773 4596 tolerat
800 4538 957 4594 ﬁctos
987 4511 1203 4592 fratres.
1234 4534 1370 4591 Nam
1403 4539 1594 4589 contra
1620 4530 1757 4586 vitia
1783 4546 1937 4586 sem-
1964 4519 2014 4578 D
2045 4516 2238 4574 thione
2266 4517 2479 4585 asserit,
2512 4516 2642 4589 quia
2669 4522 2724 4571 et
2750 4522 2937 4588 aperte
2979 4514 3173 4584 malos,
3216 4520 3271 4571 et
3306 4512 3434 4570 ﬁcte
3478 4511 3653 4568 bonos

332 4649 429 4705 per
466 4630 524 4686 in
570 4629 686 4685 acie
728 4636 830 4697 est,
858 4634 912 4684 et
958 4624 1125 4682 habet
1167 4623 1331 4680 etiam
1360 4621 1509 4694 pacis
1537 4627 1780 4692 tempore
1810 4619 1939 4676 bel-

331 4722 446 4778 lum
494 4734 685 4786 suum;
730 4725 784 4774 et
825 4717 1054 4773 fortasse
1102 4712 1324 4786 gravius
1363 4709 1628 4782 afﬂigitur
1666 4726 1793 4767 cum
1828 4724 1940 4765 non

332 4818 726 4868 extraneorum
776 4806 997 4875 ictibus,
1040 4804 1134 4861 sed
1181 4819 1405 4861 suorum
1456 4799 1702 4857 moribus
1750 4799 1942 4871 impu-

336 4910 554 4975 gnatur.
587 4898 714 4956 Sive
762 4896 945 4969 itaque
994 4895 1114 4963 illo,
1158 4910 1252 4949 seu
1297 4891 1403 4949 isto
1439 4897 1706 4963 tempore,
1738 4896 1821 4945 est
1847 4896 1942 4945 ta-

336 5006 467 5047 men
524 5003 738 5062 semper
792 4985 851 5041 in
910 4984 1115 5041 labore.
1157 4983 1292 5041 Nam
1348 4990 1402 5039 et
1455 4981 1513 5037 in
1566 4978 1941 5054 persecutione

416 5205 432 5242 ¹
468 5201 729 5278 Longip._,
756 5197 955 5268 Laud.,
985 5196 1095 5278 duo
1119 5197 1349 5278 _Germ.,
1384 5194 1508 5253 Val.
1550 5192 1663 5278 Cl.,_
1686 5191 1938 5278 adnelect.

337 5265 664 5349 augmenta.
690 5265 920 5339 Turon.,
940 5265 950 5268 ’
970 5272 1043 5326 ad
1086 5272 1363 5326 electorum
1389 5272 1720 5338 argumenta.
1758 5265 1942 5320 Secuti

341 5364 538 5406 sumus
566 5347 813 5409 Ebroic.,
840 5343 1084 5415 aliosque
1113 5342 1301 5398 Norm.
1325 5347 1378 5397 et
1406 5335 1643 5397 Vindoc.
1675 5334 1830 5392 Editi
1850 5335 1944 5391 ha-

338 5421 495 5485 bent,
526 5419 598 5474 ad
624 5420 764 5474 elect.
795 5417 1040 5470 salutem.

417 5493 439 5526 ²
469 5489 744 5556 Laudun.,
776 5486 950 5542 duxit.

418 5563 440 5597 ³
473 5563 555 5617 Ita
603 5548 846 5625 Ebroic.,
871 5555 1081 5627 aliique
1105 5553 1317 5622 Norm.,
1349 5549 1547 5627 Vind,
1575 5548 1942 5627 d_uo_Germ_.,

343 5632 547 5699 Laud.,
580 5622 841 5703 Longip,
867 5622 1002 5703 Val;
1024 5625 1106 5683 Cl.
1144 5632 1383 5703 etvetus
1412 5624 1572 5703 Edit._
1592 5624 1763 5679 Paris.
1807 5622 1947 5677 Aliae

344 5695 555 5761 habent
600 5695 1034 5764 concersationis,
1082 5697 1322 5765 meliori,
1374 5703 1436 5751 ut
1481 5695 1721 5765 videtur,
1754 5709 1944 5750 sensu.

346 5776 672 5847 Quanquam
697 5772 829 5829 visio
855 5770 945 5829 hic
973 5769 1280 5842 signiﬁcare
1301 5768 1473 5842 possit
1501 5768 1738 5840 speciem,
1768 5781 1950 5838 appa-

2049 4607 2373 4680 plerumque
2414 4605 2482 4662 ad
2527 4621 2627 4662 sua
2666 4604 2928 4677 obsequia
2964 4620 3035 4660 ex
3077 4601 3277 4659 intima
3320 4600 3652 4673 cogitatione

2048 4697 2460 4755 convertit.Vel
2489 4703 2635 4753 certe
2663 4695 2776 4767 agri
2805 4693 3012 4763 bestiae,
3035 4692 3094 4751 id
3122 4699 3203 4750 est
3233 4691 3496 4749 dracones
3511 4698 3653 4746 stru-
3761 4683 3764 4685 λ

2048 4789 2376 4863 thionesque
2398 4785 2696 4843 Dominum
2728 4783 3061 4857 gloriﬁcent,
3096 4798 3223 4840 cum
3255 4778 3416 4836 ﬁdem
3448 4793 3568 4849 quae
3594 4775 3652 4832 in

2048 4879 2148 4937 illo
2177 4887 2260 4937 est
2286 4895 2349 4935 ea
2377 4895 2497 4952 quae
2518 4876 2575 4933 in
2598 4876 2704 4934 hoc
2727 4874 2936 4932 mundo
2970 4872 3179 4930 dudum
3209 4867 3516 4924 membrum
3537 4864 3653 4921 dia-

2048 4968 2163 5026 boli
2190 4969 2369 5026 fuerat
2396 4965 2674 5041 gentilitas
2703 4966 2927 5022 exaltat.
2963 4962 3138 5031 Quam
3166 4965 3221 5016 et
3249 4963 3471 5030 propter
3497 4952 3652 5010 mali-

2049 5184 2296 5266 rentiam,
2328 5187 2391 5237 ut
2415 5179 2580 5252 infra,
2610 5196 2667 5239 n.
2696 5173 3132 5250 26,hypocrita...
3162 5167 3437 5242 religionis
3452 5165 3655 5224 visione

2051 5263 2293 5313 vestitur.

2125 5330 2145 5363 ⁴
2177 5324 2440 5392 Vindoc.,
2471 5322 2767 5393 ostendunt.
2815 5390 2847 5393 _
2973 5387 2988 5393 _
3185 5385 3200 5393 _
3640 5379 3652 5393 .

2121 5402 2145 5437 ⁸
2172 5400 2254 5455 Ita
2282 5385 2476 5463 Laud.,
2512 5394 2633 5450 Val.
2667 5390 2784 5464 CL,
2815 5387 3012 5464 Pratel.
3046 5403 3109 5445 ac
3148 5385 3309 5464 plen,
3352 5400 3452 5458 pro
3497 5385 3651 5464 gnavi

2053 5452 2403 5554 ςρζᾴἓξςιιιοὰ
2441 5452 2639 5539 legitur
2667 5462 2727 5518 in
2755 5452 2923 5519 duob.
2959 5452 3168 5517 Germf
3189 5465 3244 5514 et
3290 5452 3372 5513 in'
3392 5452 3655 5512 omnibus

2053 5543 2441 5682 Edtinlfindoc”
2472 5609 2582 5667 duo
2611 5608 2794 5665 Germ.
2828 5612 2882 5663 et
2908 5602 3176 5682 YahCL,
3215 5597 3546 5674 Glorificabit
3574 5611 3656 5654 me

2057 5687 2239 5758 bestia,
2270 5693 2325 5744 et
2352 5675 2518 5752 infra,
2547 5682 2627 5738 vel
2648 5686 2780 5737 certe
2807 5677 2929 5750 agri
2956 5675 3137 5733 bestia.
