4156 6178
513 204 619 264 579

1717 193 1968 256 SANCTI
2006 193 2346 254 GREGOBII
2381 188 2606 252 MAGNI

3696 191 3798 254 580

502 331 638 386 tiam
667 326 968 382 draconum
998 318 1222 378 nomine
1251 321 1567 394 exprobrat,
1601 329 1656 377 et
1683 328 1908 393 propter
1933 319 2108 392 hypo-
2138 323 2190 383 Α
2216 324 2265 374 et
2291 319 2500 374 nutrire
2526 317 2812 390 negligant.
2865 347 2928 358 —
2973 313 3120 385 Quid
3161 313 3310 372 enim
3359 330 3456 388 per
3501 331 3624 386 ova,
3653 319 3675 354 ε
3704 319 3806 378 nisi

503 411 692 470 crisim
725 411 742 444 ¹
776 406 1044 464 vocabulo
1087 405 1466 464 struthionum
1517 412 1690 462 notat.
1739 403 1905 472 Quasi
1951 403 2101 458 enim

504 511 712 572 pennas
737 493 946 568 accepit
972 495 1268 568 gentilitas,
1297 493 1392 552 sed
1421 494 1607 552 volare
1629 509 1742 550 non
1764 491 1968 565 potuit,
1984 507 2104 563 qua

505 595 561 645 et
609 593 862 644 naturam
915 586 1147 642 rationis
1195 584 1412 654 habuit,
1457 591 1515 640 et
1549 583 1825 642 actionem
1873 581 2106 638 rationis

507 676 804 750 ignoravit.

583 766 668 822 l2.
701 763 874 822 Electi
902 778 1074 834 pauca
1117 761 1303 817 habent
1348 759 1430 815 hic
1481 776 1598 830 qua
1648 775 1734 814 eos
1783 757 2105 830 deprimant,

509 857 678 913 multa
705 870 822 926 qua
849 867 1063 907 sursum
1090 851 1315 915 tollant;
1335 865 1478 904 secus
1500 848 1731 920 reprobi.
1749 846 2110 903 —Habemus

511 945 694 1005 adhuc
722 943 870 1018 quod
899 943 955 998 in
981 939 1422 999 consideratione
1456 937 1785 994 struthionis
1831 935 1998 1008 hujus
2042 933 2111 990 de

513 1035 776 1108 accipitre
800 1041 856 1090 et
881 1031 1112 1088 berodio
1140 1030 1406 1088 attentius
1434 1028 1854 1102 perpendamus.
1880 1025 2114 1097 Accipi-

2215 415 2403 463 tenera
2416 405 2598 464 adhuc
2615 407 2798 479 proles
2811 405 3164 480 exprimitur,
3188 421 3309 478 qua
3328 403 3429 461 diu
3448 404 3684 462 fovenda
3709 415 3804 478 est,

2213 501 2276 551 ut
2303 494 2372 551 ad
2387 494 2578 551 vivum
2607 494 2859 552 volatilia
2875 493 3250 568 perducatur?
3279 493 3397 550 Ova
3415 495 3618 568 quippe
3631 495 3807 552 insen-

2213 583 2398 641 sibilia
2439 583 2498 639 in
2539 584 2850 657 semetipsis
2888 592 3036 653 sunt,
3069 583 3166 640 sed
3206 591 3390 640 tamen
3433 583 3711 652 calefacta,
3753 585 3807 641 in

2215 673 2345 729 viva
2365 674 2588 730 volatile
2616 681 3038 731 convertuntur.
3076 675 3157 731 Ita
3186 673 3450 730 nimirum
3483 675 3696 746 parvuli
3725 691 3812 731 au-

2215 761 2422 818 ditores
2449 779 2513 818 ac
2540 762 2642 818 ﬁlii
2672 770 2884 820 certum
2933 770 3035 832 est,
3083 762 3232 836 quod
3276 761 3465 834 frigidi
3514 762 3812 820 insensibi-

2217 851 2402 923 lesque
2430 860 2765 920 remaneant,
2790 852 2894 908 nisi
2917 852 3158 909 doctoris
3185 852 3270 908 sui
3285 852 3524 908 sollicita
3552 851 3817 910 exhorta-

2218 941 2368 997 tione
2395 941 2666 998 caleﬁant.
2693 941 2770 998 Ne
2798 941 2968 1013 igitur
2995 941 3243 998 derelicti
3269 941 3328 997 in
3357 956 3455 998 sua
3485 941 3819 998 insensibili-

2219 1040 2330 1088 tate
2359 1040 2686 1105 torpescant,
2719 1032 2938 1090 assidua
2966 1033 3252 1090 doctorum
3269 1047 3405 1088 voce
3421 1031 3648 1090 fovendi
3668 1038 3809 1102 sunt,

513 1127 615 1182 tris
642 1123 844 1199 quippe
858 1128 913 1176 et
932 1119 1147 1176 herodii
1178 1135 1345 1192 parva
1372 1126 1503 1174 sunt
1530 1133 1780 1190 corpora,
1805 1115 1898 1172 sed
1920 1111 2114 1186 pennis
2222 1137 2506 1194 quousque
2534 1123 2754 1178 valeant
2779 1129 2834 1177 et
2865 1138 2960 1194 per
2990 1119 3410 1192 intelligentiam
3432 1120 3712 1189 vivere,et
3731 1135 3822 1192 per

514 1211 863 1272 densioribus
891 1210 1053 1278 fulta,
1079 1215 1133 1264 et
1162 1206 1368 1264 idcirco
1397 1224 1523 1264 cum
1554 1206 1830 1262 celeritate
1867 1211 2114 1263 transvo.

2233 1210 2743 1282 contemplationem
2775 1211 2978 1267 volare.
3005 1209 3147 1278 Quia
3169 1225 3298 1266 vero
3319 1209 3627 1282 hypocrita
3641 1225 3820 1282 quam-

515 1305 652 1372 lant,
685 1302 815 1376 quia
842 1299 922 1356 eis
953 1299 974 1334 ³
1003 1314 1198 1370 parum
1228 1297 1372 1353 inest
1398 1295 1545 1369 quod
1571 1301 1845 1368 aggravat,
1879 1293 2116 1348 multum
2226 1299 2311 1355 vis
2353 1314 2607 1371 perversa
2647 1315 2862 1372 semper
2897 1305 3214 1372 operemur,
3256 1298 3407 1371 loqui
3450 1307 3636 1356 tamen
3683 1304 3826 1354 ωειλ

515 1391 662 1467 quod
691 1391 858 1446 levat.
878 1390 952 1444 At
965 1395 1157 1444 contra
1185 1384 1426 1442 struthio
1455 1383 1593 1440 raris
1622 1382 1817 1456 pennis
1845 1379 2116 1448 induitur,
2227 1407 2339 1448 non
2367 1389 2656 1457 desinunt;
2688 1389 2828 1446 bene
2856 1397 3040 1446 autem
3072 1387 3346 1463 loquendo
3363 1389 3421 1444 in
3451 1387 3558 1444 ﬁde
3584 1388 3674 1444 vel
3701 1401 3826 1445 οοη.

515 1488 572 1536 ει
609 1476 842 1535 immani
883 1493 1111 1548 σοιῬοΓθ
1141 1483 1419 1548 gravatur:
1448 1481 1512 1531 ιιι
1536 1475 1641 1530 “Si
1667 1474 1852 1529 νο¹³τθ
1880 1477 2118 1544 appetat:
2228 1479 2538 1536 versatione
2567 1478 2712 1535 ﬁlios
2741 1479 2985 1552 pariunt,
3015 1477 3112 1535 sed
3135 1495 3228 1534 eos
3255 1477 3394 1534 bene
3435 1476 3677 1534 vivendo
3712 1491 3828 1531 nu-

515 1568 634 1642 ipsa
663 1582 964 1641 pennarum
986 1565 1235 1638 paucitas
1256 1565 1457 1621 molem
1478 1565 1620 1620 tanti
1641 1561 1888 1636 corporis
1916 1559 1974 1616 in
1999 1574 2123 1615 aera

2233 1572 2364 1629 trire
2392 1587 2505 1628 non
2540 1578 2791 1644 possunt,
2823 1578 2968 1628 recte
2996 1569 3064 1627 de
3092 1569 3196 1627 hac
3223 1567 3538 1626 struthione
3571 1567 3778 1624 dicitur
3808 1581 3823 1630 ;

519 1673 630 1714 non
677 1655 996 1730 suspendat.
1029 1656 1175 1712 Bene
1224 1671 1352 1728 ergo
1397 1654 1457 1710 in
1499 1652 1729 1710 herodio
1762 1660 1816 1708 et
1861 1650 2120 1723 accipitre
2149 1674 2198 1736 B
2234 1663 2362 1730 ραω
2407 1659 2727 1730 derelinquat
2755 1659 2812 1714 ίη
2855 1667 3000 1716 mra
3053 1676 3154 1715 ουα
3195 1675 3312 1715 αμα,
3346 1657 3546 1716 Curam
3595 1668 3829 1728 namque

517 1747 817 1804 electorum
848 1762 1079 1819 persona
1098 1745 1366 1818 signatur,
1397 1744 1492 1816 qui
1521 1743 1767 1816 quandiu
1795 1743 1854 1797 in
1884 1741 1986 1798 hac
2003 1740 2118 1795 vita

519 1842 670 1904 sunt,
712 1834 832 1890 sine
860 1833 1347 1906 quantulocunque
1381 1832 1556 1904 culpa
1581 1829 1834 1902 contagio
1861 1844 1976 1884 esse
2005 1843 2117 1884 non

518 1931 767 1994 possunt.
790 1921 895 1978 Sed
915 1937 1042 1978 cum
1053 1921 1132 1976 eis
1151 1936 1344 1992 parum
1357 1919 1491 1992 quid
1509 1918 1653 1975 inest
1671 1917 1818 1991 quod
1834 1915 2116 1989 deprimit,

521 2012 696 2068 multa
719 2011 898 2066 virtus
927 2010 1086 2067 bona
1115 2009 1350 2066 actionis
1373 2009 1615 2081 suppetit
1637 2025 1759 2082 qua
1791 2007 1916 2063 illos
1943 2005 2002 2062 in
2030 2023 2118 2062 su-

521 2116 691 2174 perna
718 2101 978 2158 sustollit.
1002 2101 1078 2156 At
1104 2107 1294 2156 contra
1318 2097 1628 2172 hypocrita,
1658 2097 1760 2153 etsi
1787 2095 1922 2152 facit
1948 2111 2120 2168 pauca

523 2205 644 2263 qua
672 2189 906 2258 elevent,
949 2195 1224 2262 perpetrat
1267 2189 1442 2244 multa
1485 2203 1606 2260 qua
1659 2193 1904 2259 gravent.
1936 2186 2121 2257 Neque

523 2276 671 2335 enim
704 2277 858 2333 nulla
896 2277 1042 2334 bona
1077 2276 1189 2350 agit
1222 2275 1537 2350 hypocrita,
1567 2274 1662 2332 sed
1689 2273 1890 2349 quibus
1918 2289 1981 2330 ea
2005 2273 2123 2346 ipsa

524 2365 818 2440 deprimat,
862 2366 1039 2422 multa
1078 2382 1333 2440 perversa
1373 2365 1691 2423 committit.
1735 2365 1924 2422 Pauca
1955 2363 2126 2436 igitur

528 2475 720 2532 penna
752 2475 950 2531 corpus
979 2457 1310 2514 struthionis
1336 2475 1449 2514 non
1478 2457 1788 2526 sublevant,
1833 2457 1961 2529 quia
1991 2471 2124 2528 par—

526 2565 658 2604 vum
675 2547 882 2604 bonum
905 2547 1211 2619 hypocrita
1235 2546 1535 2602 multitudo
1553 2563 1735 2619 pravae
1755 2545 1988 2603 actionis
2008 2559 2126 2618 gra-

527 2646 640 2695 vat.
685 2637 814 2692 llac
853 2651 1070 2708 quoque
1104 2635 1221 2707 ipsa
1258 2635 1589 2691 struthionis
1616 2653 1794 2708 penna
1824 2635 1890 2691 ad
1921 2651 2126 2706 pennas

527 2725 744 2783 herodii
770 2731 825 2780 et
839 2724 1116 2795 accipitris
1138 2724 1558 2781 similitudinem
1587 2724 1788 2782 coloris
1809 2725 1995 2793 habet,
2016 2725 2125 2779 vir-

527 2815 664 2873 tutis
686 2831 816 2872 vero
845 2802 1267 2870 similitudinem
1284 2831 1394 2870 non
1417 2815 1599 2872 habet.
1631 2815 1858 2871 Illorum
1889 2830 2126 2886 namque

528 2911 800 2969 conclusa
829 2916 883 2966 et
911 2909 1183 2966 ﬁrmiores
1205 2917 1352 2979 sunt,
1384 2919 1438 2967 et
1466 2911 1652 2991 volatu
1673 2927 1852 2967 aerem
1880 2927 2125 2984 premere

2229 1749 2472 1806 ﬁliorum
2501 1749 2794 1822 hypocrita
2821 1749 3068 1822 negligit,
3113 1747 3244 1822 quia
3285 1763 3357 1804 ex
3405 1762 3590 1803 amore
3632 1743 3830 1802 intimo

2229 1839 2392 1896 rebus
2419 1853 2476 1894 se
2503 1838 2873 1895 exterioribus
2903 1838 3114 1908 subdit,
3156 1838 3216 1894 in
3243 1837 3446 1912 quibus
3471 1845 3679 1910 quanto
3708 1850 3834 1892 ma-

2231 1929 2312 2002 gis
2338 1929 2646 1996 extollitur,
2678 1935 2832 1984 tanto
2860 1928 3045 1984 minus
3059 1927 3127 1983 de
3155 1927 3326 2000 prolis
3343 1943 3454 1983 sua
3474 1926 3695 1984 defectu
3713 1937 3833 1982 cru-

2229 2017 2426 2076 ciatur.
2451 2017 2568 2073 Ova
2597 2032 2726 2089 ergo
2755 2015 2817 2071 in
2843 2025 2990 2072 terra
3027 2015 3385 2089 dereliquisse
3414 2023 3497 2070 est
3525 2021 3688 2070 natos
3731 2027 3829 2086 per

2231 2107 2646 2165 conversionem
2684 2105 2830 2162 ﬁlios
2877 2107 3221 2178 nequaquam
3262 2121 3294 2161 a
3334 2103 3570 2161 terrenis
3613 2102 3838 2160 actibus

2232 2197 2558 2270 interposito
2601 2194 3008 2252 exhortationis
3047 2193 3180 2250 nido
3227 2193 3580 2267 suspendere.
3625 2191 3748 2250 Ova
3777 2191 3835 2246 in

2232 2295 2378 2344 terra
2389 2284 2746 2359 dereliquisse
2765 2291 2848 2342 est
2867 2285 3084 2340 nullum
3101 2284 3336 2341 caelestis
3352 2283 3480 2340 vita
3499 2281 3633 2340 ﬁliis
3651 2297 3836 2340 exem-

2235 2377 2388 2450 plum
2416 2375 2678 2449 prabere.
2719 2374 2862 2442 Quia
2903 2373 3051 2430 enim
3090 2373 3396 2447 hypocrita
3419 2387 3516 2446 per
3542 2370 3834 2430 cbaritatis

2235 2467 2447 2523 viscera
2472 2481 2583 2522 non
2613 2465 2812 2532 calent,
2845 2465 2912 2522 de
2937 2471 3156 2536 torpore
3178 2463 3346 2536 prolis
3367 2463 3546 2531 edita,
3580 2461 3637 2519 id
3668 2470 3752 2518 est
3769 2459 3836 2516 de

2191 2583 2209 2598 ν
2236 2575 2467 2616 ovorum
2489 2574 2712 2614 suorum
2732 2557 2935 2630 frigore
2949 2573 3294 2631 nequaquam
3311 2555 3500 2612 dolent
3517 2572 3532 2622 ;
3555 2562 3610 2610 et
3626 2559 3836 2627 quanto

2237 2665 2295 2705 se
2324 2648 2586 2704 libentius
2606 2649 2841 2705 terrenis
2857 2648 3071 2705 actibus
3093 2647 3366 2716 inserunt,
3386 2653 3540 2702 tanto
3560 2643 3838 2716 negligen-

2238 2738 2348 2794 tius
2377 2755 2470 2794 eos
2507 2754 2644 2811 quos
2675 2741 2697 2775 ⁶
2725 2746 2986 2810 generant
3023 2752 3180 2809 agere
3223 2743 3440 2792 terrena
3484 2735 3835 2806 permittunt.

2237 2827 2340 2884 Sed
2359 2828 2487 2900 quia
2515 2826 2806 2882 derelictos
2827 2825 3241 2898 hypocritarum
3263 2824 3406 2878 ﬁlios
3434 2839 3672 2894 superna
3705 2836 3842 2878 cura

2238 2933 2348 2974 non
2379 2915 2600 2983 deserit,
2631 2914 2930 2970 nonnullos
2955 2929 3192 2986 namque
3215 2913 3378 2968 etiam
3398 2928 3466 2967 ex
3482 2911 3687 2967 talibus
3708 2909 3841 2965 inti-

529 3003 736 3060 virtute
761 3019 872 3058 sua
900 3001 1196 3058 soliditatis
1227 3013 1472 3075 possunt.
1493 3005 1564 3060 At
1583 3011 1774 3060 contra
1793 3003 2127 3060 struthionis
2163 3027 2208 3089 ο
2239 3021 2326 3062 ma
2354 3004 2621 3062 electione
2649 3003 2950 3076 prascitos,
2974 3003 3181 3076 largita
3210 3003 3395 3076 gratia
3422 3007 3670 3075 respectu
3689 2998 3832 3056 cale-

529 3105 723 3166 penna
748 3092 1050 3160 dissoluta,
1083 3109 1147 3150 eo
1166 3095 1414 3150 volatum
1445 3111 1660 3151 sumere
1689 3101 1988 3168 nequeunt,
2017 3111 2126 3168 quo

530 3183 599 3240 ab
629 3181 748 3254 ipso
775 3198 935 3253 quem
975 3197 1219 3253 premere
1243 3183 1544 3238 debuerant
1571 3199 1692 3240 aere
1719 3183 2129 3240 transcendun-

529 3277 640 3328 tur.
667 3270 812 3338 Quid
839 3286 967 3343 ergo
997 3271 1054 3326 in
1082 3270 1170 3327 his
1197 3272 1494 3344 aspicimus
1524 3273 1630 3328 nisi
1661 3271 1807 3345 quod
1825 3274 2126 3330 electorum

531 3360 762 3416 virtutes
789 3358 979 3416 solida
1024 3361 1266 3430 evolant,
1313 3368 1375 3417 ut
1409 3369 1602 3419 ventos
1651 3363 1880 3419 humani
1922 3363 2129 3420 favoris

531 3450 822 3525 premant?
848 3445 1275 3523 Hypodritarum
1313 3467 1445 3508 vero
1481 3451 1624 3509 actio
1653 3453 1956 3526 quamlibet
1983 3462 2129 3512 recta

531 3541 804 3612 videatur,
834 3541 1020 3598 volare
1060 3557 1170 3598 non
1211 3540 1438 3612 sufﬁcit,
1492 3545 1622 3616 quia
1666 3543 1926 3602 videlicet
1965 3545 2128 3602 ﬂuxa

533 3629 755 3686 virtutis
781 3645 1018 3702 pennam
1049 3628 1308 3686 humana
1340 3629 1520 3687 laudis
1543 3648 1676 3687 aura
1702 3633 2017 3704 pertransit.

615 3725 804 3784 1002
835 3719 972 3794 [νει.
1013 3719 1161 3795 VII.]
1197 3720 1282 3777 13.
1323 3720 1444 3780 Veri
1475 3721 1769 3779 Christiani
1794 3741 1829 3778 a
1857 3722 2034 3794 falsis,
2065 3741 2130 3780 es:

545 3817 784 3873 motibus
809 3817 1158 3874 discernendi.
1204 3846 1276 3858 —
1315 3815 1421 3872 Sed
1453 3832 1578 3874 ecce
1607 3833 1733 3874 cum
1761 3833 1936 3874 unum
1966 3834 2132 3876 eum-

531 3905 765 3982 demque
791 3905 1066 3963 bonorum
1096 3907 1476 3981 malorumque
1505 3909 1526 3943 ³
1557 3906 1809 3964 habitum
1830 3910 2130 3983 cernimus,

531 4013 658 4056 cum
700 3998 876 4069 ipsam
910 3996 970 4050 in
997 3997 1188 4052 electis
1217 4013 1282 4054 ac
1311 3997 1559 4068 reprobis
1593 3999 1954 4070 professionis
1997 4017 2132 4071 spe-

531 4084 672 4142 ciem
702 4084 976 4149 videmus,
1007 4083 1154 4139 unde
1177 4093 1377 4140 nostra
1399 4083 1778 4156 intelligentia
1798 4095 2049 4159 suppetat
2069 4095 2131 4144 ut

532 4171 734 4230 electos
760 4186 793 4226 a
829 4169 1098 4242 reprobis,
1145 4187 1178 4226 a
1218 4171 1372 4227 falsis
1411 4187 1570 4227 veros
1608 4173 2130 4245 comprehendendo

534 4262 852 4321 discernat?
877 4261 1037 4328 Quod
1065 4267 1248 4316 tamen
1273 4260 1440 4318 citius
1463 4263 1832 4334 agnoscimus,
1864 4267 1886 4300 ‘
1917 4265 1962 4322 si
2002 4267 2131 4324 inti-

2239 3095 2392 3165 facit,
2428 3103 2577 3151 recte
2604 3091 2961 3165 subjungitur
2995 3110 3006 3147 :

2727 3189 2956 3248 CAPUT
2980 3190 3032 3245 X
3063 3185 3208 3262 [Rea
3240 3188 3358 3262 VI].

2309 3281 2447 3337 Iam.
2478 3310 2548 3321 —-
2583 3280 2665 3336 Tu
2690 3279 2924 3350 forsitan
2953 3279 3007 3334 in
3031 3279 3249 3350 pulvere
3285 3275 3560 3348 calefacies
3587 3292 3648 3331 ea
3669 3275 3698 3332 ?

2313 3369 2396 3425 15.
2429 3371 2732 3426 Pravorum
2759 3373 2807 3423 et
2835 3367 3091 3422 bonorum
3114 3366 3387 3421 doctorum
3415 3365 3555 3437 ﬁlios
3592 3365 3687 3420 Dei
3705 3380 3842 3436 gra-

2241 3459 2316 3516 tia
2352 3458 2765 3530 calefacit—Ac
2786 3457 2831 3514 si
2851 3457 3031 3515 dicat:
3078 3457 3148 3514 Ut
3179 3455 3408 3529 ego,qui
3429 3454 3597 3511 illain
3614 3454 3842 3528 pulvere

2238 3549 2522 3617 calefacio,
2545 3549 2674 3622 quia
2693 3547 2903 3606 scilicet
2923 3547 3278 3620 parvulorum
3302 3545 3536 3614 animas,
3555 3551 3610 3600 et
3626 3543 3688 3600 in
3719 3559 3842 3600 me-

2240 3638 2334 3696 dio
2354 3638 2699 3712 peccantium
2718 3638 2872 3705 sitas,
2893 3636 3100 3692 amoris
3116 3635 3223 3691 mei
3238 3635 3363 3707 igne
3378 3634 3674 3692 succendo.
3701 3628 3843 3702 Quid

2241 3727 2448 3802 pulvis,
2483 3725 2596 3783 nisi
2627 3733 2879 3800 peccator
2905 3723 3174 3799 accipitur
3193 3723 3222 3780 ‘l
3251 3723 3404 3781 Unde
3433 3731 3489 3780 et
3530 3723 3624 3779 ille
3669 3719 3844 3780 hostis

2237 3817 2408 3890 hujus
2430 3817 2732 3890 peccatoris
2754 3814 3062 3888 perditione
3089 3812 3340 3882 satiatur,
3370 3812 3438 3868 de
3465 3828 3574 3887 quo
3603 3827 3704 3885 per
3725 3825 3842 3885 pro-

2241 3907 2462 3984 phetam
2492 3905 2696 3964 dicitur
2721 3923 2734 3961 :
2768 3904 3006 3976 Serpenti
3017 3903 3199 3976 pulvis
3213 3903 3374 3976 panis
3392 3902 3506 3974 ejus
3522 3903 3688 3975 (Isai.
3711 3916 3840 3967 va,

2241 3998 2357 4072 25).
2389 3996 2534 4066 Quid
2563 4012 2658 4068 per
2675 3995 2979 4068 pulverem,
3005 3991 3113 4050 nisi
3135 3991 3253 4066 ipsa
3281 3993 3596 4066 iniquorum
3615 3988 3843 4048 instabi-

2241 4087 2368 4144 litas
2387 4085 2796 4142 demonstratur
2814 4084 2843 4141 'l
2870 4085 2948 4140 De
2975 4099 3081 4156 qua
3100 4083 3278 4140 David
3306 4083 3418 4140 ait:
3453 4083 3571 4140 Non
3597 4082 3676 4137 sic
3693 4075 3844 4152 impii

2240 4193 2346 4232 non
2365 4177 2460 4242 sic,
2489 4175 2579 4230 sed
2601 4181 2852 4245 tanquam
2861 4173 3041 4244 pulvis
3059 4177 3210 4242 quem
3223 4170 3444 4243 projicit
3458 4174 3634 4225 ventus
3652 4186 3690 4224 a
3705 4164 3842 4239 facie

2244 4272 2400 4321 terra
2413 4265 2596 4336 (Psal.
2616 4281 2656 4332 1,
2677 4262 2758 4336 4).
2779 4263 2896 4320 Ova
2923 4278 3051 4334 ergo
3079 4261 3352 4318 Dominus
3372 4258 3431 4314 in
3448 4260 3678 4331 pulvere
3693 4255 3842 4314 dere-

537 4361 682 4410 mata
706 4352 765 4408 in
795 4351 1118 4441 memoriam
1150 4350 1501 4424 praceptoris
1535 4353 1710 4408 nostri
1744 4355 1911 4411 verba
1938 4356 2132 4430 signa—
2161 4381 2212 4441 D
2243 4352 2371 4412 licta
2390 4353 2662 4422 calefacit,
2678 4353 2806 4426 quia
2823 4353 3178 4426 parvulorum
3195 4347 3842 4423 animaspradicatorum

537 4457 680 4510 mus,
713 4440 811 4515 qui
855 4439 934 4496 ait
964 4457 976 4496 :
1029 4442 1122 4496 Ea:
1166 4439 1429 4510 fructibus
1475 4457 1654 4496 eorum
1701 4447 2010 4515 cognoscetis
2055 4467 2140 4510 eos
2163 4437 2201 4441 —
2248 4463 2474 4505 suorum
2505 4445 2882 4504 sollicitudine
2911 4444 3220 4514 destitutas,
3247 4443 3411 4500 etiam
3441 4440 3500 4497 in
3522 4437 3708 4496 medio
3726 4450 3842 4512 pec-

540 4529 752 4604 (Matth.
785 4546 885 4597 vn,
933 4527 1048 4602 20).
1089 4529 1276 4602 Neque
1321 4529 1470 4585 enim
1515 4531 1794 4602 pensanda
1841 4543 1972 4590 sunt
2017 4553 2138 4611 qua

537 4619 836 4676 ostendunt
871 4617 929 4674 in
959 4618 1218 4691 imagine,
1262 4617 1357 4675 sed
1399 4636 1520 4692 qua
1558 4629 1782 4680 servant
1809 4622 1868 4678 in
1897 4626 2130 4686 actione.

539 4709 693 4768 Unde
721 4709 815 4768 hic
842 4717 1130 4783 postquam
1160 4709 1397 4782 speciem
1427 4710 1758 4770 struthionis
1789 4711 1956 4787 hujus
1985 4715 2137 4774 intu-

538 4800 627 4872 lit,
657 4817 790 4858 mox
825 4799 970 4858 facta
999 4799 1307 4873 subjungit,
1339 4800 1565 4859 dicens:

1163 4898 1392 4957 CAPUT
1421 4897 1520 4956 IX.

610 4988 783 5049 Vnus.
812 4987 898 5047 14.
925 5021 997 5032 -
1026 4992 1155 5058 Qua
1181 4990 1498 5060 derelinquit
1526 4989 1584 5045 in
1609 4995 1754 5048 terra
1781 5007 1878 5048 ova
1908 5009 2026 5049 sua.

611 5078 698 5137 ﬂ.
726 5080 1028 5153 Hypocrita
1053 5096 1184 5152 quos
1215 5080 1456 5152 gignunt,
1499 5080 1648 5136 bonis
1683 5081 1934 5156 exemplis
1959 5080 2138 5153 fovere

616 5259 633 5294 ¹
652 5259 808 5341 ΡΙΘΥ.
838 5259 1014 5341 vulg,
1041 5260 1358 5341 vocabulo...
1387 5267 1556 5318 vocat.
1589 5260 1714 5320 Vet.
1745 5262 1849 5320 Ed.
1881 5261 2053 5320 Paris.
2081 5269 2136 5320 et

542 5329 710 5387 Basil.
741 5347 868 5388 cum
898 5329 1050 5399 Mss.,
1080 5339 1248 5389 notat.

613 5401 636 5438 ⁸
666 5401 729 5458 In
757 5401 954 5459 Pratel.
985 5402 1218 5478 aliisque
1246 5403 1459 5474 Norm.,
1489 5403 1584 5462 hic
1603 5411 1657 5462 et
1684 5404 1842 5475 alibi,
1871 5420 2012 5478 sape
2029 5405 2132 5478 leg.

536 5488 790 5547 parvum,
821 5491 919 5548 pro
941 5491 1158 5547 parum.
1801 5523 1805 5527 ι

616 5545 638 5582 ³
665 5545 944 5603 Laudun..
969 5547 1186 5603 obitum.

614 5617 638 5654 ⁸
1210 5617 1456 5693 aliosque
1490 5618 1680 5679 Norm.
1712 5617 1806 5679 hic
1831 5619 2134 5695 sequimur.

2245 4538 2492 4596 cautium
2521 4536 2728 4610 positas
2753 4536 2957 4592 amoris
2985 4535 3072 4591 sui
3103 4535 3228 4607 igne
3256 4529 3559 4590 succendit.
3593 4529 3740 4586 Hinc
3767 4529 3844 4582 est

2247 4625 2394 4702 quod
2423 4627 2710 4700 plerosque
2739 4623 3017 4683 cernimus
3045 4630 3100 4680 et
3128 4624 3186 4680 in
3217 4623 3400 4680 medio
3417 4619 3752 4696 populorum
3766 4613 3843 4671 vi-

2247 4732 2395 4786 vere,
2426 4724 2481 4773 et
2515 4723 2700 4772 tamen
2738 4715 2911 4770 vitam
2951 4712 3222 4786 torpentis
3259 4711 3451 4785 populi
3482 4725 3595 4766 non
3640 4714 3840 4765 tenere.

2246 4805 2390 4863 Hinc
2415 4813 2496 4862 est
2526 4805 2672 4879 quod
2690 4805 2976 4878 plerosque
3005 4801 3305 4872 cernimus,
3336 4811 3391 4858 et
3421 4799 3692 4858 malorum
3721 4805 3845 4854 tur-

2245 4895 2344 4952 bas
2371 4910 2482 4951 non
2516 4893 2724 4966 fugere,
2753 4901 2808 4949 et
2833 4899 3020 4949 tamen
3066 4907 3302 4964 superno
3359 4889 3554 4948 ardore
3597 4889 3840 4962 ﬂagrare.

2246 4983 2389 5042 Hinc
2443 4991 2528 5041 est
2570 4981 2718 5056 quod
2760 4983 3046 5056 plerosque
3085 4981 3386 5050 cernimus,
3428 4985 3618 5043 1003
3666 4985 3730 5034 ut
3772 4972 3844 5031 ita

2242 5082 2504 5153 dixerim,
2533 5082 2594 5140 in
2622 5082 2826 5156 frigore
2851 5081 3047 5140 calere.
3099 5078 3256 5138 Unde
3297 5077 3450 5136 enim
3487 5075 3748 5134 nonnulli
3786 5072 3844 5128 in

2243 5257 2530 5318 Accedunt
2564 5256 2792 5326 Turon.,
2823 5254 3184 5329 ubilegimus
3225 5255 3274 5310 si
3317 5253 3634 5329 intima,__e_t
3679 5243 3838 5329 Corb.

2245 5332 2456 5400 Germ.,
2509 5331 2605 5404 qui
2649 5323 2814 5404 habet
2841 5323 3032 5404 intima
3052 5328 3117 5404 _in
3477 5324 3630 5404 Editi
3683 5323 3842 5380 etiam

2244 5398 2573 5460 vetustiores
2605 5417 2731 5458 cum
2761 5400 2944 5458 Germ.
2978 5399 3185 5455 habent
3212 5399 3260 5455 si
3287 5398 3629 5454 intemerata.

2316 5476 2338 5510 ⁸
2365 5474 2494 5530 Mss.
2540 5471 2759 5545 Anglic.
2810 5478 2866 5527 et
2914 5471 3105 5528 Norm.
3149 5486 3275 5527 cum
3322 5469 3535 5540 Germ.,
3573 5466 3681 5524 nisi
3727 5470 3840 5520 ter-

2244 5562 2579 5686 Μέαὰειωη
2606 5613 2828 5674 Pratell.
2852 5622 2907 5673 et
2924 5613 3043 5686 alii,
3071 5619 3376 5688 genueram.
