4156 6178
288 226 391 294 581

1019 222 1394 291 MORALIUM
1431 226 1564 286 LIB.
1607 216 1819 284 XXXI.
1858 255 1929 269 -
1965 214 2037 282 IN
2075 214 2301 283 CAPUT
2338 218 2583 281 XXXIX
2622 222 2684 280 Β.
2724 212 2867 280 JOB.

3483 220 3588 282 582

289 376 639 424 terrenorum
677 362 968 420 hominum
1008 370 1227 434 torpore
1273 358 1438 434 positi
1469 374 1718 430 supernas
1772 355 1888 429 spei
1916 358 1966 418 A
1994 354 2252 429 adjunxit
2284 355 2674 421 :‘Charissime,
2703 353 2818 410 noli
2846 353 3049 409 imitari
3075 355 3300 421 malum,
3330 354 3420 410 sed
3454 354 3595 425 quod

291 453 588 513 desideriis
618 451 993 519 inardescunt,
1040 449 1187 506 unde
1217 455 1272 504 et
1313 447 1460 504 inter
1501 441 1703 515 frigida
1730 441 1896 499 corda

292 542 555 603 succensi
586 548 736 610 sunt,
786 541 895 597 nisi
924 540 1052 614 quia
1081 539 1432 610 omnipotens
1462 537 1607 593 Deus
1634 532 1898 591 derelicta

293 650 402 691 ova
429 630 541 688 scit
569 629 737 704 etiam
760 628 815 684 in
838 628 1063 700 pulvere
1091 626 1405 692 calefacere,
1428 630 1482 679 et
1510 621 1731 694 frigoris
1762 619 1898 691 pris-

290 721 401 778 tini
418 716 851 775 insensibilitate
868 716 1137 782 discussa,
1160 729 1253 787 per
1272 728 1491 769 sensum
1512 708 1739 783 spiritus
1760 706 1899 762 vita-

294 811 369 868 lis
397 808 669 875 animare,
716 814 779 863 ut
808 822 1153 880 nequaquam
1178 801 1421 876 jacentia
1450 802 1505 857 in
1538 798 1747 854 inﬁmis
1775 804 1902 853 tor-

295 907 497 976 peant;
532 895 649 953 'sed
679 896 736 951 in
773 896 906 950 viva
934 894 1187 950 volatilia
1230 908 1387 948 versa
1416 906 1532 946 sese
1561 887 1629 944 ad
1657 884 1903 944 coelestia

297 986 755 1059 contemplando,
789 985 846 1042 id
876 991 956 1041 est
987 983 1245 1050 volando,
1277 978 1612 1053 suspendant
1632 977 1661 1033 7
1687 976 1904 1032 Notan-

298 1078 435 1136 dum
464 1091 600 1132 vero
619 1081 702 1129 est
731 1072 880 1146 quod
910 1074 965 1128 in
997 1071 1085 1127 bis
1105 1070 1290 1127 verbis
1310 1086 1422 1125 non
1446 1067 1624 1125 solum
1648 1064 1905 1137 hypocri-

300 1176 486 1226 tarum
517 1165 663 1223 actio
685 1180 944 1238 perversa
963 1162 1308 1236 reprobatur,
1332 1160 1425 1217 sed
1445 1159 1719 1216 bonorum
1739 1155 1905 1212 etiam

303 1259 717 1331 magistrorum,
751 1254 799 1310 si
828 1270 936 1325 qua
965 1253 1195 1310 fortasse
1223 1250 1563 1323 subrepserit
1592 1246 1759 1303 elatio
1790 1262 1907 1317 pre-

304 1347 499 1405 mitur.
527 1345 663 1402 Nam
693 1359 819 1401 cum
839 1342 906 1399 de
926 1358 982 1399 se
1010 1343 1280 1398 Dominus
1307 1339 1447 1396 dicit
1474 1336 1622 1411 quod
1650 1334 1910 1392 derelicta

308 1454 413 1494 ova
434 1437 494 1492 in
514 1435 740 1508 pulvere
760 1433 875 1505 ipse
895 1431 1200 1499 calefaciat,
1222 1430 1467 1503 profecto
1492 1432 1676 1499 aperte
1704 1424 1912 1479 indicat

310 1526 441 1600 quia
460 1525 579 1596 ipse
599 1528 858 1596 operatur
884 1520 1220 1577 intrinsecus
1240 1535 1337 1592 per
1354 1515 1520 1571 verba
1540 1513 1803 1577 doctoris,
1817 1510 1912 1584 qui

311 1599 367 1674 et
394 1615 515 1672 sine
547 1611 731 1668 verbis
760 1609 933 1666 ullius
962 1608 1211 1665 hominis
1238 1604 1490 1664 calefacit
1513 1618 1650 1675 quos
1676 1599 1917 1656 voluerit

2004 447 2193 502 bonum
2219 453 2293 502 est
2317 446 2345 517 (
2350 447 2444 503 III
2463 446 2620 502 Ioan.
2653 444 2761 516 11).
2812 444 2972 500 Hunc
3001 442 3115 515 ipse
3145 443 3445 516 Synagogaa
3476 442 3594 499 dux

2004 536 2227 594 inﬁrmo
2247 554 2347 595 suo
2369 537 2517 610 gregi
2537 532 3061 602 metuebat,dicens:
3090 533 3315 600 Quando
3334 532 3598 604 ingressus

2005 624 2176 697 fueris
2204 632 2403 681 terram
2430 641 2590 695 quam
2616 623 2874 679 Dominus
2902 621 3043 677 Deus
3071 619 3218 675 dabit
3246 619 3362 689 tibi,
3392 636 3512 675 cave
3538 636 3602 674 ne

2006 714 2213 769 imitari
2222 715 2349 769 velis
2363 713 2774 769 abominationes
2786 712 3006 767 illarum
3014 708 3601 781 gentium(Deut.xv111,

2006 803 2088 875 9).
2113 801 2479 858 Obliviscitur
2493 802 2657 857 etiam
2679 799 2826 873 quod
2845 798 3019 854 bestia
3046 796 3161 868 agri
3190 804 3457 864 conterat,
3476 794 3605 868 quia

2009 893 2277 951 nimirum
2303 893 2350 949 si
2367 892 2621 949 diabolus
2636 892 2693 946 in
2715 890 2821 945 hoc
2840 887 3050 944 mundo
3065 885 3300 943 saeviens
3320 885 3529 942 editos‘
3545 885 3606 940 in

2010 986 2155 1042 bona
2183 984 2599 1041 conversatione
2629 982 2775 1039 ﬁlios
2808 980 3004 1051 rapiat,
3050 979 3342 1051 hypocrita
3379 977 3608 1034 omnino

2012 1092 2125 1132 non
2146 1083 2319 1131 curat.
2354 1076 2506 1131 Hanc
2524 1081 2707 1129 autem
2730 1072 2846 1144 agri
2865 1070 3096 1127 bestiam
3125 1069 3329 1125 Paulus
3347 1066 3470 1123 ovis
3487 1083 3608 1140 quas

2015 1173 2271 1238 posuerat
2316 1164 2593 1221 metuebat
2627 1163 2817 1220 dicens
2849 1180 2861 1217 :
2920 1161 3120 1228 Timeo,
3151 1176 3216 1216 ne
3243 1160 3379 1215 sicut
3402 1174 3610 1230 serpens

2016 1262 2190 1317 Evam
2234 1258 2446 1315 seduxit
2471 1259 2672 1313 astutia
2715 1274 2834 1319 sua,
2878 1255 2955 1311 ita
2986 1259 3403 1325 corrumpantur
3435 1267 3612 1306 sensus

2017 1349 2181 1405 vestri
2204 1349 2225 1383 ⁵
2273 1366 2309 1403 a
2345 1347 2622 1412 charitate,
2675 1362 2791 1416 quae
2830 1350 2905 1398 est
2938 1348 3129 1405 1004
3154 1342 3213 1396 in
3259 1340 3466 1399 Christo
3493 1340 3615 1396 Iesu

2024 1446 2111 1519 (ΙΙ
2140 1447 2265 1502 Cor.
2291 1462 2371 1513 χι,
2394 1444 2474 1518 3).
2508 1444 2662 1500 Hanc
2682 1442 2801 1516 agri
2829 1441 3065 1499 bestiam
3095 1440 3385 1512 discipulis
3413 1443 3616 1493 metue-

2020 1535 2116 1592 bat
2132 1538 2348 1602 Petrus,
2364 1551 2492 1593 cum
2508 1533 2716 1592 diceret
2738 1552 2750 1590 :
2783 1531 3142 1589 Adversarius
3159 1536 3325 1586 vester
3353 1529 3616 1592 diabolus,

2022 1627 2182 1698 quasi
2212 1629 2286 1695 leo
2314 1626 2530 1697 rugiens
2557 1624 2767 1690 circuit,
2799 1639 3037 1695 quaerens
3069 1639 3223 1694 quem
3266 1621 3495 1686 devoret,
3535 1615 3621 1671 cui

312 1707 371 1763 in
402 1704 608 1776 frigore
628 1699 893 1774 pulveris.
918 1700 1000 1755 Ac
1018 1699 1066 1755 si
1086 1704 1271 1771 aperte
1299 1692 1621 1786 doctoribus
1641 1690 1820 1746 dicat:
1844 1689 1915 1745 Ut
1943 1720 1990 1780 Β
2021 1689 2248 1773 ,stme'
2261 1689 2869 1786 [ονῶεεηβάεηρέιοί
2887 1713 2943 1780 8,
2959 1712 3041 1784 9).
3074 1689 3290 1766 habent
3316 1724 3443 1781 ergo
3470 1721 3620 1762 vera.

312 1793 502 1853 sciatis
531 1792 661 1866 quia
696 1806 796 1863 ego
823 1806 951 1846 sum
980 1788 1079 1862 qui
1120 1804 1217 1861 per
1243 1802 1343 1842 vos
1371 1785 1657 1857 loquentes
1694 1793 1913 1852 operor,

315 1901 445 1943 ecce
464 1899 591 1941 cum
611 1882 840 1938 voluero
852 1878 1118 1936 cordibus
1137 1876 1426 1933 hominum
1441 1873 1607 1930 etiam
1628 1870 1747 1927 sine
1759 1869 1919 1926 vobis

317 1975 540 2047 loquor.
596 1969 731 2045 [νει.
782 1968 964 2043 για]
1020 1966 1326 2024 Humiliata
1370 1963 1541 2035 igitur
1586 1959 1920 2031 cogitatione

319 2064 629 2132 doctorum,
662 2060 729 2118 ad
750 2056 1177 2133 exprimendum
1209 2053 1557 2129 hypocritam
1588 2066 1768 2107 sermo
1784 2064 1919 2104 con-

321 2153 578 2222 vertitur,
604 2158 657 2208 et
673 2166 782 2225 qua
800 2149 1052 2205 fatuitate
1071 2152 1306 2219 torpeat,
1327 2142 1511 2199 adhuc
1530 2140 1633 2198 sub
1652 2137 1921 2196 struthio-

324 2243 412 2300 nis
439 2242 585 2301 facto
614 2240 836 2315 plenius
866 2237 1162 2294 indicatur.
1198 2235 1337 2292 Nam
1366 2231 1617 2305 sequitur
1648 2246 1660 2285 :

778 2380 1007 2440 CAPUT
1038 2379 1117 2434 x1
1145 2378 1290 2452 [Rea
1327 2374 1477 2449 VII].

396 2504 573 2562 Vnus.
607 2502 694 2557 15.
723 2528 795 2541 —-
845 2495 1186 2554 Obliviscitur
1230 2492 1374 2563 quod
1416 2507 1504 2562 pes
1550 2486 1808 2543 conculcet
1846 2501 1926 2550 ea,

323 2599 425 2651 aut
456 2588 621 2644 bestia
648 2587 768 2657 agri
795 2589 1045 2639 conterat.

407 2678 494 2735 16.
526 2675 697 2734 Praei
724 2675 960 2730 doctores
1005 2672 1066 2726 de
1093 2686 1193 2726 sua
1227 2668 1380 2740 prole
1411 2681 1517 2722 non
1545 2668 1671 2720 sunt
1695 2661 1930 2729 solliciti,

329 2783 478 2824 secus
509 2761 874 2829 boni.—Quid
904 2760 964 2815 in
984 2758 1140 2831 pede,
1170 2754 1279 2812 nisi
1309 2755 1572 2811 transitus
1600 2750 1934 2824 operationis

332 2851 655 2927 accipitur?
685 2849 830 2918 Quid
860 2850 916 2904 in
934 2864 1083 2920 agro,
1104 2845 1210 2901 nisi
1243 2842 1483 2899 mundus
1516 2842 1616 2897 iste
1643 2837 1934 2912 signatur?

338 2949 417 3005 De
438 2962 547 3019 quo
571 2944 630 3000 in
659 2939 961 3012 Evangelio
978 2935 1248 2993 Dominus
1276 2933 1413 2989 dicit
1434 2950 1445 2987 :
1465 2932 1607 3003 Ager
1633 2936 1809 2986 autem
1829 2930 1844 2962 ¹
1864 2935 1938 2983 est

336 3016 564 3095 mundus
596 3031 811 3105 (Matth.
844 3044 968 3095 χιιι,
1001 3026 1115 3099 38).
1152 3023 1299 3091 Quid
1340 3022 1395 3077 in
1426 3020 1603 3076 bestia
1630 3019 1741 3074 nisi
1783 3016 1937 3072 anti-

340 3142 481 3200 quus
500 3122 680 3179 hostis
698 3118 1053 3191 exprimitur,
1075 3114 1170 3187 qui
1192 3110 1361 3184 hujus
1391 3108 1584 3165 mundi
1614 3105 1824 3179 rapinis
1853 3106 1934 3161 in-

341 3199 569 3281 sidians,
600 3210 846 3266 humana
863 3204 1111 3279 quotidie
1132 3210 1309 3258 morte
1329 3199 1600 3256 satiatur?
1619 3200 1692 3254 De
1713 3212 1821 3270 qua
1841 3210 1937 3267 per

341 3302 694 3375 Prophetam,
743 3296 1037 3370 pollicente
1085 3290 1344 3358 Domino,
1392 3288 1600 3345 dicitur
1633 3305 1644 3343 :
1677 3288 1752 3342 Et
1790 3284 1938 3339 mala

345 3374 507 3452 bestia
528 3408 637 3448 non
667 3386 915 3445 transibit
936 3402 1036 3458 per
1062 3377 1230 3454 eam-(
1234 3380 1364 3439 Isai.
1380 3396 1557 3446 xxxv,
1574 3378 1656 3450 9).
1686 3374 1940 3433 Struthio

344 3484 529 3556 itaque
557 3496 662 3537 ova
688 3495 788 3536 sua
813 3476 1068 3533 deserens
1102 3469 1455 3528 obliviscitur
1501 3465 1649 3540 quod
1677 3480 1770 3537 pes
1798 3477 1942 3518 con-

344 3552 527 3631 culcet
556 3586 639 3639 ea,
662 3567 792 3642 quia
812 3564 1074 3621 videlicet
1093 3559 1399 3633 hypocritas
1418 3571 1512 3612 eos
1531 3570 1667 3628 quos
1683 3554 1705 3588 ³
1735 3552 1793 3607 in
1815 3566 1943 3608 con-

347 3639 853 3719 versatione—ﬁlios
882 3658 1144 3728 generant
1189 3648 1603 3718 derelinquunt,
1634 3649 1689 3697 et
1716 3639 1945 3696 omnino

346 3768 467 3811 non
498 3755 710 3817 curant,
738 3762 808 3803 ne
839 3752 934 3802 aut
975 3735 1383 3817 exhortationis
1425 3730 1823 3797 sollicitudine,
1853 3733 1947 3783 aut

350 3839 664 3913 disciplinae
694 3812 971 3894 'custodia
1016 3812 1332 3892 destitutos,
1378 3837 1672 3896 pravorum
1721 3832 1946 3891 operum

350 3908 605 4004 exempla
626 3931 960 4002 pervertant.
994 3921 1052 3979 Si
1073 3919 1222 3976 enim
1239 3933 1345 3974 ova
1362 3930 1482 3989 quae
1507 3912 1741 3986 gignunt
1759 3908 1950 3980 dilige-

350 4027 496 4089 rent,
526 4018 797 4075 nimirum
829 4016 1138 4069 metuerent
1159 4024 1229 4063 ne
1256 4005 1382 4080 quis
1400 4020 1484 4072 ea,
1513 4016 1768 4075 perversa
1789 4006 1953 4071 opera

352 4087 804 4174 demonstrando,
828 4104 1083 4162 calcaret.
1106 4099 1268 4155 Hunc
1280 4096 1487 4152 Paulus
1505 4092 1694 4166 pedem
1716 4087 1954 4146 inﬁrmis

354 4196 664 4270 discipulis,
701 4192 859 4267 quasi
888 4190 1010 4247 ovis
1038 4202 1159 4262 quas
1196 4189 1469 4258 posuerat,
1501 4177 1797 4245 metuebat,
1825 4189 1949 4233 cum

356 4263 564 4345 diceret
595 4301 607 4340 :
650 4263 820 4342 Multi
860 4278 1154 4344 ambulant,
1202 4288 1331 4344 quos
1359 4286 1491 4341 sirpe
1531 4268 1761 4323 dicebam
1786 4263 1954 4329 vobis,

354 4368 498 4432 nunc
514 4378 687 4430 autem
705 4377 754 4426 et
780 4371 908 4442 ﬂens
933 4367 1069 4434 dico,
1099 4362 1342 4418 inimicos
1360 4358 1532 4414 crucis
1556 4354 1756 4412 Christi
1786 4352 1953 4423 (Phil.

2026 1822 2115 1862 ces
2145 1804 2391 1876 magistri
2421 1818 2585 1873 super
2613 1801 2917 1873 discipulos
2946 1816 3074 1856 suos
3088 1798 3305 1855 timoris
3324 1799 3535 1853 viscera
3553 1808 3624 1849 ex

2026 1893 2232 1951 virtute
2251 1891 2539 1949 cbaritatis
2558 1909 2569 1945 :
2586 1890 2892 1962 hypocriten
2903 1897 3086 1946 autem
3103 1896 3258 1945 tanto
3277 1888 3464 1942 minus
3477 1900 3625 1940 com-

2028 1983 2213 2039 missis
2241 1981 2348 2037 sibi
2393 1987 2668 2047 metuunt,
2716 1987 2922 2051 quanto
2958 1995 3062 2036 nec
3102 1974 3461 2050 sibimetipsis
3490 1972 3627 2046 quid

2029 2071 2223 2131 timere
2238 2069 2475 2126 debeant
2494 2067 2936 2141 deprehendunt.
2959 2069 3033 2124 Et
3052 2068 3182 2141 quia
3201 2064 3489 2123 obduratis
3508 2078 3625 2118 cor-

2031 2161 2195 2219 dibus
2223 2161 2444 2228 vivunt,
2472 2159 2622 2231 ipsos
2649 2157 2816 2214 etiam
2844 2173 2983 2230 quos
3011 2162 3272 2229 generant
3299 2153 3447 2209 ﬁlios
3474 2150 3629 2206 nulla

2033 2250 2236 2325 pietate
2281 2247 2455 2304 debiti
2497 2246 2701 2303 amoris
2744 2252 3068 2318 agnoscunt.
3113 2242 3269 2303 Unde
3296 2240 3480 2299 adhuc
3524 2236 3629 2293 sub

2033 2337 2364 2399 struthionis
2388 2335 2570 2411 specie
2598 2334 2855 2393 subditur
2886 2352 2899 2391 :

2641 2450 2869 2509 CAPUT
2898 2449 3022 2505 XII.

2108 2546 2278 2603 Vens.
2326 2544 2413 2599 16.
2444 2572 2515 2584 -
2541 2542 2791 2599 Duratur
2832 2539 2905 2595 ad
2948 2538 3090 2611 ﬁlios
3133 2554 3277 2603 suos,
3323 2534 3480 2608 quasi
3526 2547 3633 2589 non

2038 2636 2145 2692 sint
2171 2634 2276 2690 sui.

2115 2728 2199 2783 17.
2233 2726 2305 2781 Hi
2318 2725 2573 2780 charitate
2585 2723 2818 2792 ﬂagrant
2828 2737 2952 2792 erga
2961 2720 3124 2793 ﬁlios,
3139 2734 3248 2773 non
3258 2715 3363 2771 illi.
3378 2745 3448 2756 —
3459 2713 3633 2782 Quem

2041 2816 2188 2875 enim
2212 2813 2497 2872 charitatis
2526 2812 2698 2883 gratia
2716 2826 2829 2865 non
2850 2808 3115 2875 infundit,
3134 2805 3449 2879 proximum
3475 2817 3637 2859 suum

2044 2905 2209 2960 etiam
2230 2902 2277 2957 si
2306 2901 2422 2973 ipse
2449 2901 2598 2955 hunc
2626 2902 2739 2955 Deo
2766 2898 2975 2970 genuit,
3000 2898 3020 2933 ⁶
3041 2902 3363 2950 extraneum
3393 2890 3637 2961 respicit,

2046 3002 2108 3050 ut
2128 2992 2373 3065 profecto
2396 2997 2525 3046 sunt
2552 3004 2742 3043 omnes
2764 2985 3086 3057 hypocrita,
3118 2995 3352 3055 quorum
3381 2977 3642 3034 videlicet

1973 3070 2017 3131 Ο
2047 3092 2257 3142 mentes
2277 3082 2409 3138 dum
2439 3094 2653 3151 semper
2679 3076 2956 3133 exteriora
2983 3078 3267 3147 appetunt,
3286 3070 3438 3124 intus
3459 3067 3638 3123 insen-

2044 3175 2234 3233 sibiles
2254 3172 2428 3239 ﬁunt;
2465 3178 2520 3226 et
2547 3169 2605 3224 in
2632 3166 2847 3224 cunctis
2875 3181 2996 3239 quas
3015 3169 3205 3236 agunt,
3226 3160 3356 3217 dum
3381 3172 3479 3214 sua
3498 3171 3636 3213 senio

2046 3281 2143 3338 per
2170 3268 2457 3335 expetunt,
2479 3275 2605 3332 erga
2632 3257 2887 3313 aﬁ'ectum
2908 3251 3152 3328 proximi
3174 3250 3325 3307 nulla
3353 3246 3639 3304 charitatis

2046 3337 2424 3427 compassione
2444 3344 2845 3404 mollescunt.0
2857 3358 3021 3417 quam
3040 3340 3227 3396 mollia
3248 3337 3458 3416 viscera
3472 3341 3642 3408 gesta-

2047 3443 2142 3500 bat
2161 3443 2383 3509 Paulus,
2416 3437 2637 3513 quando
2656 3437 2806 3493 circa
2830 3434 2978 3490 ﬁlios
3004 3446 3133 3487 suos
3154 3435 3311 3484 tanto
3336 3432 3471 3482 aestu
3498 3439 3645 3480 amo-

2051 3532 2130 3589 ris
2157 3511 2651 3597 inhiabat,_dicens
2679 3542 2692 3581 :
2725 3525 2745 3559 "
2777 3523 2889 3580 Nos
2918 3520 3168 3589 vivimus,
3216 3518 3265 3573 si
3290 3532 3383 3571 vos
3412 3514 3564 3570 statis
3592 3511 3648 3567 in

2051 3619 2282 3677 Domino
2331 3617 2386 3689 (l
2416 3617 2591 3673 Thess.
2623 3628 2709 3681 111,
2752 3610 2833 3681 8).
2868 3610 2959 3677 Et,
3016 3607 3181 3664 Testis
3215 3604 3346 3661 mihi
3372 3610 3448 3659 est
3485 3603 3647 3669 Deus,

2053 3708 2310 3780 quomodo
2338 3706 2544 3776 cupiam
2577 3718 2752 3758 omnes
2778 3714 2868 3754 vos
2896 3698 2954 3753 in
2979 3696 3262 3752 visceribus
3302 3692 3502 3749 Christi
3528 3692 3654 3746 Iesu

2058 3778 2227 3871 (Phil.
2252 3812 2292 3864 1,
2306 3795 2388 3866 8).
2406 3790 2668 3849 Romanis
2684 3801 2902 3860 quoque
2920 3784 2997 3841 ait
3022 3800 3034 3839 :
3065 3783 3322 3871 Testisjst
3337 3778 3469 3871 mihi
3488 3779 3652 3841 Deus,

2057 3864 2143 3943 cui
2169 3864 2421 3957 serviolin
2440 3880 2637 3952 spiritu
2651 3894 2784 3945 meo,
2801 3875 2860 3930 in
2884 3871 3178 3942 Evangelia
3207 3867 3339 3926 Filii
3357 3865 3493 3936 ejus,
3513 3864 3655 3937 quod

2058 3977 2170 4034 sine
2212 3953 2599 4030 intermissione
2641 3965 2952 4023 memoriam
2992 3960 3154 4019 vestri
3195 3973 3398 4030 semper
3433 3953 3575 4027 facio
3599 3954 3658 4009 in

2060 4063 2391 4122 orationibus
2416 4059 2567 4126 meis,
2608 4057 2885 4114 obsecrans
2921 4052 2969 4109 si
2993 4067 3097 4123 quo
3121 4047 3277 4105 modo
3310 4045 3517 4102 tandem
3548 4042 3657 4099 ali-

2060 4154 2273 4229 quando
2307 4166 2624 4226 prosperum
2667 4138 2769 4204 iter
2795 4145 3012 4202 habeam
3053 4142 3113 4198 in
3138 4140 3404 4196 voluntate
3434 4136 3535 4194 Dei
3560 4151 3658 4190 ve-

2060 4245 2239 4303 niendi
2292 4243 2365 4300 ad
2404 4257 2495 4298 vos
2509 4259 2531 4308 ;
2582 4238 2820 4296 desidero
2870 4234 3009 4291 enim
3057 4231 3236 4287 videre
3266 4245 3358 4285 vos
3406 4228 3584 4302 (Rom.
3616 4241 3658 4294 1,

2063 4336 2120 4405 9,
2149 4333 2306 4407 seq.).
2328 4330 2618 4388 Timotheo
2640 4342 2858 4402 quoque
2879 4324 2991 4380 ait:
3030 4321 3246 4379 Gratias
3272 4336 3372 4393 ago
3396 4318 3506 4375 Deo
3527 4332 3660 4386 meo,

357 4407 496 4432 nunc
514 4407 687 4430 uuwm
705 4407 754 4426 νιν
800 4407 907 4425 wsw
933 4407 1069 4434 wwv,
1104 4407 1340 4418 ..πη-..νυν
1361 4407 1400 4414 --
1425 4407 1477 4413 .τ-
1491 4407 1528 4413 ν-
1563 4407 1644 4412 ...ρ
1674 4407 1704 4409 η
1743 4407 1750 4409 .
1791 4407 1833 4423 γ.
1921 4407 1949 4409 η

357 4481 445 4532 ιιι,
480 4462 592 4535 18).
631 4460 704 4516 Et
730 4407 950 4514 rdrsum
983 4472 994 4510 :
1045 4452 1217 4513 Videte
1240 4465 1411 4517 canes,
1460 4445 1624 4501 videte
1647 4442 1815 4497 malos
1843 4456 1958 4512 αρε.
1991 4425 2041 4483 D
2066 4425 2152 4480 cui
2177 4423 2348 4480 servio
2375 4439 2410 4477 o
2432 4415 2858 4492 progenitoribus
2905 4412 3031 4469 meis
3061 4410 3119 4467 in
3144 4407 3459 4465 conscientia
3493 4422 3662 4478 pura.

1729 4532 1743 4535 -
1767 4531 1777 4535 -
1860 4527 1878 4535 Α
2071 4518 2092 4535 ο
2132 4515 2246 4535 μμξ-
2307 4513 2412 4535 -ἒ..-
2463 4507 2848 4535 ΣμιΑμμίρρέηηΑ
2892 4504 3099 4535 Ital-Mm
3146 4501 3223 4535 In;
3262 4498 3571 4535 minusad-{nm
3607 4495 3662 4535 δη

359 4527 753 4623 ναᾶαἱοδ’(’1ὺὶἀ.,
774 4549 855 4622 2).
880 4548 952 4603 Et
979 4557 1198 4600 rursum
1222 4559 1233 4596 :
1259 4535 1642 4596 Denuntiamus
1658 4531 1825 4596 vobis,
1846 4527 1960 4601 fra-

364 4653 493 4713 tres,
519 4620 577 4698 in
604 4620 818 4697 nomine
839 4632 1055 4693 Domini
1079 4630 1254 4687 nostri
1287 4628 1411 4684 Iesu
1442 4623 1665 4688 Christi,
1695 4627 1754 4675 ut
1780 4620 1964 4675 subtra

2071 4518 2093 4553 ⁸
2120 4515 2251 4587 quia
2301 4513 2413 4568 sine
2461 4507 2848 4566 intermissione
2888 4504 3105 4561 habeam
3145 4501 3224 4558 tui
3262 4498 3573 4557 memoriam
3607 4495 3665 4551 in

2071 4607 2401 4666 orationibus
2446 4604 2596 4670 meis,
2649 4607 2798 4658 nocte
2836 4616 2904 4657 ac
2935 4597 3018 4654 die
3064 4596 3369 4652 desiderans
3409 4599 3454 4648 te
3492 4589 3669 4645 videre

364 4686 1161 4794 'EQVZIQ'RiéWrrain
1205 4715 1510 4774 ambulante
1551 4686 1875 4773 inordinate,
1918 4711 1969 4761 et
2071 4701 2166 4772 (II
2195 4699 2329 4756 Tim.
2362 4713 2403 4762 1,
2434 4695 2516 4768 3).
2556 4686 3138 4749 Thessalonicensihus
3166 4699 3384 4758 quoque
3399 4690 3664 4794 Jamprem

2267 4789 2278 4794 ’
2340 4786 2378 4794 ⁵·
2584 4783 2620 4794 ⁸·
2664 4783 2697 4794 ⁵-
2792 4780 2841 4794 ι’
3002 4783 3013 4794 ·
3148 4774 3343 4794 llus----
3435 4781 3513 4794 ...ιιι
3539 4762 3664 4794 nun

365 4838 475 4880 non
502 4819 786 4876 secundum
834 4813 1173 4870 traditionem
1213 4822 1373 4879 quam
1408 4805 1716 4874 acceperunt
1757 4815 1792 4854 a
1817 4795 1966 4851 nobis

366 4912 468 4984 (II
488 4911 663 4968 Thess.
694 4924 782 4973 111,
812 4906 892 4978 6).
924 4904 1084 4959 Hunc
1118 4898 1311 4973 pedem
1346 4894 1582 4984 Ioannes
1612 4888 1743 4947 Caio
1771 4884 1966 4984 formi-

368 4976 556 5071 dabat,
579 4998 676 5073 qui
695 5010 824 5056 cum
840 4976 1016 5050 multa
1034 4991 1056 5027 ³
1084 4982 1403 5059 Diotrephis
1423 4981 1566 5039 mala
1592 4976 1966 5053 praemisisset,

447 5205 468 5241 ι
495 5198 755 5266 Vindoc.,
785 5196 976 5254 Norm.
1007 5197 1062 5266 et
1084 5187 1356 5266 plerique,
1384 5189 1460 5266 est
1486 5176 1844 5266 hicmundus‘.
1923 5245 1934 5257 .

448 5274 472 5308 ³
500 5248 731 5328 113513};
739 5248 971 5328 ’a—liiuue
1011 5248 1495 5327 Νοἰ·ιιι.,“νίἕιάοα.
1532 5260 1587 5309 et
1617 5251 1741 5310 Val.
1775 5248 1883 5316 CL,
1912 5248 1972 5302 in

374 5344 783 5409 conuersionem,
812 5332 901 5394 vel
926 5332 1352 5409 incongruens.

450 5395 633 5471 i'bﬁa
651 5395 839 5469 Germ.
871 5416 925 5465 et
950 5403 1072 5463 Val.
1101 5403 1211 5471 CL,
1239 5395 1527 5471 Diotrepis.

451 5417 474 5452 ³
504 5417 627 5471 Duo
655 5416 839 5469 Germ.
871 5416 925 5465 et
956 5416 1072 5463 Val.
1101 5416 1211 5471 L'L,
1239 5416 1527 5524 υιοινθὲιιε.

451 5488 475 5523 ⁸
504 5485 767 5552 Vindoc.,
786 5479 1007 5552 Ebroic.
1030 5492 1095 5552 ac
1111 5475 1325 5552 Norm.,
1344 5472 1402 5525 in
1453 5485 1557 5550 ana
1580 5470 1737 5539 parte
1764 5476 1974 5519 conver-

379 5540 801 5617 sationisIPlu'r.
831 5549 1006 5616 Editi,
1034 5547 1093 5602 in
1120 5546 1256 5617 bona
1283 5540 1633 5617 conversione.

452 5612 629 5686 {Duo
656 5628 842 5685 Germ.
875 5631 930 5681 et
957 5612 1082 5680 Val.
1113 5615 1223 5685 CL,
1252 5632 1287 5672 a
1314 5612 1568 5671 castitate.

454 5702 481 5741 ⁸
508 5700 632 5760 Val.
665 5698 774 5769 CL,
800 5702 861 5753 ut
884 5699 1212 5752 extraneum.

2074 4762 2234 4847 suum
2264 4762 2536 4853 indicans,
2567 4783 2705 4841 dicit
2737 4799 2748 4837 :
2781 4780 2892 4836 Nos
2918 4783 3114 4841 autem,
3144 4774 3363 4843 fratres,
3395 4762 3615 4853 desolati
3633 4778 3668 4815 α

2151 5170 2170 5206 ⁷
2203 5164 2365 5225 Corb.
2399 5164 2610 5229 Germ.,
2636 5156 2897 5229 Vindoc.,
2928 5153 3116 5229 Norm.
3150 5162 3227 5229 ac
3240 5144 3409 5218 plur.,
3430 5157 3570 5229 nunc
3596 5140 3675 5224 ai-

2079 5212 2841 5309 aimu‘srqugd-legitur—tum
2881 5212 2945 5281 in
2987 5227 3146 5278 textu
3188 5212 3400 5284 Graeco,
3455 5221 3575 5271 tum
3607 5212 3669 5269 in

2081 5313 2327 5438 ᾫίἒιῗάιιθ
2346 5378 2529 5434 Germ.
2552 5380 2607 5430 et
2626 5369 2870 5439 Pratell.,
2891 5364 3181 5441 quamsine
3200 5356 3604 5441 intermissione.

2155 5458 2177 5492 ο
2206 5433 2405 5516 idid,
2433 5448 2544 5504 duo
2582 5446 2765 5502 Germ.
2809 5433 2864 5497 et
2892 5433 3016 5498 val.
3048 5437 3158 5505 CL,
3203 5433 3276 5490 ad
3308 5440 3525 5503 tempus,
3555 5445 3671 5498 ore,

2082 5532 2419 5662 “milia,
2462 5591 2625 5652 Corb.
2676 5586 2885 5653 Germ.,
2933 5580 3132 5639 Pratel.
3180 5586 3236 5635 et
3261 5576 3357 5635 alii
3385 5575 3678 5639 Norman.,

2086 5672 2418 5746 festinamus.
