4156 6178
532 279 636 344 583

1739 269 1986 339 SANCTI
2025 271 2364 341 GREGORII
2417 274 2640 341 MAGNl

3729 276 3837 352 $85r

533 409 724 464 siderio
760 407 826 478 (Ι
857 406 1030 464 Thess.
1062 423 1124 475 tt,
1158 408 1272 478 17).
1322 406 1428 475 Qui
1456 406 1610 464 duris
1651 407 2122 480 persecutionibus
2151 405 2202 462 A
2228 409 2373 465 vavit
2402 426 2478 464 me
2504 410 2724 482 spiritus
2751 411 2887 464 inter
2916 415 3112 464 terram
3137 415 3182 465 et
3209 410 3412 478 caelum,
3446 419 3493 466 et
3513 411 3743 466 adduxit
3765 431 3846 468 me

532 512 768 570 pressus,
800 505 855 552 et
889 503 1074 552 tamen
1117 496 1183 552 de
1225 495 1464 552 ﬁliorum
1496 497 1672 553 salute
1715 497 2008 564 sollicitus,
2037 496 2127 553 ad-

527 585 718 659 junxit
744 604 755 642 :
788 579 1029 643 Misimus
1065 586 1386 642 Timotheum
1414 586 1641 657 fratrem
1668 592 1930 652 nostrum,
1960 592 2010 640 et
2034 586 2128 641 mi-

531 677 761 732 nistrum
781 676 879 731 Dei
897 675 954 740 in
975 675 1261 746 Evangelia
1282 676 1502 740 Chr-isti,
1523 675 1594 730 ad
1612 674 1987 745 confortandos
2005 693 2130 740 vos;

532 769 580 819 et
606 764 958 819 exhortandos
996 781 1098 835 pro
1128 764 1228 834 ﬁde
1258 770 1450 832 vestra,
1502 769 1560 817 ut
1587 779 1733 818 nemo
1769 771 2040 820 moveatur
2073 765 2130 819 in

536 853 966 908 tribulationibus
997 853 1129 907 istis.
1161 852 1270 923 Ipsi
1290 852 1424 907 enim
1447 852 1588 907 scitis
1616 853 1756 923 quod
1786 853 1841 907 in
1861 855 1954 907 hoc
1969 853 2131 924 positi

533 957 712 996 sumus
745 942 802 1013 (Ι
834 943 1012 998 Thess.
1043 958 1126 1008 ιη,
1158 941 1208 1009 2,
1228 941 1306 1012 3).
1341 941 1595 1013 Ephesiis
1622 957 1836 1014 quoque
1863 941 1970 996 ait:
2006 943 2130 996 Peto

533 1049 596 1086 ne
622 1031 876 1103 deficiatis
904 1033 960 1086 i-n
991 1032 1420 1086 tribulationibus
1451 1031 1578 1085 meis
1601 1048 1704 1102 pro
1748 1032 1892 1086 vobis
1915 1049 2032 1102 qua:
2059 1039 2134 1085 est

532 1124 709 1195 gloria
736 1129 908 1178 vestra
941 1123 1160 1194 (Ephes.
1195 1139 1279 1191 III,
1328 1123 1438 1194 l3).
1490 1124 1628 1179 Ecce
1674 1124 1730 1178 in
1773 1123 2129 1180 tribulatione

535 1214 745 1285 positus
773 1213 910 1268 alios
929 1212 1276 1278 exhortatur,
1298 1222 1351 1269 et
1383 1214 1440 1268 in
1465 1213 1570 1270 hoc
1591 1213 1737 1286 quod
1760 1213 1873 1286 ipse
1897 1214 2131 1269 sustinet

537 1303 674 1358 alios
699 1302 938 1357 roborat.
963 1303 1082 1358 Non
1104 1304 1254 1358 enim
1276 1305 1522 1360 filiorum
1543 1321 1766 1360 suorum
1784 1303 1961 1360 fuerat
1980 1320 2130 1360 more

535 1389 863 1446 struthionis
885 1391 1111 1459 oblitus,
1133 1392 1226 1448 sed
1245 1393 1522 1449 metuebat
1551 1393 1718 1448 nimis
1741 1408 1806 1448 ne
1827 1391 1944 1464 ejus
1969 1392 2130 1448 disci-

535 1479 653 1551 puli
701 1480 757 1534 in
801 1480 1155 1552 praedicatore
1201 1498 1300 1537 suo
1349 1491 1428 1537 tot
1457 1483 1900 1554 persecutionum
1933 1482 2130 1554 probra

537 1576 840 1637 cernentes,
869 1569 1031 1626 fidem
1064 1569 1121 1624 in
1146 1586 1209 1625 eo
1239 1569 1602 1643 despicerent,
1634 1580 1826 1627 contra
1855 1586 2016 1643 quam
2050 1570 2130 1625 in-

537 1674 777 1714 numerae
791 1660 1104 1731 passionum
1127 1662 1474 1718 contumelia:
1501 1662 1955 1735 prmvalerentEt
1971 1661 2128 1718 idcir-

535 1766 602 1806 co
635 1749 818 1805 minus
847 1749 1065 1806 dolebat
1113 1752 1170 1806 in
1200 1752 1511 1820 tormentis,
1561 1752 1654 1807 sed
1687 1751 1858 1822 magis
1902 1750 2033 1805 ﬁliis
2062 1751 2129 1807 de

537 1847 935 1896 tormentorum
984 1857 1207 1896 suorum
1252 1842 1555 1897 tentatione
1602 1842 1894 1897 metuebat.
1929 1842 2132 1896 Parvi-

537 1929 809 2002 pendebat
844 1930 901 1985 in
939 1946 996 1985 se
1029 1931 1214 2001 plagas
1257 1931 1524 2002 corporis,
1557 1931 1689 1986 dum
1722 1931 2042 1987 formidaret
2073 1932 2129 1986 in

537 2017 670 2073 filiis
690 2018 875 2089 plagas
893 2017 1094 2074 cordis.
1123 2020 1240 2089 Ipse
1261 2019 1521 2090 patiendo
1547 2020 1880 2090 suscipiebat
1902 2020 2132 2075 vulnera

537 2113 958 2176 tormentorum,
986 2107 1080 2163 sed
1101 2106 1246 2163 ﬁlios
1265 2108 1618 2177 consolando,
1643 2109 1867 2165 curabat
1898 2110 2132 2165 vulnera

536 2196 808 2254 cordium.
829 2197 1122 2252 Pensemus
1137 2213 1265 2269 ergo
1289 2197 1446 2269 cujus
1467 2197 1756 2254 charitatis
1777 2197 1967 2266 fuerit,
1991 2198 2134 2253 inter

538 2285 753 2342 dolores
783 2287 1032 2359 proprios
1060 2286 1184 2341 aliis
1212 2286 1486 2356 timuisse,
1507 2303 1798 2359 pensemus
1823 2285 1984 2358 cujus
2009 2287 2132 2342 cha~

539 2374 720 2431 ritatis
747 2373 934 2445 fuerit,
967 2375 1209 2432 filiorum
1241 2377 1473 2433 salutem
1507 2378 1653 2434 inter
1681 2395 1777 2434 sua
1806 2377 2136 2433 detrimenta

540 2465 835 2536 requirere,
855 2474 906 2520 et
934 2473 1135 2522 statum
1162 2467 1362 2522 mentis
1385 2467 1442 2522 in
1463 2467 1734 2538 proximis
1763 2467 1927 2522 etiam
1949 2483 2019 2522 ex
2039 2483 2138 2522 sua

539 2551 842 2623 dejectione
871 2553 1166 2610 custodire.

625 2649 814 2704 1005
858 2641 994 2714 [Vet.
1028 2642 1152 2713 IX.)
1202 2644 1286 2698 18.
1349 2645 1486 2710 Quia
1528 2661 1626 2715 per
1671 2644 2138 2716 concupiscentiam

539 2739 596 2794 in
624 2739 891 2793 exteriora
921 2738 1053 2792 bona
1082 2738 1349 2808 feruntur.
1387 2742 1514 2807 Qua:
1540 2743 1684 2812 apud
1712 2759 1764 2796 se
1797 2748 1903 2796 tota
1931 2759 2035 2795 non
2067 2747 2140 2796 est

545 2843 709 2893 mens,
739 2825 966 2898 cogitare
1004 2843 1056 2882 se
1095 2845 1201 2882 non
1239 2835 1424 2898 potest.
1455 2859 1525 2870 -—
1553 2829 1657 2886 Sed
1689 2829 1804 2886 haec
1833 2830 2137 2902 hypocriten

542 2915 829 2972 charitatis
853 2916 1061 2974 viscera
1085 2917 1359 2986 nesciunt,
1383 2919 1512 2991 quia
1535 2935 1724 2974 eorum
1750 2936 1901 2976 mens
1933 2927 2139 2992 quanto

542 3023 639 3080 per
669 3005 861 3062 mundi
893 3008 1393 3080 concupiscentiam
1425 3009 1482 3063 in
1513 3009 1786 3065 exteriora
1820 3010 2136 3077 resolvitur,

540 3103 695 3152 tanto
715 3112 810 3168 per
831 3096 1234 3152 inaffectionem
1269 3113 1422 3152 suam
1459 3098 1691 3154 interius
1712 3098 2046 3165 obduratur;
2086 3107 2140 3154 et

541 3192 764 3255 torpore
794 3185 1105 3240 insensibili
1131 3185 1376 3256 frigescit
1407 3187 1759 3254 intrinsecus,
1793 3189 1922 3259 quia
1950 3204 2136 3243 amore

541 3271 844 3329 damnabili
873 3273 1142 3329 mollescit
1171 3273 1337 3340 foris;
1385 3291 1549 3346 seque
1579 3275 1751 3346 ipsam
1779 3275 2132 3332 considerare

541 3377 652 3416 non
681 3363 846 3428 valet,
877 3363 1004 3433 quia
1033 3364 1272 3434 cogitare
1301 3379 1356 3418 se
1389 3363 1617 3419 minime
1643 3365 1844 3420 studet.
1885 3365 2137 3437 Cogitare

542 3466 673 3506 vero
702 3467 758 3508 se
788 3467 940 3508 mens
970 3468 1079 3507 non
1111 3460 1305 3523 potest,
1326 3468 1445 3524 quae
1475 3461 1589 3510 tota
1615 3453 1759 3525 apud
1787 3455 2137 3527 semetipsam

541 3556 650 3596 non
671 3548 770 3597 est.
807 3542 941 3596 Tota
958 3557 1087 3597 vero
1102 3559 1217 3598 esse
1237 3543 1382 3615 apud
1399 3543 1748 3616 semetipsam
1770 3562 1880 3600 non
1911 3545 2134 3615 sufﬁcit,

539 3631 669 3703 quia
699 3633 712 3665 ¹
745 3646 841 3702 per
885 3641 1018 3704 quot
1056 3633 1530 3705 concupiscentias
1576 3635 1808 3706 rapitur,
1856 3651 1952 3706 per
1995 3644 2138 3691 tota

539 3721 830 3794 semetipsa
877 3723 1083 3794 species
1129 3723 1448 3796 dissipatur,
1494 3733 1548 3780 et
1591 3741 1778 3796 sparsa
1823 3725 1880 3780 in
1928 3725 2136 3782 inﬁmis

534 3809 701 3884 jacet,
749 3828 868 3886 quae
910 3813 1159 3882 collecta,
1203 3814 1250 3870 si
1297 3815 1483 3883 vellet,
1539 3813 1609 3871 ad
1656 3831 1873 3872 summa
1913 3831 2136 3872 consur-

541 3908 710 3971 geret.

612 3990 697 4046 19.
729 3989 1156 4060 Mirajustorum
1183 3991 1329 4046 intra
1357 4009 1408 4047 se
1427 3993 1761 4048 collectorum
1785 3991 2134 4063 perspicacia.

537 4110 608 4124 —
639 4081 791 4137 Unde
811 4081 1089 4151 justorum
1129 4098 1302 4149 mens,
1347 4083 1477 4153 quia
1504 4099 1600 4154 per
1627 4082 1933 4139 custodiam
1965 4082 2136 4138 disci-

538 4170 703 4242 plina;
733 4185 764 4224 a
793 4177 1117 4226 cunctorum
1160 4170 1469 4226 visibilium
1516 4171 1670 4226 ﬂuxo
1711 4172 1961 4244 appetitu
1992 4188 2138 4228 con-

537 4256 854 4327 stringitur,
911 4257 1140 4313 collecta
1194 4257 1338 4328 apud
1394 4257 1742 4329 semetipsam
1799 4258 2136 4314 intrinsecus

537 4343 872 4416 integretur;
904 4345 1189 4418 qualisque
1217 4347 1330 4402 Deo
1359 4347 1448 4402 vel
1474 4347 1728 4418 proximo
1772 4362 1888 4404 esse
1917 4346 2132 4416 debeat,

537 4434 696 4506 plene
715 4434 1004 4506 conspicit,
1027 4434 1156 4507 quia
1173 4435 1314 4491 nihil
1335 4452 1494 4492 suum
1512 4437 1756 4494 exterius
1775 4436 2128 4510 derelinquit;

2237 499 2294 554 in
2321 501 2611 555 Jerusalem
2640 500 2696 554 in
2711 499 2909 552 visione
2937 499 3036 553 Dei
3045 498 3209 568 juxta
3228 501 3419 555 ostium
3450 500 3843 572 iuterius,quod

2238 588 2543 660 respiciebat
2586 588 2658 642 ad
2693 587 3031 658 Aquilonem,
3064 587 3152 641 ubi
3181 595 3294 643 erat
3341 595 3596 644 statutum
3639 590 3844 646 idolum

2239 678 2363 742 zeli,
2401 678 2472 732 ad
2494 677 2887 748 provocandam
2915 678 3301 732 mutilationem
3343 679 3560 748 (Ezech.
3593 697 3716 748 vm,
3760 681 3840 754 3).

2240 767 2490 835 Quid'est
2518 765 2663 822 enim
2695 765 2987 822 cincinnus
3017 767 3233 838 capitis,
3284 768 3389 822 nisi
3422 769 3668 826 collectae
3697 771 3843 843 cogi-

2240 857 2475 913 tationes
2499 857 2719 922 mentis,
2753 861 2814 909 ut
2834 870 2941 909 non
2965 872 3164 926 sparsae
3186 855 3463 925 dillluant,
3489 856 3582 912 sed
3601 874 3703 930 per
3733 859 3842 914 dis-

2241 945 2501 1016 ciplinam
2525 944 2836 1000 constrictae
2857 945 3198 1000 subsistant?
3232 946 3423 1000 Manus
3453 962 3580 1017 ergo
3608 946 3846 1020 desuper

2243 1035 2504 1103 mittitur,
2527 1042 2581 1090 et
2602 1033 2868 1107 propheta
2889 1051 2983 1107 per
3003 1034 3326 1090 cincinnum
3349 1035 3545 1106 capitis
3571 1037 3842 1107 elevatur,

2241 1122 2369 1196 quia
2392 1139 2517 1178 cum
2545 1129 2728 1178 nostra
2750 1139 2903 1177 mens
2921 1138 3035 1178 sese
3065 1139 3160 1195 per
3181 1122 3492 1178 custodiam
3515 1122 3841 1194 colligit,vis

2241 1228 2474 1283 superna
2517 1229 2731 1268 sursum
2773 1229 2872 1267 nos
2919 1212 2987 1267 ab
3031 1212 3240 1268 inlimis
3287 1211 3477 1268 trahit.
3534 1212 3680 1268 Bene
3710 1229 3840 1270 vero

2243 1300 2385 1358 inter
2410 1309 2609 1358 terram
2658 1309 2709 1358 et
2739 1302 2942 1359 coelum
2973 1304 2993 1337 ⁴
3025 1301 3304 1358 sublatum
3362 1319 3416 1358 se
3448 1303 3659 1371 asserit,
3712 1302 3843 1375 quia

2241 1391 2475 1464 quilibet
2504 1399 2724 1447 sanctus
2755 1390 2809 1446 in
2832 1407 2993 1448 carne
3022 1391 3241 1447 mortali
3276 1391 3509 1464 positus,
3539 1392 3696 1464 plene
3722 1391 3841 1464 qui-

2241 1481 2365 1538 dem
2387 1481 2566 1536 adhuc
2597 1480 2665 1536 ad
2695 1498 2930 1552 superna
2960 1498 3070 1537 non
3100 1481 3375 1554 pervenit,
3400 1480 3623 1552 sedjam
3655 1489 3840 1536 tamen

2242 1571 2352 1626 ima
2370 1571 2726 1644 derelinquit.
2751 1573 2811 1626 In
2840 1572 3056 1628 visione
3079 1589 3210 1628 vero
3229 1572 3325 1628 Dei
3344 1572 3399 1627 in
3421 1572 3717 1627 Jerusalem
3739 1571 3838 1626 du-

2240 1660 2405 1725 citur,
2429 1661 2558 1733 quia
2582 1661 2838 1717 videlicet
2861 1663 3238 1735 unusquisque
3269 1661 3561 1734 proﬁciens
3583 1678 3677 1733 per
3695 1659 3840 1718 cha-

2238 1748 2417 1804 ritatis
2450 1750 2650 1819 zelum,
2697 1752 2875 1823 qualis
2905 1768 3018 1808 esse
3062 1751 3309 1807 Ecclesia
3355 1751 3548 1806 debeat
3585 1757 3844 1806 contem-

2240 1837 2439 1909 platur.
2460 1838 2601 1892 Bene
2623 1854 2840 1911 quoque
2865 1839 3118 1895 additur:
3141 1841 3160 1875 ³
3183 1840 3352 1895 Juxta
3371 1840 3562 1894 ostium
3591 1838 3838 1904 interius,

2239 1927 2379 1998 quod
2409 1926 2714 1998 respiciebat
2740 1929 2811 1982 ad
2840 1929 3176 1998 Aquilonem,
3208 1929 3339 2001 quia
3369 1928 3637 1984 nimirum
3666 1927 3842 1984 sancti

2243 2016 2348 2071 viri
2379 2015 2508 2070 dum
2542 2032 2636 2088 per
2664 2015 2874 2072 aditum
2915 2017 3145 2073 internae
3188 2017 3674 2089 contemplationis
3703 2017 3843 2089 aspi-

2240 2108 2415 2176 ciunt,
2456 2107 2578 2178 plus
2607 2123 2776 2179 prava
2810 2107 2955 2162 intra
3001 2108 3304 2164 Ecclesiam
3351 2107 3470 2163 ﬁeri
3501 2123 3666 2180 quam
3696 2114 3848 2163 recta

2243 2195 2686 2269 deprehendunt;
2720 2204 2773 2251 et
2801 2196 2956 2268 quasi
2979 2196 3035 2251 in
3054 2197 3348 2268 Aquilonis
3369 2203 3517 2269 parte
3540 2195 3751 2263 oculos,
3787 2194 3846 2251 id

2243 2292 2324 2340 est
2350 2285 2420 2340 ad
2451 2283 2582 2340 solis
2611 2284 2892 2340 sinistram
2923 2285 3172 2353 ﬂectunt,
3197 2286 3327 2358 quia
3356 2292 3547 2342 contra
3576 2283 3844 2338 vitiorum

2243 2373 2447 2445 frigora
2468 2373 2756 2430 charitatis
2783 2390 2839 2430 se
2859 2375 3105 2430 stimulis
3133 2374 3462 2432 accendunt.
3497 2373 3599 2429 Ubi
3617 2381 3671 2429 et
3699 2383 3845 2429 recte

2243 2463 2596 2534 subjungitur
2621 2482 2631 2519 :
2681 2465 2821 2531 Quia
2850 2464 2962 2520 illic
2990 2472 3104 2520 erat
3133 2471 3386 2520 statutum
3413 2465 3616 2519 idolum
3645 2463 3746 2518 zeli
3774 2463 3847 2517 ad

2241 2553 2633 2624 provocandam
2664 2553 3068 2608 aemulationem.
3101 2555 3243 2610 Dum
3267 2553 3413 2608 enim
3439 2554 3586 2610 intra
3605 2559 3843 2609 sanctam

2244 2641 2551 2698 Ecclesiam
2582 2659 2613 2697 a
2641 2643 2927 2698 nonnullis
2957 2643 3135 2714 specie
3167 2643 3282 2698 sola
3311 2642 3590 2711 ﬁdelibus,
3629 2641 3844 2712 rapinas

2248 2740 2301 2787 et
2329 2731 2466 2787 vitia
2495 2732 2794 2802 perpetrari
2827 2730 3194 2798 considerant,
3246 2731 3378 2803 quid
3410 2730 3562 2786 aliud
3595 2747 3756 2803 quam
3787 2729 3845 2783 in

2247 2820 2544 2875 Jerusalem
2567 2819 2779 2875 idolum
2803 2819 3037 2874 vident?
3063 2818 3219 2883 Quod
3250 2818 3458 2872 idolum
3487 2819 3591 2874 zeli
3617 2818 3846 2887 dicitur,

2247 2910 2376 2983 quia
2405 2925 2499 2980 per
2528 2908 2630 2964 hoc
2660 2915 2851 2964 contra
2881 2923 2979 2962 nos
3014 2905 3291 2961 aemulatio
3316 2921 3554 2975 superna
3585 2921 3846 2977 provoca-

2248 3003 2340 3054 tur
2369 3016 2378 3054 :
2427 3005 2480 3054 et
2509 3005 2661 3054 tanto
2704 2995 3007 3052 districtius
3033 2994 3420 3066 delinquentes
3450 2993 3602 3062 ferit,
3636 3003 3849 3066 quanto

2252 3105 2353 3145 nos
2375 3091 2395 3123 θ
2427 3088 2649 3145 charius
2677 3086 3006 3157 Redemptor
3033 3092 3199 3140 amat.

2323 3179 2462 3252 [νει.
2493 3177 2587 3251 Χ]
2611 3177 2698 3234 20.
2729 3176 3142 3247 Hypocritarum
3161 3174 3231 3230 ad
3257 3173 3483 3230 ccelestia
3515 3179 3724 3246 torpor,
3753 3191 3845 3231 ar-

2245 3269 2346 3325 dor
2372 3269 2444 3324 ad
2473 3267 3093 3339 terrena—Hypocritae
3120 3267 3313 3339 igitur,
3340 3267 3471 3339 quia
3486 3264 3848 3337 cogitationes

2247 3359 2446 3416 mentis
2469 3374 2580 3414 non
2605 3358 2894 3430 colligunt,
2913 3373 3007 3428 per
3033 3357 3354 3412 cincinnum
3384 3354 3585 3426 capitis
3617 3354 3846 3410 minime

2246 3455 2522 3504 tenentur.
2577 3448 2648 3502 Et
2679 3447 2774 3520 qui
2819 3463 2916 3502 sua
2962 3446 3236 3512 nesciunt,
3279 3444 3703 3500 commissorum
3737 3441 3844 3498 sibi

2247 3539 2467 3612 quando
2517 3537 2718 3594 delicta
2766 3535 3229 3608 deprehendunt?
3279 3534 3346 3590 Hi
3398 3535 3584 3607 itaque
3627 3539 3844 3604 torpent

2250 3635 2440 3692 1006
2483 3645 2514 3684 a
2543 3627 2878 3694 coelestibus,
2924 3625 2994 3682 ad
3023 3642 3143 3698 quin
3173 3624 3398 3697 ﬂagrare
3427 3623 3758 3688 debuerant;
3792 3628 3843 3677 et

2245 3725 2476 3798 ﬂagrant
2503 3726 2735 3782 terrenis
2778 3723 2940 3780 rebus
2969 3722 3154 3788 anxie,
3190 3739 3221 3778 a
3249 3719 3450 3795 quibus
3494 3718 3844 3776 laudabiliter

2245 3816 2601 3888 torpuissent.
2647 3813 2957 3886 Postposita
2990 3813 3192 3885 quippe
3231 3809 3475 3865 filiorum
3507 3825 3658 3877 cura,
3704 3823 3843 3880 sape

2247 3923 2338 3964 eos
2367 3907 2556 3962 videas
2583 3921 2640 3960 se
2667 3912 2860 3960 contra
2888 3901 3131 3974 pericula
3161 3899 3419 3956 immensi
3443 3898 3646 3955 laboris
3665 3899 3841 3955 accin-

2245 4013 2389 4069 gere,
2423 3994 2593 4050 maria
2622 4001 2979 4057 transmeare,
3007 3990 3157 4047 adire
3183 3989 3418 4062 judicia,
3450 3991 3667 4062 pulsare
3696 3989 3844 4062 prin-

2243 4086 2475 4157 cipatus,
2510 4082 2710 4155 palatia
2737 4081 3063 4153 irrumpere,
3107 4079 3460 4153 jurgantibus
3515 4080 3844 4152 populorum

2243 4173 2433 4232 cuneis
2460 4173 2738 4238 interesse,
2770 4177 2825 4225 et
2852 4179 3068 4227 terrena
3096 4169 3431 4242 patrimonia
3450 4169 3720 4225 laboriosa
3748 4169 3846 4224 ob-

2245 4262 2554 4318 servatione
2595 4259 2905 4316 defendere.
2951 4258 3165 4327 Quibus
3210 4259 3258 4315 si
3299 4258 3526 4315 fortasse
3571 4255 3841 4314 dicatur:

2243 4351 2355 4409 Cur
2374 4352 2477 4408 ista
2505 4367 2602 4407 vos
2623 4349 2804 4422 agitis,
2827 4350 2922 4423 qui
2945 4350 3207 4406 saeculum
3238 4347 3584 4422 reliquistis?
3613 4362 3839 4419 respon-

2245 4441 2376 4498 dent
2397 4441 2548 4498 illico
2567 4443 2739 4498 Deum
2771 4456 2827 4495 se
2848 4446 3109 4506 metuere,
3142 4447 3196 4494 et
3224 4437 3433 4494 idcirco
3461 4445 3616 4494 tanto
3654 4435 3844 4492 studio

537 4505 593 4581 et
619 4531 822 4597 quanto
851 4505 937 4580 fab
968 4505 1336 4582 exterioribus
1376 4526 1650 4584 abstracta
1681 4529 1700 4561 ³
1743 4505 2131 4599 compescitur,
2169 4505 2217 4564 D
2246 4530 2605 4588 defendendis
2636 4529 2983 4603 patrimoniis
3013 4505 3296 4585 insudare.
3329 4527 3483 4584 Unde
3501 4526 3641 4584 bene
3661 4525 3848 4584 adhuc

537 4619 691 4669 tanto
736 4620 894 4668 aucta
922 4612 980 4667 in
1023 4613 1238 4671 intimis
1281 4615 1689 4685 inﬂammatur;
1741 4626 1793 4674 et
1823 4634 1932 4690 quo
1961 4617 2135 4689 magis

537 4701 710 4770 ardet,
757 4718 822 4760 eo
864 4703 931 4759 ad
965 4701 1426 4774 deprehendenda
1468 4707 1607 4763 vitia
1647 4709 1667 4741 ³
1697 4708 1935 4780 amplius
1967 4709 2130 4765 lucet.

538 4793 679 4848 Hinc
705 4801 786 4848 est
814 4794 961 4848 enim
989 4793 1140 4866 quod
1167 4795 1340 4851 sancti
1378 4797 1487 4851 viri
1507 4796 1639 4853 dum
1673 4812 1730 4852 se
1768 4799 1912 4853 intra
1940 4805 2132 4854 semet-

537 4882 683 4954 ipsos
727 4883 1014 4954 colligunt,
1076 4885 1215 4940 mira
1265 4901 1327 4942 ac
1375 4887 1702 4957 penetrabili
1751 4888 1870 4943 acie
1917 4888 2134 4944 occulta

537 4977 702 5032 etiam
731 4975 911 5035 aliena
951 4975 1154 5034 delicta
1193 4977 1630 5050 deprehendunt.
1685 4979 1838 5036 Unde
1866 4979 2004 5036 bene
2039 4997 2134 5052 per

535 5065 880 5123 Ezechielem
925 5068 1249 5140 prophetam
1295 5068 1542 5124 dicitur:
1589 5069 1803 5124 Emissa
1837 5071 2132 5126 similitudo

535 5173 723 5214 manus
751 5161 1096 5232 apprehendit
1133 5177 1214 5216 me
1241 5161 1298 5216 in
1321 5160 1559 5216 cincinno
1585 5161 1772 5233 capitis
1799 5161 1922 5226 mei,
1950 5168 1997 5217 et
2020 5162 2132 5219 ele-

615 5383 640 5470 ‘r
669 5383 890 5470 Ill‘ecent.
920 5385 1182 5470 Xulgati,
1210 5407 1323 5470 per
1362 5393 1489 5470 quot
1521 5389 1952 5470 concupiscentia.
1999 5387 2127 5470 Mss.

541 5450 652 5534 duo
681 5453 888 5534 Germ”
919 5450 1140 5534 Ebrdic.
1167 5450 1610 5534 aliique'Norm”
1643 5450 1840 5528 L'aud.,
1871 5462 2127 5534 Longip.,

537 5519 664 5606 Val.
813 5519 991 5606 e_t'a_l.,
1035 5519 1513 5606 concupiscentias,
1550 5519 1800 5589 utetiam
1823 5519 2130 5606 'legitu'r‘iti

541 5596 990 5688 Xe‘tLELdKl’aris'.
1023 5611 1077 5657 et
1106 5596 1271 5688 tias-il.
1305 5601 1362 5661 et
1388 5596 1612 5688 quidem
1643 5606 1867 5688 melius;
1897 5596 2031 5688 nam
2070 5614 2132 5661 ut

537 5667 682 5724 infra
713 5668 968 5755 habetur,
992 5690 1089 5754 per
1111 5680 1248 5755 tot...
1283 5667 1490 5748 species,
1524 5678 1599 5734 ita
1627 5694 1790 5749 supra
1819 5667 2130 5748 legendum,

535 5756 634 5812 per
659 5748 785 5812 quot
812 5748 1270 5814 concupiscentias.
1696 5748 1704 5749 ί
1896 5763 1905 5808 ξ

2243 4623 2311 4682 de
2335 4624 2664 4682 struthionis
2690 4621 2856 4695 hujus
2884 4623 3053 4678 stulto
3080 4621 3266 4678 labore
3296 4619 3654 4692 subjungitur
3686 4635 3698 4673 :

2650 4713 2878 4772 CAPUT
2909 4713 3036 4769 xm
3077 4711 3219 4785 [Rea
3261 4709 3434 4784 VIII].

2314 4805 2485 4864 Vens.
2520 4804 2604 4862 16.
2635 4834 2706 4846 -
2732 4803 2964 4860 Frustra
3009 4801 3292 4867 laboravit,
3335 4801 3485 4857 nullo
3529 4799 3714 4856 timore
3751 4813 3850 4854 co-

2307 4914 2410 4952 nte.

2246 4901 2410 5041 982:8:
2443 4983 2684 5054 Neglecta
2721 4981 2958 5055 ﬁliorum
3003 4961 3260 5048 custodia,
3305 4979 3619 5054 temporalia
3648 4977 3847 5034 damna

2240 5074 2320 5130 vel
2349 5073 2545 5128 leviora
2566 5073 2768 5143 jurgiis
2788 5073 3090 5144 propulsat.
3111 5072 3261 5144 Erga
3289 5088 3348 5126 ea
3376 5086 3495 5141 quae
3517 5067 3849 5140 possidemus

2238 5180 2346 5236 qua
2374 5168 2536 5221 mente
2562 5163 2747 5232 simus,
2787 5163 2893 5219 nisi
2918 5179 3035 5219 cum
3053 5163 3396 5228 omittuntur,
3433 5160 3851 5232 ignoramus.—

2311 5393 2333 5468 ξ
2360 5392 2532 5468 Laud.
2565 5402 2618 5451 et
2638 5392 2762 5468 Val.
2792 5392 2899 5468 CL,
2931 5395 3273 5468 conspicitur.

2313 5466 2334 5539 ξ
2365 5466 2626 5539 yindoc.,
2660 5467 2966 5539 Ebroic.get
2995 5463 3069 5524 al:
3100 5469 3316 5535 Norm.,
3351 5467 3584 5539 amplius
3611 5463 3770 5522 videt.

2312 5537 2334 5571 ⁴
2363 5535 2532 5592 Iidem
2551 5554 2676 5594 cum
2693 5537 2854 5594 Corb.
2877 5538 3060 5595 Germ.
3083 5547 3138 5595 et
3158 5540 3277 5597 Val.
3303 5540 3410 5607 CL,
3438 5535 3794 5595 sublevatum.

2311 5609 2332 5642 ⁵
2361 5607 2465 5664 Ed.
2489 5625 2615 5666 cum
2631 5609 2797 5668 duob.
2818 5611 3024 5679 Germ.,
3059 5612 3188 5683 quia
3206 5609 3374 5682 juxta
3403 5613 3593 5668 ostium
3621 5610 3851 5667 interius

2240 5679 2428 5754 ductus
2456 5687 2547 5748 est,
2573 5683 2714 5754 quod
2744 5683 3064 5753 respiciebat.

2312 5754 2334 5789 °
2365 5753 2594 5823 Turon.,
2633 5755 2813 5810 carnis
2848 5755 3168 5827 redemptor.
