4156 6178
334 239 443 297 585

333 365 461 421 Illic
483 383 722 441 namque
742 371 1143 443 trepidaverunt
1156 380 1359 437 timore.
1384 383 1473 439 ubi
1498 403 1605 440 non
1633 394 1748 443 erat
1777 389 1934 444 timor

333 452 511 524 (Psal.
544 472 673 521 xm,
698 456 780 531 ὅ).
817 460 958 518 Ecce
992 466 1142 521 enim
1172 468 1363 527 divina
1392 490 1526 530 voce
1573 477 1926 549 praecipitur:

332 539 394 595 Si
418 541 539 611 quis
563 543 656 597 tibi
686 546 868 601 tulerit
897 550 1148 621 tunicam,
1177 559 1226 608 et
1258 558 1487 613 voluerit
1521 539 1683 617 tecum
1724 539 1930 633 judicio

325 630 658 699 contendere,
689 631 890 690 dimitte
918 637 1006 693 illi
1040 646 1087 695 et
1108 643 1339 712 pallium
1372 645 1584 717 (Matth.
1626 669 1683 719 v,
1713 630 1827 725 40).
1860 655 1933 710 Et

326 734 591 776 rursum:
633 721 691 775 Si
735 724 855 793 quis
902 730 1043 797 quod
1071 736 1218 787 tuum
1276 741 1351 790 est
1401 740 1602 808 tulerit,
1632 758 1696 796 ne
1727 721 1931 815 repetas

328 808 486 880 (Luc.
534 825 616 876 vr,
647 810 762 883 30).
799 812 1000 873 Paulus
1042 835 1258 895 quoque
1299 829 1579 898 apostolus
1631 808 1931 904 discipulos

325 913 457 954 suos
485 899 715 971 cupiens
743 905 1018 964 exteriora
1045 908 1344 984 despicere,
1376 924 1438 972 ut
1472 919 1689 975 valeant
1716 921 1931 977 interna

324 1001 566 1055 servare,
596 988 877 1061 admonet,
907 993 1098 1053 dicens
1122 1000 1263 1056 :Jam
1290 1004 1503 1073 quidem
1544 1008 1756 1064 omnino
1784 1010 1930 1065 deli—

323 1083 463 1131 ctum
510 1083 586 1132 est
612 1078 671 1132 in
691 1080 856 1149 vobis,
874 1085 1007 1153 qusd
1022 1085 1237 1155 judicia
1250 1091 1447 1148 habetis
1474 1094 1614 1150 inter
1625 1114 1736 1167 vos,
1764 1116 1932 1169 quare

320 1182 429 1221 non
446 1167 619 1238 magis
636 1167 901 1238 injuriam
917 1174 1174 1247 accipitis,
1194 1195 1361 1250 quare
1380 1199 1486 1239 non
1495 1187 1664 1257 magis
1681 1186 1930 1258 fraudem

315 1254 572 1327 patimini
613 1255 680 1325 (Ι
707 1256 832 1314 Cor.
860 1276 941 1327 v1,
971 1262 1067 1336 7)?
1087 1266 1160 1323 Et
1179 1274 1362 1327 tamen
1375 1254 1690 1345 hypocrita,
1722 1293 1928 1334 assum-

320 1352 416 1416 pto
441 1351 647 1400 sanctae
670 1352 1104 1410 conversationis
1120 1354 1338 1429 habitu,
1354 1360 1599 1420 ﬁliorum
1618 1366 1928 1422 custodiam

319 1432 545 1504 deserit,
575 1441 631 1490 et
659 1439 985 1509 temporalia
1013 1459 1245 1519 quaeque
1274 1448 1571 1508 defendere
1601 1455 1767 1510 etiam
1791 1455 1930 1527 jur-

319 1521 422 1595 giis
450 1522 669 1596 quaerit.
691 1525 964 1599 Exemplo
1002 1548 1103 1588 suo
1133 1550 1322 1593 eorum
1352 1540 1579 1610 perdere
1608 1542 1777 1599 corda
1814 1561 1928 1601 non

316 1612 578 1684 trepidat,
626 1621 681 1669 et
723 1616 878 1689 quasi
923 1635 1019 1691 per
1045 1624 1435 1697 negligentiam
1466 1630 1718 1689 amittere
1745 1634 1929 1706 patri-

1065 252 1444 314 MORALIUM
1480 260 1614 317 LIB.
1657 263 1866 321 XXXI.
1906 294 1977 308 -—
2015 267 2088 323 IN
2126 268 2352 329 CAPUT
2381 276 2623 334 XXXIX
2664 282 2726 337 B.
2767 284 2909 341 JOB.

3524 304 3631 361 586

1960 393 2012 452 A
2040 394 2174 451 sitas
2199 397 2451 471 imponit,
2475 404 2699 475 quidam
2729 408 2861 465 dum
2893 428 2982 469 eas
3012 418 3257 488 rapiunt,
3287 427 3636 489 solummodo

2038 484 2307 544 tolerandi
2350 501 2504 560 sunt;
2559 496 2782 567 quidam
2829 515 2959 556 vero
3002 520 3324 569 conservata
3369 517 3638 579 charitate

2042 575 2392 649 prohibendi,
2433 597 2543 638 non
2573 591 2756 641 tamen
2786 589 2901 645 sola
2937 608 3069 649 cura
3097 613 3167 653 ne
3194 609 3381 659 nostra
3411 608 3637 666 subtra—

2040 662 2194 733 hant,
2224 668 2318 722 sed
2347 685 2416 725 ne
2446 672 2717 743 rapientes
2753 693 2864 733 non
2887 695 3006 749 sua,
3038 688 3356 760 semetipsos
3384 696 3633 765 perdant.

2039 753 2167 810 Plus
2187 756 2388 830 quippe
2409 760 2544 831 ipsis
2564 764 2873 834 raptoribus
2893 768 3153 828 debemus
3169 753 3434 851 metuere,
3467 753 3635 857 quam

2040 845 2201 901 rebus
2218 847 2692 910 irrationabilibus
2719 855 3078 917 defendendis
3107 845 3466 928 inhiare.Ista
3483 845 3635 931 ham-

2039 949 2144 1006 que
2173 937 2338 993 etiam
2364 956 2476 995 non
2507 949 2661 1016 rapta
2688 945 2986 1005 morientes
3003 952 3331 1027 amittimus,
3363 977 3487 1017 cum
3524 963 3636 1021 illis

2040 1041 2170 1082 vero
2181 1035 2394 1087 etnunc
2422 1033 2759 1093 conditionis
2778 1040 2991 1111 ordine,
3020 1046 3120 1102 etsi
3137 1049 3338 1123 corrigi
3358 1053 3633 1127 studeant,

2038 1123 2161 1186 post
2214 1122 2620 1193 perceptionem
2650 1130 2919 1200 muneris,
2950 1149 3123 1191 unum
3152 1122 3362 1197 sumus.
3390 1143 3525 1211 Quis
3544 1162 3635 1202 au-

2036 1212 2149 1261 tem
2207 1210 2417 1267 nesciat
2443 1215 2572 1286 quia
2600 1218 2784 1276 minus
2830 1236 2892 1277 ea
2921 1224 3122 1295 quibus
3145 1230 3377 1301 utimur,
3408 1243 3462 1289 et
3513 1236 3636 1306 plus

2038 1294 2300 1355 debemus
2328 1316 2510 1359 amare
2543 1307 2690 1378 quod
2706 1326 2896 1367 sumus
2919 1294 2955 1369 ‘l
2971 1314 3028 1370 Si
3055 1331 3183 1389 ergo
3210 1327 3263 1375 et
3286 1337 3386 1392 pro
3404 1338 3503 1379 sua
3529 1325 3636 1380 uti-

2037 1385 2191 1442 litate
2218 1391 2529 1462 raptoribus
2542 1394 2841 1470 loquimur,
2860 1417 2973 1458 non
2994 1402 3110 1475 jam
3121 1385 3318 1465 solum
3338 1410 3499 1468 nobis
3515 1430 3636 1486 qua

2036 1479 2382 1549 temporalia,
2413 1482 2508 1538 sed
2540 1483 2675 1556 ipsis
2706 1487 2872 1546 etiam
2901 1506 3022 1565 quae
3051 1504 3181 1552 sunt
3208 1506 3411 1556 aeterna
3439 1479 3636 1557 vindi-

2036 1582 2225 1624 camus
2233 1613 2244 1625 .

321 1704 511 1760 monia
520 1712 739 1763 terrena
750 1707 1032 1767 formidat.
1047 1715 1106 1770 In
1121 1731 1363 1774 errorem
1376 1719 1683 1793 discipulus
1697 1704 1910 1795 labitur,

2107 1708 2321 1777 23.0w
2373 1715 2731 1775 moderatione
2790 1722 3122 1794 litigandum.
3177 1759 3248 1772 —
3301 1730 3420 1800 Qua
3473 1734 3534 1790 in
3575 1751 3632 1793 re

315 1802 371 1850 et
395 1802 580 1852 tamen
609 1813 703 1853 cor
749 1797 1053 1871 hypocritaa
1087 1807 1243 1862 nullo
1276 1808 1465 1866 dolore
1502 1813 1798 1871 sauciatur.
1833 1817 1917 1871 lre

314 1883 376 1938 in
407 1884 716 1957 iniquitatis
731 1888 1048 1961 voraginem
1070 1897 1393 1954 commissos
1416 1899 1525 1955 sibi
1546 1903 1841 1974 conspicit,
1862 1912 1917 1959 et

313 1970 440 2031 haec
468 1975 617 2046 quasi
638 1974 888 2034 inaudita
907 1983 1203 2051 pertransit
1222 2003 1237 2053 ;
1271 1992 1326 2042 at
1345 1987 1395 2043 si
1423 1988 1570 2061 quod
1588 1970 1700 2046 sibi
1719 1970 1916 2048 leviter

318 2060 512 2118 inferri
544 2068 839 2139 temporale
859 2067 1123 2129 damnum
1152 2076 1406 2145 senserit,
1432 2060 1492 2133 in
1523 2079 1755 2137 ultionis
1774 2081 1913 2138 iram

316 2161 537 2225 repente
546 2155 615 2211 ab
630 2156 844 2216 intimis
863 2160 1311 2223 inardescit.Mox
1332 2169 1598 2240 patientia
1612 2173 1913 2244 rumpitur,

315 2258 446 2298 mox
476 2244 633 2302 dolor
660 2249 842 2306 cordis
884 2251 946 2314 in
973 2255 1206 2312 vocibus
1242 2258 1560 2330 eﬁ'renatur,
1602 2264 1734 2335 quia
1777 2264 1913 2321 dum

314 2331 620 2391 animarum
638 2336 840 2393 damna
855 2342 1237 2412 aequanimiter
1257 2347 1474 2417 tolerat,
1491 2349 1764 2421 jacturam
1782 2369 1913 2410 vero

317 2434 501 2476 rerum
543 2426 936 2505 temporalium
1000 2432 1264 2502 repellere
1314 2437 1479 2493 etiam
1521 2456 1648 2495 cum
1686 2443 1915 2512 spiritus

309 2512 685 2567 commotione
714 2501 961 2582 festinat,
1004 2524 1219 2578 cunctis
1248 2528 1517 2583 veraciter
1544 2529 1757 2587 indicat
1777 2540 1913 2589 teste

306 2597 520 2651 mentis
574 2601 987 2668 perturbatione
1038 2607 1174 2678 quid
1230 2619 1394 2668 amat.
1454 2615 1537 2670 lbi
1590 2618 1791 2689 quippe
1832 2628 1913 2676 est

302 2684 523 2757 grande
550 2687 796 2745 studium
828 2691 1184 2765 defensionis,
1203 2699 1298 2754 ubi
1319 2709 1373 2757 et
1401 2705 1620 2774 gravior
1644 2706 1727 2763 vis
1766 2725 1912 2765 amo-

309 2773 411 2829 ris.
444 2776 584 2832 Nam
615 2788 823 2850 quanto
852 2785 1026 2855 magis
1054 2792 1269 2845 terrena
1285 2773 1486 2865 diligit,
1518 2803 1673 2853 tanto
1702 2799 1910 2870 privari

309 2863 389 2918 eis
425 2863 811 2924 vehementius
860 2872 1218 2942 pertimescit.
1248 2879 1365 2946 Qua
1393 2863 1541 2939 enim
1583 2896 1767 2944 mente
1795 2890 1911 2945 ali-

314 2951 447 3024 quid
474 2953 532 3007 in
568 2954 674 3011 hoc
695 2958 902 3019 mundo
933 2963 1294 3035 possidemus,
1340 2987 1451 3027 non
1485 2973 1768 3046 docemur,
1800 2980 1908 3036 nisi

313 3058 434 3099 cum
457 3044 785 3104 amittimus.
809 3050 939 3107 Sine
967 3052 1157 3112 dolore
1177 3074 1414 3133 namque
1432 3066 1730 3136 amittitur,
1752 3044 1909 3142 quid-

313 3131 445 3203 quid
474 3133 593 3189 sine
621 3152 806 3193 amore
825 3141 1158 3211 possidetur.
1193 3147 1324 3215 Quae
1356 3168 1486 3208 vero
1506 3156 1765 3214 ardenter
1785 3160 1908 3216 dili-

310 3220 488 3291 gimus
514 3223 722 3295 habita,
746 3231 984 3300 graviter
998 3242 1549 3308 suspiramusablata.
1577 3247 1709 3314 Quis
1724 3259 1907 3307 autem

310 3311 513 3369 nesciat
553 3315 681 3388 quia
728 3321 931 3378 nostris
983 3325 1174 3383 usibus
1209 3346 1294 3387 res
1346 3340 1589 3393 terrenas
1637 3341 1908 3399 Dominus

305 3400 574 3477 condidit,
605 3405 719 3462 suis
738 3416 920 3465 autem
949 3413 1162 3471 animas
1182 3416 1475 3479 hominum
1505 3429 1757 3485 creavit?
1776 3431 1907 3488 Plus

304 3502 431 3560 ergo
483 3492 597 3548 Deo
628 3510 686 3550 se
715 3512 897 3555 amare
940 3503 1318 3576 convincitur,
1369 3514 1465 3583 qui
1503 3517 1768 3587 neglectis
1816 3521 1905 3577 his

303 3595 424 3652 qua:
451 3581 570 3653 ejus
597 3593 747 3655 sunt,
777 3591 1000 3661 propria
1024 3600 1230 3651 tuetur.
1263 3581 1512 3659 Perdere.
1538 3581 1773 3680 namque
1798 3609 1903 3683 hy-

296 3672 527 3742 pocrita
553 3689 615 3729 ea
649 3691 768 3749 quae
796 3681 898 3737 Dei
933 3692 1086 3750 sunt,
1115 3687 1175 3742 id
1220 3696 1303 3744 est
1331 3692 1544 3749 animas
1588 3695 1903 3769 hominum,

297 3774 415 3815 non
444 3760 660 3834 timent,
693 3775 747 3823 et
774 3784 895 3841 quae
926 3787 1025 3827 sua
1053 3780 1183 3829 sunt
1212 3777 1485 3849 amittere,
1518 3782 1781 3843 videlicet
1814 3806 1902 3847 res

296 3864 428 3904 cum
460 3852 667 3909 mundo
697 3862 1066 3930 transeuntes,
1098 3865 1253 3936 quasi
1283 3866 1535 3927 districto
1548 3871 1728 3944 judici
1757 3880 1901 3951 posi-

297 3937 413 3993 turi
442 3940 686 3998 rationes
712 3944 933 4016 timent,
965 3963 1029 4004 ac
1066 3950 1114 4006 si
1142 3952 1415 4024 placatum
1446 3937 1896 4038 inveniant,‘cui,

295 4023 620 4087 desideratis
644 4032 827 4103 rebus,
856 4036 913 4093 id
933 4046 1015 4095 est
1040 4042 1482 4119 rationabilibus,
1513 4023 1764 4125 perditis,

295 4116 583 4175 sensibilia
614 4122 630 4154 ¹
680 4130 880 4180 etnon
927 4129 1156 4200 quaesita
1214 4148 1561 4197 conservant.
1613 4143 1897 4205 Possidere

291 4206 506 4280 aliquid
534 4210 594 4266 in
614 4209 722 4269 hoc
750 4214 958 4271 mundo
987 4220 1264 4293 volumus,
1295 4234 1349 4281 et
1377 4244 1499 4286 ecce
1528 4232 1745 4293 Veritas
1774 4239 1897 4295 cla-

292 4304 432 4353 mat:
464 4299 589 4357 Nisi
627 4301 746 4372 quis
784 4308 1170 4366 renuntiaverit
1216 4317 1458 4372 omnibus
1507 4338 1625 4392 qua:
1636 4328 1891 4398 possidet,

286 4401 397 4442 non
411 4395 582 4460 potest
605 4409 750 4450 meus
777 4412 884 4451 esse
911 4398 1203 4472 discipulus
1235 4405 1394 4476 (Luc.
1427 4425 1547 4480 xxv,
1578 4395 1693 4486 33).

359 4558 451 4616 22.
486 4562 599 4628 Quo
643 4567 841 4635 animo,
874 4582 993 4624 cum
1046 4574 1320 4631 necessitas
1345 4583 1392 4632 et
1429 4579 1661 4638 charitas
1704 4597 1895 4659 cogunt

290 4650 626 4724 litigandum.
658 4686 729 4698 —
751 4657 1033 4748 Perfectus
1049 4661 1220 4736 igitur
1241 4665 1592 4728 Christianus
1613 4650 1890 4748 quomodo

285 4739 451 4798 debet
476 4760 564 4800 res
600 4752 845 4804 terrenas
886 4747 1162 4824 jurgando
1193 4754 1508 4829 defendere,
1543 4762 1566 4796 ³
1612 4739 1747 4838 quas
1776 4786 1889 4828 non

284 4830 612 4903 praecipitur
668 4841 860 4899 1007
890 4840 1166 4911 possidere
1187 4844 1216 4900 ‘i
1254 4845 1444 4921 Itaque
1473 4866 1600 4907 cum
1625 4830 1723 4912 res
1752 4874 1890 4931 pro-

281 4928 434 5000 prias
482 4933 813 5003 amittimus,
852 4939 900 4995 si
951 4943 1193 5014 perfecte
1242 4947 1418 5005 Deum
1474 4954 1774 5029 sequimur,
1828 4959 1885 5015 in

282 5016 455 5091 hujus
500 5022 629 5080 vitae
669 5025 865 5084 itinere
902 5046 933 5086 a
964 5048 1162 5106 magno
1191 5053 1355 5094 onere
1376 5040 1396 5075 ³
1426 5040 1647 5116 levigati
1672 5064 1881 5106 sumus.

281 5105 425 5164 Cum
456 5125 588 5169 vero
608 5130 795 5173 curam
822 5133 1007 5178 rerum
1022 5105 1268 5195 ejusdem
1284 5129 1441 5186 nobis
1461 5131 1676 5192 itineris
1702 5154 1881 5196 neces-

356 5356 404 5484 in
417 5357 581 5415 Deest
611 5361 968 5435 conjunctiva
1001 5369 1270 5440 particula
1295 5381 1343 5429 et
1370 5376 1424 5431 in
1454 5378 1625 5437 Laud.
1657 5400 1721 5440 ac
1747 5401 1881 5443 non-

276 5441 427 5484 nuu.

354 5500 378 5535 ³
416 5501 787 5599 Mss.£Germ._
810 5524 875 5599 ac
902 5509 1006 5566 Ed.
1049 5510 1461 5599 Gilot._,‘Vatic.
1495 5529 1549 5577 et
1578 5524 1874 5599 Gussanv.,

275 5587 414 5642 quas
442 5576 596 5648 πανιίί
621 5580 937 5659 ρτςῳοίρίεαν
959 5600 1065 5659 non
1088 5576 1376 5657 possidere,
1411 5576 1874 5659 ροηέηῖτῖὁέἷοῖιῷ

274 5650 333 5701 et
361 5650 801 5773 rqpugnantibus
829 5661 950 5709 cast.
980 5650 1108 5737 Mss:
1134 5650 1518 5741 veteribusque
1546 5650 1634 5724 Et.

352 5718 374 5751 ³
454 5718 576 5773 Γυά.
613 5728 669 5773 et
702 5723 824 5773 Val.
857 5724 962 5773 CL-
994 5728 1198 5773 libprnb

352 5718 374 5751 ³
407 5718 576 5775 Lrud.
613 5728 669 5776 et
702 5723 824 5780 Val.
857 5724 962 5794 CL,
994 5728 1220 5786 liberati.

568 5816 809 5879 ΡΑτιιοι..
856 5820 1106 5883 LXXVI.

1922 4480 1973 4539 D

2028 1796 2168 1852 illud
2195 1806 2276 1854 est
2307 1802 2539 1858 solerter
2566 1804 2918 1879 intuendum,
2938 1830 3007 1871 ne
3034 1832 3132 1887 per
3149 1796 3489 1881 necessitatis
3520 1842 3633 1881 me-

2026 1893 2145 1940 tum
2183 1888 2458 1960 cupiditas
2486 1893 2745 1968 subrepat
2764 1914 2971 1970 rerum,
2996 1910 3050 1958 et
3076 1907 3193 1962 zelo
3220 1926 3482 1969 succensa
3509 1930 3632 1985 pro-

2025 1972 2249 2044 hibitio,
2284 1978 2568 2051 ‘impetus
2615 1982 3070 2049 immoderatione
3112 1994 3374 2068 distensa,
3405 2002 3428 2036 ⁸
3458 2017 3631 2075 usque

2023 2063 2093 2119 ad
2111 2064 2315 2123 odiosae
2342 2069 2743 2141 turpitudinem
2764 2081 3136 2139 contentionis
3164 2063 3435 2160 erumpat.
3452 2063 3629 2147 Dum-

2024 2169 2129 2226 que
2158 2171 2259 2226 pro
2287 2164 2502 2214 terrena
2527 2177 2583 2216 re
2617 2179 2727 2233 pax
2756 2182 2789 2220 a
2815 2169 2978 2224 corde
3006 2188 3132 2228 cum
3182 2178 3442 2245 proximo
3472 2180 3631 2236 scin-

2023 2241 2196 2307 ditur,
2222 2243 2435 2317 liquido
2463 2259 2685 2321 apparet
2717 2254 2845 2325 quia
2880 2257 3003 2328 plus
3030 2276 3115 2316 res
3146 2241 3309 2335 quam
3342 2268 3629 2338 proximus

2022 2342 2259 2388 amatur.
2294 2334 2351 2390 Si
2372 2336 2517 2391 enim
2550 2338 2835 2397 charitatis
2868 2344 3083 2403 viscera
3118 2350 3284 2406 etiam
3319 2334 3465 2413 circa
3490 2374 3626 2431 rap-

2023 2429 2200 2478 torem
2258 2426 2576 2496 proximum
2606 2446 2719 2486 non
2757 2432 3045 2505 habemus,
3073 2444 3439 2515 nosmetipsos
3469 2448 3626 2520 pejus

2020 2512 2142 2584 ipso
2159 2522 2375 2585 raptore
2396 2521 2796 2592 persequimur,
2820 2526 3151 2601 graviusque
3171 2548 3269 2588 nos
3299 2526 3463 2607 quam
3489 2539 3627 2595 alter

2020 2610 2231 2672 poterat
2272 2603 2641 2677 devastamus,
2686 2612 2817 2684 quia
2845 2613 3160 2676 dilectionis
3199 2603 3407 2680 bonum
3432 2638 3625 2699 sponte

2018 2690 2347 2764 deserentes,
2372 2712 2404 2751 a
2425 2696 2583 2753 nobis
2604 2699 2737 2771 ipsis
2754 2703 2902 2761 intus
2912 2715 2993 2763 est
3012 2710 3159 2781 quod
3179 2713 3509 2786 amittimus,
3527 2731 3624 2792 qui

2017 2782 2085 2837 ab
2115 2782 2212 2838 illo
2258 2786 2373 2842 sola
2402 2788 2675 2845 exteriora
2696 2793 3075 2864 perdebamus.
3126 2801 3231 2858 Sed
3258 2803 3400 2862 hanc
3434 2782 3624 2880 Ιιέτιίοζ

2018 2872 2155 2928 crita
2191 2874 2426 2932 formam
2470 2878 2755 2938 charitaiis
2802 2884 3040 2957 ignorat,
3090 2892 3220 2962 quia
3249 2893 3372 2963 plus
3404 2901 3621 2953 terrena

2018 2977 2180 3034 quam
2213 2965 2452 3019 cwlestia
2496 2964 2751 3038 diligens,
2783 2980 2973 3029 contra
3013 2991 3138 3031 eum
3168 2979 3262 3053 qui
3294 2984 3621 3053 temporalia

2017 3049 2210 3121 diripit
2230 3067 2346 3108 sese
2382 3052 2440 3108 in
2473 3052 2688 3113 intimis
2723 3057 2954 3116 immani
2984 3064 3113 3120 odio
3134 3049 3460 3127 inflammat.

2093 3167 2230 3243 [Vet.
2284 3170 2413 3247 XL]
2445 3173 2534 3230 24.
2587 3175 2690 3244 Qui
2719 3177 3013 3253 discrepent
3062 3185 3128 3240 ab
3157 3186 3447 3259 hypocritis
3475 3208 3619 3247 non-

2016 3260 2157 3315 nulli
2172 3263 2351 3318 acrius
2381 3264 2516 3321 bona
2538 3271 2853 3338 temporalia
2875 3276 3169 3332 tuentes.Hi
3183 3294 3290 3348 qua
3309 3284 3514 3339 cautela
3537 3302 3616 3339 re-

2012 3350 2383 3419 prehendendi.
2414 3385 2486 3396 —
2514 3355 2811 3415 Sciendum
2848 3377 2980 3419 vero
3004 3373 3087 3421 est
3140 3368 3269 3440 quia
3309 3379 3439 3428 sunt
3466 3390 3618 3430 non-

2015 3437 2158 3493 nulli
2181 3455 2317 3512 quos
2345 3442 2634 3502 charitatis
2664 3450 2872 3519 gremio
2888 3454 3140 3512 nutriens
3153 3437 3343 3515 mater
3368 3461 3615 3520 Ecclesia

2015 3525 2210 3582 tolerat
2238 3546 2521 3605 quousque
2549 3534 2618 3589 ad
2646 3538 2908 3607 spiritalis
2927 3544 3104 3599 aetatis
3133 3545 3473 3606 incrementa
3498 3568 3613 3624 per-

2014 3610 2200 3682 ducat,
2215 3618 2307 3688 qui
2323 3634 2722 3695 nonnunquam
2739 3635 2793 3682 et
2811 3631 3121 3688 sanctitatis
3136 3633 3385 3691 habitum
3404 3610 3611 3708 tenent,

2013 3710 2067 3757 et
2096 3705 2449 3775 perfectionis
2478 3713 2736 3770 meritum
2757 3720 2985 3791 exsequi
3004 3737 3116 3776 non
3138 3725 3342 3779 valent.
3367 3727 3452 3781 Ad
3470 3728 3612 3783 dona

2012 3808 2249 3866 namque
2287 3797 2559 3867 spiritalia
2598 3802 2826 3859 minime
2866 3817 3179 3878 assurgunt,
3206 3819 3261 3865 et
3290 3811 3497 3869 idcirco
3525 3815 3612 3869 his

2011 3880 2106 3952 qui
2135 3881 2241 3938 sibi
2263 3883 2545 3957 conjuncti
2567 3897 2698 3944 sunt
2715 3898 2772 3945 at
2800 3893 3004 3949 tuenda
3021 3910 3082 3950 ea
3104 3912 3223 3967 quae
3250 3904 3468 3955 terrena
3484 3912 3613 3959 sunt

2009 3969 2278 4041 serviunt,
2298 3981 2353 4030 et
2377 3991 2776 4050 nonnunquam
2797 3978 2856 4036 in
2873 3980 3211 4041 defensionis
3232 3984 3476 4059 ejusdem
3507 3990 3610 4048 ira.

2007 4059 2212 4117 cundia
2240 4063 2534 4121 excedunt.
2568 4065 2679 4122 Hos
2708 4083 3059 4144 nequaquam
3085 4073 3419 4133 credendum
3458 4081 3607 4136 estin

2006 4146 2425 4221 hypocritarum
2452 4170 2746 4211 numerum
2768 4156 3073 4230 incurrere,
3102 4162 3232 4235 quia
3245 4163 3395 4220 aliud
3418 4176 3499 4223 est
3526 4169 3609 4224 in-

2006 4236 2285 4311 ﬁrmitate,
2311 4241 2464 4299 aliud
2493 4244 2704 4302 malitia
2718 4262 2961 4318 peccare.
2989 4250 3105 4308 Hoc
3130 4251 3313 4327 itaque
3342 4255 3487 4314 inter
3508 4259 3608 4315 bos

2004 4335 2059 4384 et
2086 4327 2404 4402 hypocritas
2424 4332 2613 4404 distat,
2630 4335 2779 4408 quod
2795 4337 2888 4393 isti
2906 4338 3246 4400 inﬁrmitatis
3266 4360 3378 4402 suae
3398 4349 3606 4405 conscii

2004 4421 2218 4477 malunt
2235 4424 2493 4480 acunctis
2509 4422 2577 4480 de
2614 4427 2777 4498 culpa
2797 4445 2895 4485 sua
2919 4430 3195 4505 redargui,
3221 4450 3384 4506 quam
3404 4437 3469 4494 de
3480 4438 3606 4496 ﬁcta

2006 4510 2291 4567 sanctitate
2321 4512 2531 4569 laudari
2553 4532 2568 4581 ;
2603 4515 2685 4570 illi
2713 4533 2844 4573 vero
2872 4526 2926 4574 et
2941 4519 3178 4593 iniquita
3205 4541 3262 4582 se
3289 4541 3446 4599 agere
3467 4531 3603 4586 certi

2000 4609 2149 4670 sunt,
2178 4611 2234 4660 et
2268 4610 2451 4660 tamen
2477 4605 2623 4678 apud
2650 4605 2892 4664 humana
2903 4608 3117 4681 judicia
3136 4612 3203 4670 de
3219 4618 3444 4676 nomine
3467 4635 3603 4675 san—

2000 4691 2206 4749 ctitatis
2225 4693 2622 4752 intumescunt.
2657 4697 2753 4754 Isti
2774 4715 2887 4755 non
2909 4709 3165 4759 metuunt
3193 4706 3379 4777 pravis
3408 4707 3601 4763 homi-

1999 4782 2163 4840 nibus
2189 4786 2357 4842 etiam
2389 4786 2455 4843 de
2471 4786 2617 4845 bona
2646 4790 2865 4847 actione
2894 4792 3206 4866 displicere,
3236 4796 3368 4852 dum
3399 4812 3600 4868 super-

1997 4872 2084 4928 nis
2118 4876 2692 4949 tantumodojudiciis
2721 4882 3007 4953 placeant;
3054 4883 3139 4938 illi
3157 4899 3287 4939 vero
3313 4880 3596 4956 nunquam

1997 4963 2131 5035 quid
2159 4974 2342 5037 agant,
2367 4967 2461 5024 sed
2482 4969 2759 5041 quomodo
2788 4970 2855 5026 de
2884 4972 3098 5026 actione
3129 4970 3374 5043 qualibet
3405 4970 3597 5027 homi-

1996 5051 2161 5108 nibus
2189 5055 2402 5125 possint
2422 5056 2635 5127 placere
2664 5058 3037 5115 considerant.
3062 5060 3160 5115 Isti
3184 5058 3349 5130 juxta
3367 5059 3593 5118 modum

1997 5156 2108 5197 suae
2139 5141 2517 5216 intelligentiae
2537 5147 2703 5204 etiam
2724 5148 2783 5203 in
2809 5147 2972 5204 rebus
2990 5147 3178 5203 saeculi
3211 5146 3454 5207 militant
3469 5165 3592 5208 cau-

2062 5389 2098 5468 ‘_
2124 5388 2334 5468 Germ,
2365 5390 2569 5445 Turon.
2603 5397 2657 5445 et
2682 5392 2818 5468 pler,
2849 5393 3065 5464 Norm.,
3104 5395 3301 5468 impetu
3327 5398 3589 5457 immode—

1987 5459 2207 5534 ratiore.
2243 5461 2321 5517 Ita
2351 5477 2568 5534 quoque
2595 5459 2706 5518 vet".
2737 5464 2842 5519 Ed.

2058 5532 2079 5565 ⁵
2120 5531 2311 5615 (lilot.,
2347 5531 2549 5615 V_atic.,
2572 5534 2875 5615 _Guss_anv.,
2907 5545 3031 5615 pos_t
3057 5539 3157 5615 Ms.
3182 5540 3389 5611 Germ.,
3421 5560 3586 5615 usque

1983 5602 2056 5656 ad
2082 5603 2265 5660 odiosa
2290 5605 2467 5673 verba,
2489 5610 2537 5659 et
2566 5605 2654 5660 lur
2700 5602 2962 5665 tudinem.
2990 5610 3304 5668 Lectionem
3334 5602 3579 5672 nostram

1983 5672 2247 5731 exhibent
2281 5676 2511 5733 Turon..
2547 5623 2710 5733 (Ζοιςῖ
2753 5678 2936 5733 Germ.
2971 5682 3182 5733 Normi-
3217 5685 3412 5733 Lami”
3452 5687 3553 5733 Val

1982 5672 2259 5754 exhibent
2281 5672 2511 5754 Turon.,
2547 5672 2709 5735 Corb.
2753 5678 2936 5736 Germ.
2970 5682 3183 5751 Norm.,
3217 5685 3414 5754 Laud.,
3452 5687 3574 5745 Val.

1982 5744 2064 5802 Cl.
2097 5754 2150 5801 et
2175 5753 2286 5805 vet.
2328 5746 2433 5805 Ed.

3263 5853 3332 5909 l9
