4156 6178
544 263 650 321 587

1749 251 2000 308 SANCTI
2037 249 2374 308 GREGORII
2411 249 2640 306 MAGNI

3737 247 3840 304 588

543 385 618 442 sis
644 383 778 450 Dei;
810 383 828 416 ί
876 379 962 436 illi
989 395 1121 436 vero
1151 393 1247 452 per
1299 391 1490 434 causas
1539 374 1640 433 Dei
1689 373 1986 431 intentioni
2025 373 2133 429 de-
2161 377 2213 436 Α
2245 389 2302 430 se
2322 373 2502 430 ovinas
2516 373 2673 446 pellis
2691 389 2762 430 ex
2783 373 3018 446 spoliat;
3051 380 3431 446 quantumque
3453 379 3649 429 contra
3666 371 3834 430 honos

543 469 794 530 serviunt
835 469 1044 538 saeculi,
1077 469 1100 504 ³
1143 467 1274 542 quia
1306 467 1450 523 inter
1498 465 1616 539 ipsa
1656 479 1874 538 quoque
1914 478 2034 536 quaa
2080 477 2138 518 se

544 575 700 635 agere
737 569 925 618 sancta
979 575 1142 632 opera
1196 557 1513 626 ostendunt,
1563 572 1674 612 non
1719 553 2140 612 conversionem

547 655 740 715 1008
764 655 1019 724 quaerunt
1047 647 1361 718 hominum,
1390 645 1486 704 sed
1512 661 1671 702 auras
1697 643 1974 700 favorum.

614 747 706 806 25.
737 747 911 820 Igitur
940 745 1074 803 dum
1101 745 1366 820 quosdam
1395 761 1508 802 non
1547 743 1814 816 despectas
1846 753 2140 798 conversa-

544 835 714 893 tionis
757 837 909 893 viros
944 834 1206 892 iracunde
1235 833 1323 891 vel
1366 833 1538 890 nimie
1581 830 1877 889 defendere
1921 835 2144 885 terrena

547 925 937 999 conspicimus,
988 924 1252 982 debemus
1291 922 1400 980 hoc
1443 923 1501 979 in
1527 921 1640 978 illis
1674 937 1771 994 per
1813 917 2141 978 charitatem

547 1013 966 1089 reprehendere,
1016 1029 1118 1072 nec
1155 1021 1340 1070 tamen
1367 1029 1460 1069 eos
1489 1008 1977 1084 reprehendendo3
2010 1006 2146 1063 des-

547 1119 758 1177 perare,
792 1104 922 1177 quia
948 1103 1272 1176 plerumque
1292 1102 1391 1159 uni
1419 1101 1706 1174 eidemque
1735 1097 1949 1156 homini
1977 1106 2032 1153 et
2059 1096 2144 1152 in-

549 1203 678 1250 sunt
699 1193 948 1267 qumdam
959 1191 1287 1264 judicabilia
1300 1208 1421 1264 quae
1432 1197 1714 1265 apparent,
1745 1197 1799 1246 et
1814 1204 2009 1260 magna
2023 1204 2145 1262 quae

550 1285 738 1341 latent.
758 1285 821 1339 In
845 1281 1006 1339 nobis
1026 1290 1210 1340 autem
1225 1298 1365 1354 sape
1395 1297 1591 1354 magna
1607 1283 1664 1338 in
1689 1279 1828 1338 facie
1847 1277 2141 1352 prodeunt,

548 1380 603 1430 et
647 1388 1051 1445 nonnunquam
1099 1387 1222 1445 quae
1275 1371 1613 1444 reprehenda
1665 1377 1794 1427 sunt
1852 1369 2148 1426 occultan-

546 1473 659 1520 tur.
688 1463 830 1520 Hinc
845 1479 974 1536 ergo
995 1465 1016 1498 ι
1035 1461 1383 1519 humilianda
1410 1469 1492 1519 est
1509 1469 1714 1518 nostra:
1736 1459 1938 1516 mentis
1953 1457 2146 1526 elatio,

549 1554 697 1628 quod
726 1561 781 1610 et
798 1554 1023 1610 illorum
1053 1553 1272 1609 inﬁrma
1319 1560 1449 1610 sunt
1476 1551 1717 1624 publica,
1757 1557 1812 1606 et
1837 1556 2025 1606 nostra
2052 1565 2149 1606 se-

549 1651 728 1712 creta;
760 1651 814 1700 et
842 1659 1061 1699 rursum
1098 1642 1263 1698 fortia
1305 1643 1530 1698 illorum
1559 1647 1768 1698 secreta
1813 1647 1964 1708 sunt,
2006 1645 2060 1694 et
2089 1637 2148 1692 in

550 1734 774 1807 publico
802 1741 990 1790 nostra
1017 1734 1333 1807 vulgantur.
1357 1732 1506 1800 Quos
1532 1747 1660 1802 ergo
1687 1729 1754 1786 de
1783 1735 1969 1802 aperta
1996 1725 2149 1782 inﬁr-

549 1823 741 1880 mitate
768 1822 1243 1894 reprehendimus,
1271 1827 1516 1894 superest
1543 1827 1606 1876 ut
1627 1819 1695 1876 de
1727 1819 1957 1876 occultae
1981 1815 2155 1872 forti—

549 1911 763 1969 tudinis
809 1911 1173 1968 asstimatione
1215 1926 1572 1978 veneremur;
1603 1916 1657 1964 et
1702 1908 1750 1964 si
1784 1907 1850 1963 de
1881 1912 2068 1978 aperta
2096 1918 2154 1960 se

551 2001 873 2058 inﬁrmitate
914 2008 1102 2057 nostra
1129 2015 1285 2056 mens
1326 1999 1524 2067 elevat,
1558 1998 1776 2054 occulta
1803 2013 1902 2052 sua
1934 1993 2156 2050 inﬁrma

550 2091 926 2159 considerans,
955 2106 1072 2146 sese
1119 2089 1178 2144 in
1207 2089 1524 2144 humilitate
1553 2093 1786 2160 premat.
1821 2085 1975 2157 Smpe
2002 2083 2153 2140 enim

551 2180 810 2238 nonnulli
829 2179 1022 2236 multis
1037 2178 1324 2251 praeceptis
1366 2177 1766 2250 obsequuntur,
1806 2182 1860 2232 et
1906 2173 2156 2248 quadam

489 2347 494 2350 _
552 2289 725 2347 pauca
738 2277 1092 2345 praetereunt,
1123 2275 1177 2324 et
1202 2284 1302 2325 nos
1331 2269 1507 2324 multa
1525 2266 2000 2340 praetermittimus
2030 2279 2157 2320 cum

551 2377 726 2436 pauca
761 2375 1064 2416 servamus.
1096 2355 1250 2414 Unde
1283 2356 1348 2414 ﬁt
1398 2357 1721 2431 plerumque
1749 2363 1812 2412 ut
1839 2355 1971 2429 quia
2010 2350 2162 2426 quod

555 2467 771 2508 servare
798 2465 899 2506 nos
943 2446 1226 2516 novimus,
1257 2445 1364 2502 hoc
1392 2447 1672 2518 praeterire
1715 2445 1854 2501 alios
1897 2441 2154 2500 videmus

559 2541 714 2599 illico
741 2547 930 2596 nostra
956 2552 1014 2594 se
1053 2535 1114 2592 in
1169 2535 1564 2592 elationemens
1589 2535 1788 2603 elevet,
1819 2531 2163 2589 ohliviscens

557 2646 721 2705 quam
757 2628 934 2685 multa
978 2632 1284 2701 praetereat,
1313 2643 1440 2684 cum
1481 2623 1640 2681 valde
1669 2624 1782 2679 sint
1829 2637 2002 2694 pauca
2043 2635 2164 2694 quae

560 2725 763 2777 servat.
794 2718 1023 2775 Necesse
1069 2723 1151 2773 est
1180 2715 1350 2788 igitur
1376 2723 1438 2772 ut
1465 2713 1526 2770 in
1561 2711 1766 2787 quibus
1803 2711 1940 2767 alios
1969 2723 2166 2780 repre-

558 2811 873 2878 hendimus,
919 2807 1214 2864 elationem
1271 2805 1524 2864 sollicitre
1571 2812 1772 2860 nostra;
1815 2799 2167 2874 cogitationis

559 2900 917 2968 inclinemus,
952 2897 1088 2972 quia
1117 2898 1165 2953 si
1205 2894 1587 2954 sublimiorem
1627 2909 1684 2950 se
1729 2892 1941 2950 caeteris
1983 2895 2168 2946 noster

561 2992 783 3050 animus
811 2989 1110 3064 conspicit,
1150 2987 1310 3062 quasi
1347 2987 1408 3043 in
1447 2983 1751 3058 praecipitia
1772 2978 2169 3054 singularitatis

565 3083 786 3150 ductus,
809 3082 831 3118 ⁵
863 3097 926 3138 eo
953 3079 1108 3153 pejus
1137 3079 1270 3136 ruit.
1309 3075 1415 3134 Sed
1447 3091 1547 3133 cur
1587 3071 1884 3148 hypocrita
1923 3068 2166 3128 caelestia

561 3175 715 3230 lucra
749 3171 1004 3228 deserens
1031 3167 1263 3224 terrenis
1282 3165 1545 3234 elaboret,
1575 3164 1678 3221 sub
1697 3157 2030 3222 struthionis
2056 3157 2165 3216 ad-

563 3265 676 3324 huc
703 3262 931 3321 nomine
957 3257 1267 3331 subjungit,
1298 3256 1522 3314 dicens:

991 3374 1220 3434 CAPUT
1250 3373 1380 3431 xw
1425 3371 1570 3446 (nec.
1604 3371 1737 3446 IX].

634 3472 810 3532 Vens.
842 3468 929 3524 17.
962 3464 1208 3524 Privavit
1259 3479 1374 3522 eam
1397 3462 1541 3520 Deus
1569 3460 1847 3536 sapientia,
1895 3473 1985 3512 nec
2027 3453 2172 3511 dedit

565 3557 654 3619 illi
681 3555 1104 3630 intelligentiam.

635 3649 726 3708 26.
757 3649 896 3706 Deus
911 3647 1139 3703 obdurat
1155 3661 1268 3714 cor,
1289 3661 1395 3700 non
1413 3642 1542 3716 quia
1563 3639 1822 3697 duritiam
1835 3637 2062 3710 confert,
2083 3637 2173 3692 sed

567 3742 697 3814 quia
737 3739 1058 3812 exigentibus
1095 3736 1338 3808 peccatis,
1387 3750 1493 3788 non
1555 3729 1772 3786 emollit.
1809 3759 1881 3772 —-
1908 3725 2174 3798 Quamvis

569 3831 720 3889 aliud
747 3831 819 3888 sit
845 3831 1084 3904 privare,
1106 3825 1258 3884 aliud
1286 3841 1398 3882 non
1413 3822 1564 3891 dare,
1596 3819 1703 3877 hoc
1730 3827 1923 3876 tamen
1953 3817 2178 3892 repetiit

569 3919 876 3988 subdendo,
897 3920 1019 3976 Non
1033 3917 1194 3985 dedit,
1220 3913 1370 3988 quod
1398 3909 1686 3986 praemisit,
1705 3908 1973 3966 Privavit.
2006 3910 2088 3964 Ac
2128 3906 2176 3962 si

573 4011 778 4070 diceret
797 4026 808 4066 :
825 4011 847 4046 ⁶
868 4006 1028 4076 Quod
1041 4006 1184 4074 dixi,
1203 4003 1466 4070 Privavit,
1491 4017 1604 4057 non
1625 3997 1828 4071 injuste
1851 3995 2176 4070 sapientiam

573 4098 829 4164 abstulit,
857 4095 954 4150 sed
977 4093 1126 4166 juste
1154 4110 1266 4150 non
1294 4091 1468 4149 dedit.
1501 4089 1657 4147 Unde
1684 4097 1740 4144 et
1755 4085 2059 4143 Pharaonis
2081 4101 2178 4142 cor

574 4189 848 4246 Dominus
875 4185 1172 4242 obdurasse
1192 4183 1549 4249 describitur,
1579 4197 1690 4237 non
1707 4178 1856 4253 quod
1883 4179 1999 4250 ipse
2029 4176 2176 4232 duri-

579 4278 715 4334 tiam
751 4275 1010 4342 contulit,
1059 4273 1154 4330 sed
1186 4271 1352 4347 quod,
1399 4269 1752 4344 exigentibus
1781 4267 1900 4340 ejus
1943 4265 2176 4334 meritis,

579 4367 735 4423 nulla
761 4362 903 4420 illud
931 4363 1162 4436 desuper
1191 4361 1398 4418 infusi"
1421 4361 1638 4417 timoris
1652 4356 2019 4414 sensibilitate
2043 4354 2177 4410 mol-

581 4455 708 4513 livit
725 4455 930 4528 (Exod.
946 4469 1049 4524 vn,
1061 4453 1140 4526 3).
1159 4450 1266 4509 Sed
1281 4467 1429 4506 nunc
1446 4449 1737 4522 hypocrita
1763 4443 1913 4520 quod
1926 4451 2180 4501 sanctum
2213 4472 2262 4532 Β

580 4562 636 4602 se
665 4544 911 4614 simulat,
939 4543 1087 4618 quod
1123 4541 1225 4599 sub
1254 4541 1492 4612 imagine
1525 4538 1657 4596 boni
1711 4535 1893 4609 operis
1919 4533 2180 4600 occultat,

2249 463 2461 531 saeviat,
2477 479 2802 538 persequens
2813 461 3331 520 demonstrat.Unde
3339 469 3398 518 et
3409 460 3831 520 rectesubditur:

2846 603 3076 664 CAPUT
3119 603 3246 664 XV.

2323 723 2495 782 Vens.
2531 722 2618 780 18.
2647 753 2718 765 -
2749 721 2882 780 Cum
2898 728 3096 794 tempus
3123 720 3312 792 fuerit,
3332 719 3390 776 in
3413 721 3586 778 altum
3598 721 3718 778 alas
3747 721 3844 776 eri-

2250 813 2368 886 git;
2395 813 2597 869 deridet
2611 813 2837 884 equitem
2865 816 2913 868 et
2929 827 3254 868 ascensorem
3282 808 3415 880 ejus.

2323 901 2412 959 27.
2439 902 2729 974 Hypocrita
2755 919 2862 958 non
2889 901 3062 956 solum
3087 905 3294 956 sanctos
3319 897 3542 964 deridet,
3573 897 3664 954 sed
3689 898 3849 954 Deum

2252 991 2449 1064 ipsum.
2479 1022 2551 1034 —
2578 990 2726 1059 Quid
2754 990 2904 1046 enim
2933 989 3046 1046 alas
3081 987 3248 1060 hujus
3276 985 3614 1044 struthionis
3643 985 3853 1058 accipi—

2255 1097 2401 1149 mus,
2429 1081 2540 1137 nisi
2568 1096 2780 1153 pressas
2804 1079 2911 1137 hoc
2935 1085 3188 1151 tempore
3208 1077 3365 1151 quasi
3382 1075 3737 1148 complicatas
3755 1073 3851 1148 by-

2253 1171 2478 1245 pocritaa
2522 1170 2923 1244 cogitationes?
2960 1168 3106 1236 Quas
3149 1184 3276 1226 cum
3315 1174 3536 1240 tempus
3581 1165 3768 1232 fuerit,
3795 1164 3852 1220 in

2255 1262 2430 1318 altum
2455 1261 2683 1318 elevat?
2711 1261 2842 1334 quia
2869 1259 3279 1333 opportunitate
3307 1262 3608 1329 comperta,
3639 1271 3728 1313 eas
3754 1271 3853 1312 su-

2256 1352 2556 1426 perhienbo
2586 1351 2918 1407 manifestat.
2944 1351 3075 1406 Alas
3109 1349 3170 1405 in
3183 1349 3357 1406 altum
3395 1348 3604 1421 erigere
3643 1356 3726 1406 est
3763 1361 3856 1420 per

2257 1441 2575 1498 effrenatam
2636 1439 2949 1513 superbiam
3017 1439 3378 1511 cogitationes
3422 1437 3654 1510 aperire.
3701 1436 3855 1493 Nunc

2258 1541 2442 1590 autem
2481 1533 2611 1606 quia
2637 1539 2888 1589 sanctum
2934 1547 2990 1587 se
3020 1530 3268 1596 simulat,
3299 1529 3430 1603 quia
3457 1529 3516 1584 in
3567 1527 3856 1600 semetipso

2259 1622 2483 1695 stringit
2524 1639 2645 1696 quae
2689 1619 3110 1694 cogitat,.quasi
3153 1620 3266 1676 alas
3312 1619 3372 1675 in
3407 1633 3636 1691 corpore
3671 1620 3858 1680 1009

2181 1744 2228 1804 Β
2261 1740 2358 1795 per
2388 1721 2760 1778 humilitatem
2787 1719 2974 1794 plicat.
3009 1719 3146 1794 [Vet.
3178 1717 3338 1792 XlI.]
3381 1718 3704 1776 Notandum
3733 1733 3860 1774 vero

2263 1820 2346 1869 est
2374 1811 2522 1886 quod
2545 1829 2656 1868 non
2685 1811 2792 1866 ait:
2847 1809 3067 1866 Deridet
3109 1825 3299 1880 equum
3327 1814 3375 1864 et
3401 1825 3748 1877 ascensorem,
3772 1805 3862 1864 sed

2264 1904 2483 1974 equitem
2524 1908 2572 1958 et
2617 1917 2938 1956 ascensorem
2983 1899 3116 1970 ejus.
3167 1899 3358 1970 Equus
3389 1898 3592 1971 quippe
3621 1905 3706 1954 est
3732 1896 3865 1954 uni-

2263 1991 2466 2064 cuique
2488 1999 2688 2047 sanctae
2717 1989 2918 2044 animae
2955 2004 3156 2061 corpus
3185 2003 3371 2057 suum,
3421 1987 3572 2061 quod
3607 1987 3868 2044 videlicet

2266 2080 2423 2138 novit
2449 2089 2504 2138 et
2535 2081 2604 2136 ab
2633 2079 2847 2136 illicitis
2874 2079 3230 2136 continentia:
3249 2078 3410 2133 freno
3439 2077 3794 2149 restringere,
3817 2083 3870 2131 et

2267 2185 2488 2226 rursum
2535 2168 2822 2226 charitatis
2878 2168 3122 2241 impulsu
3189 2167 3249 2224 in
3293 2165 3689 2224 exercitatione
3735 2164 3872 2220 boni

2269 2259 2452 2334 operis
2481 2259 2746 2316 relaxare.
2783 2259 3002 2333 Equitis
3047 2275 3175 2332 ergo
3207 2258 3434 2314 nomine
3471 2255 3660 2312 anima
3689 2255 3867 2312 sancti

2271 2352 2380 2408 viri
2410 2351 2764 2425 exprimitur,
2795 2367 2917 2425 quae
2939 2349 3254 2424 jumentum
3286 2347 3535 2422 corporis
3557 2346 3702 2404 bene
3731 2344 3874 2402 sub-

2271 2441 2450 2499 ditum
2495 2441 2653 2515 regit.
2686 2440 2842 2498 Unde
2877 2448 2930 2498 et
2969 2441 3204 2496 Joannes
3245 2437 3524 2512 apostolus
3555 2437 3614 2492 in
3651 2437 3876 2510 Apoca-

2272 2532 2419 2606 lypsi
2459 2532 2759 2589 Dominum
2807 2531 3209 2603 contemplatus
3257 2527 3370 2586 ait:
3393 2529 3468 2586 Et
3493 2528 3756 2584 exercitus
3783 2525 3877 2597 qui
3951 2573 3974 2583 -

2273 2630 2398 2681 sunt
2433 2624 2491 2679 in
2537 2625 2683 2692 coelo,
2719 2622 3068 2694 sequebantur
3095 2637 3212 2677 eum
3247 2620 3307 2675 in
3341 2618 3485 2690 equis
3515 2617 3652 2675 albis
3683 2615 3872 2690 (Apoc.

2275 2731 2396 2784 xxx,
2439 2713 2552 2786 14).
2585 2713 3004 2770 Multitudinem
3031 2712 3232 2786 quippe
3257 2718 3572 2767 sanctorum
3605 2709 3627 2744 ⁸
3669 2724 3792 2782 quae
3819 2705 3875 2762 in

2275 2804 2381 2861 hoc
2408 2802 2661 2875 martyrii
2676 2802 2823 2858 bello
2852 2803 3166 2870 sudaverat,
3197 2808 3342 2857 recte
3361 2799 3668 2856 exercitum
3691 2803 3875 2854 vocat:

2276 2893 2372 2966 qui
2401 2892 2610 2950 idcirco
2639 2892 2697 2946 in
2723 2890 2880 2964 equis
2899 2889 3040 2946 albis
3067 2889 3254 2945 sedere
3274 2888 3611 2954 referuntur,
3640 2887 3776 2960 quia
3795 2885 3880 2942 ni-

2278 2983 2480 3039 mirum
2507 2996 2697 3036 eorum
2727 2995 2956 3052 corpora
2975 2985 3030 3034 et
3055 2978 3176 3034 luce
3197 2975 3428 3050 justitiaa
3452 2981 3508 3030 et
3525 2975 3881 3030 castimonia:

2278 3073 2514 3132 candore
2548 3073 2883 3128 claruerunt.
2917 3068 3139 3126 Deridet
3197 3083 3326 3140 ergo
3364 3065 3658 3140 hypocrita
3709 3063 3886 3136 equi-

2277 3171 2411 3232 tem,
2443 3163 2572 3237 quia
2621 3179 2748 3219 cum
2802 3162 2917 3232 ipse
2944 3159 3003 3214 in
3049 3164 3235 3230 aperto
3263 3154 3576 3228 iniquitatis
3604 3154 3882 3226 eruperit,

2277 3254 2577 3310 electorum
2642 3251 2878 3324 despicit
2929 3248 3296 3315 sanctitatem,
3361 3253 3416 3301 et
3463 3244 3642 3300 elatus
3697 3241 3886 3298 fatuos

2278 3343 2534 3416 appellat,
2591 3358 2750 3416 quos,
2793 3355 2926 3412 pace
2961 3355 3178 3412 pressus
3206 3335 3359 3404 ﬁdei,
3399 3333 3604 3391 callida
3645 3340 3765 3390 arte
3800 3333 3887 3388 si-

2279 3433 2542 3490 mulabat.
2575 3431 2710 3500 Quis
2737 3447 2869 3488 vero
2905 3430 3048 3486 alius
3077 3426 3243 3500 hujus
3261 3439 3517 3482 ascensor
3543 3430 3627 3480 est
3655 3421 3883 3496 equitis,

2279 3525 2389 3582 nisi
2417 3525 2766 3596 omnipotens
2790 3524 2959 3590 Deus,
2975 3519 3070 3594 qui
3097 3525 3151 3575 et
3177 3534 3240 3575 ea
3269 3531 3391 3591 quas
3421 3531 3534 3571 non
3563 3519 3724 3570 erant
3750 3529 3884 3586 prae-

2283 3617 2478 3673 videns
2506 3613 2777 3682 condidit,
2829 3621 2884 3668 et
2931 3627 2995 3667 ea
3041 3625 3160 3683 quae
3201 3615 3332 3664 sunt
3359 3603 3646 3679 possidens
3712 3600 3885 3675 regit?

2284 3704 2549 3764 Ascendit
2577 3704 2778 3778 quippe
2806 3700 3067 3776 equitem,
3099 3696 3230 3773 quia
3251 3695 3392 3770 justi
3441 3691 3888 3766 uniuscujusque

2286 3795 2394 3852 viri
2431 3795 2681 3851 animum
2711 3791 2974 3866 possidet,
3013 3805 3112 3846 sua
3136 3789 3275 3846 bene
3311 3785 3558 3844 membra
3587 3781 3890 3858 possiden—

2286 3895 2416 3945 tem.
2451 3886 2592 3942 Huic
2620 3901 2746 3956 ergo
2774 3880 3078 3956 hypocrita:
3099 3877 3348 3935 deridere
3371 3876 3612 3952 equitem
3641 3884 3730 3932 est
3756 3887 3891 3930 san-

2285 3983 2404 4032 ctos
2432 3973 2738 4046 despicere;
2769 3970 3017 4026 deridere
3046 3983 3178 4026 vero
3204 3982 3550 4026 ascensorem
3579 3963 3792 4040 equitis
3809 3967 3890 4018 est

2289 4063 2540 4140 prosilire
2572 4078 2744 4135 usque
2773 4059 2842 4117 ad
2872 4058 3134 4132 injuriam
3163 4057 3449 4116 creatoris.

2359 4153 2448 4210 28.
2490 4155 2558 4211 In
2578 4152 2811 4224 lapsibus
2837 4169 2875 4206 a
2901 4149 3118 4206 minimo
3146 4149 3428 4222 incipitur,
3459 4154 3508 4204 et
3535 4147 3608 4204 ad
3633 4144 3890 4219 graviora

2281 4241 2614 4316 pervenitur.
2671 4241 2868 4302 Multos
2916 4241 3086 4296 malos
3114 4241 3341 4296 occultos
3393 4236 3628 4297 Ecclesia
3676 4236 3888 4292 tolerat.

2295 4335 2408 4392 Cur
2433 4334 2491 4389 in
2544 4331 2783 4390 Ecclesia
2815 4331 2949 4388 mali
2975 4331 3124 4388 bonis
3142 4329 3378 4387 immisti.
3407 4325 3774 4388 Rhinocerotis
3801 4330 3894 4382 aut

2291 4424 2567 4481 unicornis
2594 4422 2804 4478 nomine
2813 4420 3069 4492 judaicus
3089 4421 3324 4494 populus
3353 4418 3746 4492 intelligendus.
3769 4414 3893 4473 Rhi-

2291 4531 2508 4571 noceros
2531 4531 2640 4585 qua
2660 4519 2780 4570 arte
2806 4511 3094 4584 mitigetur.
3123 4542 3196 4553 —
3215 4511 3359 4581 Quia
3387 4509 3538 4568 enim
3562 4508 3624 4565 in
3649 4520 3893 4578 unoquo-

581 4643 781 4693 sanctae
826 4601 1086 4690 Ecclesiae
1114 4645 1244 4702 pace
1271 4601 1557 4701 premitur,
1587 4636 1641 4682 et
1678 4625 1890 4681 idcirco
1918 4631 2044 4678 ante
2075 4637 2189 4676 no-
2299 4624 2402 4682 que
2432 4609 2588 4680 lapsu
2626 4623 2659 4664 ὃ
2685 4601 2934 4662 minimis
2970 4618 3184 4676 semper
3227 4602 3516 4673 iHCiPiml';
3563 4607 3620 4656 εὶ
3638 4611 3894 4702 εαοοΐξεν

581 4733 724 4783 stros
751 4723 941 4782 oculos
984 4687 1287 4790 religionis.
1313 4716 1527 4770 visione
1557 4714 1807 4769 vestitur.
1827 4711 1884 4768 Si
1915 4726 2024 4784 qua
2057 4725 2188 4766 vero
2297 4701 2550 4778 pentibus
2577 4697 2885 4756 defectibus
2903 4695 2972 4752 ad
2999 4694 3250 4769 graviora
3269 4693 3612 4766 pervenitur,
3636 4687 3897 4790 recte

509 4889 512 4892 ἢ
580 4776 816 4872 tentatio
980 4776 1252 4878 erumpat,
1269 4804 1455 4861 statim
1470 4802 1588 4874 lupi
1604 4817 1759 4857 mens
1783 4776 1976 4856 rabida
1993 4796 2190 4856 habitu
2297 4776 2523 4866 pocritsa
2538 4789 2708 4864 hujus
2728 4787 2995 4862 iniquitas
3009 4801 3108 4860 per
3121 4783 3404 4858 supposita
3416 4779 3774 4839 detrimenta”
3791 4776 3895 4833 dis-

659 5024 676 5059 ¹
693 5022 835 5082 Male
863 5019 920 5077 in
950 5013 1117 5074 duob.
1135 5014 1320 5072 Germ.
1341 5019 1395 5069 et
1415 5011 1472 5068 in
1500 5015 1706 5067 recent.
1730 5005 1931 5082 Editis,
1960 5006 2189 5082 illigero
2297 5000 2576 5082 cum-Mss.
2593 4996 2773 5082 habet
2800 4993 3006 5082 optime
3033 4991 3173 5082 qugd
3201 4990 3353 5082 dixi:
3370 4986 3606 5082 lljeliquta
3633 4978 3899 5082 qua:qu

580 5079 1036 5169 proicitusispei.
1074 5085 1506 5144 Emendavimus
1539 5099 1609 5169 ex
1637 5082 1764 5169 hri‘s‘s.
1799 5081 2012 5149 Norm.,
2044 5079 2180 5137 Vin.

587 5152 736 5232 hoc,
776 5163 972 5231 Laud.,
1003 5167 1132 5228 etc.,
1162 5161 1622 5232 necnonexmvet.
1656 5152 1760 5232 Ed.

660 5239 682 5274 ²
717 5223 785 5314 in
815 5223 1287 5314 Vind'oc.,.Laud.,
1305 5228 1428 5288 Val.
1453 5226 1560 5294 CL,
1586 5225 1714 5298 quia
1734 5225 1790 5280 in
1806 5223 1936 5296 ipsis
1955 5239 2178 5295 quoque.

587 5309 710 5366 Duo
739 5308 948 5373 Germ.,
979 5308 1037 5359 in
1073 5308 1208 5374 ipsa.

662 5381 684 5414 ³
724 5376 984 5444 Vindoc.,
1014 5373 1212 5431 Pratel.
1257 5389 1320 5430 ac
1347 5373 1482 5444 pler.
1513 5370 1729 5444 Norm.,
1759 5367 2038 5440 despicere.

662 5449 685 5485 ⁸
723 5440 1045 5504 νὶηάοοίθῑ
1071 5447 1284 5512 Norm.,
1310 5440 1733 5516 reprehendenda
1760 5446 1854 5497 est.

663 5519 686 5554 ⁵
723 5517 954 5574 Turon..
985 5517 1244 5574 Vindoc..
1268 5515 1484 5574 Norm.,
1513 5516 1612 5570 heu
1638 5511 1808 5574 pejus.

666 5529 686 5554 °
723 5529 954 5586 '1‘uron.,
993 5529 1244 5574 Vindoc..
1268 5529 1484 5581 Norm.,
1513 5529 1612 5570 neu
1635 5529 1808 5584 pejus.

666 5591 689 5668 ἒ
728 5587 995 5668 Correus
1021 5588 1080 5668 is
1107 5589 1208 5668 his-
1241 5585 1624 5668 Qorb-.G°r!n-
1657 5585 1798 5668 (ΞΡ)
1825 5577 2189 5668 ρξηίξιξιεὲεδξέ

591 5660 724 5731 Ed.,
749 5659 891 5732 quod
906 5649 1076 5714 'dixit.
1096 5657 1384 5732 _Mendum
1411 5657 1518 5716 hoc
1554 5657 1613 5713 in
1658 5654 1812 5732 E_d_i_t.
1843 5652 2011 5732 l}asil.

595 5720 822 5829 invenio
849 5730 908 5788 in
927 5728 1140 5788 exteris
1155 5733 1342 5802 postea
1365 5734 1658 5786 retentum.
1677 5725 1828 5784 Edit.
1849 5722 2023 5783 Paris.
2051 5720 2190 5779 1495

2298 5055 2573 5131 scuritate
2591 5055 2853 5126 laborant.
2871 5066 2950 5122 sic
2979 5055 3259 5136 intelligei:
3285 5060 3432 5136 quod
3461 5055 3602 5136 dixi,
3637 5055 3896 5136 privavit,

2289 5125 2414 5220 ab};
2429 5125 2500 5220 eo
2514 5125 2686 5220 sensu
2698 5137 3042 5220 _capiendum
3053 5125 3245 5220 ,ηαυΒᾲ
3273 5125 3422 5220 ﬁeus
3446 5125 3782 5220 sapientiam
3795 5125 3899 5220 ab:

2291 5201 2510 5274 stulerit
2528 5213 2611 5282 (id
2624 5201 2930 5282 eiiimjuste
2948 5201 3390 5282 nonﬁeret),_sed
3406 5201 3554 5282 quod
3571 5201 3898 5282 sapientiam

2291 5271 2422 5346 {ibi
2449 5271 2682 5344 dederit.
2733 5271 2804 5338 in'
2833 5281 2961 5338 Mss.
3011 5271 3441 5346 Pratel.'Utic.,'
3465 5271 3672 5346 Corbf,
3706 5271 3896 5346 Germ:

2292 5336 2790 5428 viiiaSéL'iégitﬁE
2814 5371 2825 5408 :
2855 5336 2962 5408 non
2971 5350 3116 5428 juste
3135 5336 3450 5428 sapientiam
3475 5336 3716 5428 abstulit.
3727 5336 3896 5428 Quod

2291 5415 2454 5505 etiam
2477 5415 2686 5505 optimo
2707 5441 2868 5483 sensu
2887 5415 3065 5505 potest
3085 5422 3161 5480 ita
3182 5415 3436 5505 intelligi:
3454 5432 3569 5505 npn
3581 5415 3706 5472 dico
3726 5415 3903 5505 Usum

2291 5502 2440 5576 juste
2469 5489 2763 5557 abstulisse
2792 5489 3142 5568 sapientiam,
3173 5493 3267 5550 sed
3296 5489 3445 5564 juste
3473 5489 3793 5560 denegasse.

2379 5576 2398 5610 ⁷
2443 5573 2634 5631 Norm.
2665 5577 2721 5626 et
2747 5567 3014 5631 Vindoc.,
3042 5566 3294 5623 muneris.

2379 5581 2398 5610 ⁷
2443 5581 2634 5631 Norm.
2665 5581 2721 5626 et
2756 5581 3014 5636 vmuoc.,
3042 5581 3294 5623 manens.

2371 5646 2392 5682 ³
2431 5643 2662 5714 Longip.
2681 5658 2798 5714 quae
2820 5641 2882 5714 in
2909 5641 3002 5714 hoc
3019 5639 3233 5705 mundo,
3253 5634 3506 5709 martyrii
3532 5633 3688 5690 bello.

2375 5719 2396 5754 ο
2434 5711 2590 5772 Laud
2599 5711 2635 5784 ,ζ
2669 5711 3030 5785 distringitur.
