4156 6178
395 228 501 286 589

1119 241 1494 299 MORALIUM
1536 245 1668 301 LIB.
1711 246 1918 305 XXXI.
1959 281 2030 293 —
2066 252 2139 308 IN
2176 252 2402 311 CAPUT
2443 258 2685 314 XXXIX
2725 260 2787 316 B.
2829 262 2970 319 JOB.

3590 275 3698 333 590
3734 242 3737 247 ’

395 355 686 471 tinguitur,
718 366 779 414 ut
810 359 1024 471 dicatqr
1064 364 1216 436 prius
1248 366 1455 471 b‘onum
1497 385 1553 426 se
1597 372 1740 444 quod
1774 390 1883 430 non
1914 376 1985 431 sit
2008 382 2059 440 Α
2088 379 2309 451 phantis
2334 382 2553 455 quando
2582 391 2859 441 certamen
2890 389 3226 461 aggreditur,
3253 409 3316 450 eo
3348 412 3521 453 cornu
3552 399 3700 471 quod

392 444 702 515 ostendere,
742 449 1088 520 postmodum
1119 469 1250 510 vero
1279 454 1454 513 bonos
1482 468 1664 531 aperte
1693 461 1992 533 despicere,

390 532 461 588 ad
498 541 807 592 extremum
846 554 1060 613 quoque
1090 559 1261 616 usque
1290 545 1358 601 ad
1389 546 1649 619 injuriam
1688 532 1989 609 conditoris

389 621 608 678 exilire.
632 623 923 696 Nunquam
953 627 1155 702 quippe
1197 631 1312 688 illic
1359 634 1544 690 anima
1582 652 1691 708 quo
1733 637 1993 696 ceciderit

382 709 550 782 jacet,
583 710 711 784 quia
743 714 1053 774 voluntarie
1081 721 1247 776 semel
1280 722 1450 794 lapsa,
1484 723 1592 780 ‘ad
1621 723 1806 797 pejora
1844 743 1991 799 pon-

387 801 516 858 dere
543 819 655 859 suae
691 804 999 877 iniquitatis
1047 808 1372 883 impellitur,
1429 821 1491 869 ut
1539 813 1599 869 in
1653 816 1988 887 profundum

385 906 668 960 corruens,
701 909 914 966 semper
952 895 1133 955 adhuc
1178 900 1508 971 profundius
1554 902 1837 960 obruatur.
1885 905 1989 962 Eat

384 995 513 1052 ergo
561 979 874 1053 hypocrita,
905 993 961 1040 et
988 1001 1138 1043 nunc
1166 1004 1291 1045 suas
1320 989 1508 1047 laudes
1535 1000 1783 1064 appetat;
1828 1000 1989 1065 post-

383 1068 612 1126 modum
642 1070 818 1127 vitam
853 1074 1236 1145 proximorum
1278 1087 1507 1151 premat,
1557 1089 1611 1137 et
1661 1082 1988 1155 quandoque

384 1157 407 1192 ²
434 1173 493 1215 se
520 1158 582 1214 in
616 1158 875 1218 irrisione
903 1164 991 1219 sui
1018 1165 1322 1223 conditoris
1349 1177 1623 1239 exerceat,
1654 1179 1717 1227 ut
1742 1188 1852 1244 quo
1881 1171 1988 1227 ela-

381 1248 528 1304 tiora
550 1262 767 1321 semper
792 1252 1086 1324 excogitat,
1129 1269 1193 1311 eo
1220 1272 1276 1312 se
1304 1257 1589 1331 suppliciis
1625 1258 1991 1317 atrocioribus

380 1336 689 1409 immergat.
724 1338 769 1395 Ο
798 1355 962 1412 quam
994 1343 1199 1401 multos
1229 1346 1365 1403 tales
1394 1363 1543 1403 nunc
1572 1357 1759 1405 sancta
1788 1349 1989 1405 Eccle-

378 1425 459 1482 sia
510 1426 731 1496 tolerat,
791 1443 928 1501 quos
978 1448 1105 1489 cum
1158 1442 1376 1507 tempus
1434 1436 1695 1507 eruperit,
1758 1438 1989 1494 tentatio

376 1522 565 1587 aperta
590 1516 926 1575 manifestat.
976 1519 1084 1588 Qui
1118 1523 1433 1580 voluntates
1462 1540 1607 1593 snas,
1639 1524 1769 1597 quia
1798 1535 1989 1583 contra

376 1622 502 1662 eum
532 1606 699 1664 modo
726 1624 839 1665 non
867 1619 1122 1681 exerunt,
1175 1614 1329 1687 quasi
1367 1616 1721 1689 complicatas
1761 1617 1985 1676 interim

2103 468 2161 523 in
2193 486 2321 525 nare
2364 471 2715 544 singulariter
2756 482 2946 546 gestat,
2998 487 3243 536 ventrem
3289 468 3699 545 adversantium

2101 557 2263 615 ferire
2298 561 2634 633 perhibetur,
2666 571 2727 620 ut
2756 582 2881 621 cum
2911 582 2975 623 ea
3002 582 3123 640 quae
3154 572 3408 629 molliora
3434 585 3563 633 sunt
3584 580 3700 635 vul-

2101 656 2272 717 nerat,
2305 649 2686 725 impugnantes
2713 670 2770 710 se
2798 654 2958 712 facile
2987 664 3220 714 sternat.
3252 660 3436 719 Potest
3457 666 3575 737 irgo
3604 684 3700 740 per

2100 735 2249 793 hunc
2283 738 2707 812 rhinocerotem,
2740 745 2827 800 vel
2875 753 3022 802 certe
3068 741 3496 822 monocerote‘m,
3516 735 3701 812 scili-

2098 834 2183 883 cet
2203 828 2546 900 unicornem,
2576 832 2669 888 ille
2697 834 2933 905 populus
2961 835 3196 909 intelligi
3222 840 3317 912 qui
3339 840 3471 898 dum
3503 843 3569 901 de
3597 862 3700 903 ac-

2098 924 2253 987 cepta
2286 916 2400 990 lege
2428 936 2540 976 non
2563 936 2747 993 opera,
2770 922 2865 978 sed
2892 924 3064 981 solam
3095 926 3240 984 inter
3266 938 3493 988 cunctos
3524 930 3698 990 homi.

2098 1018 2194 1060 nes
2225 1006 2518 1064 elationem
2547 1011 2803 1083 sumpsit,
2841 1014 2995 1084 quasi
3040 1014 3184 1071 inter
3229 1026 3452 1078 caeteras
3496 1021 3699 1081 bestias

2096 1112 2269 1153 cornu
2298 1096 2574 1169 singulare
2603 1100 2853 1171 gestavit.
2889 1103 3043 1162 Unde
3071 1107 3563 1177 passionemsuam
3593 1115 3698 1170 Do-

2096 1183 2302 1254 minus,
2342 1185 2615 1259 Propheta
2642 1198 2889 1260 canente,
2932 1195 3315 1267 pronuntians,
3344 1200 3457 1257 ait:
3507 1202 3698 1260 Libera

2094 1288 2176 1328 me
2203 1274 2265 1329 de
2291 1291 2381 1330 ore
2412 1275 2591 1345 leonis,
2624 1283 2673 1332 et
2698 1279 2758 1334 de
2784 1282 3028 1339 cornibus
3057 1286 3391 1344 unicornium
3414 1290 3699 1349 humilita-

2099 1368 2195 1454 tem
2226 1381 2391 1420 meam
2436 1366 2617 1438 (Psal.
2651 1386 2771 1438 xxr,
2803 1370 2919 1443 22).
2962 1373 3065 1430 Tot
3093 1377 3294 1450 quippe
3325 1378 3385 1436 in
3413 1381 3511 1438 illa
3538 1390 3696 1454 gente

2096 1451 2409 1522 unicornes,
2442 1456 2529 1511 vel
2571 1467 2714 1515 certe
2755 1460 3128 1522 rhinocerotes
3166 1470 3519 1539 exstiterunt,
3545 1451 3696 1545 quod

2096 1548 2287 1598 contra
2311 1544 2733 1616 praedicamenta
2762 1552 3011 1611 veritatis
3040 1554 3107 1611 de
3130 1556 3265 1631 legis
3291 1544 3695 1632 operibus,sin-

2094 1634 2271 1704 gulari
2300 1642 2354 1690 et
2381 1635 2532 1694 fatua
2560 1638 2793 1698 elatione
2814 1643 3006 1700 confisi
3027 1654 3173 1703 sunt.
3206 1649 3370 1706 Beato
3400 1650 3568 1723 igitur
3592 1652 3694 1709 Job

376 1696 491 1795 alas
520 1698 917 1806 cogitationum
946 1711 1223 1773 premunt.
1258 1704 1411 1803 Quia.
1426 1704 1574 1760 enim
1608 1721 1640 1760 a
1666 1705 1831 1806 hopis
1851 1724 1987 1806 ‘ma-
2017 1744 2065 1806 Β
2095 1696 2296 1781 gamma
2324 1724 2584 1784 Ecclesia,
2614 1696 3319 1802 ιγριιιῇ

378 1785 556 1858 lisque
589 1786 707 1843 haec
739 1789 855 1845 vita
882 1791 1256 1848 communiter
1286 1792 1530 1861 ducitur,
1560 1809 1710 1849 nunc
1737 1794 1986 1852 Ecclesia

377 1889 450 1929 ex
489 1881 850 1950 utrorumque
890 1894 1121 1936 numero
1152 1880 1449 1939 visibiliter
1474 1889 1857 1955 congregatur,
1888 1884 1984 1941 sed

376 1963 494 2018 Deo
522 1964 875 2022 invisibiliter
888 1965 1174 2038 judicante
1195 1968 1550 2038 discernitur,
1568 1978 1730 2043 atque
1748 1971 1806 2028 in
1828 1973 1984 2030 exitu

377 2067 478 2108 suo
523 2068 554 2108 a
592 2054 949 2127 reproborum
993 2057 1252 2115 societate
1304 2067 1604 2132 separatur.
1641 2061 1805 2119 Modo
1850 2078 1983 2119 vero

377 2159 490 2201 esse
517 2143 575 2202 in
605 2163 668 2203 ea
695 2164 797 2205 nec
823 2148 957 2206 boni
986 2150 1105 2207 sine
1134 2152 1312 2221 malis,
1343 2169 1446 2209 nec
1475 2153 1607 2209 mali
1654 2153 1773 2209 sine
1821 2152 1984 2210 bonis

374 2243 621 2304 possunt.
674 2237 790 2294 Hoc
817 2238 967 2294 enim
1000 2248 1241 2314 tempore
1272 2241 1569 2314 conjuncta
1596 2250 1829 2314 utraque
1858 2258 1982 2314 pars

374 2322 481 2379 sibi
507 2326 818 2383 necessario
856 2328 1133 2400 congruit,
1179 2339 1242 2387 ut
1281 2338 1335 2387 et
1379 2331 1512 2387 mali
1559 2340 1845 2388 mutentur
1886 2347 1983 2404 per

371 2414 627 2486 exempla
654 2414 949 2484 bonorum,
974 2424 1030 2472 et
1045 2416 1176 2473 boni
1198 2427 1501 2491 purgentur
1528 2436 1626 2492 per
1643 2422 1981 2477 tentanienta

371 2502 672 2559 malorum.
713 2504 896 2577 Atque
924 2504 1049 2561 ideo
1078 2507 1349 2563 Dominus
1376 2517 1662 2581 postquam
1699 2510 1802 2565 sub
1826 2517 1981 2566 stru-

370 2590 590 2648 thionis
636 2592 818 2664 specie
844 2594 1021 2649 multa
1047 2593 1114 2651 de
1142 2595 1559 2669 hypocritarum
1600 2598 1979 2672 reprobatione

371 2676 591 2748 intulit,
623 2696 758 2738 mox
785 2682 855 2738 ad
885 2682 1184 2740 electorum
1222 2693 1424 2741 sortem
1472 2688 1637 2744 verba
1684 2688 1976 2757 convertit,

368 2773 434 2823 ut
463 2768 561 2841 qui
589 2768 648 2824 in
677 2769 793 2826 illis
819 2770 1108 2829 audierant
1136 2774 1282 2846 quod
1326 2774 1596 2848 fugientes
1634 2778 1886 2846 tolerent,
1916 2777 1976 2833 in

369 2855 493 2912 istis
544 2858 781 2915 audiant
840 2860 988 2933 quod
1057 2862 1337 2943 imitantes
1394 2873 1597 2923 ament.
1669 2866 1972 2940 Sequitur:

384 2941 526 3018 [Rec.
567 2946 665 3022 Χ.]
695 2949 953 3020 Nunquid
973 2941 1228 3022 praebebis
1275 2970 1404 3024 equo
1445 2953 1833 3025 fortitudinem,
1883 2961 1978 3013 aut

368 3033 722 3093 circumdabis
746 3038 881 3094 collo
910 3039 1024 3110 ejus
1048 3040 1311 3097 hinnitum
1326 3043 1355 3099 ἵ

436 3180 526 3239 29.
558 3180 666 3237 Sed
695 3180 924 3239 fortasse
952 3183 1106 3255 prius
1133 3200 1297 3257 quam
1328 3184 1496 3259 hujus
1522 3186 1648 3260 equi
1678 3186 1972 3245 fortitudi-

370 3297 494 3337 nem
549 3277 739 3335 1010
774 3279 1167 3354 hinnitumque
1207 3282 1557 3354 disseramus,
1598 3285 1666 3341 ab
1694 3285 1971 3361 aliquibus

368 3371 633 3445 quaeritur
669 3379 733 3428 ut
776 3371 937 3427 aliter
978 3372 1143 3428 etiam
1192 3375 1500 3431 moralitate
1547 3376 1868 3448 postposita,
1917 3382 1971 3433 et

365 3460 730 3519 rhinocerotis
757 3460 957 3530 virtus,
988 3471 1041 3518 et
1068 3462 1402 3521 struthionis
1429 3465 1596 3538 hujus
1620 3466 1847 3522 fatuitas
1875 3482 1970 3521 ex-

364 3559 621 3624 ponatur.
654 3552 853 3608 Manna
880 3552 1082 3625 quippe
1103 3560 1183 3609 est
1202 3553 1433 3610 verbum
1462 3555 1583 3623 Dei,
1615 3563 1669 3611 et
1696 3554 1970 3628 quidquid

364 3639 505 3695 bene
532 3640 785 3697 voluntas
814 3639 1167 3712 suscipientis
1203 3642 1430 3713 appetit,
1472 3641 1579 3699 hoc
1616 3644 1864 3714 profecto
1909 3644 1967 3701 in

367 3746 463 3786 ore
487 3731 819 3788 comedentis
847 3729 990 3802 sapit
1021 3729 1224 3801 (Exod.
1255 3730 1403 3801 xvi).
1435 3730 1602 3786 Terra
1629 3739 1710 3787 est
1737 3732 1969 3788 verbum

362 3819 489 3888 Dei,
537 3836 697 3895 quam
756 3827 963 3894 quanto
1006 3819 1163 3876 labor
1206 3818 1539 3893 inquirentis
1578 3821 1772 3893 exigit,
1814 3829 1968 3877 tanto

361 3910 570 3983 largius
596 3910 839 3969 fructum
875 3909 1077 3967 reddit.
1123 3909 1297 3968 Debet
1331 3925 1458 3983 ergo
1488 3909 1799 3967 intellectus
1827 3911 1967 3968 sacri

361 4000 571 4074 eloquii
624 4001 922 4074 multiplici
976 4000 1339 4074 inquisitione
1394 4000 1674 4069 ventilari,
1728 4001 1858 4073 quia
1913 4008 1968 4057 et

362 4098 530 4158 terra,
561 4107 683 4165 quae
720 4090 919 4164 saepius
951 4089 1158 4147 arando
1185 4089 1442 4160 vertitur,
1473 4091 1542 4147 ad
1569 4091 1783 4165 frugem
1821 4091 1968 4149 ube-

362 4182 479 4238 rius
526 4188 764 4254 aptatur.
805 4180 936 4249 Quae
964 4180 1135 4254 igitur
1162 4188 1217 4238 et
1245 4181 1406 4238 aliter
1431 4180 1499 4237 de
1527 4179 1875 4239 rhinocerote
1902 4198 1966 4242 ac

363 4276 679 4335 struthione
726 4276 1016 4345 sentimus,
1059 4274 1162 4331 sub
1208 4273 1477 4331 brevitate
1521 4272 1960 4345 perstringimus,

362 4368 493 4441 quia
520 4367 590 4424 ad
617 4384 680 4425 ea
708 4384 828 4442 quae
858 4367 880 4403 ³
911 4365 1239 4437 obligatiora
1266 4371 1413 4431 sunt,
1444 4362 1733 4419 enodanda
1756 4378 1964 4437 prope-

362 4474 566 4514 ramus.
600 4454 740 4532 [Vet.
772 4452 962 4528 ΧΙΙΙ.]
985 4453 1323 4511 Rhinoceros
1352 4452 1475 4521 iste,
1508 4451 1603 4525 qui
1636 4452 1801 4508 etiam
1832 4469 1961 4509 mo-

361 4564 593 4606 noceros
632 4546 692 4603 in
720 4545 925 4603 Graecis
968 4543 1373 4616 exemplaribus
1412 4542 1751 4611 nominatur,
1793 4550 1960 4600 tantae

359 4656 477 4698 esse
506 4638 852 4697 fortitudinis
876 4636 1100 4704 dicitur,
1133 4640 1196 4690 ut
1221 4635 1376 4690 nulla
1402 4632 1723 4690 venantium
1755 4634 1958 4691 virtute

360 4732 642 4806 capiatur;
672 4729 765 4787 sed
790 4729 936 4786 sicut
962 4727 1020 4783 hi
1049 4732 1319 4794 asserunt,
1344 4726 1438 4800 qui
1468 4724 1841 4782 describendis
1866 4742 1958 4782 na-

361 4821 503 4879 turis
531 4819 854 4878 animalium
875 4818 1149 4875 laboriosa
1163 4815 1583 4888 investigatione
1599 4815 1956 4889 sudaverunt,

359 4914 520 4987 virgo
539 4913 589 4969 ei
600 4914 795 4986 puella
812 4910 1155 4985 proponitur,
1178 4925 1297 4983 quae
1327 4908 1395 4965 ad
1420 4924 1476 4966 se
1504 4908 1751 4965 venienti
1775 4907 1959 4964 sinum

360 5004 559 5077 aperit,
586 5003 643 5059 in
673 5019 783 5077 quo
811 5001 906 5058 ille
933 5000 1087 5057 omni
1125 5000 1408 5056 ferocitate
1450 4998 1753 5072 postposita
1797 5004 1962 5069 caput

360 5093 612 5166 deponit,
654 5093 842 5167 sicque
868 5089 937 5147 ab
965 5090 1044 5148 eis
1070 5107 1101 5146 a
1129 5089 1331 5164 quibus
1372 5090 1493 5162 capi
1536 5089 1821 5161 quaeritur,
1865 5103 1962 5143 re-

361 5191 525 5257 pente
552 5184 705 5253 velut
735 5182 962 5239 inermis
992 5179 1135 5256 [Al.,
1166 5179 1422 5255 enervus]
1452 5179 1752 5236 invenitur.
1785 5176 1961 5233 Buxei

361 5289 581 5350 quoque
612 5273 812 5333 coloris
840 5289 955 5332 esse
983 5270 1333 5341 describitur,
1364 5269 1461 5344 qui
1489 5268 1655 5326 etiam
1684 5283 1809 5325 cum
1838 5266 1960 5324 ele-

439 5521 707 5603 ‘_Gegm.,
737 5520 911 5583 Laud.
952 5527 1007 5580 et
1034 5519 1158 5603 vn.
1191 5518 1325 5603 _Cl.,
1363 5517 1659 5603 pejora
1699 5515 1959 5590 pondera.

362 5597 529 5674 Coi-13:
559 5590 746 5674 Germ.
777 5604 1072 5674 utramque
1101 5593 1227 5674 lect.
1261 5590 1525 5674 admittit.
1678 5662 1688 5674 .
1764 5662 1774 5673 ο
1851 5660 1863 5673 υ
1899 5661 1911 5673 ,

434 5670 457 5705 ³
480 5670 604 5729 Val.
637 5669 746 5735 CL,
776 5686 828 5723 se
857 5669 908 5723 in
940 5663 1312 5722 ifrilationem.
1352 5663 1560 5732 Germ.,
1590 5680 1641 5719 se
1669 5663 1723 5717 in
1753 5663 1964 5718 irrisio-

360 5758 498 5798 nem.

2679 1872 2906 1931 CAPUT
2954 1877 3104 1937 XVI.

2165 1982 2294 2041 CAP.
2326 2001 2525 2059 xxxrx,
2559 1990 2730 2058 Vnus.
2761 1994 2815 2051 9.
2856 1994 3203 2067 —Nunquid
3228 1997 3367 2054 volet
3390 1997 3691 2059 rhinoceros

2091 2073 2290 2128 servire
2319 2074 2412 2130 tibi
2424 2078 2452 2132 7

2163 2190 2250 2248 30.
2283 2194 2375 2248 Ea:
2401 2194 2603 2251 Iudicis
2628 2196 2808 2267 ferox,
2841 2203 3038 2259 Saulus
3054 2222 3089 2260 a
3112 2203 3323 2262 Christo
3351 2206 3597 2265 domitus.
3623 2240 3687 2253 -

2091 2278 2173 2335 Ac
2211 2280 2258 2335 si
2294 2283 2537 2352 apertius
2579 2285 2831 2345 dicatur:
2882 2292 3147 2365 Nunquid
3191 2293 3350 2350 illum
3397 2297 3686 2369 populum,

2090 2384 2253 2441 quem
2300 2374 2584 2445 superbire
2616 2377 2673 2432 in
2698 2394 2830 2435 nece
2858 2379 3104 2437 ﬁdelium
3132 2384 3301 2440 stulta
3328 2401 3427 2442 sua
3451 2387 3689 2445 elatione

2090 2462 2426 2534 consideras,
2466 2466 2569 2523 sub
2611 2467 2735 2541 jure
2784 2478 2893 2527 tuae
2950 2473 3357 2545 praedicationis
3409 2477 3687 2536 inclines?

2087 2551 2351 2609 subaudis
2384 2562 2444 2610 ut
2473 2571 2593 2627 ego,
2624 2558 2717 2630 qui
2749 2567 2802 2615 et
2845 2571 3038 2619 contra
3083 2581 3169 2620 me
3216 2566 3375 2621 illum
3422 2567 3687 2639 singulari

2087 2657 2259 2698 cornu
2286 2644 2480 2699 extolli
2507 2647 2804 2719 conspicio,
2836 2656 2890 2706 et
2918 2658 3102 2709 tamen
3137 2654 3275 2710 mihi
3303 2671 3428 2713 cum
3459 2655 3686 2713 voluero

2086 2733 2337 2803 protinus
2361 2734 2555 2791 subdo.
2581 2737 2685 2793 Sed
2707 2738 2813 2797 hoc
2842 2742 3034 2798 melius
3054 2745 3415 2814 ostendimus,
3439 2746 3484 2803 si
3505 2747 3573 2803 de
3596 2764 3684 2821 ge-

2086 2836 2214 2879 nere
2229 2823 2296 2879 ad
2312 2825 2547 2896 speciem
2568 2833 2926 2886 transeamus.
2951 2832 3048 2886 Ille
3068 2848 3195 2905 ergo
3206 2849 3277 2889 ex
3292 2834 3398 2892 hoc
3414 2838 3616 2907 populo
3633 2846 3685 2893 et

2084 2912 2237 2984 prius
2258 2913 2316 2969 in
2336 2916 2610 2986 superbia,
2642 2928 2695 2975 et
2724 2921 3073 2991 postmodum
3104 2924 3411 2996 praecipuus
3440 2927 3597 2981 testis
3626 2934 3681 2981 tn

2086 3001 2401 3060 humilitate
2415 3005 2575 3062 nobis
2590 3008 2655 3063 ad
2680 3009 2923 3066 medium
2946 3012 3145 3068 Paulus
3164 3012 3415 3082 ducatur,
3433 3014 3528 3086 qui
3551 3014 3680 3072 dum

2006 3124 2050 3185 Ο
2085 3104 2277 3151 contra
2304 3098 2479 3153 Deum
2509 3113 2565 3154 se
2593 3099 2748 3171 quasi
2772 3099 2838 3155 de
2867 3100 3118 3157 custodia
3146 3102 3281 3174 legis
3311 3104 3557 3161 nesciens
3583 3122 3682 3161 ex-

2082 3186 2232 3254 tulit,
2261 3202 2435 3244 cornu
2463 3187 2521 3243 in
2546 3204 2679 3245 nare
2710 3189 2961 3262 gestavit.
2988 3190 3140 3247 Unde
3165 3199 3220 3247 et
3245 3192 3351 3249 hoc
3379 3192 3559 3265 ipsum
3590 3211 3681 3250 na-

2081 3274 2157 3330 ris
2201 3292 2374 3332 cornu
2422 3293 2518 3350 per
2572 3277 2942 3336 humilitatem
2990 3282 3340 3353 postmodum
3387 3281 3680 3352 inclinans,

2080 3363 2249 3422 dicit:
2280 3367 2383 3435 Qui
2405 3368 2563 3440 prius
2583 3368 2670 3439 fui
2690 3370 3035 3442 blasphemus,
3071 3378 3119 3427 et
3139 3380 3463 3445 persecutor,
3494 3381 3542 3429 et
3564 3392 3682 3431 con-

2082 3457 2383 3512 tumeliosus
2401 3476 2418 3512 :
2468 3459 2557 3514 sed
2597 3461 3015 3518 misericordiam
3059 3462 3159 3518 Dei
3202 3470 3499 3520 consecutus
3544 3482 3680 3535 sum,

2079 3545 2205 3614 quia
2224 3546 2479 3618 ignorans
2501 3549 2604 3619 feci
2619 3552 2684 3622 (Ι
2712 3552 2843 3607 Tim.
2877 3569 2916 3620 1,
2936 3553 3049 3625 i3).
3070 3554 3132 3609 In
3161 3571 3292 3611 nare
3322 3570 3494 3611 cornu
3511 3563 3681 3628 gesta-

2079 3631 2191 3702 bat,
2227 3636 2323 3710 qui
2352 3637 2681 3708 placiturum
2702 3656 2758 3696 se
2773 3641 2886 3695 Deo
2905 3641 2974 3697 de
2994 3641 3318 3699 crudelitate
3346 3645 3676 3714 conﬁdebat,

2079 3724 2222 3780 sicut
2254 3725 2369 3797 ipse
2399 3730 2749 3799 postmodum
2778 3734 3132 3804 semetipsum
3149 3735 3477 3806 redarguens
3507 3736 3674 3794 dicit:

2079 3816 2153 3870 Et
2171 3816 2513 3887 proﬁciebam
2548 3817 2608 3872 in
2643 3818 2918 3875 Judaismo
2955 3835 3122 3891 supra
3164 3824 3357 3877 multos
3399 3830 3680 3880 cowtaneos

2078 3921 2217 3960 meos
2243 3904 2300 3959 in
2335 3921 2516 3977 genere
2541 3922 2674 3973 meo,
2721 3907 3080 3964 abundantius
3124 3911 3405 3966 aemulator
3452 3913 3679 3969 existens

2070 4000 2425 4065 paternarum
2450 4012 2691 4052 mearum
2720 3996 3064 4053 traditionum
3090 3999 3304 4069 (Galat.
3336 4017 3376 4069 ι,
3407 3999 3519 4075 14).
3552 4002 3679 4059 Ηιι-

2070 4079 2165 4153 jus
2193 4091 2376 4140 autem
2406 4082 2773 4142 rhinocerotis
2818 4085 3203 4143 fortitudinem
3239 4087 3421 4144 omnis
3450 4098 3679 4146 venator

2076 4173 2358 4245 extimuit,
2395 4173 2524 4248 quia
2550 4175 2732 4233 Saulis
2759 4175 3028 4233 saevitiam
3058 4176 3436 4251 unusquisque
3468 4179 3678 4253 praedi-

2075 4270 2227 4319 cator
2254 4265 2497 4338 expavit.
2531 4266 2807 4339 Scriptum
2838 4283 3075 4340 namque
3104 4274 3220 4323 est:
3272 4267 3470 4325 Saulus
3506 4269 3678 4325 adhuc

2076 4351 2099 4385 ⁴
2127 4353 2342 4425 spirans
2379 4355 2651 4412 minarum
2683 4364 2867 4419 1011
2902 4364 2949 4412 et
2976 4356 3131 4413 cadis
3158 4357 3216 4411 in
3242 4357 3531 4429 discipulos
3556 4358 3676 4414 Do-

1991 4486 2041 4545 D
2072 4450 2227 4516 mini,
2257 4453 2470 4507 accessit
2494 4453 2565 4507 ad
2587 4453 2882 4525 principem
2909 4454 3260 4521 sacerdotum,
3294 4460 3345 4510 et
3361 4455 3515 4528 petiit
3534 4454 3600 4511 ab
3619 4472 3674 4509 eo
3774 4510 3791 4523 ,

2068 4541 2319 4612 epistolas
2345 4540 2408 4595 in
2433 4541 2754 4598 Damascum
2781 4543 2853 4598 ad
2876 4560 3187 4616 synagogas,
3217 4550 3278 4599 ut
3303 4545 3351 4599 si
3379 4562 3510 4617 quos
3536 4544 3674 4599 inve-

2064 4630 2229 4685 nisset
2253 4630 2416 4701 hujus
2438 4630 2539 4686 eice
2562 4631 2710 4687 viros
2738 4649 2801 4688 ac
2827 4633 3091 4700 mulieres,
3140 4635 3341 4689 vinctos
3364 4633 3675 4707 perducere:

2066 4720 2123 4775 in
2144 4720 2441 4776 Jerusalem
2458 4721 2608 4793 (Act.
2640 4738 2721 4791 IX,
2753 4722 2807 4791 1,
2839 4722 2919 4795 2).
2943 4721 3081 4780 Cum
3103 4723 3264 4780 flatus
3284 4739 3413 4779 nare
3445 4719 3674 4777 redden-

2067 4809 2170 4866 dus
2194 4809 2462 4876 trahitur,
2479 4810 2708 4882 spiratio
2733 4820 2981 4882 vocatur,
3003 4821 3058 4869 et
3082 4813 3224 4869 illud
3243 4828 3386 4882 saepe
3415 4825 3512 4881 per
3541 4807 3671 4864 odo-

2067 4916 2183 4957 rem
2213 4918 2342 4957 nare
2370 4901 2850 4974 deprehendimus,
2872 4901 3019 4975 quod
3048 4901 3226 4957 oculis
3255 4915 3366 4954 non
3392 4897 3666 4954 videmus.

2068 4991 2407 5049 Rhinoceros
2433 5005 2562 5062 ergo
2591 4990 2694 5045 iste
2721 5006 2852 5047 nare
2883 4989 3125 5061 gestabat
3169 5004 3343 5045 cornu
3378 5001 3487 5059 quo
3536 5001 3673 5056 per-

2069 5086 2298 5146 cuteret,
2326 5080 2457 5151 quia
2485 5078 2760 5135 minarum
2777 5088 2832 5135 et
2847 5078 3011 5136 caedis
3026 5078 3084 5133 in
3113 5075 3338 5132 Domini
3366 5073 3669 5147 discipulos

2069 5168 2303 5241 spirans,
2334 5174 2620 5241 postquam
2671 5175 2963 5240 praesentes
3008 5165 3378 5231 interfecerat,
3421 5163 3670 5222 absentes

2071 5255 2364 5331 quaerebat.
2395 5255 2502 5313 Sed
2529 5272 2654 5315 ecce
2693 5255 2874 5313 omnis
2913 5263 3041 5312 ante
3088 5254 3247 5311 illum
3289 5259 3523 5310 venator
3559 5252 3670 5310 ah-

2142 5510 2167 5552 3
2192 5510 2322 5595 Ed”
2353 5508 2892 5595 obligatoriaLmale;
2938 5505 3031 5567 hic
3071 5507 3389 5582 obligatoria
3417 5506 3668 5582 intellige

2073 5584 2247 5659 magis
2276 5584 2442 5656 ligata
2463 5582 2525 5640 'et
2553 5582 2852 5665 implicata.
3024 5655 3036 5667 .

2146 5659 2168 5693 ‘
2194 5656 2394 5713 Pratel.
2429 5672 2494 5713 ac
2520 5655 2689 5723 Utic.,
2721 5671 2934 5727 spirans
2960 5671 3135 5713 minas
3161 5661 3209 5711 et
3234 5657 3415 5714 credes.
