4156 6178
542 193 645 249 591

1749 200 1997 259 SANCTI
2035 204 2370 263 GREGORII
2405 207 2633 268 MA'GNI

3724 228 3825 286 592

541 315 846 416 διξοηάἱῐξιΐ,
878 314 936 416 it}
955 323 1038 414 es?
1065 315 1246 422 omittis
1275 316 1442 374 homo
1473 320 1736 378 rationale
1767 325 1982 396 sapiens
2009 327 2141 398 opi-
2167 360 2218 419 Α
2244 347 2365 404 quas
2393 335 2613 392 excisus
2643 345 2824 394 aratro
2851 337 2980 396 ﬁdei
3007 340 3192 398 sulcus
3218 341 3402 400 cordis
3433 344 3707 418 exciperet
3735 367 3824 422 per

541 406 708 461 nione
739 405 956 461 timoris
985 403 1104 478 ejus
1131 405 1418 480 eii‘ugatur.
1448 411 1518 468 Ut
1545 427 1673 484 ergo
1697 411 1846 472 hunc
1875 415 2141 473 rhinoce-

543 499 717 548 rotem
747 492 946 566 capiat,
978 494 1160 551 sinum
1210 513 1370 553 suum
1414 499 1592 572 virgo,
1640 499 1700 558 id
1744 509 1825 559 est
1871 511 2137 560 secretum

541 597 703 638 suum
732 582 850 656 ipsa
876 599 972 655 per
998 601 1056 641 se
1089 587 1104 620 ¹
1138 585 1406 644 inviolata
1432 589 1491 645 in
1527 606 1691 647 carne
1732 593 1832 648 Dei
1873 593 2140 666 sapientia

541 671 831 744 expandat.
863 672 1138 746 Scriptum
1169 675 1369 749 quippe
1384 686 1466 734 est
1481 679 1628 752 quod
1657 696 1783 736 cum
1812 683 2138 740 Damascum

541 771 803 834 pergeret,
837 762 1020 820 subito
1049 764 1420 823 circumfulsit
1450 769 1609 826 illum
1639 769 1728 826 die
1746 771 1926 828 media
1945 773 2044 828 lux
2072 773 2140 828 de

539 851 698 918 coelo,
728 858 782 906 et
811 867 920 907 vox
950 853 1094 910 facta
1122 862 1222 924 est,
1264 857 1454 914 dicens
1487 878 1498 915 :
1551 860 1734 928 Saule,
1781 860 1962 931 Saule,
2005 861 2140 934 quid

539 955 627 995 me
655 943 1040 1015 persequeris?
1075 943 1182 1012 Qui
1216 954 1524 1017 prostratus
1551 948 1609 1004 in
1640 956 1787 1005 terra
1815 951 2134 1022 respondit:

538 1027 674 1096 Quis
701 1045 780 1096 es,
800 1031 1078 1088 Domine?
1107 1031 1210 1088 Cui
1241 1034 1393 1092 illico
1422 1037 1656 1094 dicitur:
1689 1040 1806 1111 Ego
1835 1056 1955 1095 sum
1984 1041 2140 1096 Iesus

537 1118 868 1188 Nazarenus,
907 1136 1071 1192 quem
1101 1127 1162 1177 tu
1184 1127 1526 1199 persequeris
1559 1129 1700 1199 (Act.
1725 1145 1803 1197 1x,
1826 1128 1880 1197 4,
1905 1128 1961 1198 5,
1978 1128 2134 1204 seq.).

537 1205 710 1278 Virgo
739 1205 1002 1262 nimirum
1026 1206 1362 1267 rhinoceroti
1382 1213 1563 1269 sinum
1581 1231 1740 1270 suum
1755 1214 1988 1286 aperuit,
2009 1229 2136 1270 cum

537 1293 703 1350 Saulo
759 1295 1076 1368 incorrupta
1124 1299 1224 1354 Dei
1280 1301 1544 1374 sapientia
1599 1303 1996 1360 incarnationis
2026 1319 2138 1359 suae.

538 1387 865 1460 mysterium
895 1388 962 1444 de
991 1389 1129 1445 coelo
1158 1390 1432 1463 loquendo
1463 1393 1746 1464 patefecit;
1781 1399 1836 1449 et
1861 1391 2138 1448 fortitudi-

537 1493 664 1532 nem
695 1494 850 1534 suam
879 1477 1199 1536 rhinoceros
1234 1479 1494 1552 perdidit,
1535 1482 1666 1554 quia
1694 1489 1996 1554 prostratus
2024 1481 2140 1537 hu-

539 1566 638 1635 mi,
668 1583 830 1624 omne
858 1568 1005 1641 quod
1033 1569 1330 1640 superbum
1351 1569 1600 1628 tumebat
1619 1573 1823 1629 amisit.
1857 1571 1962 1640 Qui
1981 1571 2136 1641 dum,

537 1655 753 1712 sublato
780 1659 1070 1714 oculorum
1101 1659 1332 1729 lumine,
1371 1677 1540 1718 manu
1571 1662 1642 1718 ad
1667 1663 1941 1718 Ananiam
1972 1661 2139 1717 duci-

537 1753 651 1814 tur,
681 1753 830 1818 patet
850 1745 965 1819 jam
995 1749 1314 1806 rhinoceros
1355 1750 1481 1819 iste,
1525 1751 1726 1822 quibus
1753 1751 1852 1806 Dei
1883 1749 2014 1804 loris
2042 1765 2140 1804 as-

539 1835 820 1906 tringitur,
851 1837 979 1908 quia
1023 1837 1280 1892 videlicet
1321 1853 1433 1892 uno
1481 1838 1541 1892 in
1583 1845 1828 1908 tempore
1870 1838 2133 1905 caecitate,

537 1922 1300 1996 praedicatione,'baptismate
1331 1926 1550 1998 ligatur.
1601 1926 1706 1994 Qui
1747 1926 1912 1981 etiam
1940 1924 2010 1980 ad
2036 1925 2136 1981 Dei

536 2028 788 2084 praesaepe
819 2021 1063 2068 moratus
1094 2021 1193 2081 est,
1213 2015 1343 2087 quia
1362 2015 1641 2071 ruminare
1665 2013 1829 2070 verba
1849 2013 2136 2086 Evangelii

537 2101 862 2174 dedignatus
891 2119 1004 2160 non
1033 2111 1134 2160 est.
1163 2104 1260 2159 Ait
1287 2104 1436 2160 enim
1461 2121 1474 2160 :
1508 2104 1736 2161 Ascendi
1757 2105 2139 2176 Jerosolymam

536 2207 656 2246 cum
683 2192 964 2261 Barnaba,
1003 2201 1278 2266 assumpto
1304 2201 1352 2248 et
1383 2195 1520 2252 Tito.
1568 2193 1798 2251 Ascendi
1846 2200 2022 2249 autem
2067 2211 2139 2250 se-

537 2280 766 2337 cundum
791 2281 1178 2351 reuelationem,
1210 2289 1258 2337 et
1284 2284 1483 2340 contuli
1511 2301 1626 2340 cum
1653 2284 1764 2340 illis
1790 2283 2142 2355 Evangelium

541 2371 746 2444 (Galat.
779 2387 843 2440 ιι,
876 2371 930 2436 1,
961 2371 1040 2443 2).
1072 2373 1145 2428 Et
1173 2372 1268 2444 qui
1297 2373 1450 2444 prius
1471 2373 1695 2447 jejunus
1723 2373 2000 2430 audierat:
2032 2374 2143 2429 Du-

536 2476 659 2515 rum
687 2465 764 2516 est
792 2459 886 2514 tibi
913 2465 1099 2516 contra
1119 2460 1392 2516 stimulum
1419 2463 1698 2518 calcitrare
1743 2460 1890 2532 (Act.
1923 2476 2004 2528 1x,
2034 2461 2093 2532 5)
2123 2477 2136 2516 ε

538 2549 679 2604 mira
733 2547 1084 2620 postmodum
1140 2549 1345 2604 virtute
1394 2550 1740 2622 praesidentis
1785 2565 2021 2622 pressus,
2071 2566 2142 2606 ex

538 2635 694 2692 verbi
754 2636 957 2708 pabulo
1003 2637 1152 2694 vires
1196 2636 1458 2707 obtinuit,
1501 2645 1556 2694 et
1611 2640 1814 2695 calcem
1869 2639 2139 2711 superbiae

535 2724 740 2781 amisit.

609 2813 698 2870 31.
731 2813 836 2870 Iste
862 2813 1166 2870 rhinoceros
1194 2815 1266 2870 ad
1293 2831 1482 2886 agrum
1521 2815 1840 2872 dominicum
1867 2817 2137 2872 arandum

539 2903 750 2975 ligatus.
793 2933 864 2944 —
908 2902 1066 2960 Loris
1095 2920 1312 2977 quoque
1339 2903 1440 2960 Dei
1477 2921 1590 2961 non
1619 2913 1833 2962 tantum
1862 2921 1892 2960 a
1923 2904 2136 2960 feritate

536 2994 910 3067 restringitur,
946 2994 1042 3051 sed
1068 2995 1216 3069 quod
1244 2995 1418 3067 magis
1445 2995 1518 3053 sit
1545 2995 1817 3064 mirabile,
1862 2995 1932 3052 ad
1967 3011 2138 3051 aran-

2246 422 2552 480 custodiam
2596 425 2789 483 litterae
2823 433 3012 491 1012
3035 445 3219 502 pressa
3247 431 3581 506 deperirent.
3621 438 3696 493 De
3723 455 3823 511 quo

2246 522 2384 580 bene
2411 523 2592 582 adhuc
2617 524 2906 583 subditur:

2813 615 3039 674 CAPUT
3068 619 3270 679 XVIII.

2319 703 2491 761 Vnus.
2523 705 2607 760 11.
2629 735 2700 748 -
2725 707 2980 778 Nunquid
3005 709 3256 780 ﬁduciam
3291 711 3500 767 habebis
3543 711 3604 766 in
3645 729 3830 784 magna

2246 792 2560 864 fortitudine
2584 796 2718 866 ejus,
2747 802 2795 851 et
2820 797 3142 870 derelinques
3167 799 3215 854 ei
3243 801 3446 858 labores
3475 805 3630 860 tuos?

2317 881 2404 940 33.
2428 886 2495 940 In
2522 886 2637 956 ejus
2662 883 2978 956 fortitudine
3013 903 3174 957 quam
3199 889 3341 946 Deus
3367 891 3620 962 ﬁduciam
3647 892 3831 948 habue-

2247 973 2340 1029 rit.
2370 1005 2442 1015 —
2485 975 2548 1030 In
2594 975 2958 1034 rhinocerotis
3001 975 3166 1050 hujus
3210 977 3538 1036 fortitudine
3580 979 3834 1037 ﬁduciam

2247 1063 2394 1118 Deus
2421 1062 2636 1132 habuit,
2675 1065 2804 1137 quia
2840 1073 3046 1138 quanto
3074 1067 3233 1124 illum
3263 1068 3543 1126 crudelius
3569 1069 3679 1126 sibi
3707 1069 3837 1126 dura

2248 1150 2572 1208 inferentem
2587 1153 2832 1226 pertulit,
2865 1162 3020 1212 tanto
3038 1171 3137 1229 pro
3163 1171 3220 1212 se
3239 1157 3582 1214 constantius
3611 1157 3838 1214 toleran-

2246 1247 2357 1296 tem
2398 1241 2626 1298 adversa
2653 1243 2948 1315 praescivit.
2987 1244 3092 1302 Cui
3124 1245 3334 1302 labores
3372 1246 3535 1303 etiam
3565 1263 3706 1321 quos
3731 1247 3840 1319 ipse

2247 1331 2306 1388 in
2334 1349 2496 1390 carne
2525 1335 2821 1406 pertulerat
2849 1335 3164 1410 dereliquit,
3185 1335 3313 1409 quia
3329 1351 3658 1394 conversum
3687 1335 3840 1392 illum

2247 1440 2421 1497 usque
2444 1423 2514 1480 ad
2546 1423 2910 1482 imitationem
2942 1426 3173 1498 propriae
3189 1426 3459 1498 passionis
3477 1426 3672 1482 traxit.
3695 1426 3842 1484 Unde

2248 1523 2303 1570 et
2329 1531 2426 1586 per
2444 1514 2699 1570 eumdem
2721 1514 3120 1572 rhinocerotem
3141 1515 3346 1572 dicitur
3365 1533 3377 1572 :
3412 1517 3642 1587 Suppleo
3657 1533 3718 1572 ea
3734 1532 3845 1586 qua:

2247 1603 2434 1658 desunt
2453 1603 2764 1674 passionum
2787 1603 2987 1660 Christi
3011 1605 3068 1659 in
3095 1621 3252 1660 carne
3277 1604 3642 1675 mea(Coloss.
3663 1622 3703 1672 ι,
3725 1603 3838 1676 24).

2247 1693 2324 1746 De
2352 1707 2461 1763 quo
2489 1691 2673 1748 adhuc
2698 1692 2958 1749 subditur
2984 1711 2996 1749 :

2840 1817 3068 1874 CAPUT
3093 1818 3246 1875 XIX.

2319 1904 2490 1962 Vnus.
2516 1904 2602 1962 I2.
2635 1935 2704 1946 -
2730 1907 2989 1976 Nunquid
3017 1907 3190 1962 credes
3224 1907 3315 1962 illi
3353 1907 3494 1978 quod
3536 1907 3728 1966 reddat
3756 1923 3845 1962 se—

2246 2001 2463 2051 mentem
2493 1996 2604 2066 tibi,
2635 2003 2685 2051 et
2709 2013 2890 2053 aream
2921 2005 3066 2054 tuam
3092 2007 3360 2070 congreget
3378 2001 3406 2056 ἵ

2319 2085 2405 2140 34.
2424 2085 2624 2143 Arcam
2639 2086 2736 2144 Dei
2743 2086 2902 2158 prius
2917 2087 3206 2155 ventitavit,
3219 2093 3402 2158 postea
3421 2085 3848 2157 congregavit.—

2250 2174 2670 2232 Consideremus
2697 2175 2922 2233 Saulum
2952 2176 3076 2250 quis
3102 2175 3290 2244 fuerit,
3319 2191 3448 2233 cum
3474 2174 3542 2230 ab
3569 2173 3686 2247 ipsa
3713 2173 3844 2230 ado-

2251 2266 2508 2322 lescentia
2528 2265 2891 2338 lapidantium
2913 2264 2998 2338 adj
3007 2273 3132 2322 utor
3150 2265 3430 2333 existeret,
3461 2279 3588 2321 cum
3614 2262 3724 2318 alia
3743 2263 3847 2318 Ec.

2250 2355 2428 2412 clesiae
2468 2357 2585 2414 loca
2616 2364 2872 2425 vastaret,
2917 2364 2972 2413 et
3015 2355 3251 2428 acceptis
3294 2353 3542 2428 epistolis
3582 2349 3849 2408 vastanda

2251 2445 2359 2501 alia
2397 2454 2625 2518 peteret,
2655 2463 2782 2504 cum
2812 2463 2960 2504 mors
2987 2446 3040 2504 ei
3064 2445 3313 2502 ﬁdelium
3357 2443 3512 2500 nulla
3550 2441 3844 2509 sufﬁceret,

2251 2535 2346 2592 sed
2376 2553 2590 2610 semper
2615 2536 2684 2592 ad
2712 2537 2949 2594 aliorum
2969 2536 3256 2593 interitum
3285 2533 3412 2591 aliis
3439 2533 3728 2590 exstinctis
3755 2547 3847 2588 an-

2251 2624 2460 2684 helaret
2517 2628 2656 2701 (Act.
2703 2629 2840 2701 vn);
2900 2636 2954 2684 et
2987 2626 3231 2700 profecto
3287 2625 3667 2698 cognoscimus
3719 2622 3849 2696 quia

2249 2718 2438 2774 nullus
2471 2727 2600 2774 tunc
2627 2718 2877 2775 ﬁdelium
2905 2719 3170 2786 crederet,
3202 2715 3350 2789 quod
3377 2715 3445 2771 ad
3468 2715 3664 2788 iugum
3703 2715 3850 2770 Deus

2248 2823 2358 2862 suae
2388 2806 2704 2862 formidinis
2733 2807 2848 2861 vim
2876 2815 3042 2862 tanta;
3071 2807 3326 2862 elationis
3354 2806 3666 2861 inclinaret.
3693 2802 3849 2860 Unde

2247 2902 2301 2951 et
2329 2896 2569 2951 Ananiae
2597 2911 2731 2951 voce
2771 2894 3050 2950 dominica
3087 2895 3238 2949 hunc
3282 2901 3336 2948 et
3371 2901 3661 2964 postquam
3701 2909 3850 2948 con—

2249 3002 2466 3042 versum
2495 2983 2730 3054 audivit,
2753 2985 3034 3053 extimuit,
3065 2983 3288 3040 dicens:
3323 2981 3563 3050 Domine,
3593 2981 3786 3036 audivi
3812 3000 3849 3037 a

535 3081 669 3138 dum
716 3083 939 3155 ligatur,
989 3092 1050 3140 ut
1096 3101 1209 3141 non
1263 3085 1443 3141 solum
1491 3085 1744 3142 homines
1799 3084 2141 3142 crudelitatis
2173 3077 2218 3140 Ο
2245 3078 2427 3134 multis
2455 3077 2518 3133 de
2553 3077 2668 3132 viro
2696 3077 2790 3132 hoc
2825 3081 3025 3147 quanta
3052 3075 3196 3130 mala
3224 3072 3418 3128 sanctis
3449 3072 3551 3126 tuis
3578 3070 3764 3142 fecerit
3789 3071 3850 3126 in

539 3187 713 3228 cornu
741 3187 854 3226 non
883 3172 1132 3243 impetat,
1163 3173 1258 3228 sed
1288 3189 1479 3228 eorum
1509 3173 1677 3228 etiam
1713 3174 1997 3229 refectioni
2028 3190 2136 3230 ser-

537 3261 714 3329 viens,
745 3269 990 3316 aratrum
1021 3261 1430 3332 praedicationis
1459 3261 1659 3317 trahat.
1693 3264 1811 3333 Ipse
1841 3263 2040 3334 quippe
2069 3263 2137 3320 de

533 3349 1036 3422 evangelizantibus
1065 3351 1220 3421 quasi
1240 3349 1307 3405 de
1321 3350 1604 3406 arantibus
1623 3349 1791 3407 dicit:
1825 3353 1984 3407 Debet
1999 3353 2138 3408 enim

533 3441 592 3495 in
617 3456 706 3512 spe
732 3439 826 3510 qui
852 3445 978 3495 arat
1002 3455 1199 3504 arare;
1238 3443 1286 3493 et
1331 3438 1424 3508 qui
1454 3440 1694 3508 triturat,
1725 3439 1783 3494 in
1811 3456 1898 3512 spe
1925 3440 2136 3511 fructus

527 3529 852 3603 percipiendi
875 3530 934 3600 (1
969 3529 1094 3586 Cor.
1117 3546 1198 3599 rx,
1223 3529 1334 3601 10).
1367 3529 1476 3597 Qui
1505 3529 1674 3604 igitur
1692 3538 1965 3587 tormenta
1984 3531 2138 3604 prius

532 3619 790 3676 ﬁdelibus
809 3619 1166 3691 irrogaverat,
1196 3626 1252 3674 et
1283 3633 1382 3690 pro
1410 3617 1516 3674 ﬁde
1547 3620 1896 3690 postmodum
1923 3620 2138 3692 ﬂagella

532 3708 768 3766 libenter
799 3716 1000 3782 portat,
1032 3708 1128 3782 qui
1157 3707 1376 3782 scriptis
1411 3708 1580 3764 etiam
1611 3709 1858 3782 epistolis
1887 3711 1908 3745 ³
1939 3710 2138 3766 humi-

533 3799 602 3856 lis
630 3817 693 3858 ac
719 3799 1006 3874 despectus
1031 3799 1313 3872 praedicat,
1345 3799 1501 3872 quod.
1525 3798 1734 3856 dudum
1755 3800 2023 3857 terribilis
2039 3801 2139 3856 im-

532 3889 839 3960 pugnabat;
888 3889 1134 3962 profecto
1173 3889 1310 3945 bene
1343 3887 1542 3962 ligatus
1570 3889 1672 3946 sub
1701 3897 1882 3948 aratro
1909 3890 2140 3948 desudat

531 3977 601 4032 ad
630 3985 886 4049 segetem,
905 3979 1000 4049 qui
1020 3978 1245 4034 vivebat
1261 3979 1320 4034 in
1333 3994 1530 4049 campo
1550 3979 1692 4034 male
1712 3979 1851 4034 liber
1868 3995 1900 4034 a
1914 3980 2132 4038 timore.

537 4063 616 4117 De
639 4079 747 4134 quo
775 4070 922 4117 recte
941 4063 1182 4120 dicitur:

905 4211 1134 4269 CAPUT
1170 4215 1326 4270 xvn
1363 4212 1502 4286 [Vet.
1539 4215 1720 4288 XIV].

605 4333 774 4390 Vnus.
809 4329 896 4387 10.
918 4361 988 4372 --
1008 4331 1119 4387 Aut
1145 4331 1436 4404 confringet
1461 4333 1634 4405 glebas
1653 4334 1874 4391 vallium
1896 4343 2018 4408 post
2046 4343 2092 4394 te
2109 4340 2138 4396 i’

2245 3171 2539 3226 Jerusalem
2570 3169 2709 3241 (Act.
2743 3185 2822 3237 rx,
2859 3167 2970 3238 13).
3001 3165 3107 3234 Qui
3137 3174 3318 3222 tamen
3349 3171 3570 3236 repente
3597 3179 3852 3220 commu-

2245 3267 2412 3327 tatus,
2467 3259 2536 3314 ab
2587 3256 2744 3312 hoste
2793 3255 3119 3328 praedicator
3163 3253 3418 3320 efﬁcitur,
3449 3259 3504 3308 et
3531 3251 3590 3308 in
3630 3251 3854 3309 cunctis

2247 3349 2439 3406 mundi
2479 3347 2724 3422 partibus
2765 3345 3144 3418 Redemptoris
3192 3345 3278 3402 sui
3325 3359 3528 3400 nomen
3576 3342 3850 3410 insinuat,

2246 3439 2515 3512 supplicia
2537 3455 2635 3511 pro
2660 3437 2889 3494 veritate
2917 3437 3134 3504 tolerat,
3165 3433 3278 3507 pati
3295 3449 3351 3490 se
3367 3449 3488 3506 quae
3509 3431 3852 3505 irrogaverat

2245 3530 2514 3595 exsultat;
2565 3527 2704 3584 alios
2748 3525 3142 3584 blandimentis
3179 3531 3358 3592 vocat,
3405 3522 3544 3579 alios
3579 3521 3648 3577 ad
3680 3521 3850 3578 ﬁdem

2248 3621 2550 3678 terroribus
2578 3626 2818 3675 revocat.
2862 3617 2988 3674 Istis
3025 3632 3252 3690 regnum
3291 3613 3586 3686 pollicetur
3609 3608 3853 3667 caelestis

2248 3712 2459 3783 patriai,
2490 3710 2602 3767 illis
2631 3712 2874 3768 minatur
2892 3709 3075 3782 ignem
3105 3706 3384 3780 gehennat.
3409 3704 3522 3760 Hos
3548 3717 3644 3775 per
3661 3707 3851 3758 aucto-

2249 3803 2469 3860 ritatem
2498 3803 2742 3875 corrigit,
2774 3803 2900 3858 illos
2918 3801 2983 3857 ad
3003 3800 3150 3856 viam
3168 3797 3514 3856 rectitudinis
3541 3812 3638 3870 per
3651 3793 3849 3852 humi-

2249 3896 2458 3952 litatem
2491 3894 2682 3962 trahit,
2711 3900 2873 3965 atque
2901 3892 2960 3947 in
2989 3890 3142 3947 omni
3164 3891 3332 3947 latere
3353 3889 3423 3946 ad
3441 3903 3665 3946 manum
3687 3885 3846 3944 sesui

2249 3985 2474 4042 rectoris
2505 3983 2755 4050 inclinat,
2785 3988 2841 4035 et
2865 3987 3018 4037 tanta
3047 3987 3163 4036 arte
3189 3980 3290 4036 Dei
3317 3995 3496 4036 aream
3526 3983 3846 4050 congregat,

2249 4085 2451 4148 quanta
2477 4074 2630 4128 illam
2653 4073 2806 4144 prius
2827 4072 3064 4126 elatione
3092 4069 3415 4128 ventitabat.

2321 4163 2458 4237 [_Vet.
2491 4161 2634 4235 XV.]
2655 4163 2743 4219 35.
2761 4163 2968 4217 Paulus
2996 4161 3313 4218 abstinentia
3339 4176 3526 4232 corpus
3553 4157 3842 4230 castigans,

2247 4253 2419 4308 ventri
2459 4253 2658 4308 deditos
2703 4251 2849 4323 ferit.
2899 4283 2970 4294 —
3004 4253 3108 4310 Sed
3140 4269 3318 4326 neque
3359 4253 3465 4309 hoc
3506 4249 3770 4308 abhorret
3813 4266 3846 4306 a

2246 4342 2435 4411 Paulo,
2464 4342 2610 4415 quod
2639 4341 2958 4400 rhinoceros
2983 4343 3152 4399 buxei
3171 4343 3371 4400 coloris
3400 4341 3624 4410 dicitur,
3654 4349 3712 4397 et
3741 4339 3844 4396 ele-

603 4422 692 4479 32.
731 4421 917 4479 Glebas
937 4421 1032 4477 hoc
1059 4429 1135 4478 est
1161 4425 1414 4479 mentium
1442 4425 1701 4482 duritiam
1725 4425 1904 4498 fregit.
1927 4458 1998 4470 —
2022 4430 2140 4487 Jam
2172 4435 2221 4494 D
2247 4433 2582 4506 phantorum
2631 4443 2847 4491 ventres
2899 4451 3073 4492 cornu
3114 4435 3276 4491 ferire
3320 4434 3656 4508 perhibetur.
3704 4433 3844 4504 Quia

533 4513 748 4570 scilicet
773 4511 1044 4570 Dominus
1069 4515 1432 4587 quorumdam
1463 4525 1674 4574 mentes
1702 4516 2027 4589 intraverat,
2044 4527 2141 4594 qui

531 4603 692 4661 illum
726 4602 996 4660 veraciter
1025 4603 1258 4662 humani
1287 4607 1500 4678 generis
1520 4607 1921 4679 redemptorem
1941 4611 2142 4667 crede-

530 4703 686 4762 bant.
719 4703 824 4772 Qui
853 4709 1039 4760 tamen
1069 4721 1198 4761 cum
1237 4719 1583 4777 nequaquam
1611 4721 1644 4761 a
1672 4705 1905 4777 pristina
1943 4707 2142 4763 obser-

533 4798 754 4854 vatione
782 4795 1120 4865 recederent,
1150 4812 1277 4852 cum
1307 4795 1445 4852 dura
1471 4795 1668 4852 litterae
1716 4797 2137 4868 praedicamenta

532 4887 894 4956 custodirent,
941 4886 1020 4943 eis
1061 4885 1387 4958 praedicator
1431 4885 1680 4958 egregius
1721 4885 1894 4943 dicit:
1932 4887 1990 4944 Si
2017 4888 2135 4942 cir-

531 4977 924 5046 cumcidamini,
950 4977 1192 5034 Christus
1220 4975 1366 5030 vobis
1390 4975 1526 5030 nihil
1541 4975 1784 5046 proderit
1801 4975 1950 5047 (Gal.
1974 4994 2030 5045 v,
2049 4977 2129 5048 2).

534 5065 640 5133 Qui
682 5082 811 5138 ergo
838 5067 896 5122 in
927 5065 1129 5122 humili
1166 5072 1350 5121 mente
1389 5063 1640 5121 ﬁdelium
1687 5065 1822 5138 legis
1866 5065 2131 5122 duritiam

533 5155 910 5228 redarguendo
924 5157 1209 5226 contrivit,
1235 5156 1369 5230 quid
1388 5156 1540 5214 aliud
1561 5173 1725 5231 quam
1755 5157 1815 5212 in
1835 5158 1979 5214 valle
2007 5167 2130 5232 post

533 5245 832 5304 Dominum
864 5247 1045 5320 glebas
1072 5247 1279 5322 fregit?
1307 5264 1376 5305 ne
1389 5247 1650 5306 videlicet
1669 5263 1837 5322 grana
1855 5251 2131 5309 seminum

609 5445 626 5478 ¹
649 5443 904 5520 Longip.,
943 5447 1182 5506 involuta
1209 5449 1266 5505 in
1295 5467 1471 5506 carne.
1516 5452 1690 5520 Quam
1732 5452 2021 5510 lectionem
2051 5452 2132 5509 li—

533 5511 726 5570 benter
753 5511 1226 5589 a'mplecteremur,
1257 5521 1365 5576 nisi
1391 5511 1670 5579 obstarent
1711 5524 1840 5581 Mss.
1885 5533 1940 5581 et
1977 5524 2130 5580 Editi

534 5601 726 5657 omnes
753 5601 889 5657 quos
917 5591 1313 5657 consuluimus.
1367 5594 1469 5650 Hic
1515 5595 1719 5652 dicitur
1745 5597 2005 5654 inviolata
2031 5596 2132 5654 Dei

533 5656 815 5730 sapientia,
846 5664 899 5714 et
929 5656 1181 5730 inferius,
1211 5662 1543 5736 incorrupta.

2249 4525 2396 4582 enim
2424 4526 2610 4582 vivere
2639 4527 2740 4582 sub
2765 4526 2944 4599 rigore
2973 4525 3107 4598 legis
3133 4527 3395 4595 assuevit,
3427 4528 3450 4561 ³
3478 4526 3684 4584 arctius
3730 4543 3845 4584 08-

2249 4615 2380 4672 teris
2405 4615 2465 4672 in
2493 4615 2592 4673 illo
2619 4617 2869 4674 custodia
2896 4617 3326 4691 uniuscujusque
3347 4617 3570 4674 virtutis
3585 4617 3837 4674 inolevit.

2247 4707 2392 4774 Quid
2422 4707 2570 4763 enim
2610 4724 2706 4780 per
2741 4709 2981 4766 colorem
3027 4707 3292 4776 buxeum,
3341 4707 3450 4765 nisi
3492 4707 3843 4764 abstinentiae

2246 4798 2420 4870 pallor
2448 4797 2778 4870 exprimitur
2802 4798 2830 4854 ‘i
2872 4797 2972 4855 Cui
3017 4799 3134 4872 ipse
3173 4814 3231 4856 se
3272 4799 3539 4856 tenaciter
3564 4797 3844 4855 adhaerere

2243 4893 2496 4956 testatur,
2527 4887 2750 4944 dicens:
2807 4887 3016 4960 Castigo
3053 4906 3244 4962 corpus
3278 4907 3470 4960 meum,
3517 4897 3565 4947 et
3601 4888 3844 4946 servituti

2242 4975 2479 5045 subjicio,
2509 4993 2574 5031 ne
2600 4975 2738 5046 forte
2765 4977 2892 5032 aliis
2906 4979 3204 5048 praedicans
3230 4979 3341 5052 ipse
3367 4980 3621 5053 reprobus
3647 4979 3843 5053 efﬁciar

2245 5065 2302 5138 (Ι
2331 5065 2454 5121 Cor.
2477 5081 2558 5132 Ix,
2585 5065 2700 5138 27).
2719 5065 2825 5133 Qui
2846 5065 3050 5124 divinae
3071 5068 3206 5141 legis
3224 5069 3534 5126 eruditione
3554 5069 3838 5142 praeditus,

2241 5155 2372 5213 dum
2403 5155 2638 5212 aliorum
2667 5155 2969 5227 ingluviem
2998 5157 3294 5232 redarguit,
3325 5177 3499 5218 cornu
3520 5158 3838 5233 elephantes

2241 5242 2299 5300 in
2325 5252 2572 5302 ventrem
2602 5225 2752 5304 ferit:
2783 5247 2844 5304 In
2872 5255 3121 5306 ventrem
3149 5225 3353 5322 quippe
3382 5225 3700 5322 eleph‘antes
3719 5261 3836 5320 per-

2312 5453 2334 5530 ξ
2363 5453 2645 5530 Bratel._et
2673 5453 2750 5526 p1.
2779 5453 2992 5530 Norm.,
3019 5455 3272 5530 humilius
3301 5463 3352 5512 et
3375 5457 3684 5530 despectius.

2249 5595 2258 5605 .
2312 5526 2332 5559 ³
2363 5523 2526 5651 ῗρῖὒ.
2559 5523 2744 5584 Gerin.
2777 5533 2832 5582 et
2859 5523 3092 5596 Turon.,
3136 5527 3336 5584 arctius
3375 5523 3532 5586 illum
3569 5527 3835 5587 cwteris...

2249 5611 2363 5650 va
2387 5613 2439 5650 υῑ
2468 5637 2481 5651 .

2238 5611 2481 5652 ιηυοιυῑε.
