4156 6178
365 747 462 807 est,
476 749 526 797 et
548 744 745 813 gloria1
756 747 811 801 in
830 750 1138 821 confusione
1165 757 1408 828 ipsorum
1431 764 1450 832 (
1455 765 1837 837 Philip.m,l8,
1848 772 1912 827 l9
1916 774 1961 842 ).

363 832 437 888 Et
466 850 686 890 rursum
712 855 724 892 :
750 839 1069 911 Hujusmodi
1102 848 1310 906 Christo
1329 853 1555 911 Domino
1582 832 1688 913 non
1707 832 1963 931 serviunt,

362 922 453 977 sed
481 941 578 978 suo
606 928 779 982 centri
809 928 986 999 (Rom.
1011 950 1131 1002 xvr,
1162 938 1273 1007 18).
1308 939 1490 999 Comu
1520 948 1805 1020 suoigitur
1833 922 1963 1008 rbi-'-

362 1029 596 1071 noceros
625 1015 729 1074 iste
757 1035 865 1075 non
893 1020 1007 1093 jam
1039 1025 1313 1099 homines,
1344 1033 1437 1088 sed
1468 1034 1668 1093 bestias
1702 1042 1958 1111 percutit,

359 1103 583 1174 quando
611 1105 710 1161 illa
737 1108 936 1166 Paulus
964 1113 1229 1173 doctrinas
1257 1136 1368 1176 suae
1398 1103 1723 1182 fortitudine
1742 1103 1964 1202 nequa;-

358 1207 524 1263 quam
560 1195 912 1264 perimendos
964 1199 1203 1261 humiles
1254 1207 1491 1280 impetit,
1550 1215 1642 1270 sed
1696 1195 1959 1290 superbos

361 1280 572 1338 ventris
599 1284 838 1343 cultores
866 1290 1089 1348 occidit.
1142 1294 1273 1361 Quae
1301 1313 1429 1370 ergo
1458 1300 1518 1357 in
1543 1302 1712 1360 Paulo
1754 1280 1960 1380 scripta

354 1372 737 1444 cognovimus,
769 1389 1016 1448 superest
1055 1389 1115 1437 ut
1152 1383 1296 1440 facta
1322 1395 1377 1442 et
1404 1388 1462 1444 in
1489 1391 1616 1447 aliis
1644 1395 1952 1453 credamus.

351 1637 485 1695 dum
519 1639 622 1695 sub
660 1640 796 1715 jugo
842 1645 1095 1718 inspirati
1124 1649 1337 1709 timoris
1367 1655 1633 1726 edomuit,
1684 1662 1949 1718 nimirum

351 1726 721 1787 rhinocerotis
746 1732 852 1789 sibi
881 1735 1267 1797 fortitudinem
1286 1743 1522 1816 subegit.
1542 1747 1646 1803 Sed
1663 1750 1794 1822 quia
1810 1752 1949 1808 mira

350 1817 453 1873 Dei
486 1825 674 1883 1013
704 1827 950 1894 potentia
979 1828 1002 1862 ²
1039 1830 1175 1901 quid
1204 1830 1271 1887 de
1300 1832 1486 1891 electis
1513 1817 1696 1910 erigit-
1714 1840 1949 1898 audivi-
1975 1863 2021 1921 Β

351 1930 499 1985 mus,
527 1933 674 1976 nunc
699 1921 842 1978 mira
871 1923 989 1996 ejus
1017 1928 1280 1998 patientia
1308 1930 1369 1985 in
1405 1931 1495 1989 his
1522 1949 1663 2007 quos
1690 1938 1948 2009 reprobat

349 2006 487 2080 quid
517 2009 829 2069 toleraverit
847 2015 1133 2073 audiamus
1166 2035 1180 2074 :

955 2104 1183 2164 CAPUT
1211 2110 1338 2166 ΧΧ.

418 2185 589 2243 Vnus.
625 2188 710 2245 13.
738 2220 809 2232 -
838 2193 1022 2250 Penna
1065 2200 1379 2256 struthionis
1425 2203 1618 2260 similis
1645 2212 1721 2261 est
1754 2209 1945 2278 pennis

344 2275 548 2334 herodii
574 2286 624 2335 et
654 2281 942 2354 accipitris.

415 2364 502 2422 36.
536 2368 814 2442 Synagoga
842 2374 1127 2430 struthioni
1166 2377 1382 2444 similis,
1411 2383 1531 2437 alas
1560 2383 1754 2439 habens
1795 2386 1942 2443 humi

342 2454 499 2524 repit.
530 2485 603 2497 —
629 2458 775 2524 Quid
804 2461 1133 2519 struthionis
1162 2466 1405 2533 nomine,
1438 2470 1547 2525 nisi
1576 2488 1851 2545 synagoga
1870 2477 1938 2531 si-

339 2551 543 2610 gnatur
561 2544 591 2598 ?
616 2561 738 2616 quae
767 2548 881 2602 alas
906 2549 1066 2621 Legis
1095 2551 1310 2621 habuit,
1343 2556 1437 2611 sed
1462 2559 1625 2615 corde
1652 2561 1711 2617 in
1730 2544 1939 2623 inﬁmis

339 2642 561 2698 repens,
602 2646 883 2705 nunquam
913 2651 970 2691 se
998 2653 1030 2692 a
1066 2646 1211 2695 terra
1254 2641 1580 2702 sublevavit.
1633 2650 1776 2717 Quid
1808 2669 1937 2710 vero

336 2730 441 2786 per
459 2714 754 2775 heredium
780 2730 834 2778 et
851 2725 1301 2797 accipitrem,nisi
1323 2734 1536 2806 antiqui
1559 2745 1739 2807 patres
1757 2744 1938 2814 expri-

336 2814 590 2877 muntur,
624 2812 722 2883 qui
746 2813 813 2869 ad
842 2831 906 2870 ea
932 2834 1052 2889 quae
1081 2828 1383 2890 potuerunt
1411 2826 1772 2902 intelligendo
1802 2812 1935 2905 per-

335 2894 565 2967 spicere,
600 2900 895 2959 valuerunt
922 2905 1087 2962 etiam
1117 2910 1357 2967 vivendo
1389 2894 1670 2985 pervolare
1691 2921 1720 2976 ‘?
1748 2894 1934 2978 Peuna

336 2983 506 3056 igitur
532 2990 885 3061 struthionis,
916 2993 1131 3053 herodii
1152 3006 1207 3055 et
1230 2983 1513 3074 accipitris
1543 3011 1739 3079 pennis
1765 3020 1848 3067 est
1860 3015 1929 3069 si.

336 3074 501 3144 milis,
521 3078 651 3150 quia
668 3080 967 3155 Synagogae
987 3102 1098 3174 vox
1116 3089 1363 3159 priorum
1378 3074 1685 3154 doctrinam
1708 3100 1930 3174 loquen-

270 3228 277 3233 ,
336 3163 406 3219 do
436 3167 634 3235 tenuit,
665 3169 759 3225 sed
801 3171 1043 3231 vivendo
1090 3179 1345 3236 nescivit.
1404 3183 1555 3241 Unde
1594 3195 1649 3242 et
1683 3163 1926 3259 ejusdem
1967 3221 2009 3281 Ο

333 3255 625 3281 Ω...ι..--....
657 3262 850 3281 _____I_
872 3280 883 3281 γ
932 3264 947 3281 ι
1012 3266 1070 3281 nu
1162 3269 1173 3279 ο
1260 3270 1270 3281 ι
1526 3276 1552 3281 ,_
1625 3277 1656 3281 -_
1685 3279 1693 3281 _
1762 3280 1777 3281 κ

332 3255 629 3329 Synagogm
657 3262 888 3334 populos
915 3264 982 3321 de
1012 3266 1302 3326 Pharisaeis
1330 3280 1492 3346 atque
1520 3255 1725 3335 Scribis
1758 3280 1929 3337 Veri-

334 3353 414 3401 tas
440 3346 718 3418 admonet,
749 3350 937 3410 dicens
970 3373 982 3411 :
1018 3358 1188 3430 Super
1232 3364 1535 3421 cathedram
1560 3369 1732 3441 Moysi
1772 3372 1929 3427 sede-

328 3442 456 3491 runt
490 3437 686 3494 Scriba:
711 3447 761 3495 et
785 3442 1069 3503 Pharisaei.
1097 3450 1287 3506 Omnia
1306 3469 1427 3524 ergo
1451 3437 1770 3529 quacunque
1782 3461 1926 3516 diate-

327 3523 441 3580 rint
474 3526 639 3593 vobis,
696 3537 898 3588 servate
933 3540 982 3590 et
1032 3535 1210 3605 facite,
1270 3523 1555 3599 secundum
1596 3563 1758 3617 opera
1802 3567 1926 3606 vero

325 3629 508 3702 eorum
536 3617 697 3673 nolite
723 3618 899 3690 facere
923 3624 1145 3693 (Matth.
1175 3642 1340 3697 xxm,
1357 3630 1412 3700 2,
1435 3631 1515 3702 3).
1542 3634 1717 3693 Multa
1743 3645 1925 3694 autem

324 3700 513 3758 dicere
554 3703 619 3760 de
662 3706 874 3765 herodii
924 3710 1039 3768 vita
1075 3715 1395 3785 potuimus;
1440 3700 1534 3775 sed
1582 3724 1712 3795 quia
1749 3741 1927 3797 penna

321 3788 445 3862 ejus
489 3798 866 3855 tantummodo
893 3798 964 3856 ad
1010 3804 1333 3860 memoriam
1372 3788 1682 3879 deducitur,
1715 3788 1782 3869 de
1811 3815 1926 3871 vita

320 3879 472 3954 loqui
501 3883 878 3955 prohibemur.

748 4008 976 4068 CAPUT
1004 4012 1139 4070 xxr
1159 4010 1298 4087 [Vet.
1323 4016 1498 4092 XVI].

391 4092 563 4152 Vsus.
599 4095 684 4151 14.
707 4127 779 4138 -
800 4099 821 4132 ³
846 4100 1068 4166 Quando
1096 4103 1417 4177 derelinquit
1443 4108 1501 4162 in
1518 4114 1663 4167 terra
1682 4129 1782 4169 ova
1798 4130 1919 4184 sua,

321 4188 375 4235 tu
400 4182 636 4253 forsitan
662 4186 720 4240 in
742 4189 960 4259 pulvere
984 4191 1261 4261 cale/acies
1289 4213 1349 4252 ea
1383 4200 1410 4255 ἵ

387 4272 476 4329 37.
508 4275 650 4342 Quos
677 4279 855 4348 genuit
882 4284 1151 4354 apostolos
1188 4286 1491 4359 dereliquit,
1520 4290 1721 4349 Christi
1736 4297 1917 4367 gratia

314 4370 494 4431 postea
508 4365 817 4436 oioiﬁcatos.
844 4372 993 4427 —In
1019 4373 1140 4429 ovis
1169 4375 1321 4431 aliun
1351 4387 1433 4434 est
1469 4380 1615 4452 quod
1646 4365 1911 4455 cernitur,

314 4451 466 4509 aliud
497 4457 647 4528 quod
666 4467 935 4529 speratur;
960 4469 1014 4518 et
1042 4463 1221 4521 videri
1242 4482 1363 4538 spes
1380 4451 1711 4542 nonpotest,
1743 4451 1912 4531 Paulo

2076 781 2454 847 contemnens,
2485 783 2743 841 vocandae
2775 790 3070 859 gentilitati
3108 781 3368 862 deseruit.
3398 809 3538 868 Mira
3566 830 3677 872 au-

2073 869 2182 919 tem
2216 868 2459 936 potentia
2508 872 2777 932 Dominus
2821 878 2938 937 haec
2974 885 3159 943 eadem
3192 891 3249 947 in
3298 898 3522 968 pulvere
3569 922 3675 963 ova

2072 954 2341 1025 calefacit,
2374 960 2501 1031 quia
2531 964 2689 1021 vivos
2715 973 3083 1039 apostolorum
3115 979 3259 1040 fetus
3273 954 3329 1040 iii
3347 987 3442 1045 illa
3462 954 3673 1065 abjecta

2074 1041 2271 1065 ,ηληψ
2356 1064 2365 1065 ί
2570 1061 2580 1065 _
2778 1058 2787 1065 _
2895 1062 2905 1065 _

2071 1041 2279 1099 dudum
2312 1050 2617 1118 gentilitate
2646 1058 2934 1117 suscitavit
2959 1081 2972 1131 ;
2992 1073 3046 1120 et
3067 1083 3203 1140 quos
3218 1041 3669 1151 synagogawielvu‘t

2069 1133 2374 1193 insensatos
2404 1138 2884 1221 inviviﬁcatosque
2915 1152 3258 1228 despexerat,
3288 1165 3393 1237 ipsi
3424 1133 3573 1227 rumne
3609 1174 3668 1230 in

2067 1227 2422 1283 veneratione
2450 1233 2700 1300 gentium
2731 1254 2827 1309 per
2855 1241 3120 1304 doctrinae
3166 1253 3538 1325 magisterium
3574 1262 3668 1316 vi—

2067 1323 2258 1370 ventes
2285 1319 2494 1374 volant.
2528 1322 2645 1380 Ova
2675 1342 2774 1382 sua
2803 1333 3048 1391 struthio
3077 1337 3135 1392 in
3166 1319 3394 1412 pulvere
3414 1347 3668 1406 derelin-

2635 1892 2863 1954 CAPUT
2883 1888 3062 1961 xan

2128 1970 2297 2069 Visus.
2338 1974 2423 2073 i5.
2455 2007 2525 2018 —
2556 1981 2900 2044 Obliviscilur
2925 1995 3066 2064 quod
3096 2014 3190 2068 pes
3218 2005 3479 2061 conculcet
3493 2024 3575 2077 ea,
3611 2015 3660 2065 et

2055 2057 2216 2115 bestia
2244 2063 2365 2133 agri
2392 2073 2643 2129 conterat.

2125 2148 2495 2257 38.'i1umana
2521 2161 2705 2228 corda,
2752 2165 2878 2223 dum
2915 2176 3121 2231 terrena
3138 2180 3368 2250 cogitant
3394 2189 3442 2237 et
3479 2202 3653 2257 appe-

2052 2242 2190 2306 tunt,
2208 2240 2415 2298 diabolo
2445 2253 2755 2309 conterenda
2782 2272 2835 2311 se
2856 2264 3115 2320 sternunt.
3147 2240 3219 2308 -λ
3247 2268 3400 2328 Tunc
3428 2240 3533 2329 ova
3545 2240 3654 2347 ‘pes

2051 2329 2242 2398 calcat,
2275 2341 2329 2388 et
2344 2333 2517 2392 bestia
2545 2342 2660 2413 agri
2689 2349 2946 2418 conterit,
2977 2368 3104 2408 cum
3132 2355 3191 2410 in
3210 2366 3353 2415 terra
3380 2329 3654 2420 desertiu-

2050 2423 2161 2486 tur,
2180 2420 2309 2492 quia
2330 2423 2587 2484 videlicet
2608 2430 2850 2492 humana
2869 2440 3035 2497 corda
3054 2443 3185 2500 dum
3206 2463 3421 2522 semper
3435 2458 3651 2511 terrena

2048 2510 2305 2582 cogitare,
2334 2532 2547 2589 semper
2592 2538 2714 2593 qum
2762 2526 2873 2583 ima
2901 2541 3031 2588 sunt
3059 2550 3214 2607 agere
3262 2510 3549 2612 appetunt,

2046 2603 2439 2661 conterendum
2468 2624 2524 2663 se
2543 2611 2658 2681 agri
2675 2611 2883 2685 bestiae,
2915 2619 2972 2675 id
3001 2629 3083 2677 est
3097 2603 3642 2700 diabolo,.sternunt,

2045 2697 2107 2794 ut
2134 2707 2259 2747 cum
2290 2693 2386 2749 diu
2415 2695 2471 2751 in
2501 2697 2693 2757 inﬁma
2721 2706 3049 2777 cogitatibne
3073 2714 3285 2786 abjecta
3300 2729 3449 2789 sunt,
3474 2693 3646 2794 quan;

2044 2776 2222 2851 doque
2252 2782 2415 2839 etiam
2448 2787 2718 2859 majorum
2749 2796 3044 2856 criminum
3072 2798 3476 2877 perpetratione
3496 2810 3645 2869 fran-

2043 2876 2258 2963 gantur.
2293 2873 2577 2963 svnagoga
2604 2896 2730 2952 ergo
2761 2900 2865 2941 ova
2893 2906 3012 2960 quae
3048 2873 3253 2963 genuit,
3287 2914 3318 2952 a
3350 2905 3496 2955 terra
3536 2919 3642 2959 su-

2043 2958 2304 3028 spendere
2351 2961 2488 3019 bene
2531 2968 2772 3026 vivendo
2815 2958 3076 3047 neglexit.
3126 2984 3230 3039 Sed
3286 2988 3637 3060 omnipotens

2042 3045 2185 3102 Deus
2216 3049 2417 3105 multos
2446 3051 2566 3124 ejus
2595 3056 2760 3128 ﬁlios,
2786 3045 3042 3134 quamvis
3070 3070 3127 3125 in
3155 3075 3387 3131 terrenis
3417 3076 3640 3135 deside-

2039 3228 2242 3285 amoris
2263 3231 2663 3295 animavit.Sed
2686 3242 3049 3319 vitam,quam
3080 3251 3212 3308 ﬁliis
3230 3271 3509 3329 synagoga
3524 3277 3636 3316 non

2037 3315 2208 3391 dedit,
2244 3326 2436 3385 1014
2463 3328 2607 3390 hanc
2634 3315 2983 3403 postmodum
3006 3339 3231 3413 invidit,
3260 3315 3639 3408 duniuiolire;

2035 3420 2126 3469 tur
2156 3420 2527 3492 persequendo
2552 3424 2901 3497 exstinguere
2930 3445 3067 3502 quos
3108 3448 3165 3488 se
3205 3434 3274 3490 ad
3294 3435 3440 3493 bona
3472 3454 3639 3509 opera

2036 3516 2147 3557 non
2177 3509 2501 3567 meminerat
2547 3512 2787 3570 fovendo
2816 3519 3086 3588 genuisse.
3121 3522 3275 3579 Unde
3316 3533 3370 3581 et
3414 3534 3540 3598 apte
3568 3528 3636 3584 de

2035 3587 2140 3648 hoc
2169 3595 2481 3653 struthione
2509 3599 2766 3656 subditur
2799 3621 2811 3657 :

2106 3679 2276 3738 Vens.
2320 3684 2405 3740 16.
2437 3717 2508 3729 -
2525 3689 2778 3745 Duratur
2803 3692 2876 3747 ad
2902 3693 3045 3765 ﬁlios
3059 3712 3182 3753 suos
3206 3700 3366 3770 quasi
3394 3718 3501 3758 non
3529 3704 3636 3759 sint

2034 3782 2137 3823 sui.

2105 3855 2191 3912 39.
2251 3858 2536 3931 Synagogw
2578 3863 2635 3916 in
2677 3864 2817 3935 ﬁlios
2845 3867 3152 3925 crudelitas.
3203 3901 3274 3915 —
3320 3872 3487 3940 Quasi
3518 3894 3630 3934 non

2032 3961 2160 4002 suos
2182 3949 2204 3983 ⁵
2236 3946 2468 4021 despicit
2497 3969 2633 4025 quos
2662 3955 2823 4011 aliter
2851 3959 3038 4016 vivere
3081 3978 3248 4035 quam
3277 3963 3467 4022 docuit
3512 3968 3631 4041 ipsa

2031 4033 2410 4107 deprehendit,
2430 4048 2484 4096 et
2510 4040 2833 4101 durescente
2861 4046 3073 4104 saevitia
3093 4033 3326 4109 terrores
3346 4033 3624 4125 admovet,

2029 4140 2194 4196 seque
2224 4127 2282 4183 in
2329 4143 2520 4186 eorum
2568 4133 2908 4192 cruciatibus
2932 4148 3171 4208 exercet,
3203 4149 3366 4216 atque
3396 4144 3626 4205 invidiae

2027 4213 2239 4272 facibus
2260 4215 2620 4288 inﬂammata,
2651 4223 2708 4278 in
2724 4224 2926 4296 quibus
2957 4244 3069 4285 non
3100 4213 3370 4289 laboravit
3393 4243 3456 4291 ut
3485 4254 3625 4310 pos-

2024 4306 2136 4363 sint
2164 4308 2371 4379 vivere,
2404 4311 2616 4369 laborat
2644 4324 2707 4371 ut
2731 4315 2965 4374 debeant
2995 4320 3254 4388 interire;
3288 4331 3342 4379 et
3370 4306 3505 4382 cuni
3517 4329 3623 4385 Do-

2024 4394 2161 4450 mini
2192 4399 2437 4455 membra
2466 4404 2831 4474 persequitur,
2868 4408 2891 4442 δ
2915 4408 3128 4479 placere
3157 4427 3213 4467 se
3243 4429 3342 4483 per
3370 4413 3475 4471 hoc
3499 4418 3623 4473 Do-

2022 4483 2173 4538 mino
2228 4486 2558 4558 suspicatur.
2613 4491 2768 4548 Unde
2814 4501 2868 4549 et
2896 4495 3101 4553 eisdem
3141 4501 3472 4561 struthionis
3498 4505 3619 4562 ovis

312 4548 603 4601 attestante
633 4548 727 4619 qui
757 4549 835 4605 ait
869 4568 880 4605 :
909 4552 1060 4618 Quod
1083 4554 1222 4608 enim
1249 4556 1391 4611 videt
1416 4558 1558 4628 quis,
1576 4560 1709 4630 quid
1731 4571 1911 4633 sperat
1938 4576 1985 4634 D
2018 4573 2234 4630 Veritas
2263 4548 2400 4631 dicit
2435 4596 2447 4634 :
2489 4579 2639 4637 Venit
2663 4581 2797 4638 hora
2838 4589 2898 4638 ut
2934 4587 3103 4642 omnis
3131 4589 3226 4660 qui
3252 4591 3502 4664 interﬁcit
3530 4610 3620 4648 vos

315 4631 469 4664 ίηηη,
522 4651 626 4664 υ...
679 4636 807 4664 uno
836 4638 977 4664 n.-:.:
1013 4655 1131 4664 Α---
1166 4658 1262 4664 ..--
1311 4645 1506 4664 ,ιμηλιο
1843 4653 1853 4662 .
1892 4652 1902 4662 .
2089 4660 2100 4664 -
2126 4662 2134 4664 -

315 4631 491 4700 (Rom.
522 4651 649 4703 VIII,
679 4636 807 4711 24)?
836 4638 981 4706 Quid
1009 4655 1137 4713 ergo
1166 4658 1263 4714 per
1306 4645 1637 4704 struthionis
1664 4631 1770 4706 ova
1798 4652 1906 4707 nisi

308 4721 377 4775 de
409 4722 709 4799 Synagogaa
751 4744 913 4785 carne
960 4728 1093 4786 editi
1122 4734 1355 4804 apostoli
1402 4735 1776 4809 designantur,
1810 4743 1905 4814 qui

307 4808 442 4866 dum
477 4829 533 4869 se
553 4814 611 4869 in
633 4815 840 4873 mundo
851 4817 1134 4892 despectos
1162 4829 1323 4896 atque
1348 4808 1586 4883 humiles
1614 4808 1902 4901 exhibent,

309 4899 330 4931 ‘
360 4915 577 4972 sperare
606 4904 836 4975 gloriam
868 4906 925 4963 in
946 4909 1198 4982 supernis
1224 4911 1422 4970 docent
1450 4914 1478 4971 ?
1508 4916 1723 4990 Abjecti
1752 4899 1902 4975 nam-

306 5005 415 5060 que
434 5000 488 5048 et
517 4994 673 5067 quasi
700 4996 911 5054 nullius
940 5002 1206 5057 momenti
1236 5004 1380 5075 apud
1410 5006 1581 5064 elatos
1612 5006 1808 5078 habiti,
1842 5011 1902 5067 in

306 5087 452 5137 terra
484 5082 635 5141 velut
663 5100 768 5140 ova
787 5083 1117 5157 jacuerunt;
1170 5091 1263 5147 sed
1307 5093 1456 5151 intus
1487 5096 1543 5150 in
1574 5097 1653 5153 eis
1701 5099 1902 5156 latebat

382 5285 396 5317 ¹
429 5284 653 5358 Ρῐειῐθιη
684 5288 741 5342 in
761 5289 1137 5358 confusionem.

375 5358 403 5437 ἦ
428 5356 623 5440 Melius
660 5356 904 5440 videtur,
929 5362 1059 5432 quid
1086 5362 1143 5417 in
1170 5363 1360 5440 electis,
1380 5372 1454 5440 _ut
1482 5368 1805 5440 respondeat
1824 5373 1899 5428 al-

305 5428 408 5504 t_eri
435 5429 707 5504 membro,
734 5432 789 5486 in
817 5431 905 5504 his
923 5428 1053 5502 quos
1082 5428 1356 5504 reprobat:
1378 5436 1460 5492 Ita
1487 5428 1651 5495 etiam
1695 5441 1899 5501 habent

301 5498 514 5581 Pratel._
534 5508 590 5556 et
620 5502 785 5583 Utic.,
805 5502 913 5586 sed
931 5498 1055 5586 :nou
1083 5498 1285 5586 caétegi.
1314 5507 1503 5586 Neque
1530 5527 1662 5586 vero
1680 5498 1898 5586 semper

302 5571 543 5657 occurrit
570 5575 774 5631 sanctis
802 5574 1057 5631 Patribus
1086 5575 1234 5648 quod
1277 5571 1473 5635 melius
1499 5590 1553 5638 et
1595 5571 1897 5657 elegantius

300 5641 623 5701 scriberent.

372 5715 394 5748 ³
424 5714 506 5770 Pl.
553 5717 744 5796 Norm.
809 5725 864 5774 et
908 5720 1117 5788 Germ.,
1166 5736 1283 5790 quae
1341 5722 1676 5796 derelinquit.
1728 5728 1891 5788 Corb.

301 5785 509 5858 Germ,
541 5789 656 5860 qui.

2014 4660 2310 4718 arbitretur
2358 4666 2663 4738 obsequium
2717 4687 2770 4726 se
2820 4681 3081 4744 prwstare
3106 4677 3294 4746 (Joan.
3354 4660 3473 4749 xvi,
3532 4681 3611 4753 2).

2013 4748 2153 4816 Quia
2181 4768 2309 4825 ergo
2333 4753 2465 4811 dum
2511 4758 2835 4817 crudelitate
2863 4762 2933 4818 ad
2962 4767 3396 4839 persequendum
3425 4748 3613 4838 Syna-

2013 4853 2147 4910 goga
2174 4840 2415 4912 ducitur,
2449 4844 2554 4904 hoc
2582 4863 2638 4903 se
2667 4864 2824 4921 agere
2872 4849 3118 4924 impulsu
3164 4854 3345 4909 divini
3392 4855 3612 4929 timoris

2011 4925 2327 4997 arbitratur,
2358 4941 2503 4990 recte
2531 4935 2885 5010 subjungitur
2917 4958 2929 4995 :

2082 5016 2219 5073 Iam.
2246 5048 2318 5059 —
2346 5021 2577 5079 Frustra
2608 5027 2894 5095 laboravit,
2925 5031 3075 5086 nullo
3106 5029 3291 5084 timore
3312 5036 3532 5103 cogente.

2080 5101 2170 5157 40.
2198 5104 2283 5158 Sic
2312 5108 2528 5163 sceviens
2554 5111 2855 5182 obsequium
2879 5121 3140 5185 prwsta're
3182 5115 3291 5171 Deo
3320 5101 3505 5173 credit.
3536 5148 3608 5162 —

2070 5308 2100 5389 ξ
2118 5306 2379 5389 Υἱρᾱοοη
2403 5313 2601 5389 lfratel.
2625 5325 2677 5371 et
2710 5317 2806 5383 aL,
2840 5319 3070 5389 sperari.

2081 5379 2102 5460 ξ
2129 5378 2388 5460 {idem_e_t_
2409 5382 2519 5439 duo
2549 5386 2757 5460 Germ,
2788 5378 3017 5460 respicit.

2081 5451 2102 5485 ⁶
2131 5449 2255 5545 Ynet.
2286 5452 2591 5545 Edit.,post
2620 5449 2754 5513 Mss:
2793 5449 2954 5545 corb.
2981 5461 3199 5545 genu”
3242 5463 3439 5545 Laud,
3460 5464 3598 5545 γει.

2007 5520 2116 5616 9.,
2150 5521 2381 5616 ζμτοη.,
2402 5520 2623 5616 placare
2650 5547 2702 5616 se
2728 5548 2825 5601 per
2854 5520 3275 5616 bocﬁD‘ominum.
3308 5520 3603 5616 Sequimur

2007 5542 2116 5588 un,
2158 5542 2381 5592 iuron.,
2449 5542 2623 5582 locare
2650 5547 2702 5584 se
2728 5548 2825 5601 per
2854 5542 2946 5588 hoc
2973 5542 3275 5591 Dominum.
3308 5542 3595 5610 Sequimur

2006 5592 2146 5673 Mss._
2169 5594 2377 5680 G‘erm.,
2402 5542 2595 5680 gorm.
2629 5608 2683 5656 et
2704 5611 2915 5680 recent.
2948 5604 3127 5680 Edit.,
3159 5622 3395 5680 quorum
3424 5607 3595 5680 lectio

2007 5662 2179 5741 magis
2208 5663 2300 5723 hic
2327 5662 2579 5741 cengruit
2608 5688 2735 5728 cum
2764 5672 2851 5730 his
2879 5675 3061 5733 verbis
3094 5662 3422 5735 :laibitretur
3445 5679 3602 5735 obse—

2004 5736 2187 5805 quium
2206 5754 2259 5792 se
2279 5736 2541 5810 prwsture
2560 5743 2689 5799 Deo.
