4156 6178
518 335 625 391 595

521 566 664 619 mor,
693 549 788 606 sed
816 548 1112 607 crudelitas
1127 549 1324 621 coegit.
1344 548 1451 606 Sed
1478 548 1607 622 quia
1620 547 1941 621 plerumque
1957 545 2113 614 vitia,

521 641 704 700 colore
732 640 1004 696 virtutum
1034 639 1231 707 tincta,
1257 645 1414 693 tanto
1444 637 1709 710 nequiora
1737 642 1887 702 sunt,
1911 641 2116 709 quanto

523 738 577 787 et
603 746 720 786 esse
750 728 887 785 vitia
899 728 1128 784 minime
1157 736 1584 799 cognoscuntur,
1608 742 1672 782 eo
1702 725 1759 780 in
1790 723 2119 796 persecutio-

522 836 592 878 ne
628 834 904 893 synagoga
948 817 1143 874 durior
1179 815 1414 884 exstitit,
1458 831 1567 888 qu)
1610 813 2007 886 religiosiorem
2060 830 2118 869 se

523 908 644 965 ﬁeri
671 907 920 964 ﬁdelium
967 905 1240 963 mortibus
1281 905 1604 972 aestimavit;
1658 912 1710 959 et
1744 903 1952 960 idcirco
2000 919 2121 976 quae

524 1008 705 1073 ageret
746 998 1055 1054 discernere
1100 994 1329 1050 omnino
1372 1009 1484 1049 non
1522 993 1721 1066 potuit,
1763 992 1891 1066 quia
1931 992 2120 1047 lumen

524 1087 631 1146 sibi
662 1083 1038 1157 intelligentiae
1065 1098 1161 1154 per
1205 1081 1476 1154 superbiae
1505 1080 1871 1153 objectionem
1901 1079 2119 1137 clausit.

528 1176 682 1234 Unde
710 1183 764 1231 et
792 1173 931 1230 bene
959 1170 1219 1227 subditur
1243 1187 1254 1225 :

599 1337 769 1395 Vnus.
801 1336 887 1392 17.
918 1365 989 1377 -
1007 1333 1254 1392 Privavit
1272 1348 1383 1388 eam
1404 1332 1544 1388 Deus
1572 1330 1856 1404 sapientia,
1873 1346 1965 1385 nec
1984 1330 2126 1386 dedit

526 1430 614 1488 illi
641 1428 1060 1500 intelligentiam.

599 1572 687 1630 41.
728 1572 1092 1643 Intelligentice
1107 1571 1281 1627 lumen
1293 1586 1392 1642 per
1411 1566 1712 1640 superbiam
1729 1568 1927 1623 amisit.
1944 1598 2015 1609 —
2039 1567 2130 1624 Di-

529 1663 783 1720 strictum
816 1662 1019 1735 quippe
1061 1668 1142 1717 est
1184 1658 1415 1717 occultae
1444 1656 1829 1715 retributionis
1875 1672 2128 1723 examen,

1729 329 1977 385 SANCTI
2015 329 2352 386 GREGORII
2388 325 2611 384 MAGNI

519 459 583 514 In
604 455 788 513 labore
816 455 1017 528 quippe
1036 456 1189 511 illam
1212 456 1610 529 persecutionis
1637 455 1897 511 anhelare
1920 469 2031 508 non
2053 452 2119 507 ti-
2146 457 2198 515 Α

3717 324 3818 380 ῢ96

2549 521 2775 579 CAPUT
2828 521 3012 578 xxrv
3055 518 3194 593 [Vet.
3256 519 3497 594 XVIII].

2299 684 2469 741 Vnus.
2504 684 2588 741 19.
2620 713 2692 725 -
2718 681 2978 752 Nunquid
3006 679 3260 751 praebebis
3287 697 3418 751 equo
3436 679 3825 750 fortitudinem,

2228 783 2323 834 aut
2349 775 2706 833 circumdabis
2730 792 2786 830 co
2813 775 2897 830 llo
2927 772 3040 844 ejus
3068 771 3330 827 hinnitum
3347 772 3375 827 Τ

2301 938 2388 996 43.
2420 937 2567 1010 Equi
2584 936 2794 993 nomine
2805 938 2976 992 multa
2988 936 3047 991 in
3066 934 3349 1006 Scriptura
3363 949 3520 988 sacra
3539 931 3831 1005 signiﬁcan-

2233 1033 2322 1083 tur
2392 1029 2617 1095 lubrici;
2663 1027 2892 1099 dignitas
2923 1024 3271 1098 temporalis;
3307 1040 3541 1096 presens
3569 1024 3831 1091 steculum,

2232 1118 2383 1189 cujus
2408 1125 2643 1175 extrema
2653 1118 2853 1190 premit
2869 1116 3080 1173 coluber
3104 1115 3488 1170 Antichristus.
3506 1114 3835 1186 praeparatio

2234 1215 2385 1264 rectae
2402 1207 2707 1265 intentionis
2729 1224 2751 1273 ;
2774 1206 2945 1263 sancti
2959 1205 3359 1278 praedicatores.
3382 1234 3454 1246 —
3467 1204 3531 1259 In
3559 1203 3839 1276 Scriptura

2235 1315 2389 1357 sacra
2416 1298 2548 1372 equi
2577 1296 2805 1356 nomine
2833 1294 3135 1369 aliquando
3155 1293 3370 1351 lubrica
3397 1294 3516 1349 vita
3543 1310 3835 1367 pravorum

2236 1388 2535 1462 aliquando
2562 1387 2801 1460 dignitas
2830 1384 3171 1459 temporalis,
3194 1382 3493 1456 aliquando
3535 1382 3640 1439 hoc
3660 1383 3838 1456 ipsum

2238 1496 2481 1553 praesens
2507 1479 2794 1543 saeculum,
2816 1475 3118 1550 aliquando
3145 1474 3471 1547 praeparatio
3485 1481 3644 1530 rectae
3664 1474 3839 1531 inten-

2238 1568 2432 1637 tionis,
2462 1567 2763 1641 aliquando
2790 1574 3013 1625 sanctus
3032 1564 3360 1638 praedicator
3377 1563 3732 1636 exprimitur.

2312 1658 2458 1732 Equi
2478 1657 2626 1714 enim
2642 1658 2867 1714 nomine
2884 1656 3098 1713 lubrica
3116 1670 3417 1728 pravorum
3432 1652 3549 1710 vita
3575 1652 3841 1727 signatur,

530 1760 585 1808 et
612 1752 742 1825 quia
770 1751 947 1807 sciens
971 1750 1344 1806 humilitatem
1375 1747 1640 1820 perdidit,
1671 1746 1836 1802 etiam
1879 1745 2132 1802 veritatis
2163 1821 2199 1825 _
2241 1747 2388 1804 sicut
2413 1748 2679 1819 scriptum
2709 1755 2826 1803 est:
2878 1746 3055 1804 Nolite
3081 1745 3202 1817 ﬁeri
3225 1744 3361 1799 sicut
3385 1760 3548 1814 equus
3575 1750 3627 1798 et
3667 1745 3846 1798 mulus

531 1821 954 1913 intelligentiam
981 1840 1230 1897 nesciens
1257 1837 1461 1893 amisit.
1495 1834 1670 1892 Valde
1698 1840 1883 1889 autem
1915 1834 2132 1889 minora
2163 1821 2209 1881 Β
2244 1836 2585 1908 (Psal.xxxr.
2608 1836 2689 1903 9).
2708 1836 2780 1891 Et
2799 1835 2943 1892 sicut
2962 1851 3057 1907 per
3075 1832 3399 1907 prophetam
3419 1832 3593 1888 alium
3616 1831 3843 1888 dicitur:

531 1937 660 1988 sunt
687 1931 918 1985 vulnera
945 1946 1065 2002 quae
1104 1928 1161 1982 in
1188 1924 1568 1997 Redemptoris
1596 1922 1843 1979 adventu
1871 1920 2131 1977 ﬁdelibus

531 2020 743 2089 intulit,
788 2036 948 2093 quam
988 2035 1051 2074 ea
1083 2017 1283 2090 quibus
1320 2024 1564 2072 sanctam
1603 2011 1907 2068 Ecclesiam
1946 2011 2133 2069 adhuc

532 2128 629 2185 per
652 2110 948 2166 adventum
971 2105 1303 2164 Antichristi
1331 2103 1497 2160 ferire
1525 2100 1831 2159 contendit.
1867 2100 1955 2157 Ad
1990 2099 2135 2156 illud

534 2215 771 2274 namque
798 2215 855 2255 se
881 2205 1100 2268 tempus
1125 2200 1415 2268 praeparat,
1434 2201 1496 2249 ut
1525 2192 1696 2247 vitam
1729 2190 1983 2247 ﬁdelium
2010 2206 2132 2248 coa-

536 2288 772 2349 cervatis
801 2286 1016 2344 viribus
1045 2291 1274 2359 premat.
1308 2281 1462 2340 Unde
1490 2288 1544 2338 et
1581 2289 1704 2354 apte
1734 2279 2024 2337 subditur:

906 2473 1133 2532 CAPUT
1168 2470 1355 2527 XXIII
1385 2466 1524 2543 [νει.
1548 2465 1760 2541 XVII].

608 2609 780 2668 Vnus.
815 2606 899 2664 18.
931 2637 1003 2649 -
1034 2606 1167 2663 Cum
1183 2612 1380 2678 tempus
1408 2604 1595 2676 fuerit,
1628 2604 1685 2659 in
1711 2604 2018 2661 altumalas
2037 2604 2139 2659 eri-

537 2700 647 2772 git;
675 2697 878 2754 deridet
901 2698 1121 2768 equitem
1149 2703 1199 2753 et
1223 2713 1549 2753 ascensorem
1575 2695 1708 2766 ejus.

611 2842 699 2899 42.
722 2842 995 2914 Synagoga
1004 2840 1161 2913 prius
1190 2845 1373 2896 contra
1392 2839 1561 2895 Deum
1582 2839 1741 2902 clam,
1756 2841 1939 2909 postea
1953 2835 2140 2906 palam

542 2937 728 2989 erecta.
769 2961 839 2972 —
869 2931 931 2986 In
959 2930 1130 2986 altum
1162 2927 1402 2986 struthio
1438 2927 1550 2982 alas
1574 2923 1757 2997 erigit,
1788 2920 2011 2996 quando
2039 2936 2140 2975 suo

543 3021 817 3081 conditori
848 3022 1134 3094 Synagoga
1179 3034 1290 3075 non
1324 3023 1386 3073 ut
1428 3025 1587 3073 antea
1629 3012 2005 3079 formidando,
2046 3008 2141 3065 sed

547 3119 734 3185 aperte
747 3109 859 3183 jam
881 3108 1234 3184 repugnando
1249 3104 1667 3164 contradicit.ln
1680 3100 1928 3159 membra
1936 3099 2137 3173 quippe

2240 1925 2386 1995 Equi
2413 1930 2697 1991 amatores,
2727 1930 2775 1979 et
2801 1924 3067 1979 emissarii
3080 1922 3214 1993 facti
3233 1928 3380 1986 sunt,
3401 1922 3765 1993 unusquisque
3781 1919 3853 1975 ad

2244 2032 2467 2070 uxorem
2490 2014 2734 2086 proximi
2765 2015 2851 2068 sui
2880 2013 3149 2069 hinniebat
3173 2011 3392 2083 (Jerem.
3425 2030 3484 2078 v,
3515 2011 3598 2083 8).

2313 2102 2458 2177 Equi
2480 2102 2703 2158 nomine
2728 2098 2970 2174 dignitas
2993 2101 3314 2172 temporalis
3348 2100 3639 2171 accipitur,
3682 2099 3855 2155 Salo—

2244 2209 2407 2250 mone
2425 2200 2736 2261 attestante,
2764 2192 2859 2264 qui
2879 2192 2959 2247 ait
2983 2209 2994 2246 :
3036 2190 3154 2249 Vidi
3172 2206 3349 2246 servos
3360 2189 3417 2244 in
3443 2188 3612 2260 equis,
3632 2193 3683 2243 et
3692 2187 3850 2260 prin-
3890 2224 3899 2227 ι

2243 2283 2379 2354 cipes
2407 2283 2734 2338 ambulantes
2761 2281 2917 2353 quasi
2936 2296 3111 2335 servos
3142 2295 3302 2351 super
3332 2284 3528 2334 terram
3562 2275 3765 2350 (Eccle.
3790 2291 3853 2340 x,

2247 2372 2326 2445 7),
2358 2371 2552 2429 Omnis
2578 2371 2781 2445 quippe
2824 2370 2921 2444 qui
2946 2376 3134 2443 peccat
3169 2384 3363 2425 servus
3410 2374 3495 2423 est
3536 2366 3775 2438 peccati,
3803 2374 3856 2422 et

2246 2462 2393 2518 servi
2423 2462 2479 2517 in
2509 2460 2664 2535 equis
2707 2467 2838 2517 sunt
2867 2476 2994 2517 cum
3042 2465 3355 2531 peccatores
3390 2457 3677 2530 praesentis
3726 2456 3855 2513 vitae

2249 2549 2615 2623 dignitatibus
2661 2549 2986 2606 eﬁ‘eruntur.
3036 2546 3321 2619 Principes
3349 2561 3482 2602 vero
3525 2544 3683 2618 quasi
3710 2543 3853 2601 servi

2247 2639 2554 2709 ambulant,
2580 2656 2709 2697 cum
2727 2639 2929 2695 multos
2944 2637 3210 2711 dignitate
3232 2636 3502 2692 virtutum
3523 2636 3717 2708 plenos
3737 2633 3856 2691 nul-

2248 2729 2334 2786 lus
2365 2730 2543 2786 honor
2569 2729 2751 2802 erigit,
2780 2729 2875 2785 sed
2904 2744 3123 2785 summa
3152 2726 3245 2785 hic
3264 2725 3571 2783 adversitas
3600 2726 3757 2781 velut
3777 2725 3857 2780 in.

2248 2819 2446 2891 dignos
2473 2818 2730 2874 deorsum
2760 2817 2982 2888 premit.
3016 2815 3162 2871 Hinc
3189 2830 3412 2870 rursum
3441 2812 3682 2869 dicitur:
3717 2815 3850 2871 Dor-

2250 2907 2567 2964 mitaverunt
2585 2906 2678 2977 qui
2703 2904 3052 2961 ascenderunt
3079 2917 3240 2973 equos
3262 2902 3436 2972 (Psal.
3459 2917 3633 2969 Lxxv,
3666 2903 3723 2974 7)
3744 2922 3767 2968 ;
3802 2903 3860 2959 id

2251 3004 2354 3066 est,
2380 2997 2439 3052 in
2479 3003 2655 3052 morte
2691 2995 2891 3051 animae
2931 2991 3134 3049 mentis
3171 2989 3365 3047 oculos
3391 3004 3424 3044 a
3451 2988 3702 3045 veritatis
3732 2991 3862 3047 luce

2253 3086 2592 3153 clauserunt,
2610 3084 2706 3159 qui
2726 3083 2787 3141 in
2806 3082 3091 3157 praesentis
3111 3080 3244 3137 vita)
3264 3078 3476 3135 honore
3489 3075 3689 3135 conﬁsi
3702 3084 3858 3136 sunt.

546 3201 754 3260 diaboli
785 3167 1078 3269 transiens,
1108 3208 1163 3255 et
1188 3197 1461 3254 mendacii
1491 3194 1773 3252 hominem
1803 3193 1978 3249 Deum
2006 3200 2137 3247 'cre—
2169 3175 2213 3234 (ἶ
2319 3176 2464 3269 ΕεΙξιί
2482 3176 2708 3269 mlum?
2728 3174 2833 3232 hoc
2852 3175 3034 3269 ἱρεςιιξη
3055 3169 3580 3269 Ρτωξξδηδξωουίξιῐξλ
3607 3167 3864 3269 designa-

546 3292 699 3359 dens,
722 3298 913 3347 contra
942 3289 1130 3347 ﬁdeles
1145 3296 1296 3345 tanto
1317 3287 1377 3344 in
1406 3286 1579 3343 altum
1609 3281 1918 3350 extollitur,
1936 3285 2143 3352 quanto

546 3390 602 3441 et
630 3381 728 3439 Dei
748 3398 945 3453 corpus
973 3397 1029 3438 se
1055 3397 1173 3437 esse
1190 3378 1477 3453 gloriatur.
1498 3376 1629 3443 Quae
1649 3372 1779 3447 quia
1797 3387 1909 3426 non
1964 3370 2142 3425 solum

547 3471 947 3529 humanitatem
1017 3469 1260 3528 Domini.
1281 3467 1375 3525 sed
1406 3468 1577 3540 ipsam
1599 3462 1764 3520 etiam
1794 3459 2146 3516 divinitatem

549 3571 803 3645 despicit,
834 3586 948 3626 non
976 3576 1193 3626 tantum
1214 3565 1476 3640 equitem,
1499 3561 1594 3619 sed
1622 3573 1965 3617 ascensorem
1979 3554 2148 3613 etiam

549 3661 752 3736 equitis
779 3659 994 3717 irridet.
1022 3659 1159 3717 Nam
1187 3655 1463 3717 custodita
1482 3652 1693 3709 unitate
1720 3664 1967 3723 personae
2000 3645 2150 3736 valet

547 3734 806 3824 intelligi,
856 3748 986 3822 quia
1025 3747 1269 3805 Verbum
1299 3745 1400 3804 Dei
1431 3751 1566 3800 tunc
1603 3739 1845 3813 equitem
1872 3734 2149 3802 ascendit,

549 3840 769 3915 quando
798 3836 1128 3897 animatamc
1142 3851 1331 3894 arnem
1360 3832 1468 3892 sibi
1499 3832 1645 3889 intra
1657 3838 1880 3889 uterum
1894 3825 2149 3901 Virginis

551 3929 820 3987 condidit.
852 3928 1007 3985 Tunc
1025 3926 1265 4001 equitem
1295 3921 1563 3990 ascendit,
1596 3918 1818 3994 quando
1846 3916 2148 3973 humanam

552 4022 793 4076 animam
823 4017 1060 4090 propriae
1104 4016 1259 4073 carni
1296 4012 1704 4086 praesidentem,
1735 4007 1930 4065 divino
1973 4005 2149 4063 cultui

552 4105 906 4177 semetipsum
934 4102 1172 4160 creando
1200 4099 1537 4174 subjugavit.
1571 4097 1807 4154 Carnem
1838 4093 2040 4167 quippe
2070 4091 2151 4148 di-

553 4194 760 4251 vinitas
787 4190 972 4248 anima
1000 4189 1277 4246 mediante
1311 4186 1570 4258 suscepit,
1602 4193 1656 4241 et
1701 4200 1796 4257 per
1838 4181 1944 4237 hoc
1971 4188 2150 4237 totum

555 4281 721 4339 simul
751 4278 992 4353 equitem
1021 4277 1221 4345 tenuit,
1252 4276 1383 4350 quia
1412 4273 1471 4329 in
1499 4271 1794 4344 semetipso
1823 4284 1936 4326 non
1968 4269 2148 4325 solum

554 4368 709 4427 illam
756 4381 876 4440 quae
913 4363 1220 4438 regebatur,
1257 4362 1353 4422 sed
1399 4360 1542 4418 hanc
1570 4359 1736 4416 etiam
1765 4372 1886 4432 quae
1928 4355 2151 4430 regebat

554 4458 833 4519 astrinxit.
870 4457 1059 4514 Iudaea
1085 4456 1274 4530 igitur,
1304 4471 1401 4529 per
1437 4453 1741 4511 adventum
1781 4447 2152 4523 superbientis

555 4545 888 4607 Antichristi
909 4547 1102 4621 laqueo
1123 4545 1461 4605 seductionis
1475 4550 1650 4615 capta,
1669 4540 1800 4617 quia
1834 4538 2156 4610 Redempto-

558 4653 674 4695 rem
702 4645 951 4696 nostrum
983 4635 1250 4693 humilem
1268 4635 1439 4692 fuisse
1458 4633 1604 4691 inter
1621 4631 1883 4688 homines
1902 4626 2155 4700 despicit,

563 4738 600 4795 1
610 4735 755 4793 015
764 4727 976 4785 deridet
989 4726 1389 4802 equitem,quia
1400 4742 1529 4781 vero
1540 4723 1657 4797 ejus
1667 4723 1726 4779 in
1738 4721 2000 4779 omnibus
2013 4718 2157 4776 divi-

559 4827 721 4886 nitati
735 4824 1087 4894 contradicit,
1109 4814 1321 4881 deridet
1339 4819 1706 4878 nihilominus
1721 4824 1774 4875 et
1788 4831 2154 4875 ascensorem.

559 4916 996 4991 SedRedemptor
1009 4923 1196 4973 noster
1210 4929 1354 4970 unus
1368 4910 1624 4983 idemque
1637 4914 1692 4965 et
1702 4912 1949 4981 eques,et
1958 4904 2163 4978 equitis

561 5014 643 5065 est
668 5023 954 5075 ascensor;
987 5012 1041 5064 et
1068 5021 1195 5064 cum
1223 5004 1283 5061 in
1310 5000 1580 5059 mundum
1596 4997 1949 5067 venit,fortes
1969 5002 2163 5052 contra

563 5099 835 5157 mundum
882 5098 1268 5171 praedicatores
1296 5091 1589 5159 exhibuit;
1636 5096 1692 5145 et
1718 5104 1846 5147 cum
1877 5087 1935 5144 in
1966 5086 2162 5144 mundi

562 5189 802 5246 termino
829 5187 1160 5245 Antichristi
1202 5184 1475 5243 fallaciam
1516 5181 1734 5249 tolerat,
1766 5178 2029 5235 virtutem
2057 5194 2157 5250 pro

563 5292 621 5332 se
645 5275 985 5332 certantibus
1012 5274 1430 5339 subministrat;
1462 5278 1525 5327 ut
1552 5284 1679 5327 cum
1707 5266 1969 5339 antiquus
1983 5264 2159 5321 hostis

567 5364 626 5419 in
664 5363 761 5420 illa
786 5378 884 5419 sua
922 5363 1088 5421 citius
1133 5361 1377 5420 ﬁnienda
1403 5359 1654 5417 libertate
1700 5357 1939 5424 laxatur,
1971 5353 2164 5410 ﬁdeles

568 5451 742 5508 nostri
772 5458 891 5508 tant
930 5450 1166 5525 majores
1212 5452 1359 5508 vires
1399 5449 1692 5522 accipiant,
1737 5451 1943 5521 quanto
1970 5449 2163 5501 contra

568 5538 943 5597 adversarium
958 5543 1201 5598 solutum
1221 5538 1651 5615 pugnant.Unde
1669 5534 1763 5594 hic
1776 5550 1902 5593 cum
1923 5531 2165 5589 struthio

569 5629 682 5685 alas
709 5627 941 5696 elevare,
972 5644 1311 5685 ascensarem
1344 5636 1398 5683 et
1416 5627 1657 5701 equitem
1685 5623 1936 5680 deridere
1967 5620 2166 5677 descri-

570 5717 740 5786 bitur,
765 5715 916 5772 illico
932 5716 1161 5771 fortium
1182 5714 1602 5788 praedicatorum
1624 5712 1892 5771 memoria
1909 5710 2168 5782 subroga-

570 5816 679 5877 tur,
710 5813 764 5863 et
790 5804 996 5862 dicitur
1014 5820 1027 5861 :

2251 3272 2364 3335 tur,
2385 3265 2528 3323 sicut
2545 3264 2712 3322 Jacob
2732 3280 2865 3323 voce
2880 3262 3086 3321 dicitur
3110 3280 3121 3319 :
3145 3261 3271 3318 Fiat
3288 3261 3412 3317 Dan
3425 3259 3640 3316 coluber
3664 3258 3732 3313 in
3748 3258 3864 3325 via,

2253 3363 2472 3414 cerastes
2500 3356 2559 3411 in
2576 3357 2782 3423 semita,
2819 3356 3067 3411 mordens
3105 3353 3354 3424 ungulas,
3375 3349 3497 3422 equi
3521 3355 3583 3405 ut
3601 3349 3768 3405 cadat
3784 3366 3866 3405 as-

2255 3464 2434 3503 sensor
2453 3445 2566 3516 ejus
2588 3453 2733 3502 retro
2754 3446 2970 3518 (Genes.
2993 3459 3147 3511 xux,
3173 3442 3290 3513 17).
3312 3439 3433 3508 Quo
3460 3439 3519 3494 in
3539 3437 3868 3496 testimonio

2259 3536 2392 3610 quid
2411 3552 2586 3610 equus
2599 3535 2875 3608 signiﬁcet
2895 3533 3096 3589 melius
3113 3528 3482 3598 ostendimus,
3508 3527 3557 3585 si
3572 3536 3629 3585 et
3655 3543 3732 3584 ea
3750 3543 3866 3602 quae

2259 3626 2622 3684 circumstant
2662 3624 2827 3699 paulo
2874 3621 3140 3680 subtilius
3179 3634 3573 3693 exponamus,
3590 3615 3865 3675 Nonnulli

2260 3717 2409 3774 enim
2438 3716 2507 3773 de
2534 3715 2689 3773 tribu
2715 3717 2834 3772 Dan
2863 3713 3054 3771 venire
3083 3709 3490 3768 Antichristum
3512 3707 3734 3777 ferunt,
3771 3722 3865 3781 pro

2261 3824 2326 3865 eo
2339 3807 2487 3882 quod
2502 3807 2609 3865 hoc
2628 3807 2750 3864 loco
2765 3808 2882 3863 Dan
2902 3812 2960 3860 et
2972 3800 3197 3861 coluber
3214 3799 3479 3858 asseritur
3491 3806 3546 3855 et
3568 3797 3860 3855 mordens.

2263 3899 2419 3956 Unde
2445 3904 2499 3952 et
2519 3910 2633 3952 non
2664 3892 2944 3950 immerito
2973 3891 3107 3947 dum
3132 3889 3471 3947 Israeliticus
3494 3886 3746 3960 populus
3762 3894 3863 3943 ter-

2263 4002 2351 4042 ras
2378 3985 2437 4040 in
2463 3992 2772 4041 castrorum
2802 3979 3100 4053 partitione
3126 3963 3451 4051 susciperet,
3499 3975 3722 4050 primus
3749 3976 3864 4032 Dan

2261 4073 2330 4130 ad
2357 4073 2688 4145 Aquilonem
2703 4075 3117 4128 castrametatus
3136 4075 3218 4126 est
3234 4068 3426 4140 (Num.
3452 4084 3515 4136 II,
3544 4066 3635 4137 25)
3656 4083 3685 4131 ;
3703 4065 3861 4122 illum

2181 4187 2196 4201 -
2261 4161 2472 4219 scilicet
2497 4159 2739 4231 signans,
2770 4156 2866 4233 qui
2893 4157 2953 4213 in
2980 4156 3143 4214 corde
3168 4173 3270 4213 suo
3304 4156 3520 4214 dixerat
3532 4171 3555 4214 .:
3590 4153 3787 4211 Sedebo
3801 4154 3859 4209 in

2262 4255 2433 4305 monte
2453 4247 2760 4317 testamenti,
2791 4245 2851 4303 in
2867 4246 3119 4303 lateribus
3137 4246 3448 4318 Aquilonis;
3474 4242 3755 4301 ascendam
3774 4260 3861 4300 su-

2256 4356 2355 4413 per
2383 4335 2717 4395 altitudinem
2758 4335 2997 4406 nubium,
3028 4335 3219 4392 similis
3259 4351 3348 4390 ero
3395 4333 3669 4392 Altissimo
3708 4332 3860 4405 (Isai.

2263 4447 2383 4498 xIv,
2405 4429 2492 4497 13,
2518 4428 2633 4501 14).
2654 4430 2734 4485 De
2753 4443 2862 4502 quo
2881 4434 2936 4483 et
2950 4442 3047 4499 per
3065 4425 3388 4500 prophetam
3400 4424 3607 4482 dicitur
3629 4441 3643 4481 :
3665 4423 3719 4482 Α
3748 4424 3867 4481 Dan

2184 4532 2233 4592 ι)
2268 4519 2483 4577 auditus
2513 4524 2589 4574 est
2613 4516 2858 4589 fremitus
2888 4532 3143 4587 equorum
3169 4514 3283 4586 ejus
3341 4515 3557 4588 (Jercm.
3588 4529 3718 4583 vm,
3750 4511 3864 4585 16).

2265 4607 2371 4676 Qui
2400 4624 2513 4665 non
2540 4606 2722 4664 solum
2757 4604 3004 4674 coluber,
3033 4603 3130 4661 sed
3158 4603 3325 4661 etiam
3345 4609 3585 4662 cerastes
3613 4610 3864 4667 vocatur,

2265 4708 2472 4780 Κέρατα
2485 4698 2634 4755 enim
2655 4697 2840 4754 Graece
2867 4712 3069 4752 cornua
3088 4694 3282 4752 Latine
3301 4692 3589 4762 dicuntur,
3617 4706 3864 4766 serpens-

2266 4815 2371 4872 que
2400 4797 2494 4855 hic
2520 4801 2784 4854 cornutus
2825 4808 2939 4849 esse
2967 4790 3307 4864 perhibetur,
3356 4805 3453 4863 per
3497 4805 3665 4864 quem
3701 4788 3863 4862 digne

2268 4884 2600 4946 Antichristi
2628 4882 2900 4940 adventus
2918 4880 3202 4949 asseritur,
3232 4880 3364 4954 quia
3392 4887 3587 4937 contra
3614 4877 3862 4935 ﬁdelium

2270 4980 2441 5037 vitam
2470 4993 2596 5035 cum
2635 4991 2822 5032 morsu
2863 4972 3134 5046 pestifera:
3162 4968 3572 5044 praedicationis
3618 4972 3867 5025 armatur

2270 5072 2436 5128 etiam
2465 5067 2725 5127 cornibus
2756 5063 3060 5140 potestatis.
3094 5063 3228 5133 Quis
3253 5071 3439 5121 autem
3458 5061 3670 5121 nesciat
3689 5058 3863 5117 semi-

2270 5169 2383 5218 tam
2405 5158 2773 5232 angustiorem
2792 5171 2906 5212 esse
2925 5170 3090 5228 quam
3119 5153 3265 5209 viam
3282 5154 3310 5209 ?
3330 5153 3422 5209 Fit
3439 5167 3568 5224 ergo
3581 5152 3699 5207 Dan
3717 5148 3866 5206 colu-

2266 5251 2364 5309 ber
2376 5250 2432 5307 in
2448 5246 2693 5321 via,quia
2707 5246 2765 5302 in
2780 5243 3061 5317 praesentis
3079 5241 3505 5299 vitalatitudine
3520 5257 3613 5298 eos
3623 5236 3865 5296 ambula-

2269 5355 2329 5396 re
2355 5344 2635 5413 provocat,
2654 5335 2856 5411 quibus
2875 5333 3033 5409 quasi
3054 5332 3328 5405 parcendo
3343 5332 3616 5389 blantitur
3635 5350 3650 5400 ;
3674 5328 3862 5392 1016

2272 5436 2368 5494 sed
2396 5435 2455 5492 in
2472 5433 2563 5491 via
2583 5431 2816 5500 mordet,
2839 5429 2969 5504 quia
2986 5445 3079 5487 eos
3093 5428 3295 5504 quibus
3313 5428 3623 5485 libertatem
3641 5423 3861 5492 tribuit,

2274 5523 2475 5580 erroris
2500 5520 2587 5579 sui
2605 5535 2819 5576 veneno
2846 5517 3157 5577 consumit.
3180 5518 3269 5576 Fit
3294 5524 3527 5574 cerastes
3557 5515 3617 5572 in
3642 5510 3860 5580 semita,

2276 5613 2406 5689 quia
2426 5626 2563 5685 quos
2582 5608 2771 5665 ﬁdeles
2787 5607 3009 5682 reperit,
3038 5614 3093 5665 et
3107 5621 3224 5664 sese
3238 5605 3307 5663 ad
3323 5605 3580 5680 praecepti
3626 5599 3866 5663 caelestis

2278 5709 2507 5777 angusta
2556 5699 2757 5756 itinera
2776 5698 3227 5772 constringentes,
3267 5713 3380 5755 non
3410 5697 3590 5755 solum
3610 5691 3867 5769 nequitia

2278 5794 2491 5855 callidae
2519 5791 2887 5869 persuasionis
2913 5791 3152 5866 impetit,
3181 5790 3277 5851 sed
3303 5790 3472 5850 etiam
3503 5799 3714 5852 terrore
3754 5801 3873 5860 po-
