4156 6178
380 277 488 335 597

1110 277 1488 335 MOBALIUM
1526 278 1661 336 LIB.
1701 279 1911 336 XXXI.
1951 310 2022 321 —
2059 279 2132 336 IN
2169 278 2396 337 CAPUT
2434 281 2677 339 XXXIX
2717 283 2779 339 B.
2822 283 2964 340 JOB.

3577 291 3683 351 398

380 404 595 463 testatis
650 404 870 477 premit,
902 413 957 461 et
1000 406 1016 439 ¹
1067 404 1126 460 in
1165 405 1562 476 persecutionis
1593 420 1818 478 angore,
1856 414 1981 478 post
2006 406 2058 466 A
2087 421 2267 463 sermo
2293 409 2677 477 convenerint,
2707 424 3053 482 nequaquam
3098 411 3280 469 virtus
3324 414 3682 486 perfectionis

376 493 650 553 beneﬁcia
674 492 819 550 ﬁctae
847 491 1179 562 dulcedinis,
1202 501 1421 551 exercet
1447 511 1654 552 cornua
1676 497 1973 568 potestatis.

379 586 503 654 Quo
522 584 581 641 in
611 583 736 641 loco
761 600 935 658 equus
962 583 1113 642 hunc
1141 585 1411 642 mundum
1452 587 1718 656 insinuat,
1759 589 1853 661 qui
1885 605 1980 660 per

376 674 675 732 elationem
702 688 856 729 suam
887 672 946 729 in
974 689 1141 731 cursu
1172 674 1476 731 labentium
1501 686 1813 750 temporum
1845 695 1978 751 spu-

376 772 511 822 mat.
540 763 617 819 Et
634 762 765 837 quia
780 761 1160 821 Antichristus
1188 772 1436 823 extrema
1464 767 1658 823 mundi
1680 768 1976 841 apprehen-

374 854 507 911 dere
535 854 761 922 nititur,
776 860 1012 911 cerastes
1030 855 1132 912 iste
1160 856 1288 928 equi
1315 857 1551 929 ungulas
1569 857 1821 914 mordere
1843 876 1978 932 per-

374 944 626 1001 hibetur.
660 944 902 1015 Ungulas
947 945 1150 1018 quippe
1179 946 1309 1019 equi
1340 946 1592 1003 mordere
1625 956 1707 1004 est
1733 957 1979 1005 extrema

373 1035 569 1091 saeculi
604 1034 627 1069 ³
654 1032 906 1090 feriendo
936 1034 1273 1108 contingere.
1312 1037 1379 1094 Ut
1404 1037 1561 1093 cadat
1585 1054 1832 1094 ascensor
1866 1039 1979 1109 ejus

372 1130 521 1180 retro
555 1123 764 1195 (Genes.
798 1140 950 1191 erx,
987 1124 1095 1197 17).
1138 1127 1412 1183 Ascensor
1457 1128 1584 1201 equi
1619 1136 1701 1185 est
1730 1128 1978 1202 quisquis

377 1214 673 1272 extollitur
706 1212 766 1270 in
807 1212 1175 1285 dignitatibus
1218 1215 1432 1272 mundi.
1466 1217 1573 1284 Qui
1604 1224 1755 1273 retro
1780 1218 1976 1275 cadere

375 1304 607 1372 dicitur,
636 1310 691 1360 et
718 1319 831 1360 non
860 1303 919 1359 in
947 1303 1167 1372 faciem,
1201 1304 1347 1363 sicut
1373 1306 1572 1363 Saulus
1587 1306 1850 1364 cecidisse
1871 1323 1977 1363 me-

374 1402 626 1454 moratur
643 1395 790 1463 (Act.
807 1412 889 1463 rx,
910 1394 990 1469 4).
1011 1396 1074 1452 In
1089 1395 1287 1453 faciem
1303 1397 1453 1453 enim
1475 1398 1666 1455 cadere
1688 1407 1771 1456 est
1795 1399 1853 1455 in
1873 1399 1977 1457 hac

374 1486 496 1544 vita
523 1500 652 1541 suas
696 1500 1148 1558 unumquemque
1194 1487 1387 1559 culpas
1433 1503 1748 1559 agnoscere,
1780 1504 1977 1562 easque

376 1574 698 1651 paenitendo
725 1572 945 1632 deﬂere.
966 1575 1131 1633 Retro
1165 1591 1298 1632 vero
1326 1592 1437 1648 quo
1466 1592 1577 1633 non
1608 1576 1850 1647 videtur,
1877 1596 1978 1635 ca—

374 1666 526 1734 dere,
558 1670 640 1722 est
669 1679 739 1721 ex
770 1663 875 1722 hac
903 1665 1022 1721 vita
1058 1673 1283 1737 repente
1309 1668 1330 1701 ³
1367 1664 1650 1736 decedere,
1678 1674 1733 1723 et
1760 1667 1828 1723 ad
1855 1684 1976 1741 quae

2086 497 2388 568 apparebit.
2412 497 2533 553 Non
2554 497 2703 554 enim
2724 498 2958 553 multum
2982 498 3203 569 prodest
3220 501 3265 555 si
3286 502 3538 560 sublimis
3553 506 3682 562 vita;

2090 586 2405 656 operatione
2430 586 2688 642 suffultus
2717 587 2808 654 sit,
2840 587 2885 642 si
2917 596 3099 643 tamen
3132 588 3408 663 loquendo
3433 610 3544 649 non
3577 611 3683 650 va-

2087 674 2163 730 let
2185 674 2251 730 ad
2268 674 2376 732 hoc
2395 677 2532 731 alios
2558 676 2796 731 excitare
2813 676 2959 749 quod
2989 676 3283 734 sentit.Vel
3306 681 3440 753 quid
3464 685 3685 754 prodest

2086 762 2224 818 bene
2250 762 2523 837 loquendo
2538 764 2674 820 alios
2695 763 3010 834 accendere,
3035 766 3079 822 si
3103 769 3456 841 semetipsum
3474 771 3684 829 indicat

2088 853 2228 909 male
2256 853 2499 910 vivendo
2528 854 2798 925 torpuisse
2822 854 2850 910 ?
2890 855 3033 923 Quia
3079 872 3207 928 ergo
3238 858 3296 913 in
3327 858 3682 930 praedicatore

2086 959 2304 999 necesse
2332 951 2413 999 est
2442 950 2504 999 ut
2532 943 2600 998 ad
2628 941 3023 1016 perfectionem
3050 951 3240 1009 1017
3273 954 3509 1021 utraque
3540 965 3683 1005 con-

2087 1039 2333 1107 veniant,
2367 1055 2507 1112 equo
2535 1056 2636 1095 suo
2664 1039 2935 1095 Dominus
2964 1049 3018 1097 et
3047 1058 3172 1098 cum
3204 1043 3436 1101 actionis
3465 1043 3682 1099 fortitu-

2086 1128 2215 1185 dine
2245 1129 2527 1184 hinnitum
2559 1128 2711 1184 vocis
2741 1136 2795 1185 et
2821 1146 2948 1186 cum
2971 1128 3196 1187 hinnitu
3225 1132 3379 1189 vocis
3405 1132 3685 1189 fortitudi-

2085 1234 2211 1275 nem
2243 1219 2521 1275 ministrat
2551 1220 2807 1276 actionis.
2837 1220 2909 1276 Et
2937 1221 3245 1277 notandum
3275 1238 3373 1278 cur
3404 1222 3679 1291 hinnitus,

2085 1309 2179 1382 qui
2208 1309 2441 1365 interius
2469 1308 2735 1365 nimirum
2767 1324 2861 1380 per
2884 1317 3075 1382 guttur
3103 1308 3349 1380 ducitur,
3373 1313 3503 1385 equi
3539 1303 3684 1369 collo

2085 1396 2440 1463 circumdari,
2480 1396 2539 1453 id
2566 1406 2647 1453 est
2675 1396 2831 1471 quasi
2868 1414 2967 1470 per
2995 1415 3191 1471 gyrum
3221 1400 3369 1456 trahi
3410 1400 3680 1470 exterius,

2085 1485 2325 1556 dicatur,
2357 1486 2490 1560 quia
2507 1486 2768 1543 videlicet
2796 1487 3207 1560 praedicationis
3227 1505 3340 1546 vox
3359 1490 3426 1546 de
3448 1490 3685 1546 internis

2085 1585 2322 1646 emanat,
2342 1576 2435 1634 sed
2464 1585 2621 1633 extra
2650 1577 2975 1637 circumdat.
2996 1581 3131 1636 Nam
3153 1598 3262 1655 quo
3288 1581 3427 1638 alios
3447 1580 3516 1637 ad
3541 1580 3683 1638 bene

2085 1666 2387 1723 vivendum
2418 1666 2668 1735 suscitat,
2702 1684 2766 1724 eo
2813 1667 2881 1723 ad
2932 1668 3072 1726 bene
3119 1669 3394 1742 agendum
3440 1677 3494 1725 et
3523 1686 3686 1742 opera

372 1754 647 1829 supplicia
678 1753 919 1811 ducatur
962 1754 1236 1825 ignorare.
1286 1755 1357 1810 Et
1399 1754 1531 1827 quia
1557 1755 1747 1812 Judaaa
1774 1758 1976 1815 erroris
2004 1766 2051 1826 B
2087 1755 2439 1827 praedicantis
2463 1755 2619 1827 ligat,
2641 1772 2710 1812 ne
2728 1764 2885 1812 extra
2914 1774 3225 1815 sermonem
3256 1758 3403 1816 actio
3423 1765 3682 1826 transeat,

372 1843 462 1901 sui
491 1842 700 1916 laqueis
731 1850 915 1915 capta,
963 1859 1063 1915 pro
1106 1842 1328 1901 Christo
1357 1843 1767 1901 Antichristum
1798 1862 1975 1919 expe-

376 1940 510 2002 ctat,
539 1932 675 1988 bene
703 1932 872 1989 Iacob
902 1931 1095 1987 eodem
1142 1933 1265 1988 loco
1293 1940 1518 2005 repente
1563 1932 1621 1988 in
1663 1933 1971 1990 electorum

374 2036 511 2078 voce
528 2038 826 2078 conversus
842 2028 946 2090 est,
963 2021 1153 2079 dicens
1173 2039 1184 2077 :
1212 2022 1462 2079 Salutare
1474 2028 1623 2078 tuum
1642 2024 1971 2094 exspectabo,

369 2110 592 2167 Domine
617 2111 836 2182 (Genes.
858 2128 1015 2179 xux,
1036 2111 1125 2185 18)
1148 2130 1162 2180 ;
1204 2111 1263 2168 id
1283 2119 1383 2180 est,
1406 2128 1518 2169 non
1547 2112 1693 2169 sicut
1720 2112 1973 2173 infideles

371 2199 803 2268 Antichristum,
822 2200 916 2256 sed
931 2216 1054 2257 eum
1076 2200 1170 2274 qui
1192 2201 1248 2256 in
1269 2201 1704 2274 redemptionem
1726 2210 1971 2259 nostram

371 2298 636 2346 venturus
664 2296 766 2357 est,
789 2289 810 2323 ⁴
839 2304 1031 2345 verum
1064 2289 1227 2345 credo
1250 2288 1490 2346 ﬁdeliter
1518 2291 1825 2349 Christum.

439 2378 585 2451 Equi
614 2380 841 2435 nomine
874 2378 1199 2450 prteparatio
1227 2387 1389 2437 recta:
1416 2380 1746 2438 intentionis
1773 2381 1972 2456 accipi-

366 2474 481 2537 tur,
502 2467 649 2525 sicut
676 2468 943 2539 scriptum
963 2474 1072 2522 est:
1104 2469 1293 2537 Equus
1318 2476 1554 2539 paratur
1579 2471 1639 2525 in
1666 2472 1804 2526 diem
1827 2472 1969 2539 belli,

365 2559 459 2613 sed
487 2556 750 2613 Dominus
795 2557 1019 2610 salutem
1063 2556 1251 2610 tribuit
1282 2556 1470 2627 (Prov.
1516 2574 1637 2624 xxI,
1682 2558 1797 2631 3i),
1843 2561 1971 2633 quia

370 2654 568 2703 contra
594 2643 956 2700 tentationem
987 2643 1209 2717 quidem
1238 2661 1295 2701 se
1323 2647 1542 2703 animus
1569 2657 1860 2721 praeparat,
1877 2650 1970 2706 sed

366 2735 480 2792 nisi
509 2733 826 2805 adjuvetur,
859 2733 1155 2789 salubriter
1182 2749 1292 2790 non
1333 2735 1594 2793 decertat.

435 2823 590 2896 Equi
611 2822 836 2879 nomine
855 2831 1075 2880 sanctus
1090 2824 1321 2897 quisque
1340 2827 1666 2896 praedicator
1677 2831 1965 2905 accipitur,

368 2913 640 2989 propheta
667 2918 977 2979 attestante,
1009 2913 1105 2985 qui
1141 2912 1254 2968 ait:
1306 2910 1504 2972 Misisti
1531 2917 1590 2972 in
1616 2936 1765 2975 mare
1808 2938 1966 2993 equos

369 3011 503 3070 tuos,
524 3002 796 3059 turbantes
821 3017 992 3072 aquas
1017 3002 1217 3058 multas
1230 3003 1460 3074 (Habac.
1494 3023 1579 3075 ιιι,
1612 3008 1726 3081 15).
1754 3011 1964 3078 Quietae

367 3096 569 3188 quippe
610 3109 767 3167 aquae
799 3092 1111 3165 jacuerunt,
1145 3093 1276 3188 quia
1308 3094 1572 3188 humanae
1607 3108 1817 3188 mentes
1864 3102 1963 3160 diu
1996 3126 2040 3188 ο

367 3183 633 3240 vitiorum
661 3198 887 3239 suorum
916 3190 1133 3255 torpore
1156 3183 1347 3256 sopitae
1374 3192 1527 3243 sunt.
1556 3187 1662 3245 Sed
1682 3191 1841 3263 equis
1865 3193 1965 3249 Dei

366 3288 514 3329 mare
542 3271 825 3328 turbatum
851 3279 953 3341 est,
985 3271 1115 3345 quia
1134 3272 1318 3329 missis
1336 3265 1549 3333 'sanctis
1578 3279 1966 3350 praedicatori-

364 3360 491 3430 bus,
523 3376 689 3417 omne
717 3377 813 3418 cor
840 3360 987 3435 quod
1015 3361 1276 3434 pestifera
1296 3365 1587 3424 securitate
1612 3370 1844 3441 torpuit,
1864 3370 1964 3426 im-

368 3453 533 3525 pulsu
559 3452 831 3510 salutiferi
849 3454 1069 3511 timoris
1087 3454 1333 3527 expavit.
1355 3456 1473 3513 Hoc
1493 3456 1676 3531 itaque
1693 3459 1816 3516 loco
1833 3460 1967 3534 equi

365 3546 593 3603 nomine
619 3555 842 3604 sanctus
866 3546 1193 3620 praedicator
1221 3547 1511 3621 accipitur,
1534 3567 1661 3608 cum
1681 3552 1842 3611 beato
1862 3554 1964 3611 Job

361 3632 603 3691 dicitur:
640 3634 781 3710 [γει.
811 3637 966 3702 XIX,
984 3638 1104 3694 Rec.
1124 3635 1251 3710 XL]
1279 3638 1536 3708 Nunquid
1550 3640 1806 3710 praebebis
1835 3660 1965 3713 equo

364 3722 753 3795 fortitudinem,
783 3731 882 3783 aut
908 3725 1259 3781 circumdabis
1282 3727 1419 3782 collo
1446 3727 1562 3798 ejus
1588 3728 1851 3799 hinnitum
1866 3731 1894 3788 ἲ

432 3867 523 3926 44.
550 3870 884 3928 Praedicator
913 3876 1165 3944 tanquam
1183 3888 1347 3943 equus
1372 3873 1561 3932 habeat
1594 3892 1630 3931 a
1656 3874 1767 3932 Deo
1794 3875 1966 3946 forti-

363 3957 616 4028 tudinem,
646 3966 705 4015 ut
727 3967 862 4017 recte
887 3967 1050 4034 agat;
1076 3968 1126 4017 et
1151 3962 1437 4033 hinnitum,
1467 3971 1528 4021 ut
1553 3966 1743 4038 optime
1762 3967 1960 4024 doceat.

359 4079 430 4091 —
457 4048 567 4107 Sed
599 4051 735 4125 quid
763 4058 848 4109 est
874 4052 1023 4126 quod
1052 4052 1184 4111 huic
1220 4070 1363 4129 equo
1408 4058 1681 4116 Dominus
1721 4076 1779 4116 se
1808 4059 1962 4131 prius

359 4137 490 4197 dare
510 4139 921 4211 fortitudinem,
939 4152 993 4201 et
1007 4144 1356 4215 postmodum
1378 4148 1522 4205 collo
1541 4148 1658 4221 ejus
1678 4149 1960 4207 hinnitum

359 4228 705 4287 circumdare
722 4231 917 4288 asserit
934 4232 963 4288 ‘l
983 4232 1221 4291 Hinnitu
1239 4236 1388 4292 enim
1420 4253 1533 4293 vox
1552 4238 1961 4310 praedicationis

359 4318 714 4391 exprimitur.
764 4319 943 4377 Verus
988 4327 1171 4377 autem
1221 4325 1453 4398 quisque
1482 4326 1807 4398 praedicator
1835 4336 1963 4385 ante

359 4405 766 4479 fortitudinem,
799 4415 855 4465 et
875 4411 1224 4482 postmodum
1259 4412 1546 4471 hinnitum
1574 4416 1795 4489 accipit,
1829 4417 1960 4490 quia

2083 1860 2151 1899 ne
2172 1844 2295 1899 voci
2318 1844 2431 1900 vita
2452 1843 2812 1901 contradicat.
2832 1844 2989 1902 Collo
3012 1863 3138 1919 ergo
3160 1849 3285 1920 equi
3308 1848 3561 1903 hinnitus
3581 1847 3683 1904 cir-

2082 1932 2459 2000 cumducitur,
2484 1932 2614 2005 quia
2641 1949 2710 1990 ne
2737 1933 2804 1989 ad
2836 1949 3093 2005 perversa
3112 1952 3277 2008 opera
3300 1935 3548 2008 prodeat,
3570 1936 3684 1992 suis

2082 2023 2312 2080 vocibus
2339 2024 2506 2080 etiam
2540 2024 2657 2080 vita
2686 2024 3036 2099 praedicantis
3079 2028 3384 2084 obsidetur.
3430 2028 3575 2085 Hinc
3603 2036 3685 2085 est

2083 2114 2231 2171 enim
2249 2113 2396 2187 quod
2425 2121 2679 2187 potenter
2694 2113 3094 2173 dimicantibus
3119 2118 3177 2173 in
3204 2134 3432 2173 munere
3461 2124 3684 2191 torques

2081 2202 2264 2271 datur,
2283 2213 2345 2260 ut
2361 2204 2490 2277 quia
2505 2204 2659 2277 signa
2679 2204 2952 2261 virtutum
2973 2214 3207 2278 gestant,
3230 2206 3440 2279 majora
3469 2223 3683 2279 semper

2085 2300 2396 2361 exerceant,
2442 2301 2496 2349 et
2528 2292 2836 2350 debilitatis
2864 2295 3075 2351 crimen
3106 2296 3385 2352 incurrere
3411 2303 3679 2365 metuant,

2082 2382 2215 2439 dum
2247 2382 2305 2439 in
2344 2384 2656 2456 semetipsis
2692 2383 2807 2456 jam
2854 2384 3203 2441 fortitudinis
3242 2393 3324 2442 est
3363 2385 3677 2459 praemium,

2085 2474 2106 2508 ⁸
2136 2472 2284 2547 quod
2318 2481 2613 2530 ostentant.
2647 2473 2802 2529 Unde
2831 2481 2978 2529 recte
3006 2473 3067 2529 in
3097 2474 3256 2531 laude
3286 2475 3567 2549 sapientia:
3588 2492 3680 2531 au-

2079 2562 2247 2619 ditori
2293 2562 2522 2621 cuilibet
2563 2580 2660 2636 per
2714 2564 3061 2620 Salomonem
3107 2562 3357 2621 dicitur:
3415 2566 3681 2622 Coronam

2076 2652 2377 2723 gratiarum
2403 2653 2626 2725 accipies
2655 2652 2817 2724 capiti
2839 2659 2947 2718 tuo,
2964 2658 3013 2708 et
3041 2659 3277 2725 torquem
3303 2672 3524 2712 auream
3544 2656 3678 2712 collo

2078 2745 2166 2797 tuo
2184 2743 2385 2814 (Prov.
2404 2760 2443 2810 ι,
2475 2742 2556 2815 9).
2590 2742 2852 2816 Sequitur
2874 2759 2886 2798 :

2467 2858 2699 2917 CAPUT
2737 2860 2898 2919 xxv
2939 2859 3083 2933 [Rec.
3125 2861 3285 2937 xu].

2148 2976 2319 3033 Vnus.
2334 2976 2770 3048 20.—Nunquid
2793 2978 3067 3033 suscitabis
3087 2996 3203 3033 eum
3223 2979 3379 3049 quasi
3405 2981 3630 3037 locustas
3651 2985 3678 3037 ἵ

2144 3062 2233 3121 45.
2268 3066 2375 3121 Per
2407 3066 2635 3121 locustas
2660 3081 2777 3134 qua:
2805 3066 3021 3121 debeant
3041 3067 3288 3138 intelligi.
3313 3068 3569 3125 Iudaicus
3583 3086 3678 3142 po-

2070 3158 2251 3229 pulus.
2278 3155 2460 3213 Saltus
2484 3154 2742 3227 quosdam
2765 3154 2927 3221 dedit,
2958 3161 3006 3210 et
3042 3155 3097 3211 in
3128 3161 3325 3213 terram
3353 3159 3532 3215 statim
3551 3160 3675 3216 ceci-

2076 3245 2176 3301 dit.
2199 3277 2269 3287 —
2297 3245 2656 3302 Locustarum
2686 3244 2915 3301 nomine
2944 3244 3245 3318 aliquando
3271 3246 3533 3304 Judaicus
3565 3265 3676 3321 po-

2075 3337 2257 3409 pulus,
2321 3336 2619 3411 aliquando
2682 3353 2950 3395 conversa
3004 3338 3319 3411 gentilitas,
3376 3340 3676 3414 aliquando

2073 3426 2420 3484 adulantium
2447 3427 2654 3500 lingua,
2684 3426 2982 3501 aliquando
3006 3443 3138 3485 vero
3176 3446 3272 3502 per
3290 3430 3678 3502 comparatio-

2074 3531 2201 3572 nem
2228 3516 2556 3574 resurrectio
2603 3515 2901 3588 dominica,
2944 3517 3030 3574 vel
3077 3519 3502 3590 praedicatorum
3552 3519 3670 3577 vita

2074 3604 2343 3678 signatur.

2145 3694 2287 3761 Quia
2303 3694 2452 3751 enim
2470 3693 2785 3751 Iudaeorum
2806 3693 3073 3766 populum
3094 3695 3319 3753 locustae
3339 3698 3674 3769 exprimant,

2073 3781 2190 3838 vita
2217 3783 2445 3839 Joannis
2473 3783 2672 3854 signat,
2720 3783 2788 3838 de
2820 3797 2929 3853 quo
2961 3782 3227 3854 scriptum
3258 3789 3375 3838 est:
3421 3785 3674 3841 Locustas

2072 3878 2121 3928 et
2146 3872 2248 3928 mel
2276 3871 2512 3927 silvestre
2540 3871 2722 3926 edebat
2750 3871 2964 3941 (Matth.
2997 3887 3083 3938 ιιι,
3103 3870 3187 3942 li).
3214 3872 3453 3928 Joannes
3471 3874 3674 3946 quippe

2073 3977 2197 4017 eum
2230 3976 2393 4034 quem
2424 3960 2726 4033 prophetiae
2755 3959 3086 4016 auctoritate
3115 3960 3459 4032 pronuntiat,
3504 3963 3670 4020 etiam

2071 4051 2249 4123 specie
2279 4049 2531 4107 ciborum
2569 4050 2785 4107 clamat.
2817 4052 2879 4107 In
2913 4049 3207 4122 semetipso
3241 4048 3391 4105 enim
3422 4048 3670 4124 designa-

2072 4140 2155 4195 vit
2176 4140 2494 4208 Dominum,
2527 4156 2687 4213 quem
2718 4140 3002 4213 praevenit.
3036 4139 3143 4207 Qui
3173 4138 3443 4196 nimirum
3486 4141 3545 4197 in
3575 4158 3670 4198 re-

2070 4229 2447 4303 demptionem
2468 4239 2712 4287 nostram
2743 4230 2991 4299 veniens,
3011 4229 3142 4303 quia
3161 4229 3520 4287 infructuosae
3540 4248 3672 4305 gen-

2069 4320 2291 4377 tilitatis
2333 4320 2683 4378 dulcedinem
2732 4320 2987 4395 sumpsit,
3019 4323 3039 4358 ⁷
3077 4321 3183 4377 mel
3230 4321 3483 4377 silvestre
3533 4322 3666 4379 edit.

2069 4408 2210 4476 Quia
2236 4424 2369 4464 vero
2387 4409 2703 4466 Judzeorum
2725 4410 2938 4482 plebem
2969 4410 3028 4466 in
3054 4426 3156 4466 suo
3175 4426 3404 4482 corpore
3423 4427 3493 4467 ex
3514 4420 3668 4484 parte

359 4512 488 4555 cum
508 4496 567 4554 in
593 4512 650 4555 se
669 4497 824 4570 prius
851 4498 992 4555 vitia
1014 4501 1367 4571 exstinxerit,
1382 4509 1516 4559 tunc
1536 4503 1557 4539 δ
1580 4518 1679 4574 pro
1707 4489 1959 4561 οι-ιιάἰεη.
1983 4489 2033 4550 D
2068 4498 2363 4567 convertit,
2394 4497 2452 4554 in
2481 4499 2607 4556 cibo
2638 4500 2870 4557 locustas
2898 4501 3127 4573 accepit.
3157 4501 3309 4573 Ipsos
3324 4516 3563 4574 namque
3579 4503 3668 4558 lo-

359 4585 447 4644 dis
494 4586 621 4645 aliis
648 4587 720 4645 ad
751 4603 945 4646 vocem
976 4587 1386 4661 praedicationis
1413 4591 1586 4649 venit.
1628 4593 1819 4666 Equus
1848 4595 1950 4651 iste

358 4675 529 4734 habet
556 4676 963 4748 fortitudinem,
996 4678 1126 4752 quia
1151 4678 1385 4737 adversa
1395 4689 1710 4739 constanter
1728 4683 1946 4741 tolerat.

357 4766 537 4825 Habet
568 4765 871 4836 hinnitum,
902 4767 1033 4842 quia
1075 4768 1145 4826 ad
1180 4785 1416 4842 superna
1449 4770 1740 4829 blandiens
1769 4778 1949 4831 vocat.

357 4856 503 4915 Huic
531 4872 672 4932 equo
700 4858 970 4916 Dominus
998 4867 1053 4916 et
1078 4858 1467 4917 fortitudinem
1495 4867 1552 4918 et
1579 4859 1865 4918 hinnitum
1894 4878 1953 4919 se

354 4946 489 5007 dare
515 4955 769 5018 testatur,
790 4948 920 5022 quia
946 4949 1007 5006 in
1032 4948 1387 5022 pradicatore
1418 4949 1536 5023 ejus
1558 4950 1667 5008 nisi
1686 4958 1741 5007 et
1763 4951 1877 5008 vita
1899 4957 1953 5007 et

433 5155 451 5189 ¹
478 5153 608 5227 Ed.,
639 5154 699 5210 in
738 5153 1115 5227 persecutionis
1133 5154 1418 5227 languore.
1463 5154 1676 5222 Quibus
1705 5156 1961 5227 praetuli-

357 5241 487 5283 mus
529 5226 659 5283 Mss.
709 5224 928 5283 nostros
976 5224 1198 5283 Ebroic.
1244 5224 1494 5294 aliosque
1545 5224 1761 5294 Norm.,
1820 5226 1959 5284 duos

359 5297 571 5366 Germ.,
603 5297 866 5367 Vindoc.,
911 5297 1034 5354 Val.
1083 5296 1191 5367 CL,
1237 5304 1342 5353 etc.
1389 5296 1528 5353 Sane
1556 5296 1773 5352 furente
1801 5298 1960 5354 Anti-

358 5367 574 5442 christo
593 5385 705 5442 non
732 5366 1150 5442 languebit,_sed
1169 5367 1406 5442 fervebit
1427 5367 1610 5442 potius
1629 5369 1956 5442 persecutio.

435 5440 640 5514 '__Mss.,
665 5438 885 5514 Anglic.
936 5446 1000 5514 et
1039 5439 1254 5507 Norm.,
1297 5438 1537 5514 feriendo
1578 5438 1957 5514 cdnstﬁngere.

356 5511 560 5584 Melius
586 5508 830 5584 videtur,
861 5510 1176 5581 contingere,
1206 5510 1355 5584 quod
1385 5509 1442 5566 in
1490 5508 1753 5567 omnibus
1780 5508 1961 5567 Editis

355 5583 523 5640 etiam
554 5592 665 5641 vet.
698 5583 949 5640 habetur.

431 5656 454 5692 ³
486 5655 609 5712 Val.
643 5656 728 5713 Cl.
759 5663 821 5712 et
841 5655 952 5711 duo
982 5655 1192 5722 Germ.,
1224 5652 1477 5709 decidere.

432 5728 453 5765 δ
485 5726 610 5787 Vat.
631 5725 739 5787 Ed.
769 5726 941 5786 Paris.
972 5733 1027 5784 et
1069 5725 1262 5794 Basil.,
1293 5724 1524 5802 aliaeque
1549 5724 1830 5800 deinceps,
1863 5741 1963 5783 ee-

2069 4595 2238 4645 custaa
2265 4587 2577 4661 signiﬁcant
2604 4589 2815 4647 subitos
2844 4589 3014 4646 saltus
3037 4590 3248 4658 dantes,
3266 4589 3362 4646 sed
3392 4591 3656 4663 protinus

2066 4677 2135 4735 ad
2165 4685 2370 4735 terram
2402 4677 2675 4736 cadentes.
2694 4679 2875 4737 Saltus
2904 4681 3057 4737 enim
3087 4679 3306 4748 dabant
3331 4697 3454 4737 cum
3474 4695 3669 4752 praece-

2067 4776 2162 4844 pta
2188 4768 2415 4827 Domini
2446 4785 2505 4826 se
2550 4769 2780 4841 implere
2811 4770 3240 4842 promitterent;
3283 4768 3379 4824 sed
3406 4767 3569 4824 citius
3596 4767 3667 4822 ad

2068 4867 2269 4917 terram
2291 4857 2583 4925 cadebant,
2603 4875 2728 4916 cum
2747 4876 2843 4933 per
2858 4875 3030 4932 prava
3055 4874 3221 4930 opera
3240 4857 3360 4912 hinc
3370 4872 3427 4912 se
3442 4853 3662 4911 audisse

2070 4947 2420 5021 denegarent.
2451 4948 2759 5005 Videamus
2792 4948 2849 5003 in
2880 4947 2961 5002 eis
2996 4946 3151 5018 quasi
3180 4942 3471 5016 quemdam
3502 4941 3665 4998 locu-

2069 5170 2191 5210 rum
2224 5153 2498 5209 credendo.
2532 5152 2717 5208 Lectio
2748 5158 2934 5208 nostra
2962 5156 3041 5205 est
3064 5148 3422 5217 Mss.Norm.,
3453 5147 3631 5205 Laud.
3642 5192 3658 5218 ,

2069 5226 2193 5283 Val.
2224 5224 2306 5280 Cl.
2337 5231 2391 5279 et
2417 5223 2574 5280 duor.
2610 5224 2795 5279 Germ.

2147 5298 2168 5330 ³
2199 5297 2429 5361 Turon.,
2451 5311 2552 5361 pro
2579 5294 2842 5349 emendis.

2143 5369 2164 5403 ⁶
2206 5360 2419 5433 Germ.,
2451 5360 2712 5432 Vindoc.,
2758 5362 2980 5435 Ebroic.
3031 5360 3235 5435 aliique
3280 5362 3493 5432 Norm.,
3523 5362 3664 5434 quod

2072 5438 2367 5494 ostendant.
2402 5436 2493 5493 Sic
2520 5435 2683 5508 etiam
2714 5434 2876 5492 Corb.
2910 5434 3119 5503 Germ.,
3151 5440 3443 5508 antequam
3467 5450 3664 5491 emen-

2075 5510 2299 5586 daretur
2328 5516 2381 5565 et
2410 5507 2759 5586 scriberetur,
2783 5511 3070 5586 ostentant.
3129 5575 3140 5585 _

2144 5583 2164 5616 ⁷
2197 5580 2425 5647 Turon.,
2459 5579 2666 5645 Germ.,
2699 5579 2822 5635 Val.
2850 5576 3195 5646 Cl.,Ebroic.
3215 5576 3423 5647 aliique
3442 5579 3656 5645 Norm.,

2073 5652 2236 5710 edidit
2264 5668 2361 5725 pro
2389 5651 2511 5707 edit.
2537 5649 2697 5725 corn.
2734 5650 2919 5725 Germ.
2951 5649 3031 5707 sic
3059 5649 3224 5705 etiam
3246 5647 3483 5707 habebat
3509 5656 3659 5706 ante-

2073 5740 2239 5802 quam
2264 5721 2513 5783 delerent
2535 5721 2803 5799 syllabam
2830 5722 2905 5780 di.
