4156 6178
486 221 592 280 599

1697 215 1951 274 SANCTI
2009 217 2348 276 GREGORII
2382 220 2610 278 MAGNI

3701 221 3809 278 600

488 354 698 401 starnm
713 343 946 397 saltum:
975 341 1166 398 Omnia
1186 341 1344 396 verba
1361 357 1478 411 qua:
1500 342 1703 396 locutus
1722 347 1797 396 est
1811 341 2088 408 Dominus,
2120 343 2166 404 A
2197 351 2341 412 rant,
2369 345 2588 417 quando
2615 344 2770 400 vanis
2800 343 3056 402 laudibus
3083 345 3456 419 quorumdam
3494 344 3611 418 jam
3643 350 3806 420 quasi

489 439 538 488 et
562 431 816 503 faciemus
843 435 894 484 et
917 429 1195 485 audiemus
1226 429 1428 500 (Exod.
1464 445 1626 496 xxxv,
1659 429 1738 500 3).
1779 429 2082 486 Videamus

490 527 674 578 autem
715 517 992 593 quomodo
1033 517 1200 574 citius
1243 517 1307 572 ad
1356 524 1559 573 terram
1607 525 1818 574 ruunt:
1873 517 2086 575 Utinam

494 611 690 668 mortui
717 627 939 666 essemus
965 610 1024 663 in
1049 611 1306 680 Egypto,
1327 614 1376 662 et
1398 625 1504 662 non
1523 608 1581 662 in
1606 610 1703 662 hac
1723 615 1877 664 vasta
1905 608 2084 664 solitu-

493 700 648 757 dine!
684 700 894 758 Utinam
929 713 1226 769 pereamus,
1258 702 1308 751 et
1333 714 1440 751 non
1469 697 1688 751 inducat
1715 713 1808 750 nos
1831 697 2090 752 Dominus

495 789 552 844 in
577 796 776 844 terram
801 788 958 843 istam
985 787 1176 858 (Num.
1210 801 1330 854 xw,
1353 785 1408 856 3)
1437 786 1450 841 l
1483 786 1733 842 Locustae
1762 802 1891 858 ergo
1911 793 2090 853 erant,

496 879 625 952 quia
668 876 946 934 habebant
990 876 1191 932 saltum
1235 890 1331 946 per
1376 889 1590 942 vocem,
1651 882 1706 930 et
1759 891 1948 931 casum
1999 891 2096 948 per

497 969 766 1026 actionem
777 1011 788 1022 .

571 1055 709 1130 [Vet.
741 1053 888 1128 XX.]
919 1053 1009 1110 46.
1047 1053 1276 1109 Gentiles
1305 1052 1517 1108 locustis
1545 1051 1850 1124 signiﬁcati,
1881 1057 1928 1106 et
1953 1050 2100 1106 adu-

501 1145 724 1202 lantium
743 1143 936 1213 lingua:
944 1158 1060 1212 quae
1075 1141 1331 1196 bonorum
1346 1157 1564 1211 operum
1574 1139 1786 1210 fructus
1805 1141 2098 1195 devastant.

499 1267 569 1278 —
585 1235 945 1290 Locustarum
961 1246 1177 1303 quoque
1205 1230 1432 1286 nomine
1457 1229 1734 1303 gentilitas
1760 1229 2100 1300 designatur,

502 1324 794 1382 Salomone
839 1327 1149 1387 attestante,
1192 1317 1289 1393 qui
1332 1320 1436 1375 ait:
1482 1318 1720 1374 Florebit
1762 1317 2100 1388 amygdalus,

503 1410 918 1486 impinguabitur
950 1411 1168 1477 locusta,
1196 1409 1213 1443 ¹
1246 1408 1596 1480 dissipabitur
1623 1407 1872 1480 capparis
1897 1405 2105 1477 (Eccle.

503 1521 604 1572 xu,
635 1502 714 1576 5).
751 1499 1094 1572 Amygdalus
1115 1499 1318 1572 quippe
1352 1497 1542 1556 florem
1580 1497 1734 1570 prius
1763 1495 1984 1553 cunctis
2013 1510 2111 1550 ar-

501 1591 730 1649 boribus
748 1588 1008 1646 ostendit.
1025 1589 1096 1643 Et
1111 1587 1244 1660 quid
1261 1588 1321 1643 in
1337 1587 1470 1644 ﬂore
1485 1604 1571 1643 am
1581 1586 1767 1660 ygdali
1777 1585 1889 1642 nisi
1910 1589 2112 1640 sanctae

2194 435 2420 491 fortium
2448 442 2505 490 et
2538 450 2705 508 opera
2730 441 3020 491 enervant.

2263 524 2352 582 48.
2386 527 2609 582 Locusta
2635 515 2897 598 signiﬁcat
2923 524 3082 580 etiam
3111 523 3314 581 Christi
3340 527 3812 595 resurrectionem,

2194 620 2244 670 et
2275 615 2672 686 praedicatores,
2707 614 2801 686 qui
2839 614 2994 669 modo
3023 614 3099 669 ad
3127 615 3601 686 contemplativam
3645 616 3816 672 vitam

2197 705 2417 772 saliunt,
2447 704 2606 759 modo
2635 702 2904 759 resiliunt.
2926 733 2997 744 —
3017 701 3270 758 Locusta
3293 702 3524 759 nomine
3544 719 3642 776 per
3669 719 3820 760 com-

2199 793 2538 868 parationem
2569 791 2952 864 Redemptoris
2977 791 3159 848 nostri
3182 792 3519 848 resurrectio
3549 791 3819 864 designa-

2201 881 2312 938 tur.
2349 879 2490 954 [νει.
2522 878 2702 954 ΧΧΙ.]
2735 878 2889 936 Unde
2915 885 2975 953 et
3004 894 3138 936 voce
3185 877 3305 951 ejus
3353 896 3453 952 per
3478 880 3820 953 Prophetam

2203 969 2410 1028 dicitur
2433 987 2445 1026 :
2479 972 2753 1026 Excussus
2777 985 2898 1024 sum
2925 967 3063 1022 sicut
3083 969 3284 1023 locusta
3301 969 3484 1040 (Psal.
3511 985 3676 1037 cvm,
3697 969 3817 1041 23).

2206 1057 2402 1114 Teneri
2431 1057 2578 1114 enim
2608 1074 2666 1114 se
2693 1074 2726 1114 a
2754 1055 3202 1129 persecutoribus
3239 1072 3416 1130 usque
3461 1057 3532 1114 ad
3576 1064 3820 1113 mortem

2211 1147 2475 1219 pertulit;
2523 1145 2620 1204 sed
2653 1145 2798 1203 sicut
2848 1147 3066 1201 locusta
3105 1161 3369 1203 excussus
3412 1153 3515 1214 est,
3563 1147 3700 1220 quia
3753 1145 3823 1202 ab

2211 1253 2401 1295 eorum
2430 1237 2687 1295 manibus
2714 1237 2860 1294 saltu
2874 1235 3074 1293 subitae
3095 1237 3518 1294 resurrectionis
3547 1237 3820 1294 evolavit.

2283 1327 2372 1384 49.
2407 1326 2567 1396 Quod
2591 1327 2784 1382 referri
2811 1341 3030 1399 quoque
3059 1325 3128 1382 ad
3155 1325 3579 1398 praedicatorum
3611 1343 3828 1384 nume-

2216 1432 2340 1472 rum
2369 1422 2567 1488 potest.
2605 1417 2668 1473 In
2697 1415 2833 1488 ipsis
2881 1415 3085 1488 quippe
3130 1415 3276 1472 sicut
3309 1415 3522 1473 locusta
3548 1433 3827 1474 excussus

2217 1511 2320 1573 est,
2343 1505 2473 1578 quia
2495 1504 2686 1562 Judaea
2711 1504 2770 1560 in
2797 1520 2895 1560 sua
2922 1504 3302 1576 persecutione
3329 1506 3610 1574 saeviente,
3636 1507 3661 1542 ⁴
3687 1505 3826 1562 dum

2218 1609 2314 1665 per
2351 1593 2572 1650 diversa
2599 1594 2842 1666 fugiunt,
2871 1593 3026 1666 quasi
3056 1593 3322 1666 quosdam
3349 1593 3680 1652 recessionis
3712 1609 3828 1650 suae

503 1681 763 1739 Ecclesiae
789 1677 1094 1752 primordia
1111 1678 1518 1750 designantur?
1549 1693 1670 1750 quae
1700 1677 1758 1731 in
1788 1673 2106 1746 praedicato-
2137 1695 2183 1755 Β
2219 1682 2390 1737 saltus
2417 1681 2710 1737 dederunt.
2741 1680 2881 1748 Quia
2909 1697 3042 1738 vero
3071 1682 3165 1738 ille
3195 1682 3522 1754 praedicator
3547 1683 3618 1740 ad
3648 1681 3828 1756 perfe-

505 1769 658 1826 ribus
693 1767 810 1825 suis
848 1767 1164 1840 primitivos
1191 1767 1465 1821 virtutum
1495 1765 1658 1821 ﬂores
1685 1765 1923 1836 aperuit,
1953 1770 2008 1817 et
2037 1761 2106 1817 ad

506 1857 790 1916 inferenda
819 1873 983 1929 poma
1005 1855 1277 1910 bonorum
1307 1869 1556 1924 operum,
1581 1860 1843 1908 venturos
1866 1856 2104 1917 sanctos,

507 1947 662 2022 quasi
681 1945 903 2002 arbusta
922 1942 1209 2016 sequentia
1229 1941 1515 2013 prmvenit.
1535 1941 1598 1996 In
1614 1957 1722 2012 qua
1741 1956 1874 1994 mox
1894 1939 2105 1994 locusta

509 2037 850 2110 impinguata
877 2041 979 2101 est,
1010 2033 1142 2105 quia
1174 2031 1319 2087 sicca
1348 2030 1672 2102 gentilitatis
1697 2028 1960 2086 sterilitas
1987 2026 2106 2099 pin-

511 2127 742 2201 guedine
769 2131 851 2180 est
877 2123 1063 2196 gratiae
1094 2120 1332 2178 cmlestis
1360 2121 1563 2176 infusa.
1596 2117 1858 2190 Capparis
1880 2117 2109 2188 dissipa-

510 2225 622 2285 tur,
649 2213 780 2288 quia
806 2229 932 2269 cum
963 2210 1196 2283 gratiam
1225 2208 1356 2264 ﬁdei
1385 2217 1577 2265 vocata
1599 2206 1877 2280 gentilitas
1905 2205 2108 2276 attigit,

512 2305 720 2373 Iudaea,
750 2303 809 2359 in
839 2319 937 2358 sua
963 2299 1255 2356 sterilitate
1280 2313 1592 2365 remanens,
1613 2296 1752 2351 bene
1769 2293 2000 2350 vivendi
2029 2309 2114 2348 or-

513 2395 702 2452 dinem
729 2393 936 2450 amisit.
955 2390 1101 2447 Hinc
1128 2404 1350 2444 rursum
1375 2403 1472 2460 per
1493 2385 1748 2442 eumdem
1765 2385 2116 2442 Salomonem

515 2486 754 2544 dicitur:
785 2486 974 2556 Regem
1007 2485 1198 2544 101,8
1230 2481 1433 2535 locusta
1452 2495 1556 2534 non
1585 2478 1755 2542 habet,
1779 2481 1828 2530 et
1851 2473 2118 2546 egreditur

517 2581 764 2638 universa
772 2595 873 2650 per
902 2585 1104 2633 turmas
1131 2591 1258 2630 suas
1289 2576 1478 2646 (Prov.
1509 2589 1649 2642 xxx,
1668 2574 1788 2644 27),
1812 2571 1941 2644 quia
1969 2569 2118 2626 vide-

521 2669 648 2726 licet
673 2666 937 2723 derelicta
965 2665 1244 2738 gentilitas
1263 2663 1444 2720 aliena
1470 2661 1682 2718 dudum
1702 2677 1734 2715 a
1762 2659 1957 2715 divino
1978 2657 2119 2730 regi-

521 2757 670 2814 mine
701 2753 938 2820 exstitit,
953 2753 1048 2810 sed
1072 2761 1257 2808 tamen
1277 2751 1530 2807 ordinata
1559 2747 1910 2822 postmodum
1929 2754 2121 2802 contra

522 2850 872 2908 adversantes
903 2847 1132 2920 spiritus
1161 2843 1228 2901 ad
1257 2841 1388 2898 ﬁdei
1416 2842 1622 2899 bellum
1657 2839 1941 2912 processit.

594 2937 683 2994 47.
712 2939 960 2994 Locustae
978 2933 1247 2992 vocabulo
1262 2931 1452 3004 lingua
1470 2929 1748 2988 adulantis
1767 2925 2118 3001 exprimitur:

2214 1771 2416 1826 ctionis
2444 1770 2664 1826 culmen
2689 1769 2942 1842 erigitur,
2975 1771 3072 1844 qui
3091 1787 3204 1827 non
3233 1773 3416 1829 activa
3445 1770 3828 1838 solummodo,

2215 1859 2309 1915 sed
2346 1860 2510 1916 etiam
2554 1860 2989 1931 contemplativa
3030 1859 3146 1916 vita
3189 1861 3479 1932 solidatur,
3525 1871 3676 1920 recte
3705 1862 3831 1936 ipsa

2215 1947 2634 2020 praedicatorum
2689 1948 2954 2020 perfectio
3009 1948 3243 2005 locustis
3296 1952 3652 2022 exprimitur,
3701 1967 3831 2024 quae

2217 2041 2434 2115 quoties
2475 2055 2532 2096 se
2571 2039 2632 2095 in
2667 2053 2792 2094 aera
2831 2038 3080 2093 attollere
3127 2048 3420 2108 conantur,
3471 2040 3718 2112 primum
3769 2057 3831 2095 se

2217 2129 2471 2188 cruribus
2501 2128 2844 2200 impellentes
2882 2127 3193 2197 sublevant,
3225 2135 3280 2184 et
3321 2129 3672 2202 postmodum
3719 2129 3834 2184 alis

2219 2221 2428 2277 volant.
2453 2221 2535 2275 Ita
2553 2217 2820 2272 nimirum
2849 2224 2978 2272 sunt
3003 2217 3181 2274 sancti
3207 2218 3340 2286 viri,
3359 2219 3454 2291 qui
3472 2218 3606 2274 dum
3634 2233 3836 2290 super-

2222 2326 2293 2368 na
2320 2305 2604 2382 appetunt,
2621 2307 2864 2380 primum
2889 2305 3112 2378 quidem
3134 2306 3330 2364 activae
3349 2307 3479 2363 vitae
3506 2307 3671 2364 bonis
3686 2323 3835 2378 ope—

2225 2399 2377 2455 ribus
2405 2397 2746 2463 innituntur,
2776 2403 2832 2450 et
2858 2402 2992 2452 tunc
3019 2387 3248 2452 demum
3277 2412 3334 2452 se
3352 2395 3422 2452 ad
3449 2395 3716 2452 sublimia
3735 2412 3835 2468 per

2226 2485 2715 2560 contemplationis
2743 2485 2946 2541 saltum
2977 2485 3219 2542 volando
3259 2485 3622 2558 suspendunt.
3655 2486 3834 2545 Crura

2227 2581 2426 2652 ﬁgunt,
2456 2583 2510 2632 et
2537 2575 2652 2631 alas
2679 2580 2934 2640 exerunt,
2963 2573 2985 2608 ⁶
3010 2573 3142 2646 quia
3169 2582 3316 2631 recte
3335 2573 3546 2646 agendo
3573 2591 3630 2630 se
3661 2575 3830 2631 stabi-

2229 2668 2394 2733 liunt,
2413 2673 2466 2722 et
2484 2663 2553 2720 ad
2581 2663 2692 2719 alta
2711 2661 2952 2718 vivendo
2973 2662 3356 2720 sublevantur.
3381 2663 3486 2732 Qui
3507 2663 3562 2718 in
3585 2663 3692 2720 hac
3711 2663 3830 2719 vita

2229 2755 2418 2829 positi,
2462 2752 2560 2809 diu
2603 2751 2662 2807 in
2701 2751 2897 2807 divina
2940 2753 3404 2825 contemplatione
3449 2768 3674 2808 manere
3715 2769 3830 2829 non

2231 2827 2478 2918 possunt,
2511 2840 2626 2908 sed,
2659 2839 2818 2912 quasi
2856 2841 3197 2896 locustarum
3228 2856 3396 2909 more,
3426 2858 3458 2896 a
3484 2840 3629 2896 saltu
3659 2827 3827 2913 quem

2231 2933 2494 2991 dederant
2536 2932 2594 2988 in
2641 2929 2874 3002 pedibus
2911 2929 3026 2986 suis
3073 2946 3130 2985 se
3182 2930 3486 3002 excipiunt,
3527 2928 3660 2984 dum
3703 2937 3831 3000 post

525 3027 672 3103 quod
721 3025 984 3083 exhibitas
1033 3023 1252 3082 coalitus
1299 3021 1574 3094 Egyptian
1629 3019 1786 3092 plaga
1829 3021 2118 3112 testantur,

2234 3021 2762 3095 contemplationum
2784 3018 3044 3075 sublimia
3071 3018 3144 3075 ad
3167 3017 3470 3075 necessaria
3488 3018 3684 3075 activae
3699 3016 3832 3073 vitae

527 3133 648 3190 quae
683 3115 1031 3187 exigentibus
1077 3111 1291 3168 meritis
1335 3109 1696 3182 corporaliter
1741 3106 1908 3163 semel
1954 3104 2121 3161 illata

537 3212 700 3270 sunt;
733 3203 829 3259 sed
851 3219 972 3274 quae
995 3201 1140 3256 mala
1167 3215 1362 3271 pravas
1392 3205 1603 3253 mentes
1630 3194 1878 3268 quotidie
1906 3192 2122 3261 feriant,

527 3291 850 3366 spiritaliter
921 3289 1296 3360 signaverunt.
1371 3287 1650 3358 Scriptum
1718 3297 1958 3355 namque
2004 3287 2122 3337 est:

536 3383 724 3442 Ventus
752 3394 910 3436 urens
931 3379 952 3414 ³
975 3376 1178 3433 levabat
1199 3376 1446 3444 locustas,
1468 3391 1586 3445 qua:
1602 3373 1948 3429 ascenderunt
1971 3386 2132 3442 super

530 3471 831 3529 universam
879 3473 1077 3522 terram
1103 3463 1347 3537 Egypti,
1378 3467 1798 3536 operueruntque
1828 3461 2131 3516 universam

531 3562 722 3634 faciem
760 3566 934 3628 teme,
979 3561 1244 3614 vastantes
1291 3552 1490 3608 omnia.
1539 3551 1809 3607 Devorata
1850 3557 1927 3606 est
1968 3550 2134 3622 igitur

533 3651 694 3709 herba
723 3657 898 3717 terra,
929 3653 977 3704 et
1021 3641 1282 3718 quidquid
1304 3657 1590 3714 pomorum
1621 3639 1680 3695 in
1715 3639 1998 3696 arboribus
2027 3637 2137 3708 fuit

533 3741 745 3812 (Exod.
777 3757 838 3810 x,
871 3737 1082 3810 13-15).
1115 3733 1216 3792 His
1243 3731 1393 3791 enim
1420 3732 1696 3804 Egyptns
1741 3730 1914 3804 plagis
1945 3729 2138 3786 affecta

537 3841 640 3902 est,
671 3831 731 3888 in
760 3828 987 3904 quibus,
1033 3824 1298 3883 exteriori
1325 3819 1678 3896 percussione
1707 3826 2002 3887 commota,
2028 3815 2138 3873 do-

537 3922 786 3994 lensque,
810 3917 1168 3992 perpenderet
1189 3931 1310 3988 quae
1333 3909 1732 3968 devastationis
1759 3909 1960 3964 damna
1987 3908 2138 3963 inte-

539 4011 656 4066 rius
685 4008 969 4078 negligens
996 4006 1276 4071 toleraret,
1298 4009 1361 4057 ut
1382 4000 1515 4056 dum
1535 3998 1672 4054 foris
1692 3996 1870 4067 perire
1885 3995 2136 4064 minima,

541 4097 636 4154 sed
661 4095 905 4168 amplius
926 4093 1128 4150 dilecta
1147 4095 1417 4155 cerneret,
1438 4103 1534 4158 per
1551 4100 1740 4140 eorum
1763 4083 1998 4156 speciem
2021 4099 2140 4156 quas

543 4187 695 4242 intus
718 4182 1020 4255 pertulerat
1067 4178 1322 4251 graviora
1364 4174 1616 4230 sentiret.
1655 4171 1801 4238 Quid
1841 4178 2022 4226 autem
2047 4186 2144 4242 per

543 4269 1002 4348 signiﬁcationem
1032 4267 1256 4322 locustae
1289 4259 1646 4348 portendunt,
1677 4275 1798 4333 quae
1827 4259 1951 4348 plus
1978 4274 2144 4332 quam

543 4347 738 4420 caetera
757 4355 990 4414 minima
1013 4369 1242 4427 quaeque
1273 4349 1578 4408 animantia
1607 4347 1868 4405 humanis
1895 4347 2147 4421 frugibus

548 4456 771 4514 nocent,
821 4445 930 4502 nisi
977 4444 1193 4516 linguas
1233 4441 1602 4507 adulantium,
1635 4456 1756 4514 quae
1803 4446 2144 4496 terrenarum

549 4541 840 4598 hominum
886 4541 1119 4604 mentes,
1151 4535 1197 4591 si
1237 4531 1459 4608 quando
1506 4531 1651 4588 bona
1677 4531 1864 4604 aliqua
1902 4530 2146 4603 proferre

549 4631 924 4706 conspiciunt,
955 4627 1074 4685 haec
1117 4625 1536 4684 immoderatius
1582 4621 1860 4679 laudando
1887 4639 2147 4679 corrum-

549 4723 730 4799 punt?
760 4723 992 4778 Fructus
1021 4718 1228 4792 quippe
1256 4715 1650 4789 Egyptiorum
1681 4721 1762 4769 est
1789 4713 2036 4784 operatio
2063 4727 2146 4768 ce-

551 4813 902 4872 nodoxorum
953 4811 1010 4876 ³;
1057 4822 1224 4882 quam
1280 4805 1508 4860 locustae
1563 4800 1957 4869 exterminant,
2013 4799 2148 4856 dum

552 4904 839 4962 adulantes
881 4898 1086 4972 linguae
1116 4895 1188 4952 ad
1223 4889 1555 4968 appetendas
1583 4889 1771 4946 laudes
1807 4887 2150 4945 transitorias

553 5008 648 5050 cor
671 4989 952 5064 operantis
979 4985 1275 5044 inclinant.
1307 4980 1544 5038 Herbam
1565 4995 1697 5035 vero
1719 4979 1942 5036 locustae
1971 4993 2148 5035 come-

554 5079 715 5148 dunt,
746 5077 968 5151 quando
1013 5074 1325 5132 adulatores
1353 5071 1559 5144 quique
1602 5067 1771 5124 verba
1800 5065 2148 5142 loquentium

557 5167 842 5226 favoribus
873 5165 1170 5222 extollunt.
1215 5163 1383 5218 Poma
1419 5174 1636 5233 quoque
1681 5157 1943 5214 arborum
1972 5156 2152 5212 devo-

634 5377 649 5410 ¹
683 5375 878 5430 Pratel.
911 5381 966 5430 et
995 5374 1092 5440 al.,
1127 5377 1175 5426 et
1203 5368 1570 5442 dissipabitur.

629 5446 654 5484 ³
686 5445 807 5500 Duo
836 5444 1042 5511 Germ.,
1076 5435 1402 5498 V'indocfet
1428 5439 1551 5511 val.
1585 5437 1694 5504 CL,
1727 5435 1938 5492 levavit.

631 5517 652 5551 ³
683 5513 746 5572 Id
771 5521 873 5581 est,
914 5510 1096 5570 inanis
1125 5513 1311 5585 gloriae
1345 5510 1698 5584 cupidorum,
1743 5523 1776 5562 a
1814 5522 1988 5579 graeca
2021 5521 2154 5561 voce

561 5591 868 5654 composita
893 5589 1162 5654 κενόδοξος.

634 5668 654 5701 ὀ
683 5662 854 5721 Laud.
863 5705 879 5733 ,
910 5662 1035 5718 dum
1058 5676 1329 5736 perversa.

2235 3130 2399 3186 opera
2428 3115 2802 3177 revertuntur,
2833 3124 2936 3164 nec
2962 3115 3146 3164 tamen
3181 3108 3241 3163 in
3269 3106 3458 3165 eadem
3494 3107 3611 3162 vita
3645 3107 3834 3163 activa

2236 3215 2518 3260 remanere
2546 3197 2791 3254 contenti
2817 3205 2964 3253 sunt.
2998 3196 3104 3253 Sed
3133 3196 3268 3253 dum
3294 3195 3366 3252 ad
3394 3194 3834 3267 contemplatio-

2237 3308 2360 3349 nem
2383 3287 2762 3346 desideranter
2787 3287 3079 3351 exsiliunt,
3101 3286 3256 3359 quasi
3277 3302 3466 3342 rursus
3491 3301 3618 3340 aera
3642 3284 3833 3340 volan-

2235 3388 2319 3438 tes
2367 3383 2557 3441 1019
2605 3383 2832 3450 petunt;
2887 3375 3170 3449 vitamque
3212 3392 3369 3433 suam
3417 3373 3574 3448 quasi
3612 3375 3835 3431 locustae

2239 3477 2597 3536 ascendentes
2649 3471 3150 3546 descendentesque
3203 3479 3495 3544 peragunt,
3527 3469 3662 3526 dum
3722 3467 3836 3525 sine

2241 3566 2542 3626 cessatione
2589 3578 2803 3634 semper
2845 3569 2900 3618 et
2947 3577 3164 3618 summa
3189 3561 3212 3597 ⁶
3245 3559 3435 3616 videre
3480 3557 3756 3626 ambiunt,
3785 3560 3837 3610 et

2244 3657 2313 3714 ad
2340 3657 2660 3728 semetipsos
2688 3659 2898 3710 naturae
2939 3649 3320 3724 corruptibilis
3365 3648 3609 3723 pondere
3645 3645 3837 3703 revol-

2245 3755 2474 3804 vuntur.

2317 3837 2406 3894 50.
2438 3837 2505 3892 In
2527 3851 2655 3908 pace
2672 3831 2920 3890 Ecclesia:
2947 3828 3190 3896 humiles,
3210 3827 3271 3882 in
3295 3823 3650 3899 persecutione
3675 3821 3838 3892 fortes

2246 3931 2296 3980 et
2321 3923 2494 3979 erecti.
2523 3952 2595 3964 —
2637 3922 2736 3976 Est
2771 3917 2955 3974 adhuc
3001 3917 3155 3974 aliud
3193 3915 3340 3990 quod
3386 3914 3608 3970 locustae
3657 3909 3836 3966 simile

2249 4012 2454 4070 sanctis
2479 4007 2932 4084 praedicatoribus
2951 4012 3166 4078 gerunt.
3185 4002 3468 4062 Matutinis
3487 4013 3720 4071 namque
3741 3996 3835 4052 bo-

2249 4101 2348 4168 ris,
2379 4097 2438 4156 id
2465 4105 2548 4153 est
2575 4093 2780 4168 teporis
2809 4099 3058 4165 tempore
3084 4093 3184 4148 vix
3215 4109 3247 4150 a
3272 4099 3415 4148 terra
3440 4105 3498 4146 se
3523 4086 3833 4150 sublevant;

2251 4204 2378 4246 cum
2407 4201 2541 4242 vero
2569 4192 2734 4242 astus
2760 4181 3048 4250 exarserit,
3083 4189 3238 4238 tanto
3274 4179 3460 4248 altius,
3489 4183 3692 4251 quanto
3720 4173 3842 4230 ala-

2252 4276 2400 4334 crius
2440 4272 2650 4328 volant.
2707 4271 2939 4328 Sanctus
2995 4276 3180 4326 autem
3235 4267 3470 4341 quisque
3523 4262 3844 4338 pradicatOr

2252 4364 2386 4422 dum
2415 4362 2603 4436 quieta
2631 4360 2762 4418 ﬁdei
2790 4367 3041 4432 tempora
3067 4357 3362 4430 conspicit,
3394 4353 3626 4412 humilis
3654 4369 3721 4410 ac
3745 4350 3846 4408 de-

2253 4462 2470 4526 spectus
2497 4451 2780 4524 aspicitur,
2811 4457 2867 4504 et
2895 4448 3120 4504 locusta:
3152 4463 3304 4502 more
3336 4443 3494 4519 quasi
3522 4444 3622 4500 vix
3649 4459 3682 4498 a
3708 4448 3846 4497 terra

2253 4543 2591 4600 sublevatur.
2623 4540 2682 4597 Si
2711 4546 2896 4595 autem
2927 4536 3326 4610 persecutionis
3351 4533 3517 4590 ardor
3546 4534 3566 4568 ⁷
3598 4531 3845 4596 incaleat,

2253 4632 2417 4692 corde
2450 4629 2764 4690 ccelestibus
2795 4626 3092 4696 inhaerens,
3110 4643 3242 4682 mox
3264 4633 3484 4699 quantae
3513 4623 3586 4680 sit
3606 4618 3848 4679 sublimi-

2254 4722 2382 4778 tatis
2411 4719 2687 4786 ostendit;
2719 4725 2776 4776 et
2803 4717 3050 4790 pulsatus
3077 4715 3180 4770 alis
3208 4715 3267 4771 in
3293 4714 3470 4770 altum
3495 4710 3734 4783 rapitur,
3761 4703 3848 4780 qui

2256 4813 2476 4886 quietus
2496 4810 2553 4865 in
2571 4807 2699 4865 imis
2715 4805 2990 4878 torpuisse
3007 4803 3318 4860 videbatur.
3333 4804 3410 4858 De
3425 4801 3532 4858 hoc
3549 4816 3678 4872 ergo
3693 4810 3848 4886 equo,

2259 4883 2318 4959 id
2345 4907 2428 4956 est
2455 4897 2812 4970 praedicatore
2854 4911 2976 4963 suo,
3022 4893 3184 4950 beato
3228 4890 3332 4948 Job
3373 4890 3646 4948 Dominus
3680 4883 3846 4942 dicit:

2259 4989 2514 5061 Nunquid
2547 4984 2822 5043 suscitabis
2849 5000 2967 5040 eum
2999 4982 3159 5056 quasi
3189 4983 3416 5038 locustas
3437 4981 3466 5036 ἵ
3499 4973 3774 5034 Subaudis
3796 4975 3852 5026 ut

2263 5096 2382 5153 ego,
2411 5075 2508 5152 qui
2536 5091 2600 5132 eo
2626 5074 2787 5132 illum
2815 5072 2886 5129 ad
2909 5072 3112 5130 altiora
3146 5068 3442 5126 excitando
3471 5067 3723 5132 sublevo,
3751 5073 3852 5153 quo

2264 5151 2514 5240 graviore
2541 5160 2938 5238 persecutionis
2964 5167 3102 5218 aestu
3130 5156 3444 5216 excruciari
3481 5153 3772 5230 permitto,
3797 5151 3854 5204 ut

2337 5371 2358 5404 ⁵
2393 5368 2568 5434 Edit.,
2598 5367 2727 5437 quia
2754 5371 2897 5420 recta
2921 5363 3133 5437 agendo
3151 5361 3532 5437 stabiliuntur.
3717 5423 3728 5434 .

2339 5442 2360 5475 θ
2391 5439 2565 5503 Editi,
2591 5434 2768 5492 videre
2789 5434 3057 5508 appetunt.
3079 5434 3211 5492 Mss.
3232 5445 3449 5489 summa
3475 5435 3854 5488 censensione,

2268 5511 2442 5566 videre
2458 5509 2716 5565 ambiunt.
3813 5562 3822 5571 _

2338 5583 2359 5616 ⁷
2390 5579 2542 5636 Editi
2572 5595 2698 5636 cum
2748 5577 2910 5637 Corb.
2941 5577 3150 5644 (ἕξεται,
3185 5574 3340 5632 nullo
3367 5589 3440 5630 ex
3477 5577 3602 5631 cast.
3657 5571 3852 5627 nostris

2266 5653 2397 5710 Mss.
2425 5649 2826 5720 consentiente,
2851 5649 3147 5706 incandeat.
