4156 6178
342 272 446 333 601

338 488 453 545 tior
482 486 797 544 infidelium
828 491 1124 550 crudelitas
1152 494 1342 552 illidit.

411 575 519 633 Sed
547 592 675 634 cum
704 578 881 634 multa
908 582 1152 640 exterius
1180 594 1403 643 sanctus
1430 589 1759 661 pradicator
1788 596 1942 668 pati-

333 673 450 734 tur,
502 681 633 722 cum
663 664 787 722 dira
819 672 1263 743 persequentium
1306 679 1599 735 vexatione
1645 664 1942 755 cruciatur,

332 754 463 829 quis
494 754 697 810 intueri
730 756 877 846 valet
906 759 1040 831 quid
1069 768 1153 816 est
1181 763 1327 835 quod
1352 765 1499 823 intus
1528 772 1820 842 conspicit,
1848 754 1942 846 qui

332 850 420 899 tot
439 858 542 899 sua
561 845 808 901 exterius
836 845 1036 903 damna
1057 865 1170 906 non
1200 854 1369 909 sentit
1398 855 1427 910 ‘I
1454 856 1573 912 Nisi
1594 859 1740 915 enim
1764 845 1943 919 essent

334 932 479 988 mira
510 948 632 1004 quas
660 933 956 991 salubriter
969 937 1121 994 intus
1136 950 1443 1011 pascerent,
1460 961 1523 1001 ea
1548 950 1737 1018 procul
1768 951 1939 1008 dubio

331 1036 458 1093 qua;
510 1020 880 1079 admoventur
911 1028 1157 1084 exterius
1199 1047 1371 1105 usque
1416 1033 1485 1089 ad
1533 1051 1628 1092 cor
1666 1045 1941 1097 tormenta

332 1110 711 1181 pervenirent.
742 1111 852 1169 Sed
884 1114 943 1170 in
964 1132 1087 1173 arce
1112 1120 1228 1191 spei
1257 1137 1313 1176 se
1342 1122 1560 1181 animus
1586 1126 1853 1197 sublevat,
1886 1138 1941 1188 et

337 1198 553 1256 idcirco
587 1200 603 1234 ¹
636 1199 864 1273 objecta:
878 1204 1189 1264 obsidionis
1201 1208 1386 1280 jacula
1407 1214 1637 1271 minime
1653 1217 1934 1277 formidat.

339 1286 498 1344 Unde
526 1295 583 1343 et
611 1288 718 1345 hoc
748 1291 868 1379 loco
896 1294 1187 1366 Dominus,
1234 1308 1297 1356 ut
1325 1302 1578 1360 ostendat
1619 1322 1792 1379 equus
1834 1310 1937 1365 iste

330 1393 502 1450 quam
524 1378 719 1435 suavia
737 1378 852 1451 jam
883 1382 950 1439 de
984 1384 1219 1443 internis
1264 1389 1545 1459 odoretur,
1575 1378 1699 1449 cum
1729 1403 1813 1452 tot
1839 1397 1935 1453 ad-

328 1482 485 1523 versa
515 1466 575 1523 in
603 1469 975 1529 exterioribus
1007 1475 1236 1547 patitur,
1270 1488 1416 1536 recte
1447 1479 1739 1554 subjungit
1773 1502 1785 1541 :

898 1596 1126 1656 CAPUT
1167 1603 1321 1661 XXI.

394 1691 535 1747 IBID.
568 1721 639 1731 —
674 1692 866 1750 Gloria
893 1697 1111 1753 narium
1138 1700 1253 1769 ejus
1283 1708 1476 1758 terror.

1082 279 1455 342 MOBALIUM
1490 285 1624 344 LIB.
1666 286 1875 347 XXXI.
1914 319 1986 335 —
2023 294 2097 352 IN
2130 296 2357 358 CAPUT
2394 302 2638 361 XXXIX
2677 306 2739 362 B.
2780 309 2923 366 JOB.

337 404 475 456 tunc
495 397 556 454 in
576 397 675 454 illo
694 398 971 457 robustior
990 402 1166 461 virtus
1181 407 1426 481 evigilet,
1454 426 1581 467 cum
1600 427 1657 468 se
1675 414 1725 469 ei
1745 415 1941 474 arden.
1972 422 2023 481 A

3542 323 3647 382 602

2051 424 2304 496 patriam,
2342 430 2583 500 persolvi
2606 432 2773 503 justis
2819 436 3046 507 praemia
3090 445 3317 515 appetit,
3364 448 3521 521 quasi
3549 468 3647 525 per

2054 526 2210 569 nares
2241 514 2497 588 spiritum
2525 518 2592 576 de
2622 520 2826 578 futuris
2853 523 3046 581 trahit.

2121 602 2210 659 52.
2249 605 2390 661 Unde
2406 609 2673 679 gloriatur
2691 609 2893 680 justus,
2927 621 3154 671 terretur
3173 628 3435 690 peccator.
3452 656 3523 669 —
3542 627 3646 687 Sed

2054 690 2225 763 gloria
2244 695 2460 751 narium
2483 697 2600 769 ejus
2620 706 2797 756 terror
2819 709 2919 770 est,
2954 704 3083 777 quia
3112 705 3384 766 visionem
3405 712 3675 777 districti.

2045 778 2269 852 judicis,
2303 797 2463 854 quam
2491 784 2675 856 justus
2696 788 3053 847 vehementer
3080 805 3382 867 exspectat,
3404 801 3646 873 injustas

2050 871 2239 926 venire
2265 872 2545 931 formidat.
2582 877 2685 933 [ste
2714 895 2947 952 namque
2978 881 3191 940 labores
3221 903 3351 945 suos
3380 871 3645 949 conside—

2049 975 2196 1029 rans,
2228 963 2533 1020 mercedem
2562 966 2946 1026 retributionis
2974 973 3173 1043 quaerit
3195 992 3210 1042 ;
3243 982 3296 1032 et
3326 994 3503 1036 causae
3532 999 3643 1040 suae

2048 1052 2303 1106 meritum
2327 1053 2526 1122 sciens,
2548 1058 2893 1126 pmsentiam
2919 1057 3127 1130 judicis
3146 1067 3375 1136 expetit,
3408 1085 3641 1144 eumque

2046 1145 2109 1193 ut
2140 1139 2321 1195 veniat
2344 1140 2400 1195 in
2429 1141 2651 1198 ﬂamma
2681 1145 2844 1216 ignis,
2867 1146 3002 1204 dans
3030 1149 3334 1210 vindictam
3358 1139 3571 1228 impiis:
3588 1167 3641 1215 et

2046 1233 2527 1304 contemplationis
2553 1251 2664 1291 suae
2693 1238 2930 1309 speciem
2963 1242 2984 1275 ⁴
3013 1239 3072 1297 in
3099 1245 3521 1304 retributionem
3551 1248 3639 1305 de-

2045 1319 2224 1376 ferens
2254 1322 2378 1393 piis,
2408 1338 2628 1379 summo
2655 1326 2849 1383 ardore
2867 1331 3230 1403 concupiscit.
3256 1335 3355 1391 Ille
3385 1352 3515 1392 vero
3544 1339 3640 1410 qui

2044 1407 2332 1480 injustitiae
2356 1428 2467 1468 suae
2496 1415 2769 1483 meminit,
2801 1418 2993 1475 venire
3023 1420 3081 1475 in
3107 1419 3385 1492 judicium
3417 1407 3639 1497 perhor-

2044 1498 2226 1567 rescit,
2250 1509 2509 1576 actusque
2530 1520 2657 1560 suos
2671 1506 2977 1563 examinari
2999 1509 3216 1580 metuit,
3239 1512 3369 1585 quia
3389 1511 3637 1570 damnari

2043 1602 2122 1655 se,
2154 1588 2199 1643 si
2229 1591 2635 1662 examinentur,
2669 1596 2845 1652 novit.
2880 1596 3067 1654 Gloria
3114 1614 3241 1672 ergo
3269 1601 3488 1658 narium
3518 1603 3638 1677 ejus

2042 1683 2220 1733 terror
2246 1687 2346 1748 est,
2378 1682 2507 1753 quia
2521 1681 2703 1753 justus
2732 1684 2861 1740 inde
2890 1687 3178 1757 gloriatur,
3209 1691 3357 1746 unde
3385 1701 3639 1764 peccator

394 1780 484 1836 51.
522 1779 654 1835 Cum
685 1787 758 1836 tot
783 1784 1019 1840 exterius
1046 1766 1271 1844 adversa
1295 1791 1603 1862 patiuntur,
1633 1791 1774 1846 mira
1806 1792 1928 1847 inte-
1962 1778 2009 1838 Β
2043 1767 2065 1801 ⁵
2086 1766 2390 1862 Eddicnur'
2428 1770 2728 1862 Yidefamus
2761 1789 2963 1846 equum
2992 1779 3271 1850 quomOdo
3298 1780 3366 1836 de
3396 1781 3486 1837 his
3516 1799 3636 1855 qui”

323 1868 445 1924 rius
494 1870 555 1924 de
599 1877 799 1927 (eterna
849 1873 1170 1933 beatitudine
1210 1879 1529 1935 odorantur.
1560 1911 1630 1921 —
1671 1881 1734 1936 In
1780 1880 1929 1937 Scri-

322 1966 490 2030 ptura
534 1976 684 2017 sacra
751 1963 1022 2022 vocabulo
1066 1967 1283 2025 narium
1341 1969 1640 2042 aliquando
1681 1969 1927 2038 fatuitas,

322 2048 622 2122 aliquando
645 2053 863 2125 antiqui
894 2053 1071 2111 hostis
1113 2057 1420 2130 instigatio,
1469 2058 1768 2132 aliquando
1798 2075 1929 2115 vero

325 2138 671 2209 praescientia
718 2142 858 2199 solet
900 2143 1159 2219 intelligi.
1197 2146 1437 2204 Naribus
1484 2163 1722 2221 namque
1749 2147 1929 2203 fatui-

321 2234 406 2283 tas
458 2227 806 2302 designatur,
882 2234 1029 2291 sicut
1087 2235 1108 2269 ²
1159 2235 1274 2309 jam
1330 2237 1585 2310 superius
1635 2237 1928 2295 Salomone

318 2324 612 2375 attestante
638 2319 931 2380 docuimus
952 2324 1047 2397 qui
1069 2326 1176 2382 ait:
1207 2328 1455 2384 Circulus
1479 2345 1675 2384 aureus
1695 2329 1753 2384 in
1778 2328 1925 2383 nari-

318 2405 414 2462 bus
429 2408 539 2462 suis
552 2409 752 2464 mulier
761 2412 992 2480 pulchra
1012 2421 1059 2468 et
1076 2414 1232 2484 fatua
1255 2416 1441 2487 (Prov.
1460 2434 1541 2485 x1,
1563 2417 1678 2489 22).
1697 2417 1925 2474 Narium

318 2496 552 2552 nomine
576 2497 903 2556 exhalantes
932 2502 1148 2557 insidia:
1195 2512 1356 2575 atque
1402 2505 1684 2577 instigatio
1714 2506 1925 2579 antiqui

316 2584 504 2640 hostis
528 2586 823 2657 accipitur,
854 2588 1002 2660 quod
1020 2590 1075 2644 in
1098 2589 1206 2647 hoc
1230 2591 1421 2647 eodem
1444 2591 1586 2649 libro
1611 2594 1677 2650 de
1699 2594 1797 2649 illo
1822 2597 1923 2651 Do-

313 2671 514 2728 minus
557 2681 865 2744 attestatur,
899 2675 1088 2734 dicens
1121 2697 1133 2734 :
1166 2680 1244 2736 De
1284 2681 1505 2736 naribus
1540 2680 1651 2751 ejus
1691 2685 1927 2754 procedit

316 2759 508 2830 fumus
532 2761 655 2833 (Job
681 2779 797 2832 xu,
826 2765 938 2835 11).
971 2765 1052 2822 Ac
1075 2766 1121 2822 si
1165 2765 1311 2824 dicat
1346 2787 1357 2824 :
1387 2770 1466 2825 De
1485 2786 1740 2841 perversa
1768 2770 1923 2827 insti-

316 2849 537 2919 gatione
568 2850 724 2908 illius
745 2851 802 2907 in
824 2852 1084 2910 humanis
1100 2856 1362 2913 cordibus
1378 2858 1556 2929 caligo
1572 2860 1920 2926 nequissimae

316 2937 673 3010 cogitationis
699 2942 893 3006 surgit,
930 2958 1029 3006 per
1056 2960 1222 3009 quam
1258 2940 1564 2997 videntium
1596 2944 1741 3000 oculi
1773 2953 1919 3002 tene-

318 3028 597 3083 bresount.
652 3023 894 3079 Naribus
947 3040 1162 3099 quoque
1213 3030 1555 3100 praescientia
1582 3031 1916 3105 designatur,

2039 1854 2219 1912 adhuc
2246 1872 2358 1912 non
2387 1858 2539 1914 videt
2562 1858 2675 1930 jam
2707 1877 2803 1933 per
2834 1879 2992 1919 nares
3025 1866 3283 1937 Spiritum
3306 1870 3501 1940 trahit,
3533 1854 3636 1926 vi-

2038 1942 2263 1999 deamus
2308 1954 2511 2017 quanta
2553 1948 2727 2017 gloria
2776 1950 3057 2007 attollitur
3098 1969 3224 2008 cum
3250 1954 3365 2026 jam
3403 1965 3638 2014 ventura

2038 2032 2402 2104 praestolatur.
2444 2035 2586 2092 Ecce
2632 2037 2846 2094 labores
2876 2056 3005 2096 suos
3054 2040 3277 2100 intuens
3305 2045 3633 2117 praedicator

2037 2123 2283 2193 egregius
2301 2123 2438 2180 dicit
2469 2142 2480 2179 :
2512 2127 2627 2197 Ego
2642 2126 2761 2195 jam
2788 2129 3010 2199 delibor,
3043 2138 3091 2186 et
3120 2139 3319 2206 tempus
3344 2152 3473 2190 mea:
3498 2153 3637 2193 reso-

2039 2210 2255 2267 lutionis
2280 2211 2461 2268 instat.
2493 2215 2703 2270 Bonum
2730 2224 2987 2273 certamen
3007 2222 3224 2287 certavi,
3255 2240 3464 2278 cursum
3503 2241 3637 2280 con-

2034 2300 2316 2369 summavi,
2342 2302 2495 2373 ﬁdem
2526 2305 2753 2361 servavi.
2784 2306 2863 2362 De
2898 2308 3105 2378 reliquo
3141 2311 3374 2382 reposita
3404 2319 3481 2367 est
3504 2312 3635 2367 mihi

2036 2404 2230 2445 corona
2246 2389 2473 2459 justitia:
2499 2409 2661 2463 quam
2688 2394 2871 2449 reddet
2893 2397 3025 2452 mihi
3050 2398 3310 2453 Dominus
3337 2400 3396 2454 in
3423 2401 3524 2457 illa
3551 2401 3635 2457 die

2026 2476 2207 2547 justus
2228 2479 2507 2551 judexUI
2528 2481 2661 2537 Tim.
2698 2498 2776 2550 1v,
2806 2483 2858 2551 6,
2892 2485 2944 2553 7,
2970 2485 3051 2558 8).
3076 2486 3179 2542 Ubi
3195 2494 3249 2543 et
3264 2495 3387 2559 apte
3402 2488 3630 2561 subjun-

2034 2570 2113 2641 git
2144 2587 2156 2625 :
2196 2570 2317 2629 Non
2347 2574 2518 2628 solum
2547 2581 2722 2629 autem
2759 2577 2909 2644 mihi,
2955 2577 3045 2632 sed
3076 2583 3125 2632 et
3152 2579 3234 2634 his
3269 2581 3364 2650 qui
3405 2581 3633 2652 diligunt

2031 2661 2311 2716 adventum
2334 2662 2446 2732 ejus
2471 2664 2655 2737 (Ibid,
2678 2667 2712 2723 8
2714 2671 2760 2738 ).
2783 2671 2864 2724 Ac
2883 2670 2929 2725 si
2951 2669 3098 2725 dicat
3127 2689 3140 2725 :
3173 2670 3277 2726 Sed
3297 2679 3351 2724 et
3370 2670 3627 2728 omnibus

2033 2749 2128 2820 qui
2156 2750 2262 2806 sibi
2292 2750 2359 2807 de
2379 2752 2522 2809 bona
2550 2744 2863 2825 operatione
2883 2762 3015 2809 sunt
3045 2756 3274 2812 conscii.
3306 2758 3623 2815 Adventum

2034 2837 2181 2888 enim
2213 2837 2422 2904 judicis
2449 2852 2561 2893 non
2603 2838 2866 2912 diligunt,
2900 2843 3007 2899 nisi
3037 2845 3130 2916 qui
3162 2845 3221 2900 in
3249 2863 3411 2903 causa
3437 2865 3535 2904 sua
3567 2866 3624 2905 se

2031 2917 2232 2977 habere
2263 2922 2496 2993 justitiaa
2534 2927 2792 2982 meritum
2836 2930 3037 2986 sciunt.
3087 2932 3229 2999 Quia
3271 2934 3439 3005 igitur
3478 2935 3623 2992 unde

2029 3008 2294 3080 gloriatur
2307 3009 2509 3082 justus,
2529 3013 2657 3070 inde
2678 3018 3009 3091 terretur‘inj
3019 3027 3191 3088 ustus,
3209 3021 3426 3077 dicatur
3436 3032 3581 3080 recte
3606 3042 3617 3079 :

315 3108 457 3164 sicut
487 3124 586 3182 per
625 3096 971 3183 prophetam,
997 3096 1231 3171 dicitur-
1260 3135 1272 3172 ;
1320 3118 1572 3185 Quiescitc
1598 3121 1663 3176 ab
1693 3096 1918 3194 domine,
1950 3133 1994 3195 ο
2247 3099 2464 3154 "arium
2492 3100 2605 3170 eius
2625 3108 2818 3195 “in?”
2851 3105 2955 3161 Sed
2983 3115 3206 3164 sanans
3232 3107 3335 3164 ίδίθ
3367 3110 3622 3180 pmdiw'

313 3198 462 3268 cujus
486 3199 712 3270 sptritus
731 3207 807 3256 est
822 3201 881 3256 in
907 3204 1129 3259 naribus
1156 3203 1289 3275 ejus,
1306 3208 1435 3276 quia
1461 3211 1693 3266 excelsus
1708 3219 1914 3284 reputa-

317 3293 400 3342 tus
443 3293 517 3342 est
561 3288 672 3360 ipse
698 3290 863 3360 (Isai.
886 3309 949 3361 η,
971 3293 1085 3366 22).
1111 3294 1263 3369 Saepe
1288 3298 1436 3354 enim
1458 3298 1515 3356 id
1536 3301 1683 3373 quod
1703 3318 1813 3358 non
1833 3303 1915 3359 vi-

311 3376 506 3432 demus
534 3376 703 3434 odore
736 3381 1278 3454 comprehendimus,
1309 3385 1386 3442 ita
1429 3394 1492 3443 ut
1519 3392 1800 3446 nonnullae
1828 3408 1914 3448 res

310 3465 477 3521 etiam
506 3483 633 3524 cum
666 3468 824 3540 longe
845 3468 1064 3541 jaceant
1093 3474 1115 3507 ³
1145 3472 1446 3545 fragrantia
1464 3476 1625 3533 nobis
1645 3495 1755 3534 suae
1778 3496 1913 3552 qua-

312 3553 483 3611 litatis
521 3554 891 3627 innotescant,
911 3558 1154 3633 dumque
1172 3576 1268 3632 per
1299 3578 1456 3620 nares
1487 3565 1742 3636 spiritum
1758 3567 1912 3626 duci-

310 3659 457 3711 mus,
480 3646 804 3719 plerninque
822 3647 1011 3720 aliqua
1034 3656 1089 3703 et
1115 3649 1295 3705 invisa
1315 3653 1653 3722 praescimus.
1678 3656 1906 3712 Redem-

308 3731 489 3804 ptoris
517 3749 641 3806 ergo
670 3735 845 3792 nostri
873 3734 1103 3809 spiritus
1136 3752 1253 3794 esse
1281 3737 1340 3793 in
1364 3737 1483 3810 ejus
1510 3741 1739 3798 naribus
1760 3743 1911 3801 dici-

305 3827 424 3888 tur,
456 3828 519 3876 ut
561 3822 819 3881 videlicet
860 3824 1091 3881 scientia
1137 3824 1291 3882 illius
1334 3842 1450 3883 esse
1479 3827 1539 3883 in
1569 3830 1912 3901 praescientia

307 3910 649 3984 designetur,
681 3914 813 3986 quia
842 3931 1184 3989 quaecunque
1213 3932 1270 3973 se
1302 3917 1443 3975 scire
1472 3917 1532 3974 in
1566 3927 1763 3978 natura
1791 3922 1909 3979 hu-

310 4000 592 4058 manitatis
638 4002 903 4071 innotuit,
948 4003 1066 4061 haec
1112 4004 1376 4063 nimirum
1430 4016 1558 4065 ante
1602 4012 1802 4068 saecula
1838 4030 1909 4070 ex

309 4089 606 4147 divinitate
639 4092 935 4164 praescivit.
964 4093 1070 4162 Qui
1114 4094 1260 4151 unde
1306 4095 1564 4169 spiritum
1596 4098 1657 4154 in
1682 4100 1909 4159 naribus

313 4182 503 4241 1020
532 4186 811 4256 habuerit,
840 4204 972 4244 mox
999 4205 1098 4262 per
1130 4192 1453 4264 prophetam
1482 4194 1794 4269 subjunxit,
1827 4198 1909 4253 di-

307 4292 437 4331 cens
469 4293 480 4330 :
518 4276 657 4343 Quia
684 4278 919 4332 excelsus
955 4284 1231 4350 reputatae
1259 4287 1333 4335 est
1358 4283 1471 4353 ipse
1501 4283 1658 4355 (Isai.
1691 4302 1754 4354 ιι,
1785 4287 1903 4359 22).

310 4367 390 4420 Ac
418 4365 464 4422 si
496 4364 703 4423 diceret
736 4383 747 4420 :
781 4367 844 4422 In
874 4366 1232 4424 inferioribus
1257 4376 1492 4426 ventura
1519 4370 1754 4444 desuper
1773 4391 1904 4447 prae-

2027 3192 2132 3253 tor,
2160 3185 2291 3243 dum
2311 3196 2603 3247 venturam
2623 3192 2853 3265 gloriam
2875 3196 3236 3268 praestolatur,
3269 3196 3402 3254 dum
3432 3201 3621 3268 venire

2023 3282 2148 3333 ante
2167 3277 2363 3335 faciem
2387 3279 2593 3351 judicis
2618 3282 2836 3351 nititur,
2867 3283 3110 3359 dumque
3136 3302 3168 3342 a
3196 3286 3398 3345 laboris
3418 3290 3504 3346 sui
3524 3290 3616 3347 ad-

2022 3361 2134 3421 huc
2151 3368 2397 3425 mercede
2444 3369 2716 3441 differtur,
2760 3373 2819 3429 in
2860 3373 2964 3430 hac
2992 3375 3109 3432 vita
3144 3378 3369 3435 interim
3408 3380 3621 3451 positus

2021 3453 2156 3524 quid
2182 3464 2305 3528 agat
2331 3459 2638 3517 audiamus.
2671 3463 2931 3535 Sequitur
2963 3482 2975 3519 :

2373 3574 2603 3635 CAPUT
2628 3578 2839 3636 XXVII
2881 3578 3024 3653 [Rea
3058 3580 3247 3657 XIII].

2090 3660 2259 3717 Vnus.
2303 3661 2391 3719 21.
2428 3694 2500 3707 -—
2537 3668 2758 3723 Terram
2786 3670 2987 3740 ungula
3014 3668 3172 3740 fodit.

2087 3748 2175 3807 53.
2208 3752 2586 3810 Praedicatoris
2626 3756 2852 3828 ojﬁcium
2896 3762 2989 3825 est,
3025 3757 3084 3811 in
3121 3760 3456 3817 auditoribus
3483 3769 3531 3817 et
3560 3763 3617 3816 in

2016 3837 2211 3909 scripto
2234 3845 2469 3895 terrenas
2496 3843 2828 3914 cogitationes
2847 3844 3087 3913 effodere.
3117 3875 3189 3887 —-
3217 3846 3366 3903 Solet
3398 3848 3458 3903 in
3485 3850 3611 3922 equi

2018 3927 2223 3999 ungula
2252 3926 2453 3985 laboris
2473 3928 2742 3987 fortitudo
2770 3933 3043 4003 cognosci.
3075 3932 3219 4001 Quid
3250 3949 3377 4007 ergo
3406 3951 3503 4007 per
3517 3953 3616 3992 un-

2018 4016 2198 4089 gulam
2231 4016 2340 4072 nisi
2372 4018 2431 4073 in
2459 4018 2814 4091 praedicatore
2843 4028 3031 4079 sancto
3060 4022 3328 4079 virtutum
3353 4024 3614 4097 perfectio

2018 4105 2040 4139 ⁵
2060 4104 2377 4178 designatur
2391 4106 2420 4163 ‘?
2444 4107 2562 4176 Qua
2577 4108 2835 4167 videlicet
2854 4112 3062 4184 ungula
3089 4120 3290 4169 terram
3308 4112 3469 4184 fodit,
3487 4132 3612 4172 cum

2014 4191 2083 4248 de
2112 4192 2275 4250 corde
2304 4195 2642 4253 rudientium
2664 4200 2919 4272 exemplo
2948 4216 3175 4258 suorum
3196 4219 3425 4275 operum
3446 4209 3612 4260 terre-

2014 4299 2112 4340 nas
2139 4283 2498 4358 cogitationes
2526 4285 2572 4359 ej
2582 4285 2697 4343 icit.
2722 4288 2936 4360 Ungula
2952 4296 3155 4347 terram
3170 4290 3333 4362 fodit,
3354 4293 3483 4367 quia
3503 4310 3612 4350 au-

2014 4371 2258 4429 ditorum
2301 4372 2467 4429 corda
2512 4390 2545 4429 a
2591 4376 2945 4433 saecularibus
2999 4379 3149 4436 curis
3193 4389 3440 4451 evacuat,
3485 4400 3610 4440 cum

305 4454 493 4523 scivit,
510 4455 642 4528 quia
667 4455 738 4512 ad
770 4456 880 4512 ima
902 4457 970 4513 de
998 4452 1308 4514 caelestibus
1326 4459 1502 4515 venit.
1534 4459 1720 4518 Sancti
1740 4463 1906 4520 etiam
1935 4488 1986 4548 ι)
2016 4455 2209 4548 doctor
2227 4456 2406 4548 139111“?
2426 4458 2706 4514 contemni
2736 4461 3000 4518 saeculum
3029 4479 3192 4536 Opere
3224 4473 3480 4522 ostentat.
3516 4467 3610 4524 Vi—

310 4542 439 4611 \iri,
473 4543 600 4616 quia
624 4543 809 4601 abillo
837 4544 1027 4601 audita
1050 4545 1424 4617 crediderunt,
1442 4548 1547 4621 ipsi
1563 4566 1779 4624 quoque
1788 4551 1904 4624 jam
1936 4542 1978 4548 _
2014 4544 2240 4602 deamus
2269 4546 2501 4602 Paulum
2522 4554 2723 4603 terram
2749 4549 2934 4606 cordis
2947 4551 3291 4611 audientium
3308 4571 3416 4628 qua
3434 4563 3611 4612 osten-

306 4647 326 4681 ι
342 4639 541 4688 entura
565 4633 862 4704 praescium
892 4651 905 4701 ;
943 4634 1185 4708 dumque
1213 4634 1331 4707 ejus
1356 4636 1596 4694 fideliter
1622 4641 1905 4713 praeceptis

303 4717 640 4789 inserviunt,
672 4720 972 4778 adventum
1002 4721 1157 4778 illius
1184 4738 1279 4794 spe
1321 4731 1468 4781 certa
1498 4726 1899 4798 praestolamur.

306 4810 460 4866 L'nde
491 4817 546 4868 et
575 4810 681 4870 hoc
710 4813 831 4870 loco
858 4814 986 4887 equi
1036 4812 1204 4886 hujus
1248 4815 1495 4885 naribus,
1527 4817 1903 4889 praedicatoris

301 4899 479 4957 sancti
509 4901 853 4972 praescientia
901 4918 964 4959 ac
1011 4904 1345 4976 praestolatio
1371 4905 1708 4979 designatur.
1756 4910 1900 4966 Dum

300 4990 450 5046 enim
484 4992 672 5049 venire
702 5000 1013 5052 extremum
1037 4993 1339 5067 judicium,
1378 4996 1597 5055 ostendi
1624 4998 1898 5058 coeleatem

376 5215 663 5288 ‘AExcusi,
679 5217 886 5288 objectis
912 5219 1201 5276 seditionis.
1231 5219 1664 5277 Emendavimus
1682 5238 1751 5278 ex
1764 5224 1891 5281 Mss.

297 5285 468 5373 duell.
500 5288 709 5373 germ?
735 5285 1275 5373 Norm.,_Viirdoc.,A
1300 5291 1541 5373 T‘uron,
1561 5293 1756 5373 Laud,
1788 5304 1891 5353 etc.

373 5359 395 5393 ³
425 5358 647 5443 Scilicet
668 5360 977 5443 hujuslibri
999 5379 1049 5443 c.
1083 5364 1136 5430 2,
1168 5378 1223 5416 n.
1243 5361 1294 5417 2.
1319 5358 1543 5443 Vulgati
1565 5358 1768 5443 autem,
1796 5382 1894 5438 pro

296 5429 592 5504 docuimus,
621 5429 823 5490 habent
851 5429 1152 5503 didicimus,
1181 5429 1614 5504 repugnantibus
1642 5429 1768 5497 Mss.
1796 5429 1894 5494 ho-

297 5501 614 5574 strisiCorb.
650 5504 857 5574 Germ.,
890 5501 1149 5561 diximus.

370 5573 608 5657 “iGerm.
641 5573 1051 5657 et_pl._Norm_.,
1083 5574 1512 5657 fragrantiam...
1544 5577 1892 5646 innotescunt,

300 5643 467 5735 med?
488 5643 755 5735 ιὲίῖιιςηίέἱ
781 5643 1336 5735 “Mamuriane,
1373 5721 1407 5735 ..
1548 5728 1559 5735 ,

372 5716 392 5750 ⁸
421 5716 485 5771 In
515 5716 684 5774 duob.
715 5716 923 5787 Germ,
953 5719 1010 5775 in
1043 5716 1237 5789 Gilot.,
1286 5720 1465 5780 Vatic.
1512 5728 1567 5779 et
1605 5723 1893 5781 nonnullis

2014 4650 2088 4691 sae
2120 4634 2346 4692 virtutis
2382 4636 2590 4708 ungula
2635 4636 2828 4694 fodiat.
2873 4639 2994 4712 Ipse
3041 4657 3279 4716 namque
3324 4642 3610 4716 discipulis

2011 4721 2148 4779 dicit
2179 4740 2191 4779 :
2224 4724 2347 4779 Haec
2375 4724 2612 4797 cogitate,
2640 4742 2758 4797 qua:
2786 4733 2834 4782 et
2884 4728 3142 4786 didicistis
3178 4738 3227 4787 et
3257 4731 3524 4802 accepistis
3563 4736 3611 4784 et

2009 4814 2235 4871 audistis
2262 4821 2311 4871 et
2332 4815 2541 4871 vidistis
2569 4815 2628 4871 in
2654 4834 2756 4884 me,
2779 4818 2885 4873 hac
2908 4820 3066 4891 agite,
3095 4826 3143 4874 et
3168 4820 3310 4875 Deus
3330 4819 3482 4890 pacis
3509 4817 3610 4872 erit

2007 4905 2273 4962 vobiscum
2304 4906 2530 4979 (Philip.
2564 4923 2642 4976 Iv,
2672 4908 2727 4977 8,
2761 4909 2794 4965 9
2824 4910 2868 4982 ).
2914 4909 2986 4964 Et
3013 4925 3231 4966 rursum
3264 4926 3277 4965 :
3309 4909 3607 4965 Imitatores

2007 4995 2107 5050 mei
2134 5002 2309 5062 estote,
2338 4997 2555 5068 fratres,
2592 4998 2729 5053 sicut
2752 5005 2802 5054 et
2828 5016 2917 5070 ego
2950 5000 3149 5057 Christi
3171 5000 3230 5071 (Ι
3257 4999 3382 5058 Cor.
3412 5015 3493 5067 χι,
3527 4999 3605 5070 1).

2004 5225 2127 5282 aliis
2156 5225 2285 5307 ,
2315 5225 2729 5308 corruptissime
2772 5224 3416 5308 legitur_‘retributio_nem
3460 5226 3605 5308 dese-

2003 5314 2147 5362 rens,
2181 5296 2419 5378 piissimo
2453 5296 2661 5378 ardore
2695 5296 3045 5378 concupiscit._
3073 5297 3607 5378 Restitutus_esthic

2003 5368 2155 5441 locus
2173 5384 2243 5423 ex
2271 5369 2399 5441 Mss.
2434 5368 2674 5440 Anglic,
2706 5369 2894 5424 Norm.
2925 5378 2979 5425 et
2998 5370 3069 5425 al.
3103 5370 3165 5425 In
3184 5368 3356 5425 Laud.
3383 5368 3601 5441 legitur,

1998 5440 2240 5511 piissimo
2268 5440 2464 5495 ardore
2491 5440 2760 5511 conspicit.

2074 5511 2308 5594 ‘nEditi,
2344 5529 2511 5594 pana:
2545 5511 2832 5594 addicitur.
2860 5512 3154 5592 Itedundat
3176 5529 3366 5594 pana,
3398 5529 3498 5594 nec
3522 5520 3605 5570 est

2002 5582 2060 5638 in
2090 5584 2216 5657 Mss.
2244 5585 2322 5638 De
2345 5581 2808 5657 verboaddicitur
2826 5581 2872 5654 ej
2881 5599 3051 5657 usque
3071 5581 3235 5642 sensu
3248 5583 3364 5657 jam
3384 5583 3597 5642 dictum

2001 5662 2102 5723 est,
2135 5655 2174 5710 Ι.
2206 5671 2267 5722 n,
2299 5671 2357 5710 n.
2401 5655 2487 5724 15,
2519 5654 2578 5709 in
2608 5653 2774 5710 notis.

2074 5728 2096 5762 ⁵
2125 5725 2316 5799 Aliqui
2349 5727 2502 5796 Mss,
2533 5726 2948 5783 demonstratur.
