4156 6178
572 243 677 307 603

1784 245 2033 303 SANCTI
2067 243 2403 305 GREGORII
2439 245 2669 302 MAGNI

3779 254 3883 312 604

571 374 678 442 Qui
699 372 867 445 igitur
883 371 1137 444 exemplo
1157 370 1242 429 sui
1259 370 1439 444 operis
1467 372 1604 428 alios
1622 371 1868 442 corrigit,
1891 371 2176 427 nimirum-
2205 372 2257 430 A
2283 370 2628 444 semetipsam
2656 379 2810 428 tanto
2838 371 3014 429 tutius
3041 378 3250 445 quanto
3279 379 3332 428 et
3361 371 3632 431 humilius
3657 375 3878 435 abscon-

571 470 775 542 ungula
809 467 992 526 1021
1026 479 1230 528 terram
1263 469 1422 526 fodit.
1474 469 1611 544 [νει.
1662 468 1870 544 ΧΧΙΙ.]
1903 468 2177 527 Habemus

569 557 722 614 aliud
754 559 900 632 quod
930 559 1112 616 adhuc
1160 558 1422 616 subtilius
1455 559 1521 614 de
1553 557 1720 630 hujus
1760 558 1978 630 ungula
2008 560 2178 614 eﬂos-

570 646 726 705 sione
754 657 1073 706 tractemus.
1107 649 1294 706 Sancti
1343 648 1490 704 enim
1543 648 1649 703 viri
1680 647 1934 720 quamvis
1963 648 2177 704 intento

519 735 532 744 ’
573 737 773 794 mentis
802 739 962 794 oculo
992 737 1049 792 in
1082 754 1320 809 superna
1349 737 1631 810 evigilent,
1683 737 1936 809 quamvis
1979 746 2178 794 cuncta

571 843 691 900 quae
713 828 770 884 in
802 829 914 886 ima
943 827 1322 900 praeterﬂuunt
1350 827 1484 900 pede
1507 827 1673 899 rigidi
1704 835 2050 899 contemptus
2070 829 2175 885 cal-

570 929 696 977 cent
723 939 736 988 ;
771 937 840 977 ex
870 922 1227 994 corruptione
1259 928 1440 976 tamen
1471 927 1704 976 terrena:
1735 920 1934 990 carnis,
1967 921 2055 977 cui
2086 921 2176 976 ad-

571 1008 680 1068 huc
704 1009 900 1082 illigati
930 1018 1076 1076 sunt,
1113 1012 1435 1083 plerumque
1465 1010 1862 1082 cogitationum
1894 1011 2175 1082 pulverem

571 1100 628 1156 in
662 1100 827 1156 corde
859 1100 1165 1173 patiuntur.
1200 1100 1447 1172 Cumque
1475 1100 1608 1157 foris
1635 1101 1758 1157 aliis
1788 1102 1854 1157 ad
1876 1102 2177 1174 appetenda

572 1190 818 1246 coelestia
847 1190 1200 1262 persuadent,
1241 1190 1560 1263 semetipsos
1601 1206 1813 1264 semper
1844 1192 2175 1250 intrinsecus

570 1279 763 1336 subtili
794 1281 1158 1353 inquisitione
1182 1280 1511 1351 discutiunt,
1541 1298 1610 1338 ne
1637 1299 1743 1355 qua
1763 1283 2094 1339 immorante
2115 1283 2173 1338 in

569 1386 626 1426 se
656 1369 754 1426 diu
781 1371 973 1429 inﬁma
1001 1373 1333 1443 cogitatione
1363 1373 1698 1446 polluantur.
1723 1374 1912 1446 Equus
1927 1390 2054 1445 ergo
2071 1374 2172 1430 iste

572 1461 778 1532 ungula
806 1468 1006 1518 terram
1028 1462 1172 1518 fodit
1199 1479 1324 1519 cum
1346 1463 1673 1535 praedicator
1689 1464 1922 1536 quisque
1943 1463 2170 1536 inquisi-

571 1547 723 1605 tione
753 1549 884 1605 forti
905 1557 1148 1606 terrenas
1169 1552 1225 1606 in
1247 1567 1304 1607 se
1332 1551 1692 1624 cogitationes
1713 1553 1962 1610 discutit.
1981 1554 2171 1625 Equus

574 1639 778 1710 ungula
798 1646 995 1696 terram
1013 1640 1155 1696 fodit
1184 1641 1404 1714 quando
1435 1643 1482 1698 is
1502 1643 1591 1699 cui
1608 1642 1724 1715 jam
1744 1643 2015 1699 Dominus
2038 1659 2170 1714 prae-

2287 460 2465 517 datur.
2500 461 2642 516 Hinc
2685 461 2986 518 Israelitico
3018 460 3218 532 populo
3251 460 3430 532 (Deut.
3467 479 3632 533 χχιιι,
3667 466 3755 538 12)
3788 484 3879 540 per

2284 552 2510 625 Moysen
2542 570 2573 608 a
2600 552 2840 609 Domino
2865 551 3111 623 jubetur,
3144 558 3206 608 ut
3229 568 3355 608 cum
3386 554 3668 624 egreditur
3696 556 3764 612 ad
3793 575 3885 614 re-

2285 641 2489 715 quisita
2518 648 2748 708 naturae,
2793 640 2979 696 mittat
3021 641 3291 711 paxillum
3325 641 3381 697 in
3411 641 3616 712 balteo,
3665 652 3720 699 et
3748 645 3883 703 fossa

2287 729 2457 787 humo
2487 729 2785 787 abscondat
2826 747 2946 803 quae
2989 738 3169 802 egesta
3218 730 3446 787 fuerint.
3491 733 3713 790 Natum
3743 736 3882 793 enim

2285 824 2661 896 corruptibilis
2681 823 2921 896 pondere
2951 825 3181 896 gravati,
3213 841 3245 882 a
3274 825 3477 881 mentis
3506 833 3709 883 nostrae
3736 835 3884 884 utero

2287 915 2307 947 ³
2330 913 2576 986 quaedam
2607 913 3002 986 cogitationum
3036 914 3314 986 superﬂua
3341 915 3498 988 quasi
3537 917 3748 972 ventris
3775 933 3885 988 gra-

2249 1055 2254 1058 .
2285 1007 2506 1062 vamina
2534 1013 2850 1078 erumpunt.
2885 1004 2990 1062 Sed
3020 1013 3237 1077 portare
3266 1007 3540 1078 paxillum
3569 1008 3676 1064 sub
3705 1008 3882 1064 balteo

2285 1094 2566 1164 debemus,
2585 1104 2646 1152 ut
2663 1096 2922 1153 videlicet
2935 1094 3004 1150 ad
3026 1095 3507 1166 reprehendendos
3523 1099 3884 1171 nosmetipsos

2284 1210 2499 1268 semper
2526 1198 2782 1267 accincti,
2819 1192 3010 1252 1022
3037 1206 3264 1255 acutum
3292 1197 3440 1254 circa
3464 1213 3565 1252 nos
3599 1196 3880 1253 stimulum

2283 1289 2724 1359 compunctionis
2790 1289 3107 1358 habeamus,
3152 1288 3246 1362 qui
3294 1287 3630 1343 incessanter
3678 1294 3883 1342 terram

2283 1377 2484 1433 mentis
2511 1386 2709 1435 nostrae
2739 1380 3078 1452 paenitentiae
3127 1378 3315 1434 dolore
3352 1375 3652 1445 confodiat,
3684 1384 3739 1432 et
3780 1376 3885 1433 hoc

2281 1466 2429 1538 quod
2471 1483 2504 1522 a
2542 1467 2702 1524 nobis
2744 1468 2980 1525 fetidum
3023 1468 3262 1540 erumpit
3309 1465 3624 1523 abscondat.
3660 1464 3883 1522 Ventris

2281 1553 2481 1627 quippe
2501 1558 2705 1628 egestio
2733 1557 2877 1615 fossa
2898 1557 3068 1615 humo
3092 1573 3186 1630 per
3215 1556 3484 1628 paxillum
3511 1555 3738 1626 tegitur,
3757 1571 3882 1611 cum

2279 1645 2478 1700 mentis
2511 1654 2710 1702 nostris
2740 1648 3091 1721 superﬂuitas
3121 1646 3311 1704 subtili
3344 1644 3731 1716 redargutione
3761 1643 3884 1699 dis-

575 1727 721 1784 sidet
741 1746 859 1802 quae
876 1730 983 1787 sibi
1005 1733 1177 1788 moles
1193 1733 1508 1804 congeritur
1525 1749 1595 1788 ex
1611 1741 1824 1789 vetusta
1839 1734 2169 1806 cogitatione
2201 1741 2245 1800 Β
2277 1749 2453 1802 cussa,
2485 1743 2611 1791 ante
2640 1737 2738 1793 Dei
2769 1739 2978 1808 oculos,
3030 1755 3126 1810 per
3156 1735 3603 1809 compunctionis
3632 1753 3746 1792 sum
3777 1735 3883 1790 sti-

573 1817 901 1886 considerat,
929 1836 1094 1893 seque
1121 1821 1188 1876 ab
1218 1822 1315 1876 illa
1343 1821 1524 1877 ﬂendo
1553 1838 1816 1879 evacuare
1844 1839 1952 1878 non
1975 1831 2166 1880 cessat.

574 1905 726 1962 Unde
756 1907 896 1963 bene
926 1916 980 1964 et
1007 1910 1159 1966 Isaac
1187 1909 1332 1982 apud
1367 1910 1602 1967 alienam
1631 1919 1845 1984 gentem
1874 1920 2065 1984 puteos
2091 1913 2168 1968 fo-

573 1994 720 2052 disse
735 1995 1068 2052 describitur
1099 1997 1519 2071 (Genes.xxv1).
1551 1999 1672 2067 Quo
1699 2001 1957 2058 videlicet
1987 2017 2170 2058 exem-

573 2086 664 2158 plo
676 2084 941 2142 discimus
961 2094 1022 2143 ut
1041 2087 1100 2143 in
1123 2087 1225 2143 hac
1247 2089 1703 2160 peregrinationis
1717 2106 1961 2146 aerumna
1982 2090 2167 2162 positi,

574 2175 971 2248 cogitationum
1012 2184 1325 2234 nostrarum
1372 2178 1643 2251 profunda
1677 2187 2022 2251 penetremus
2053 2197 2066 2245 ;
2117 2187 2170 2236 et

572 2282 858 2340 quousque
886 2268 1047 2325 nobis
1073 2284 1214 2325 verae
1246 2269 1626 2343 intelligentiae
1657 2287 1798 2344 aqua
1823 2269 2166 2342 respondeat,

571 2372 915 2431 nequaquam
957 2367 1158 2416 nostrae
1206 2359 1586 2432 inquisitionis
1627 2378 1820 2419 manus
1866 2361 1935 2418 ab
1964 2360 2168 2417 exhau-

572 2447 762 2506 rienda
793 2449 976 2507 cordis
1022 2459 1167 2508 terra
1213 2458 1505 2523 torpescat.
1549 2453 1697 2521 Quos
1747 2459 1931 2508 tamen
1977 2460 2169 2524 puteos

573 2543 843 2614 allophyli
871 2543 1198 2600 insidiantes
1227 2547 1439 2617 replent
1485 2547 1646 2617 (Ibid.
1654 2547 1704 2616 ),
1739 2547 1868 2618 quia
1903 2546 2166 2601 nimirum

579 2626 854 2685 immundi
882 2631 1109 2700 spiritus
1136 2649 1263 2689 cum
1293 2650 1394 2690 nos
1421 2634 1663 2690 studiose
1694 2651 1788 2691 cor
1825 2633 2011 2690 fodere
2040 2650 2167 2691 con-

570 2715 835 2786 spiciunt,
890 2725 1172 2790 congestas
1202 2721 1360 2775 nobis
1402 2723 1770 2779 tentationum
1810 2725 2169 2795 cogitationes

575 2805 592 2839 ί
624 2803 902 2876 ingerunt.
926 2806 1079 2863 Unde
1108 2825 1321 2880 semper
1349 2824 1501 2864 mens
1523 2812 1838 2866 evacuanda
1865 2821 1966 2876 est,
1995 2813 2166 2864 inces-

571 2901 864 2967 santerque
908 2895 1168 2954 fodienda
1217 2916 1228 2955 :
1279 2915 1347 2956 ne
1390 2897 1437 2953 si
1480 2897 1785 2955 indiscussa
1813 2896 2164 2969 relinquitur,

575 3001 748 3060 usque
775 2986 846 3042 ad
874 2995 1145 3045 tumorem
1177 3005 1558 3062 perversorum
1589 3005 1839 3062 operum,
1870 2989 2168 3061 cogitatio-

2278 1823 2491 1878 mulum
2523 1825 2751 1881 celatur.
2791 1826 2932 1894 Quia
2972 1827 3141 1899 igitur
3183 1826 3357 1882 sancti
3397 1824 3505 1880 viri
3537 1839 3883 1898 quacunque

2280 1912 2499 1969 inutilia
2529 1915 2773 1987 cogitant
2793 1916 3191 1988 reprehendere
3212 1932 3275 1971 ac
3305 1913 3610 1987 dijudicare
3631 1929 3747 1968 non
3777 1928 3881 1970 ces-

2277 2009 2418 2070 sant,
2443 2001 2509 2058 de
2529 2019 2669 2075 equo
2698 2020 2798 2059 suo
2827 2005 3098 2060 Dominus
3118 2003 3265 2060 dicat
3289 2021 3301 2058 :
3344 2004 3563 2058 Terram
3585 2003 3791 2073 ungula
3808 1999 3884 2070 fo-

2277 2089 2375 2159 dit,
2409 2090 2466 2145 id
2494 2100 2575 2147 est
2604 2092 2874 2166 quidquid
2903 2091 2961 2147 in
2994 2098 3176 2147 mente
3220 2107 3316 2147 sua
3359 2097 3639 2144 terrenum
3673 2090 3884 2144 versari

2277 2179 2566 2251 conspicit,
2584 2181 2688 2238 hoc
2709 2181 2976 2237 nimirum
2997 2178 3339 2253 superductae
3363 2176 3705 2250 paenitentiae
3727 2178 3888 2233 duris

2278 2270 2725 2341 percussionibus
2754 2274 2982 2344 rumpit.
3013 2272 3152 2329 Cum
3182 2286 3314 2326 vero
3343 2287 3400 2326 se
3429 2269 3663 2325 interius
3691 2267 3884 2323 distri-

2276 2366 2364 2415 cta
2389 2359 2694 2418 subtilitate
2716 2361 3049 2435 dijudicant,
3066 2360 3178 2434 jam
3202 2360 3348 2416 nihil
3368 2368 3449 2416 est
3467 2357 3616 2432 quod
3636 2357 3881 2413 exterius

2276 2451 2684 2522 pertimescant.
2715 2453 2889 2508 Tanto
2927 2453 3076 2508 enim
3107 2452 3290 2508 minus
3319 2450 3389 2507 ad
3419 2450 3562 2506 mala
3590 2449 3879 2522 praesentia

2277 2540 2575 2612 trepidant,
2607 2550 2814 2616 quanto
2843 2543 3166 2615 semetipsos
3193 2541 3409 2615 plenius
3437 2540 3601 2597 bonis
3630 2538 3878 2596 venturis

2276 2639 2489 2701 parant.
2520 2631 2675 2688 Unde
2705 2640 2759 2689 et
2787 2632 3044 2690 subditur
3069 2650 3081 2688 :

2455 2729 2684 2788 CAPUT
2704 2733 2944 2789 XXVIII
2975 2732 3112 2805 [νει.
3136 2733 3347 2801 XXIII,
3370 2733 3488 2788 Rec.
3521 2730 3701 2805 XIV].

2337 2827 2454 2884 IBID
2464 2831 2670 2884 .—Ea:s
2678 2830 2810 2884 ultat
2819 2830 3087 2896 audacter,
3102 2829 3160 2882 in
3169 2844 3440 2882 occursum
3444 2828 3621 2898 pergit
3628 2827 3856 2884 armatis
3867 2867 3878 2880 .

2346 2912 2437 2968 55.
2469 2915 2719 2970 Sanctum
2745 2918 2924 2968 virum
2952 2935 3040 2967 nec
3064 2919 3287 2973 aid-versa
3316 2917 3584 2987 dejiciunt,
3618 2935 3714 2973 nec
3744 2936 3879 2990 pro-

2276 3018 2430 3074 spera
2457 3008 2823 3074 cor-rumpunt.
2846 3001 3226 3074 Apost-clarum
3247 2999 3384 3053 inter
3411 3000 3618 3068 ﬂagella
3641 3010 3881 3064 οωειιιεα.

569 3090 702 3132 num
732 3093 895 3149 super
922 3094 1022 3134 nos
1049 3087 1195 3135 terra
1219 3080 1549 3136 cumuletur.
1569 3079 1711 3136 Hinc
1730 3078 1799 3134 ad
1824 3079 2165 3136 Ezechielem

2277 3092 2369 3160 tio,
2396 3091 2451 3146 in
2473 3094 2670 3164 primis
2697 3092 2879 3148 Pauli.
2911 3090 3157 3146 eretici
3187 3094 3503 3161 potestatum
3536 3088 3882 3143 saecularium

569 3164 775 3222 dicitur
803 3183 814 3221 :
848 3167 958 3222 Fili
977 3168 1224 3235 hominis,
1246 3168 1367 3238 fode
1389 3171 1646 3241 parietem
1669 3171 1885 3241 (Ezech.
1908 3186 2032 3237 vm,
2062 3171 2118 3242 8)
2146 3189 2160 3238 ;

571 3251 628 3308 id
655 3261 755 3322 est,
788 3254 970 3311 cordis
990 3254 1254 3311 duritiam
1281 3257 1490 3313 crebris
1517 3259 2014 3330 perscrutationum
2043 3258 2163 3314 icti-

567 3340 672 3397 bus
691 3357 902 3414 rumpe.
927 3342 1071 3399 Hinc
1092 3344 1160 3399 ad
1177 3344 1371 3400 Isaiam
1394 3347 1663 3403 Dominus
1679 3347 1816 3403 dicit
1838 3364 1850 3402 ε
1885 3347 2166 3417 Ingredere

568 3431 626 3486 in
638 3437 868 3503 petram,
896 3431 1209 3488 abscondere
1237 3432 1384 3503 fossa
1411 3436 1586 3503 humo,
1613 3454 1647 3490 a
1667 3434 1803 3505 facie
1833 3435 2038 3490 timoris
2059 3435 2164 3490 Do-

567 3518 720 3586 mini,
750 3525 800 3575 et
823 3537 858 3574 a
884 3519 1058 3590 gloria
1088 3520 1382 3593 majestatis
1397 3520 1508 3591 ejus
1533 3521 1687 3594 (Isai.
1721 3538 1784 3590 Il,
1811 3522 1926 3592 10).
1950 3522 2165 3577 Petram

567 3608 769 3681 quippe
798 3608 1156 3682 ingredimur,
1191 3627 1317 3667 cum
1340 3611 1361 3645 ³
1384 3609 1566 3667 cordis
1595 3609 1770 3666 nostri
1791 3609 2054 3665 duritiam
2077 3627 2165 3682 pe-

567 3703 884 3768 netramus;
917 3706 1079 3772 atque
1108 3716 1140 3756 a
1165 3699 1304 3756 facie
1334 3699 1552 3756 timoris
1573 3699 1798 3755 Domini
1826 3699 1971 3755 fossa
1996 3698 2164 3755 humo

567 3788 977 3860 abscondimur,
1022 3789 1068 3847 si
1116 3797 1356 3847 terrenas
1405 3789 1763 3862 cogitationes
1791 3798 2068 3863 egerentes
2096 3789 2164 3847 ab

567 3879 650 3935 ira
677 3879 915 3938 districti
938 3879 1146 3954 judicis
1178 3881 1237 3936 in
1274 3879 1589 3937 humilitate
1619 3887 1821 3936 nostrae
1850 3881 2054 3936 mentis
2082 3895 2165 3936 ce-

567 3969 766 4026 lamur.
797 3970 917 4036 Quo
946 3971 1095 4026 enim
1125 3970 1251 4043 plus
1278 3977 1424 4027 terra
1469 3968 1730 4026 fodiendo
1760 3967 2069 4042 projicitur,
2101 3984 2164 4024 eo

566 4058 944 4130 pavimentum
974 4074 1188 4130 semper
1209 4059 1444 4115 inferius
1474 4059 1899 4116 demonstratur.
1934 4057 2088 4114 Unde
2111 4065 2166 4112 et

566 4163 668 4203 nos
697 4147 744 4204 si
775 4163 807 4202 a
831 4145 992 4202 nobis
1017 4147 1320 4204 studiosius
1353 4156 1596 4205 terrenas
1623 4137 1984 4221 cogitationes
2014 4145 2161 4219 ejici-

567 4252 710 4303 mus,
743 4252 852 4310 quo
882 4235 1028 4309 apud
1048 4237 1414 4311 nosmetipsos
1443 4237 1866 4307 abscondamur,
1893 4237 2164 4294 humilius

568 4341 882 4382 Invenimus
891 4369 901 4380 .

2267 3181 2624 3253 patrocinium
2655 3180 2909 3236 ambiunt.
2940 3178 3195 3249 Infractte
3222 3178 3435 3232 virtutis
3465 3180 3539 3230 est
3566 3193 3754 3231 rerum
3785 3183 3880 3231 ter-

2273 3287 2529 3328 renarum
2565 3278 2904 3343 contemptus.
2940 3301 3010 3312 -
3039 3270 3300 3326 Exsultat
3331 3267 3609 3335 audacter,
3641 3267 3778 3340 quia
3805 3269 3879 3327 sic

2272 3362 2516 3418 adversis
2537 3379 2650 3418 non
2671 3361 2962 3434 frangitur,
2997 3361 3140 3417 sicut
3167 3374 3269 3416 nec
3299 3357 3574 3431 prosperis
3604 3356 3874 3412 elevatur.

2272 3451 2518 3509 Adversa
2547 3469 2784 3526 namque
2801 3468 2912 3508 non
2933 3450 3222 3523 dejiciunt,
3242 3464 3405 3522 quem
3436 3462 3700 3520 prospera
3731 3445 3877 3501 nulla

2272 3551 2656 3616 corrumpunt.
2687 3545 2879 3617 Equus
2899 3543 3081 3616 itaque
3113 3542 3214 3597 iste
3242 3547 3294 3596 et
3317 3538 3477 3596 fortis
3505 3544 3560 3593 et
3587 3535 3696 3592 sub
3718 3535 3869 3591 freno

2272 3640 2371 3690 est.
2403 3633 2481 3690 Ne
2516 3649 2644 3707 ergo
2675 3641 2953 3706 prematur
2995 3629 3260 3696 adversis,
3300 3626 3465 3683 habet
3501 3624 3617 3680 vim
3645 3623 3876 3681 fortitu-

2273 3721 2422 3779 dinis
2448 3741 2462 3791 ;
2497 3740 2567 3780 ne
2595 3725 2839 3780 elevetur
2868 3719 3164 3795 prosperis,
3196 3715 3364 3774 habet
3392 3713 3608 3790 pondus
3636 3713 3873 3786 desuper

2271 3813 2586 3872 insidentis.
2621 3809 2931 3872 Decurrunt
2977 3812 3178 3885 quippe
3215 3817 3480 3880 tempora,
3527 3804 3622 3862 sed
3666 3803 3868 3861 idcirco

2266 3903 2480 3977 justum
2512 3903 2730 3960 trahere
2751 3917 2864 3958 non
2884 3902 3090 3968 valent,
3114 3899 3245 3972 quia
3272 3900 3456 3954 levare
3484 3911 3594 3952 non
3617 3900 3864 3967 possunt.

2271 3995 2402 4050 Illos
2429 3992 2696 4048 nimirum
2717 3990 2967 4058 trahunt,
2989 4005 3128 4062 quos
3147 3989 3335 4044 levant
3360 4003 3374 4054 ;
3407 3986 3546 4042 irata
3573 3983 3864 4055 dejiciunt,

2271 4099 2408 4156 quos
2435 4082 2636 4138 blanda
2664 4080 2982 4137 sustollunt.
3015 4079 3118 4135 Vir
3149 4086 3334 4134 autem
3363 4076 3501 4133 bene
3527 4077 3638 4131 Deo
3667 4072 3870 4130 subdi-

2270 4179 2358 4226 tus
2388 4171 2492 4228 scit
2520 4171 2665 4227 inter
2693 4168 3037 4226 transeuntia
3064 4176 3228 4234 stare,
3259 4168 3364 4224 scit
3393 4166 3535 4222 inter
3563 4163 3746 4235 lapsus
3779 4161 3867 4217 de-

2270 4260 2610 4318 currentium
2658 4267 2986 4333 temporum
3016 4256 3217 4313 mentis
3261 4270 3504 4328 gressum
3548 4252 3733 4324 ﬁgere,
3767 4251 3867 4308 scit

2270 4365 2371 4406 nec
2399 4349 2468 4406 ad
2497 4348 2741 4421 subjecta
2769 4365 2825 4406 se
2853 4349 3081 4420 erigere,
3113 4363 3214 4404 nec
3234 4346 3302 4402 ad
3331 4343 3544 4416 objecta
3573 4340 3860 4413 trepidare.

639 4442 726 4500 54.
761 4444 838 4500 De
865 4444 1161 4502 imminente
1179 4447 1377 4518 judicii
1404 4448 1488 4504 die
1527 4448 1581 4504 S.
1620 4446 1861 4519 Gregorii
1888 4444 2157 4500 sententia.
2190 4430 2248 4521 θ’
2269 4439 2598 4513 Plerumque
2626 4446 2809 4495 autem
2837 4437 2965 4512 quia
2993 4435 3236 4494 exerceri
3268 4451 3324 4491 se
3353 4434 3547 4491 utilius
3570 4429 3864 4489 contritio-

571 4565 640 4575 —
666 4534 808 4592 Ecce
829 4535 975 4591 enim
999 4538 1128 4610 quia
1151 4536 1331 4593 divini
1353 4536 1552 4609 judicii
1571 4537 1688 4593 dies
1709 4536 1985 4605 imminet,
2012 4535 2167 4608 quasi

565 4624 683 4698 ipsa
705 4622 818 4696 jam
850 4625 1067 4683 timoris
1097 4625 1215 4697 ejus
1235 4627 1400 4682 facies
1420 4633 1644 4698 apparet
1668 4643 1680 4691 ;
1712 4632 1972 4696 tantoque
1995 4622 2167 4694 magis

563 4731 781 4773 necesse
810 4723 891 4771 est
919 4723 982 4771 ut
1011 4716 1390 4787 unusquisque
1419 4716 1579 4771 illum
1617 4713 1924 4770 terribilius
1953 4712 2162 4779 timeat,

563 4813 769 4878 quanto
792 4805 908 4877 jam
930 4804 1102 4877 gloria
1121 4803 1421 4875 majestatis
1435 4802 1553 4875 ejus
1575 4801 1996 4875 appropinquat.
2021 4801 2167 4868 Quid

563 4911 690 4968 ergo
719 4894 991 4967 agendum
1011 4900 1110 4960 est,
1131 4909 1310 4965 quove
1327 4891 1649 4963 fugiendum
1672 4891 1700 4948 ?
1722 4892 1842 4959 Quo
1871 4890 2019 4946 enim
2042 4891 2165 4963 quis

564 4986 732 5042 latere
760 4992 939 5058 potest
969 4999 1094 5040 eum
1136 4983 1230 5056 qui
1260 4982 1468 5054 ubique
1497 4989 1578 5037 est
1605 4981 1633 5039 ‘2
1662 4981 1767 5038 Sed
1796 4996 1922 5039 ecce
1951 4987 2158 5053 petram

564 5072 798 5148 ingredi,
824 5075 972 5132 fossa
991 5073 1163 5130 humo
1183 5071 1450 5130 occultari
1481 5071 1853 5145 praecipimur,
1885 5077 1947 5126 ut
1966 5069 2164 5125 videli-

564 5172 650 5221 cet
677 5164 862 5222 cordis
891 5165 1069 5221 nostri
1097 5163 1363 5221 duritiam
1395 5162 1796 5236 dirumpentes,
1823 5178 1886 5217 eo
1914 5161 2052 5217 iram
2084 5159 2164 5214 iu-

565 5252 849 5311 visibilem
879 5254 1240 5322 declinemus,
1279 5270 1387 5328 quo
1417 5253 1486 5310 ab
1530 5269 1714 5311 amore
1743 5269 1925 5310 rerum
1956 5249 2160 5306 visibi-

566 5339 705 5398 lium
746 5343 893 5415 apud
935 5344 1302 5417 nosmetipsos
1350 5343 1407 5400 in
1449 5343 1613 5402 corde
1658 5339 2053 5408 subtrahimur,
2101 5345 2162 5393 ut

566 5447 692 5489 cum
746 5450 923 5506 prava:
970 5436 1321 5509 cogitationis
1353 5442 1500 5492 terra
1541 5434 1782 5507 ejicitur,
1831 5447 1985 5489 mens
2017 5429 2161 5502 apud

642 5662 657 5695 ¹
689 5661 809 5732 Non
838 5660 993 5732 pauci
1014 5661 1481 5732 Mss.,emergunt.
1516 5659 1685 5716 Laud.
1718 5667 1772 5716 et
1798 5659 2006 5727 Germ.,
2029 5673 2162 5712 mer-

564 5739 711 5805 gunt.
746 5730 907 5792 Corb.
932 5730 1137 5798 Germ.,
1169 5730 1502 5804 immergunt.

2277 4531 2364 4585 nis
2389 4547 2499 4586 suae
2530 4527 2809 4586 laboribus
2838 4526 3014 4594 novit,
3047 4525 3106 4582 in
3140 4524 3385 4583 adversis
3413 4522 3720 4591 hilarescit,
3749 4536 3862 4594 qua)

2276 4617 2406 4674 dum
2437 4625 2752 4676 constanter
2780 4633 2878 4689 pro
2903 4615 3131 4671 veritate
3153 4613 3379 4687 patitur,
3407 4611 3596 4684 augeri
3624 4609 3732 4666 sibi
3762 4608 3862 4663 vir-

2274 4709 2410 4767 tutis
2439 4710 2700 4767 meritum
2728 4709 2964 4764 laetatur.
2996 4705 3138 4763 Hinc
3167 4713 3249 4762 est
3277 4703 3423 4776 quod
3443 4711 3579 4760 tunc
3596 4700 3863 4774 apostolos

2274 4801 2577 4856 exsultasse
2606 4798 2856 4870 legimus,
2905 4813 3034 4853 cum
3079 4813 3176 4869 pro
3217 4793 3440 4853 Christo
3476 4791 3603 4848 illos
3637 4787 3863 4862 contigit

2275 4890 2487 4962 ﬂagella
2507 4890 2782 4954 tolerasse,
2801 4887 2947 4944 sicut
2967 4885 3231 4958 scriptum
3251 4891 3336 4942 est
3369 4902 3381 4940 :
3411 4883 3567 4942 Ibant
3589 4881 3863 4954 gaudentes

2273 4999 2307 5035 a
2336 4984 2606 5050 conspectu
2652 4976 2881 5042 concilii,
2915 4975 3170 5046 quoniam
3216 4973 3366 5047 digni
3411 4971 3578 5030 habiti
3621 4976 3747 5026 sunt
3765 4983 3862 5040 pro

2273 5067 2480 5124 nomine
2505 5068 2631 5123 Jesu
2657 5065 3020 5122 contumeliam
3045 5064 3163 5136 pati
3181 5064 3324 5136 (Act.
3343 5080 3401 5132 v,
3422 5062 3538 5135 41).
3571 5061 3716 5118 Hinc
3735 5060 3862 5115 Pau-

2276 5160 2360 5215 lus
2389 5174 2515 5214 cum
2546 5157 2699 5214 duris
2730 5157 2787 5212 in
2815 5153 3134 5213 Macedonia
3161 5153 3359 5210 fuisset
3392 5147 3861 5225 persecutionibus

2271 5263 2510 5320 pressus,
2541 5244 2599 5302 in
2628 5261 2692 5302 eo
2721 5242 2868 5319 quod
2896 5260 2953 5300 se
2981 5241 3246 5299 aﬂlictum
3275 5241 3540 5309 insinuat,
3574 5239 3740 5296 etiam
3762 5234 3862 5309 ju-

2271 5337 2570 5395 cundatum
2600 5334 2957 5401 demonstrat,
2984 5331 3172 5389 dicens
3205 5349 3217 5387 :
3251 5333 3390 5388 Nam
3409 5348 3528 5388 cum
3554 5329 3861 5387 venissemus

2269 5426 2652 5494 Macedoniam,
2715 5425 2921 5480 nullam
2990 5423 3219 5494 requiem
3277 5422 3462 5478 habuit
3505 5439 3631 5477 caro
3683 5422 3861 5473 nostra

2343 5653 2364 5687 ²
2393 5653 2623 5720 Turon.,
2653 5649 2763 5706 duo
2791 5650 2973 5707 Germ.
3005 5665 3068 5705 ac
3095 5649 3309 5720 Norm.,
3343 5647 3576 5720 torporis
3603 5638 3786 5699 nostri.

2342 5727 2363 5761 ³
2392 5718 2620 5792 Turon.,
2654 5728 2822 5789 utero,
2844 5720 3160 5796 paenitentiae
3188 5719 3388 5786 dolore,
3418 5718 3681 5791 Quadam.
