4156 6178
295 274 404 333 605

1016 277 1389 337 MORALIUM
1428 278 1565 337 LIB.
1605 279 1819 338 XXXI.
1859 312 1931 326 -
1965 282 2040 342 IN
2076 284 2303 343 CAPUT
2339 270 2583 344 XXXIX
2622 288 2685 344 Β.
2724 288 2883 361 Ion.

297 406 390 477 (ΙΙ
413 407 545 463 Cor.
576 422 678 473 vn,
707 406 787 479 5).
808 407 888 464 Ac
910 405 957 463 si
984 413 1168 480 aperte
1186 407 1394 465 diceret
1408 407 1540 482 quia
1559 408 1789 482 spiritus
1809 424 1907 467 re-
1932 416 1984 477 Α
2010 416 2437 472 exclamaverunt
2463 415 2684 472 dicentes
2707 433 2720 472 :
2752 415 2949 489 Magna
3002 418 3181 477 Diana
3208 421 3604 505 Ephesiorum;

295 505 486 580 quiem
516 503 715 562 habuit
743 503 875 560 dum
915 520 1010 578 per
1054 505 1362 578 profectum
1401 507 1602 567 animas
1638 524 1907 581 persecu-

293 596 518 653 tionum
547 593 819 666 supplicia
844 609 972 650 caro
1001 593 1281 652 toleravit.
1301 593 1505 653 Contra
1535 595 1689 653 hunc
1718 597 1904 670 itaque

293 701 504 761 equum
524 685 594 742 ab
608 683 939 741 adversariis
956 692 1155 743 sanctae
1174 685 1435 742 Ecclesiae
1452 694 1718 759 parantur
1734 687 1904 760 gladii

294 775 368 833 de
396 774 589 831 dolore
604 789 912 846 poenarum,
934 782 1198 848 parantur
1217 791 1369 831 arma
1386 776 1454 832 de
1472 777 1791 849 patrociniis
1810 789 1906 833 sar

294 865 572 927 cularium
592 869 950 938 potestatum.
975 866 1166 924 Solent
1186 882 1424 941 namque
1445 868 1695 926 haeretici
1716 876 1906 942 poten-

296 966 420 1016 tum
452 954 649 1013 mundi
679 954 1116 1026 defensionibus,
1153 958 1313 1033 quasi
1355 958 1685 1033 quibusdam
1715 958 1903 1028 armis,

298 1064 359 1105 se
406 1055 622 1120 tegere;
668 1046 849 1102 solent
902 1062 1094 1104 omnes
1149 1047 1401 1106 inﬁdeles
1456 1049 1906 1122 praedicationem

299 1136 432 1194 ﬁdei
464 1134 718 1193 excitatis
747 1135 912 1191 etiam
941 1137 1131 1193 saeculi
1157 1136 1524 1210 potestatibus
1553 1138 1902 1211 impugnare.

300 1225 407 1284 Sed
438 1241 614 1299 equus
640 1224 742 1282 Dei
773 1225 1015 1283 exsultat
1048 1225 1326 1297 audacter,
1359 1235 1414 1284 et
1459 1228 1737 1285 exteriora
1780 1233 1908 1283 tor—

301 1320 490 1371 menta
505 1330 618 1370 non
633 1313 852 1384 metuit,
874 1315 1005 1387 quia
1018 1314 1290 1372 internam
1306 1315 1727 1374 delectationem
1748 1331 1908 1389 quaa-

302 1404 399 1475 rit,
421 1410 754 1479 potestatum
778 1402 972 1459 mundi
995 1404 1338 1461 iracundiam
1362 1422 1473 1462 non
1490 1404 1910 1478 formidat,quia

306 1494 479 1570 ipsius
505 1509 721 1568 quoque
747 1493 875 1549 vitae
906 1495 1189 1565 praesentis
1209 1494 1548 1551 desiderium
1578 1511 1676 1568 per
1704 1496 1907 1552 mentis

302 1598 589 1640 excessum
619 1581 810 1638 calcat.
840 1580 984 1639 Hinc
1009 1600 1105 1658 per
1133 1584 1484 1641 Salomonem
1515 1584 1721 1641 dicitur
1744 1601 1756 1639 :
1783 1584 1907 1641 Non

301 1670 637 1726 contristabit
644 1669 855 1739 justum
874 1670 1138 1743 quidquid
1157 1672 1204 1728 ei
1216 1673 1470 1729 acciderit
1486 1671 1904 1745 (Prov.XII,2i).

2012 511 2061 560 et
2084 505 2301 579 impleta
2327 512 2403 562 est
2418 506 2603 563 civitas
2629 506 2955 579 confusione,
2986 515 3035 564 et
3075 510 3327 582 impetum
3376 513 3613 585 fecerunt

2014 611 2120 651 uno
2144 596 2322 652 animo
2346 596 2405 652 in
2421 598 2700 663 theatrum,
2721 599 2743 633 ⁵
2760 604 2917 670 rapto
2943 598 3073 655 Caio
3092 606 3141 656 et
3157 602 3477 661 Aristarcho
3493 607 3610 663 Ma-

2012 686 2309 752 cedonibus,
2338 685 2608 741 comitibus
2651 687 2815 743 Pauli
2848 687 2991 759 (Act.
3017 706 3140 758 XIX,
3161 690 3251 760 28,
3281 692 3398 766 29).
3432 696 3613 770 Atque
3658 768 3669 779 ἱ

2014 792 2145 832 mox
2172 776 2430 833 subditur
2449 794 2460 832 :
2477 778 2651 833 Paulo
2675 783 2851 833 autem
2868 780 3068 835 volente
3096 780 3316 837 intrare
3347 782 3407 837 in
3429 800 3614 857 popu—

2017 866 2147 933 lum,
2176 882 2283 922 non
2304 868 2661 939 permiserunt
2705 868 2972 940 discipuli.
3001 870 3233 938 Quidam
3269 878 3445 929 autem
3473 882 3522 931 et
3547 878 3612 932 de

2014 955 2160 1012 Asiae
2176 956 2526 1028 principibus,
2558 957 2651 1028 qui
2686 964 2842 1014 erant
2879 960 3039 1016 amici
3079 961 3212 1030 ejus,
3261 963 3520 1020 miserunt
3542 966 3616 1023 ad

2015 1062 2150 1114 eum,
2181 1053 2424 1118 rogantes
2453 1064 2518 1103 ne
2544 1064 2597 1102 se
2624 1049 2778 1104 daret
2812 1049 2871 1104 in
2892 1051 3151 1106 theatrum
3168 1051 3355 1123 (Ibid.,
3380 1054 3471 1122 30,
3493 1056 3609 1130 31).

2014 1137 2077 1193 In
2126 1137 2326 1210 quibus
2365 1138 2611 1210 profecto
2651 1140 2835 1197 verbis
2886 1144 3234 1214 agnoscimus
3263 1162 3373 1219 quo
3402 1147 3614 1219 impetu

2016 1234 2208 1284 contra
2246 1243 2449 1284 cuneos
2497 1229 2854 1288 adversantes
2901 1231 3158 1300 irrueret,
3207 1235 3315 1291 nisi
3360 1252 3487 1293 eum
3518 1253 3614 1309 per
3674 1262 3684 1275 ι

2016 1318 2223 1375 amicos
2255 1326 2311 1375 et
2338 1317 2642 1392 discipulos
2672 1321 2959 1380 charitatis
2989 1323 3153 1381 frena
3173 1327 3501 1386 tenuissent.

2086 1407 2567 1465 58.Dech'nandum
2596 1416 2767 1466 tamen
2802 1411 3094 1484 aliquando
3128 1417 3418 1486 prudenter
3457 1418 3618 1490 peri-

2015 1496 2211 1565 culum,
2242 1497 2373 1552 sica:
2400 1497 2495 1555 illo
2513 1500 2749 1569 periculo
2776 1502 3012 1558 modicus
3043 1508 3245 1559 tantum
3270 1505 3480 1575 fructus
3507 1524 3615 1579 spe-

2014 1591 2185 1643 retur.
2207 1587 2317 1643 Hoc
2337 1587 2541 1644 Paulus
2569 1592 2805 1663 campie
2834 1591 3027 1649 docuit.
3069 1622 3140 1635 —
3167 1592 3271 1651 Sed
3300 1594 3348 1651 si
3392 1594 3617 1652 obviare

2016 1675 2289 1747 hostibus,
2321 1678 2368 1734 si
2416 1679 2562 1735 ultro
2608 1696 2846 1754 pugnam
2895 1689 3098 1756 petere,
3151 1684 3198 1741 si
3246 1685 3615 1759 nosmetipsos

306 1760 455 1817 Hinc
484 1759 539 1815 in
570 1775 635 1815 eo
665 1775 886 1815 rursum
934 1760 1200 1833 scriptum
1250 1769 1331 1819 est
1365 1781 1378 1818 :
1411 1762 1596 1819 Justus
1634 1762 1791 1833 quasi
1831 1762 1907 1817 leo
1941 1780 1988 1841 Β
2016 1781 2231 1838 semper
2252 1768 2561 1841 relinquere
2582 1769 2641 1825 in
2665 1786 2829 1827 cursu
2864 1775 3042 1829 nostri
3077 1773 3312 1832 fervoris
3326 1775 3614 1844 debemus,

300 1849 569 1921 conﬁdens
591 1847 783 1920 absque
814 1854 1018 1904 terrore
1044 1850 1147 1906 em't
1167 1851 1353 1925 (Prov.
1388 1868 1593 1919 XXVIII,
1619 1851 1694 1924 1).
1726 1852 1789 1907 In
1811 1866 1905 1907 oc-

300 1954 476 1996 cursu
501 1938 796 1995 bestiarum
814 1938 1022 1997 idcirco
1052 1941 1136 1997 leo
1169 1958 1280 1997 non
1314 1941 1572 2014 trepidat,
1612 1941 1744 2015 quia
1772 1956 1906 2013 prae-

303 2029 491 2085 valere
519 2046 575 2086 se
603 2029 864 2086 omnibus
888 2045 1000 2085 non
1022 2030 1256 2103 ignorat.
1278 2030 1434 2088 Unde
1456 2028 1599 2103 justi
1616 2030 1725 2086 viri
1754 2044 1909 2085 secu-

303 2118 440 2175 ritas
482 2126 625 2177 recte
668 2118 815 2175 leoni
859 2128 1230 2192 comparatur,
1261 2119 1391 2193 quia
1434 2126 1628 2176 contra
1672 2135 1731 2175 se
1776 2133 1905 2175 cum

305 2208 581 2282 quoslibet
610 2209 891 2282 insurgere
919 2209 1212 2283 conspicit,
1243 2209 1314 2267 ad
1344 2209 1545 2267 mentis
1574 2225 1687 2266 sua:
1718 2207 1907 2265 conﬁ-

304 2297 547 2356 dentiam
578 2298 762 2367 redit;
803 2304 994 2362 1023
1024 2307 1079 2356 et
1107 2299 1211 2356 scit
1260 2298 1390 2373 quia
1426 2306 1654 2357 cunctos
1701 2297 1909 2355 adver-

303 2407 485 2457 santes
500 2405 748 2473 superat,
765 2398 894 2471 quia
914 2396 1073 2454 illum
1090 2397 1272 2454 solum
1287 2396 1490 2470 diligit,
1509 2412 1674 2471 quem
1693 2395 1924 2455 invitus.

300 2490 462 2547 nullo
476 2490 644 2546 modo
663 2489 900 2545 amittat.
922 2488 1184 2559 Quisquis
1201 2487 1349 2542 enim
1371 2488 1670 2554 exteriora,
1703 2502 1825 2560 quae
1856 2493 1909 2542 et

301 2578 523 2637 nolenti
544 2576 971 2644 subtrahuntur,
986 2574 1195 2647 appetit
1213 2590 1310 2631 sua
1336 2588 1393 2630 se
1424 2581 1618 2646 sponte
1646 2579 1910 2631 extraneo

304 2667 505 2726 timori
534 2664 856 2722 substernit.
873 2664 1112 2721 Infracta
1129 2670 1310 2719 autem
1335 2662 1513 2719 virtus
1539 2664 1556 2697 ¹
1587 2670 1669 2719 est
1695 2678 1911 2720 concu-

306 2754 601 2830 piscentiae
630 2761 860 2811 terrenae
889 2760 1256 2825 contemptus,
1288 2752 1418 2826 quia
1444 2761 1498 2809 et
1525 2751 1586 2808 in
1614 2752 1728 2808 alto
1756 2768 1910 2809 mens

311 2845 560 2922 ponitur,
586 2860 716 2901 cum
746 2861 778 2902 a
805 2844 969 2901 rebus
996 2843 1205 2899 inﬁmis
1218 2843 1333 2916 spei
1348 2860 1460 2899 suae
1482 2841 1699 2915 judicio
1727 2843 1907 2899 suble-

310 2944 492 3004 vatur,
524 2944 690 3009 atque
742 2949 774 2991 a
817 2932 1033 2991 cunctis
1073 2933 1490 2990 adversantibus
1536 2940 1693 2990 tanto
1723 2932 1909 2989 minus

308 3026 598 3100 attingitur
622 3030 828 3099 quanto
857 3023 916 3079 in
945 3023 1198 3095 supernis
1226 3022 1333 3079 sita
1361 3022 1533 3078 tutius
1561 3022 1832 3078 munitur.

379 3117 509 3177 56.]
509 3123 655 3173 ustus
664 3115 1066 3173 adversantibus
1080 3114 1378 3187 intrepidus
1392 3112 1911 3206 occurrit—unn
1943 3145 1986 3206 ρ

312 3204 498 3281 itaque
526 3207 630 3263 iste
656 3221 770 3262 non
798 3204 977 3262 solum
1011 3204 1033 3241 ³
1062 3213 1255 3262 contra
1282 3219 1339 3261 se
1369 3203 1652 3259 venientes
1676 3202 1909 3259 minime

314 3296 527 3364 metuit,
559 3295 656 3352 sed
684 3295 764 3352 eis
782 3295 948 3351 etiam
969 3294 1029 3351 in
1058 3310 1349 3352 occursum
1370 3293 1565 3367 pergit.
1586 3292 1739 3350 Unde
1768 3293 1910 3349 bene

308 3387 402 3444 hic
427 3385 652 3443 additur
683 3403 695 3441 :
734 3385 801 3441 In
847 3400 1116 3439 occursum
1158 3384 1335 3456 pergit
1369 3384 1616 3439 armatis.
1649 3382 1910 3438 Plerum-

306 3492 414 3551 que
462 3475 614 3532 enim
663 3473 835 3548 quieti
876 3482 1038 3548 atque
1082 3472 1396 3531 inconcussi
1443 3471 1830 3545 relinquimur,
1859 3470 1908 3528 si

306 3565 537 3623 obviare
566 3565 751 3638 pravis
782 3566 804 3600 ³
836 3581 933 3637 pro
955 3561 1176 3636 justitia
1203 3579 1316 3620 non
1342 3578 1617 3619 curamus.
1637 3561 1743 3619 Sed
1758 3560 1807 3618 si
1836 3559 1906 3617 ad

305 3665 525 3713 aeternae
552 3655 679 3713 vita)
707 3653 1040 3712 desiderium
1073 3653 1293 3710 animus
1321 3651 1547 3719 exarsit,
1579 3650 1628 3707 si
1651 3649 1765 3722 jam
1798 3666 1904 3707 ve-

306 3763 433 3804 rum
478 3746 661 3803 lumen
705 3744 1041 3802 intrinsecus
1087 3741 1330 3814 respicit,
1362 3740 1410 3797 si
1456 3740 1513 3795 in
1543 3755 1601 3796 se
1628 3739 1906 3796 ﬂammam

305 3836 485 3895 sancti
505 3834 736 3894 fervoris
763 3832 1034 3902 accendit,
1068 3833 1126 3888 in
1155 3838 1423 3906 quantum
1455 3830 1608 3886 locus
1635 3827 1903 3896 admittit,

305 3927 367 3985 in
397 3933 664 4002 quantum
694 3940 856 3982 causa
903 3921 1096 3995 exigit,
1139 3920 1399 3978 debemus
1445 3936 1545 3993 pro
1587 3918 1907 3976 defensione

301 4018 535 4092 justitia:
562 4015 928 4087 nosmetipsos
946 4013 1204 4087 objicere,
1234 4019 1289 4069 et
1310 4011 1583 4085 perversis
1601 4011 1671 4069 ad
1701 4009 1908 4083 injusta

306 4104 746 4180 erumpentibus,
781 4104 945 4162 etiam
972 4120 1100 4161 cum
1131 4101 1200 4159 ab
1228 4101 1309 4159 eis
1336 4117 1449 4159 non
1468 4101 1791 4174 quaerimur,
1813 4098 1905 4156 ob-

308 4202 480 4259 viare.
511 4200 647 4257 Nam
699 4212 824 4254 cum
873 4194 1171 4268 justitiam,
1204 4209 1369 4267 quam
1417 4209 1517 4250 nos
1547 4209 1813 4261 amamus,
1846 4195 1907 4251 in

307 4290 433 4348 aliis
446 4290 674 4356 feriunt,
692 4303 793 4343 nos
812 4283 1180 4341 nihilominus
1195 4298 1293 4340 sua
1310 4285 1331 4318 ⁴
1352 4282 1702 4354 percussione
1717 4283 1907 4340 confo-

307 4379 493 4447 diunt,
525 4378 690 4437 etiam
719 4376 765 4433 si
806 4372 1057 4433 venerari
1102 4371 1416 4428 videantur.
1451 4370 1593 4439 Quia
1640 4387 1772 4445 ergo
1817 4372 1909 4428 vir

308 4478 534 4529 sanctus
578 4467 764 4543 pravis
809 4483 873 4525 ac
922 4465 1063 4522 male
1109 4462 1396 4536 agentibus
1443 4479 1559 4521 sese
1586 4463 1751 4521 etiam
1780 4480 1906 4520 cum
1943 4502 1993 4562 Β

308 4579 421 4620 non
451 4561 718 4638 qumritur
744 4558 994 4634 opponit,
1025 4562 1168 4614 recte
1214 4554 1282 4611 de
1326 4569 1466 4627 equo
1506 4555 1607 4612 Dei
1653 4554 1858 4612 dicitur
1891 4572 1903 4611 :

308 4654 378 4711 In
401 4668 677 4709 occursum
698 4649 874 4723 pergit
899 4646 1148 4704 armatis.

380 4742 472 4799 57.
507 4742 563 4799 S.
592 4740 757 4799 Pauli
783 4739 1176 4811 exemptum—
1192 4733 1403 4793 Intueri
1434 4733 1571 4792 libet
1599 4734 1758 4790 illum
1789 4750 1913 4792 ses-

309 4830 452 4888 soris
497 4829 584 4888 sui
628 4826 933 4887 calcaribus
974 4825 1279 4883 excitatum
1309 4833 1505 4883 contra
1531 4830 1770 4881 armatos
1798 4822 1911 4881 ho-

309 4925 441 4989 stes,
464 4926 701 4994 quantus
720 4917 950 4975 Paulum
972 4915 1157 4973 fervor
1175 4915 1519 4983 accenderat,
1546 4912 1766 4989 quando
1782 4930 1909 4971 eum

310 5010 517 5083 Ephesi
547 5009 616 5067 ad
652 5007 1035 5083 irrumpendas
1064 5006 1263 5064 theatri
1316 5007 1506 5065 turbas
1545 5005 1649 5064 zeli
1689 5006 1910 5063 ﬂamma

310 5100 576 5174 rapiebat.
608 5100 885 5174 Scriptum
915 5099 1116 5174 quippe
1144 5106 1226 5155 est
1262 5114 1273 5153 :
1307 5096 1511 5170 Repleti
1553 5102 1677 5152 sunt
1720 5097 1832 5162 ira,
1862 5101 1911 5151 et

389 5280 404 5314 ¹
438 5278 707 5337 Gussanv.
730 5284 785 5334 et
812 5278 954 5350 plur.
977 5276 1081 5334 Ed.
1102 5293 1228 5334 cum
1256 5277 1357 5333 Ms.
1382 5276 1590 5344 Germ.,
1622 5282 1697 5350 est
1723 5294 1907 5350 concu-

358 5349 564 5406 iscentia
594 5350 711 5405 vita:
738 5347 962 5406 wtérn’w.
997 5355 1216 5404 terrenae
1257 5353 1592 5418 contemptus.
1646 5347 1769 5403 Vet.
1801 5347 1904 5404 Ed.

454 5368 564 5405 nua
594 5368 711 5405 vita:
738 5368 962 5406 (Bternw.
997 5368 1216 5404 terrena:
1257 5368 1592 5418 contemptus.
1657 5368 1769 5403 νει.
1801 5368 1904 5404 nu.

314 5368 486 5478 ἓξὲξ.
519 5429 573 5478 et
611 5422 777 5477 Basil'
813 5420 1167 5478 consentiunt
1213 5419 1339 5475 Mss.
1394 5418 1638 5487 Anglic,
1690 5418 1906 5487 Norm.,

313 5493 577 5574 Vindoc.,
622 5492 783 5550 Corb.
834 5494 1044 5559 Germ.,
1096 5490 1325 5558 Turon.,
1357 5490 1552 5559 Laud.,

411 5580 619 5620 IIIIDIII‘.

416 5634 674 5704 Vindoc.,
704 5632 1382 5706 Ebroic.aliique‘l_‘iorm.,
1414 5639 1599 5706 contra
1616 5634 1899 5706 saevientes.

386 5708 408 5743 ⁸
437 5707 682 5831 νηιξιαῑί,
699 5724 809 5831 ﬁer
829 5704 1116 5788 justitiam.
1146 5704 1398 5761 Nostram
1420 5704 1545 5762 lect.
1567 5704 1904 5831 deprompsi-

386 5795 437 5831 ιδ
455 5794 528 5831 ex
601 5795 674 5831 ss.
744 5794 954 5831 omnm.
976 5775 1174 5831 Laud..
1198 5774 1428 5831 Turon..
1452 5776 1574 5831 Val.
1595 5776 1636 5831 C
1667 5819 1703 5831 ..
1727 5776 1895 5831 duob.

314 5794 437 5836 mus
455 5794 528 5834 ex
546 5774 674 5836 Mss.
699 5774 954 5852 Longip.,
976 5775 1174 5845 Laud.,
1198 5774 1428 5844 Turon.,
1452 5776 1574 5832 Val.
1595 5774 1703 5847 CL,
1727 5774 1895 5833 duch.

1600 5496 1729 5557 etc.,
1766 5506 1902 5562 quos

2016 1854 2150 1928 quid
2178 1862 2261 1911 est
2288 1856 2435 1929 quod
2466 1857 2610 1914 idem
2642 1860 2967 1930 praedicator
2993 1866 3244 1935 egregius
3292 1864 3360 1921 de
3405 1874 3619 1924 semet—

2017 1942 2136 2015 ipso
2157 1944 2376 2013 fatetur,
2399 1945 2619 2004 dicens:
2644 1949 2896 2005 Damasci
2908 1953 3143 2023 prwposi
3148 1959 3230 2007 tus
3247 1955 3414 2024 gentis
3441 1954 3619 2012 Aretce

2013 2034 2154 2105 regis
2181 2035 2499 2092 custodiebat
2525 2037 2786 2093 civitatem
2799 2039 3274 2111 Damascenorum,
3292 2049 3352 2098 ut
3378 2060 3457 2100 me
3470 2060 3620 2101 com-

2016 2125 2375 2198 prehenderet,
2402 2134 2450 2183 et
2474 2146 2575 2201 per
2600 2127 2888 2200 fenestram
2916 2133 2975 2187 in
3002 2140 3190 2204 sporta
3217 2134 3477 2191 demissus
3502 2153 3619 2192 sum

2010 2233 2113 2289 per
2137 2232 2371 2286 murum,
2402 2224 2451 2273 et
2475 2219 2551 2273 sic
2577 2220 2734 2291 effugi
2762 2237 2950 2276 mnus
2980 2221 3094 2292 ejus
3126 2223 3215 2294 (II
3253 2224 3379 2281 Cor.
3413 2240 3495 2294 XI,
3526 2224 3617 2292 32,

2017 2305 2143 2379 33)?
2163 2306 2308 2374 Quid
2338 2314 2421 2364 est
2443 2308 2589 2381 quod
2619 2324 2792 2382 equus
2822 2311 2925 2367 iste
2952 2310 3118 2368 modo
3145 2320 3339 2384 sponte
3368 2320 3618 2370 armato-

2017 2410 2141 2451 rum
2170 2412 2374 2453 cuneos
2402 2396 2637 2470 impetit,
2656 2407 2711 2455 et
2737 2399 2902 2456 modo
2930 2416 2988 2456 se
3015 2399 3086 2455 ab
3115 2402 3343 2459 armatis
3367 2402 3620 2462 hostibus

2018 2485 2174 2559 quasi
2202 2485 2451 2559 trepidus
2479 2487 2790 2557 abscondit,
2813 2490 2922 2546 nisi
2953 2490 3078 2560 hoc,
3110 2491 3259 2565 quod
3289 2506 3511 2551 necesse
3538 2501 3620 2550 est

2017 2583 2080 2632 ut
2098 2575 2158 2632 in
2186 2574 2304 2648 ejus
2323 2575 2619 2633 artiﬁciosa
2645 2576 2852 2635 virtute
2872 2578 3150 2637 discamus
3167 2580 3612 2640 adversariorum

2017 2679 2258 2737 pugnam
2289 2672 2343 2720 et
2371 2673 2688 2722 constanter
2736 2666 3035 2740 aliquando
3079 2676 3354 2741 appetere,
3386 2678 3441 2727 et
3477 2686 3620 2743 pru-

2018 2753 2212 2811 denter
2239 2752 2540 2828 aliquando
2585 2754 2908 2814 declinare?
2949 2756 3089 2832 [Vet.
3112 2759 3248 2816 XXI
3256 2756 3341 2832 V.]
3389 2759 3619 2818 Necesse

2018 2843 2221 2917 quippe
2249 2853 2330 2902 est
2360 2852 2421 2901 ut
2450 2860 2547 2917 per
2573 2861 2736 2903 omne
2764 2846 2912 2920 quod
2937 2848 3153 2919 agimus
3176 2848 3236 2904 in
3270 2849 3471 2906 mentis
3506 2858 3617 2906 tru-

2017 2934 2135 2990 tina
2161 2933 2403 3005 positum
2428 2933 2561 2991 hinc
2577 2934 2812 3005 pondus,
2836 2935 2993 2992 illinc
3008 2936 3251 2994 fructum
3273 2938 3449 2995 nostri
3471 2938 3620 2995 labo-

2017 3022 2095 3078 ris
2122 3023 2457 3092 aestinemus,
2491 3030 2545 3080 et
2581 3040 2707 3080 cum
2737 3023 2952 3097 pondus
2980 3026 3245 3093 fructum;
3278 3036 3517 3100 superat,
3542 3028 3616 3084 la-

2016 3110 2205 3168 borem
2223 3112 2454 3186 quisque
2481 3113 2708 3171 innoxie
2728 3115 2986 3185 declinet,
3009 3116 3318 3175 dummodo
3338 3134 3395 3175 se
3415 3119 3473 3175 in
3493 3119 3619 3176 aliis

2018 3212 2288 3273 exerceat,
2327 3203 2386 3261 in
2415 3203 2617 3278 quibus
2646 3206 2800 3264 lucro
2828 3206 3111 3264 fructuum
3158 3207 3379 3281 pondus
3413 3209 3619 3267 laboris

2017 3291 2224 3351 vincat.
2258 3293 2395 3352 Cum
2443 3310 2577 3351 vero
2625 3295 2728 3353 sub
2780 3301 2972 3360 1024
3015 3298 3263 3373 sequenti
3314 3301 3618 3373 quantitate

2016 3390 2296 3450 fructuum
2327 3410 2585 3452 mensura
2604 3395 2807 3453 laboris
2835 3402 2930 3453 aut
2949 3404 3214 3471 aequatur,
3237 3404 3331 3454 aut
3350 3397 3616 3467 vincitur,

2019 3482 2041 3517 ⁶
2070 3481 2223 3539 labor
2250 3500 2365 3539 non
2384 3484 2502 3541 sine
2529 3484 2681 3557 gravi
2696 3486 2860 3558 culpa
2878 3485 3209 3543 declinatur.
3231 3487 3387 3544 Unde
3405 3488 3620 3561 praedi-

2017 3578 2171 3629 cator
2197 3581 2440 3643 sanctus,
2461 3590 2589 3631 cum
2614 3575 2867 3631 Damasci
2895 3575 3057 3632 valde
3070 3577 3378 3634 obstinatas
3407 3584 3618 3634 mentes

2014 3661 2461 3734 persequentium
2508 3671 2773 3730 cerneret,
2827 3677 3019 3719 eorum
3064 3665 3245 3722 noluit
3295 3666 3617 3723 adversitati

2017 3749 2333 3823 conﬂigam,
2367 3751 2497 3824 quia
2541 3758 2597 3806 et
2636 3751 3016 3823 semetipsum,
3050 3769 3213 3825 quem
3262 3754 3615 3826 profuturum

2015 3837 2208 3896 multis
2234 3845 2483 3908 noverat,
2502 3839 2645 3896 vidit
2675 3856 2833 3912 posse
2862 3839 3112 3909 deficere,
3144 3849 3198 3897 et
3237 3849 3333 3897 aut
3361 3842 3532 3898 nullis
3560 3859 3616 3900 se

2015 3926 2096 3985 ibi
2124 3936 2220 3985 aut
2247 3928 2437 4000 paucis
2466 3927 2741 4001 prodesse.
2773 3928 3054 3985 Secessum
3085 3944 3212 4002 ergo
3240 3947 3273 3986 a
3318 3930 3618 3987 certamine

2018 4017 2195 4090 petiit,
2227 4025 2281 4075 et
2316 4024 2686 4091 pugnaturum
2702 4017 2921 4075 felicius
2950 4018 3019 4076 ad
3049 4019 3159 4077 alia
3186 4034 3244 4077 se
3272 4018 3422 4077 bella
3435 4037 3619 4078 serva-

2017 4106 2118 4163 vit.
2150 4107 2272 4163 Non
2300 4107 2449 4163 enim
2467 4108 2585 4165 loco
2615 4108 2811 4177 virtus,
2834 4108 2930 4165 sed
2946 4108 3099 4165 locus
3112 4109 3311 4165 virtuti
3333 4108 3543 4179 defuit;
3565 4118 3619 4168 et

2018 4198 2226 4256 idcirco
2255 4198 2590 4256 fortissimus
2618 4198 2778 4255 miles
2807 4198 2877 4255 ad
2904 4198 3213 4257 obsidionis
3232 4199 3488 4274 angustia
3504 4217 3619 4259 cer-

2018 4288 2245 4346 taminis
2275 4288 2530 4346 cambum
2583 4289 2857 4363 quaesivit.
2890 4289 2996 4348 Ubi
3042 4298 3227 4348 autem
3272 4290 3622 4366 subjuganda

2018 4376 2132 4449 regi
2161 4378 2384 4450 proprio
2413 4379 2589 4436 multa
2615 4378 3057 4437 adversariorum
3106 4381 3251 4438 colla
3305 4381 3616 4455 conspexit,

2017 4466 2204 4522 subire
2237 4466 2446 4522 bellum
2475 4467 2562 4522 vel
2589 4483 2717 4524 cum
2748 4475 2923 4525 morte
2945 4484 3057 4527 non
3077 4468 3301 4538 timuit;
3332 4470 3478 4529 sicut
3500 4469 3621 4543 ipse

2015 4571 2144 4614 cum
2170 4555 2571 4630 Jerosolymam
2600 4564 2870 4630 pergeret,
2903 4573 3139 4633 eumque
3168 4558 3452 4633 discipuli,
3486 4576 3621 4633 pas-

2020 4644 2173 4702 sione
2215 4644 2367 4703 illius
2412 4662 2509 4720 per
2554 4645 2902 4719 prophetiam
2930 4648 3202 4720 praescita,
3235 4648 3615 4722 prohiberent,

2019 4733 2349 4809 sibimetipsi
2366 4742 2674 4805 attestatur,
2698 4735 2889 4794 dicens
2906 4753 2918 4792 :
2937 4738 3052 4810 Ego
3067 4754 3174 4793 non
3187 4738 3358 4794 solum
3374 4736 3618 4807 alligari,

2018 4827 2106 4884 sed
2129 4833 2178 4883 et
2212 4827 2353 4884 mori
2378 4827 2437 4884 in
2464 4828 2760 4885 Jerusalem
2785 4834 3014 4902 paratus
3028 4845 3146 4884 sum
3158 4845 3263 4899 pro
3286 4826 3496 4883 nomine
3512 4826 3618 4881 Do-

2018 4917 2151 4973 mini
2177 4917 2303 4975 Jesu
2324 4918 2467 4989 (Act.
2499 4933 2621 4987 XXI,
2654 4916 2766 4991 13).
2798 4918 2976 4989 Neque
3012 4916 3151 4972 enim
3196 4914 3339 4986 facio
3380 4913 3618 4969 animam

2014 5023 2183 5063 meam
2208 5006 2576 5078 pretiosiorem
2595 5023 2757 5078 quam
2782 5023 2863 5063 me
2895 5004 3085 5079 (Ibid.,
3116 5021 3216 5073 XX,
3248 5002 3365 5075 24).
3388 5001 3496 5070 Qui
3518 5002 3619 5076 igi-

2014 5102 2107 5151 tur
2135 5093 2229 5152 hic
2256 5093 2484 5152 hostiles
2511 5109 2716 5152 cuneos
2743 5093 2908 5152 etiam
2939 5091 3193 5166 praescita
3237 5091 3492 5165 passione
3520 5106 3618 5150 sua

2018 5273 2202 5330 Germ.
2235 5283 2288 5330 et
2317 5274 2452 5345 pler.
2484 5273 2674 5330 Norm.

2091 5348 2111 5380 ⁸
2142 5342 2370 5418 Excnsi,
2400 5345 2767 5418 persecutione.
2798 5343 3172 5418 Potiorlectio
3199 5344 3326 5403 Mss.
3350 5342 3614 5418 Vindoc.,

2016 5418 2243 5483 Turon.,
2276 5415 2433 5474 duor.
2467 5416 2675 5484 Germ.,
2708 5416 2918 5484 Norm.,
2948 5415 3071 5473 Val.
3102 5415 3209 5486 CL,
3243 5432 3407 5491 quam
3436 5417 3615 5490 sequi-

2018 5505 2368 5643 Ιιιιξΐνξεξτορη
2398 5558 2723 5643 duoIGerI'n.
2755 5565 2811 5643 et
2831 5558 2956 5616 Val.
2993 5557 3101 5641 αξη
3132 5566 3291 5643 rapto
3310 5560 3485 5643 ‘tho.

2086 5635 2107 5668 θ
2156 5628 2416 5705 Vin_dpc.,
2461 5630 2615 5705 labor
2656 5630 2711 5705 in
2754 5630 2856 5705 ﬁne
2897 5631 3052 5705 gravi
3092 5628 3250 5705 culpa
3290 5631 3612 5690 declinatur.

2013 5702 2399 5770 Turon.,labor
2423 5703 2534 5759 sine
2558 5702 2712 5775 gravi
2738 5703 2895 5777 culpa
2923 5702 3235 5762 declinatur.

3497 296 3697 373 eos,
