4156 6178
444 238 638 337 .607

1757 234 2007 292 SANCTI
2045 234 2383 293 GREGORII
2419 237 2645 295 MAGNI

3742 251 3849 308 608

536 360 939 434 imperterritus
967 358 1147 433 petiit,
1167 358 1285 416 illic
1302 358 1370 417 de
1386 359 1793 432 dispensatione
1814 360 1982 418 fuisse
2001 361 2125 418 edo-
2159 362 2215 421 Α
2240 369 2413 432 parat.
2433 363 2538 421 Sed
2566 365 2697 438 quia
2726 374 2839 422 tam
2872 331 3320 427 robustissimum
3342 377 3536 444 pectus
3565 376 3851 447 quomodo

534 449 672 519 cuit,
702 465 815 507 non
843 449 911 506 de
948 448 1146 506 timore
1174 448 1323 522 quod
1350 450 1512 522 fugit.

605 539 696 597 59.
732 540 1038 607 Cavendum
1064 557 1129 594 ne
1158 539 1343 595 timore
1357 540 1538 612 potius
1550 555 1709 610 quam
1738 546 1894 596 cauta
1919 541 2131 611 dispen-

537 629 736 685 satione
762 629 1053 701 fugiamus.
1084 659 1155 670 —
1191 630 1309 697 Qua
1344 629 1404 686 in
1443 646 1500 686 re
1529 629 1869 702 pensandum
1896 640 1977 687 est
2005 629 2135 703 quia

476 725 494 741 ‘
539 718 633 775 ille
679 720 892 794 labores
936 719 1206 794 quosdam
1256 736 1353 792 per
1393 719 1818 792 dispensationis
1857 720 2133 793 judicium

539 809 890 865 laudabiliter
913 809 1178 877 declinat,
1208 809 1303 881 qui
1327 826 1428 882 pro
1465 811 1580 866 Deo
1610 809 1842 882 majores
1860 810 1998 866 alios
2028 810 2134 865 for-

540 899 669 956 liter
696 902 910 957 tolerat.
944 902 1083 957 Nam
1112 916 1254 971 saepe
1278 900 1346 956 ab
1375 900 1700 957 hominibus
1730 901 1898 957 timor
1938 900 2135 957 debilis

539 997 698 1046 cauta
727 990 1064 1063 dispensatio
1095 996 1355 1045 vocatur:
1388 991 1625 1063 et'quasi
1648 989 1945 1062 prudenter
1967 989 2136 1061 impe-

541 1087 660 1135 tum
691 1079 996 1136 declinasse
1010 1096 1067 1136 se
1096 1088 1368 1148 asserunt,
1385 1096 1511 1137 cum
1536 1080 1805 1153 fugientes
1819 1081 2053 1152 turpiter
2079 1079 2136 1134 in

542 1178 691 1243 terga
718 1172 1012 1227 feriuntur.
1049 1170 1205 1227 Unde
1232 1187 1452 1230 necesse
1503 1180 1585 1229 est
1631 1180 1693 1228 ut
1738 1172 1796 1227 in
1827 1188 1991 1228 causa
2015 1170 2134 1238 Dei,

541 1279 666 1317 cum
697 1278 783 1318 res
813 1261 1240 1333 dispensationis
1270 1263 1470 1334 agitur,
1492 1271 1671 1320 metus
1686 1262 1868 1319 cordis
1896 1261 2137 1318 subtilis-

541 1351 682 1407 sima
708 1350 1005 1408 libratione
1034 1358 1314 1424 pensetur,
1342 1368 1411 1408 ne
1437 1368 1533 1424 per
1560 1351 1940 1408 infirmitatem
1974 1349 2140 1406 timor

543 1439 820 1512 subrepat,
844 1448 898 1495 et
927 1457 1044 1497 sese
1074 1457 1168 1512 per
1188 1440 1613 1513 dispensationis
1644 1441 1938 1513 imaginem
1961 1439 2141 1494 ratio-

543 1543 669 1583 nem
718 1529 1015 1600 conﬁngat,
1047 1546 1115 1585 ne
1161 1531 1325 1601 culpa
1352 1545 1409 1586 se
1455 1529 1807 1601 prudentiam
1851 1528 2136 1593 nominet;

539 1614 763 1689 jamque
792 1633 893 1674 nec
921 1618 990 1673 ad
1020 1616 1402 1691 paenitentiam
1431 1618 1648 1672 animus
1674 1616 1880 1683 redeat,
1914 1614 2137 1688 quando

2239 469 2296 510 se
2310 451 2510 524 jaculis
2538 465 2778 529 opponat
2797 457 3135 528 audivimus,
3156 476 3313 518 nunc
3333 461 3469 536 quid
3492 462 3562 520 ab
3591 465 3851 524 adversa-

2240 543 2340 599 riis
2367 551 2558 616 agatur
2584 547 2892 604 audiamus.
2926 549 3188 622 Sequitur
3223 568 3235 606 :

2816 636 3045 695 CAPUT
3084 640 3267 696 XXX.

2315 734 2485 791 Vsus.
2515 734 2602 791 23.
2627 765 2697 776 —
2724 736 2896 808 Super
2920 738 3094 809 ipsum
3121 738 3329 794 sonabit
3350 740 3632 811 pharetra.

2314 821 2402 879 62.
2445 824 2575 880 Victi
2601 825 2768 880 hostes
2796 826 2868 881 ad
2893 826 3059 895 dolos,
3092 828 3180 882 sed
3206 828 3469 884 incassum
3517 830 3853 903 confugiunt.

2244 942 2315 952 —
2342 913 2403 968 In
2447 914 2728 987 Scriptura
2769 932 2922 974 sacra
2967 917 3237 989 pharetrae
3280 920 3508 976 nomine
3552 920 3853 994 aliquando

2240 1002 2451 1075 justum
2483 1007 2580 1063 Dei
2597 1008 2986 1082 occultumque
3007 1010 3023 1042 ¹
3045 1009 3368 1078 consilium,
3391 1011 3694 1084 aliquando
3721 1028 3855 1066 vero

2246 1094 2586 1150 clandestina
2627 1112 2921 1167 pravorum
2967 1096 3311 1153 machinatio
3358 1098 3700 1171 designatur.
3752 1100 3854 1156 Per

2248 1183 2558 1255 pharetram
2584 1184 2798 1257 justum
2847 1185 2948 1242 Dei
2999 1187 3389 1261 occultumque
3418 1191 3717 1248 consilium
3747 1208 3856 1247 ex-

2249 1273 2528 1343 primitur,
2553 1274 2699 1329 sicut
2728 1274 2874 1331 idem
2907 1274 3099 1332 beatus
3126 1275 3229 1333 Job
3258 1278 3535 1350 superiore
3577 1288 3732 1351 parte
3761 1288 3858 1336 te-

2249 1370 2444 1429 statur,
2463 1361 2652 1418 dicens
2677 1382 2688 1419 :
2714 1365 3034 1420 Pharetram
3052 1366 3190 1421 enim
3209 1384 3360 1422 suam
3390 1370 3618 1440 aperuit,
3635 1376 3684 1424 et
3702 1371 3859 1443 afﬂi-

2249 1452 2333 1506 xit
2359 1469 2439 1507 me
2458 1451 2576 1522 (Job
2606 1468 2747 1519 xxx,
2783 1454 2896 1527 II).
2928 1455 2989 1510 Id
3016 1463 3118 1524 est,
3149 1456 3429 1512 occultum
3462 1473 3623 1513 suum
3656 1458 3858 1513 consi-

2252 1539 2387 1594 lium
2419 1540 2647 1610 detexit,
2681 1549 2734 1597 et
2761 1543 2984 1614 publica
3012 1561 3098 1601 me
3127 1546 3487 1617 percussione
3511 1548 3853 1604 vulneravit.

2250 1628 2405 1684 Sicut
2451 1630 2601 1684 enim
2642 1630 2701 1686 in
2757 1630 3017 1704 pharetra
3045 1635 3278 1706 sagittae,
3310 1636 3391 1692 sic
3418 1636 3476 1691 in
3508 1637 3727 1693 occulto
3756 1636 3856 1692 Dei

546 1704 651 1760 hoc
679 1705 827 1777 quod
856 1706 1047 1779 inique
1093 1713 1370 1779 perpetrat
1415 1704 1689 1760 virtutem
1745 1714 1924 1760 vocat.
1958 1705 2143 1761 Restat

2260 1718 2487 1775 consilio
2509 1719 2682 1775 latent
2698 1722 2984 1777 sententiae
3004 1741 3017 1789 ;
3051 1732 3104 1779 et
3116 1704 3275 1798 quasi
3293 1742 3362 1781 ex
3382 1726 3639 1799 pharetra
3657 1727 3859 1797 sagitta

548 1792 715 1865 igitur
743 1802 805 1850 ut
833 1793 890 1848 in
922 1793 1107 1851 dubiis
1136 1794 1366 1866 quisque
1394 1792 1785 1864 deprehensus,
1809 1809 1936 1848 cum
1957 1793 2143 1865 quaeli-

546 1878 638 1934 bet
664 1879 770 1934 sibi
799 1879 1101 1935 adversitas
1127 1879 1402 1948 imminet,
1441 1880 1595 1951 prius
1616 1878 1763 1934 intra
1791 1878 2144 1951 semetipsum

547 1974 738 2023 contra
766 1967 1119 2024 formidinem
1149 1975 1204 2024 et
1231 1968 1727 2042 praecipitationem
1756 1976 1983 2041 pugnet,
2017 1983 2146 2040 qua-

547 2062 709 2113 tenus
737 2074 837 2114 nec
863 2057 1219 2115 formidolose
1247 2073 1304 2113 se
1331 2058 1640 2127 subtrahat,
1657 2075 1762 2115 nec
1785 2058 2146 2131 praecipitan-

550 2153 631 2201 ter
662 2154 920 2217 opponat.
952 2147 1126 2204 Valde
1152 2148 1299 2204 enim
1331 2164 1570 2222 praeceps
1599 2154 1684 2203 est
1714 2146 1810 2219 qui
1839 2162 2054 2219 semper
2090 2162 2147 2202 se

548 2234 792 2293 adversis
820 2235 1033 2309 objicit,
1066 2244 1120 2294 et
1148 2236 1308 2295 valde
1347 2237 1583 2310 pavidus
1629 2236 1725 2310 qui
1771 2251 1985 2308 semper
2030 2235 2147 2292 abs-

549 2325 759 2383 condit.

620 2443 708 2500 60.
737 2442 951 2500 Peritus
978 2444 1091 2501 dua:
1120 2444 1256 2501 hosti
1283 2446 1571 2502 exercitum
1596 2462 1688 2501 nec
1716 2460 1918 2516 semper
1954 2443 2150 2500 admo-

551 2536 652 2597 vet,
681 2548 772 2587 nec
788 2548 988 2603 semper
1014 2533 1272 2590 subducit.
1297 2565 1369 2576 —
1400 2534 1506 2591 Sed
1525 2533 1643 2590 haec
1672 2534 1870 2589 melius
1902 2531 1960 2588 in
1986 2532 2150 2588 bellis

553 2619 893 2690 spiritalibus
920 2620 1207 2690 discimus,
1234 2622 1281 2678 si
1308 2623 1542 2678 formam
1563 2621 1814 2677 exercitii
1831 2638 1863 2676 a
1881 2636 2151 2692 corpora-

555 2709 700 2771 libus
725 2710 887 2767 bellis
915 2711 1217 2768 trahamus.
1241 2713 1362 2767 Non
1395 2712 1543 2767 enim
1558 2711 1653 2767 ille
1676 2711 1794 2767 dux
1814 2711 2029 2783 sapiens
2045 2719 2146 2779 est,

557 2800 652 2873 qui
684 2816 901 2873 semper
931 2809 1124 2858 contra
1152 2801 1382 2858 hostiles
1424 2817 1627 2858 cuneos
1666 2801 1971 2857 exercitum
2017 2818 2149 2873 prae-

552 2905 678 2963 ceps
692 2890 950 2948 admovet
972 2909 986 2960 ;
1012 2908 1187 2966 neque
1209 2891 1304 2947 ille
1319 2892 1436 2947 dux
1449 2891 1631 2960 fortis,
1653 2891 1746 2965 qui
1765 2907 1980 2963 semper
1999 2889 2150 2946 hunc

552 2982 621 3039 ab
650 2981 825 3040 hostis
853 2983 993 3040 facie
1019 2984 1264 3041 cavendo
1291 2983 1573 3039 subducit.
1598 2982 1749 3040 Scire
1766 2997 2002 3056 namque
2034 2981 2149 3037 dux

2252 1807 2526 1876 educitur,
2558 1810 2778 1882 quando
2806 1827 2876 1867 ex
2905 1813 3121 1869 occulto
3149 1816 3384 1871 consilio
3413 1822 3656 1888 apertam
3710 1817 3858 1872 Deus

2254 1897 2581 1953 sententiam
2605 1897 2905 1970 jaculatur.
2943 1901 3218 1958 Pharetra:
3249 1921 3466 1977 quoque
3487 1907 3716 1961 nomine
3739 1921 3858 1978 pra-

2256 2003 2451 2043 vorum
2481 1987 2819 2044 machinatio
2849 1989 3184 2061 designatur,
3230 1992 3374 2049 sicut
3401 2010 3497 2065 per
3524 1995 3863 2066 prophetam

2256 2076 2461 2134 dicitur
2499 2094 2510 2131 :
2544 2078 2882 2134 Paraverunt
2908 2082 3127 2152 sagittas
3159 2098 3284 2137 suas
3303 2082 3359 2136 in
3382 2084 3661 2153 pharetra,
3686 2089 3749 2139 ut
3769 2099 3863 2138 sa-

2255 2167 2437 2239 gittent
2480 2168 2533 2223 in
2571 2167 2789 2223 obscuro
2828 2176 2991 2224 rectos
3038 2170 3194 2226 corde
3246 2171 3419 2242 (Psal.
3467 2188 3527 2240 x,
3576 2170 3656 2242 3).
3712 2170 3861 2246 [Vet.

2257 2255 2361 2311 XX
2368 2256 2452 2332 V.]
2475 2257 2656 2330 Iniqui
2677 2259 2825 2314 enim
2855 2275 2981 2315 cum
3011 2258 3172 2316 dolos
3191 2277 3327 2334 quos
3346 2260 3508 2317 bonis
3537 2260 3864 2333 excogitant

2257 2346 2477 2403 secretis
2498 2346 3005 2405 machinationibus
3023 2350 3323 2418 occultant,
3346 2350 3502 2422 quasi
3522 2349 3581 2405 in
3603 2350 3863 2423 pharetra

2258 2445 2484 2517 sagittas
2520 2454 2734 2517 parant,
2758 2454 2815 2502 et
2865 2445 2925 2500 in
2972 2446 3075 2504 hac
3124 2448 3413 2520 praesentis
3441 2448 3571 2506 vitae
3601 2449 3860 2521 caligine,

2260 2534 2413 2589 velut
2428 2534 2487 2589 in
2508 2534 2765 2605 obscuro,
2788 2543 2966 2593 rectos
2981 2538 3145 2594 corde
3177 2538 3403 2606 feriunt,
3427 2538 3557 2612 quia
3586 2537 3862 2594 malitiosa

2259 2637 2449 2678 eorum
2465 2622 2650 2694 jacula
2671 2633 2725 2681 et
2752 2626 2947 2682 sentiri
2977 2644 3073 2699 per
3102 2629 3306 2686 vulnus
3332 2636 3582 2701 possunt,
3607 2636 3661 2683 et
3676 2636 3860 2684 tamen

2260 2712 2539 2767 venientia
2567 2712 2903 2784 deprehendi
2934 2732 3048 2771 non
3063 2724 3316 2786 possunt.
3344 2718 3519 2787 Igitur
3535 2717 3664 2789 quia
3684 2730 3863 2789 equus

2258 2800 2358 2856 Dei
2386 2802 2540 2857 nulla
2567 2801 2895 2858 adversitate
2921 2811 3179 2871 terretur,
3209 2804 3366 2875 eique
3396 2819 3506 2876 quo
3536 2805 3713 2875 magis
3767 2804 3862 2860 ob-

2260 2890 2464 2956 viatur,
2493 2906 2558 2945 eo
2586 2891 2643 2946 vi
2670 2891 2997 2947 intentionis
3026 2909 3137 2947 suae
3180 2907 3342 2963 super
3387 2900 3625 2948 armatos
3669 2892 3865 2947 hostes

2259 2977 2583 3048 ferventior,
2614 2979 2854 3048 ducitur,
2886 2989 3258 3051 persecutores
3277 2978 3416 3052 ejus,
3448 2980 3542 3052 qui
3590 2996 3645 3035 se
3683 2979 3863 3035 etiam

552 3072 713 3129 debet
740 3074 904 3130 modo
927 3072 996 3129 ab
1024 3073 1213 3131 hostili
1244 3073 1455 3145 impetu
1473 3073 1777 3129 exercitum
1806 3079 1963 3128 caute
2010 3071 2150 3126 sub-
2185 3083 2227 3142 ο
2262 3068 2520 3125 ferientes
2549 3070 2698 3126 vinci
2724 3069 2992 3139 sentiunt,
3018 3069 3227 3125 turbati
3257 3069 3326 3126 ad
3346 3070 3647 3127 consilium
3679 3085 3864 3124 rever-

552 3160 788 3227 trahere,
801 3160 964 3216 modo
976 3160 1189 3217 hostem
1205 3161 1555 3217 circumfusis
1573 3160 1834 3216 cornibus
1848 3167 2142 3216 coarctare.

554 3249 712 3315 Quod
740 3249 1006 3304 nimirum
1037 3249 1272 3306 sollicite
1302 3249 1527 3319 perfecti
1560 3247 1947 3320 praedicatores
1976 3248 2147 3304 exhi-

553 3337 703 3404 bent,
734 3353 861 3392 cum
894 3337 1057 3392 modo
1087 3336 1483 3409 persecutionis
1527 3336 1738 3392 rabiem
1785 3336 2146 3405 declinantes,

557 3434 829 3482 noverunt
850 3426 1124 3497 sapienter
1151 3425 1246 3482 sed
1275 3441 1387 3481 non
1415 3425 1691 3481 enerviter
1718 3423 1913 3482 cedere
1937 3443 1950 3492 ;
1985 3426 2149 3482 modo

554 3523 733 3571 autem
764 3515 1161 3588 persecutionis
1188 3516 1457 3588 impetum
1498 3522 1933 3584 contemnentes,
1968 3532 2152 3572 nove-

558 3611 687 3660 runt
713 3605 763 3661 ei
789 3604 1031 3674 fortiter,
1051 3605 1147 3663 sed
1173 3622 1285 3662 non
1306 3605 1714 3678 praecipitanter
1731 3604 1980 3661 obviare.
2005 3604 2151 3673 Quia

554 3701 736 3753 autem
765 3704 987 3752 sanctus
1014 3695 1122 3765 vir,
1142 3711 1267 3753 cum
1300 3711 1606 3768 congruum
1626 3696 1825 3762 cernit,
1842 3693 2045 3751 ictibus
2064 3710 2149 3768 pe-

553 3791 674 3841 ctus
703 3783 915 3857 objicit,
933 3792 989 3840 et
1008 3785 1289 3841 venientia
1303 3782 1487 3856 jacula
1512 3786 1600 3841 vel
1622 3785 1864 3842 moriens
1882 3784 2147 3852 retundit,

553 3885 697 3934 recte
720 3875 926 3932 dicitur
972 3893 984 3931 :
1019 3878 1086 3932 In
1121 3891 1395 3932 occursum
1436 3874 1613 3946 pergit
1655 3875 1900 3931 armatis.
1932 3876 2012 3931 De
2042 3890 2150 3946 quo

554 3964 734 4020 adhuc
760 3964 898 4020 bene
927 3963 1187 4020 subditur
1218 3982 1230 4019 :

1111 4104 1338 4162 CAPUT
1387 4104 1596 4161 XXIX.

628 4226 797 4283 Vnus.
830 4224 917 4280 22.
941 4254 1013 4266 —
1043 4225 1337 4280 Contemnit
1360 4241 1634 4295 pavorem,
1660 4241 1751 4280 nec
1786 4224 1920 4280 cedit
1947 4224 2149 4297 gladio.

641 4342 830 4400 1025
853 4337 940 4392 61.
972 4336 1179 4394 Paulus
1200 4355 1453 4410 pavorem
1480 4355 1704 4405 omnem,
1740 4355 1949 4395 omnem
1978 4339 2150 4394 hosti-

560 4437 658 4492 lem
682 4438 933 4507 impetum
963 4437 1216 4508 despexit.
1248 4468 1320 4478 —
1346 4436 1645 4495 Videamus
1675 4438 1952 4510 quomodo
1976 4454 2155 4511 pavo-
2187 4439 2235 4496 D

559 4542 672 4582 rem
702 4524 984 4597 despiciat,
1016 4525 1111 4599 qui
1139 4527 1287 4598 ipsos
1319 4526 1759 4583 adversariorum
1782 4527 1995 4600 gladios
2024 4544 2155 4583 enu-

562 4631 776 4672 merans
804 4615 995 4670 calcat.
1019 4614 1115 4670 Ait
1144 4615 1293 4671 enim
1321 4634 1331 4671 :
1359 4616 1490 4684 Quis
1509 4633 1603 4671 nos
1619 4616 1889 4688 separabit
1906 4634 1941 4670 a
1970 4617 2163 4671 chari-

563 4712 664 4761 tate
676 4705 776 4762 Dei
786 4707 814 4761 ?
835 4704 1109 4761 tribulatio
1123 4721 1196 4761 an
1212 4705 1482 4776 angustia,
1499 4723 1572 4759 an
1590 4705 1775 4775 fames,
1795 4721 1866 4759 an
1874 4705 2164 4775 persecutio

566 4799 741 4869 (Rom.
765 4814 889 4865 vm,
918 4796 1044 4869 35)?
1075 4797 1138 4852 In
1169 4812 1369 4868 pavore
1399 4801 1581 4851 autem
1605 4803 1839 4851 ventura
1862 4811 2023 4867 poena
2043 4810 2167 4850 me-

564 4888 757 4955 tuitur,
789 4886 847 4942 in
868 4885 1048 4958 gladio
1078 4902 1209 4943 vero
1234 4886 1348 4959 jam
1380 4885 1539 4941 dolor
1567 4885 1635 4941 de
1664 4883 1919 4957 prasenti
1948 4898 2164 4956 percus-

562 4976 716 5033 sione
746 4974 1001 5032 sentitur.
1024 4975 1166 5043 Quia
1185 4991 1316 5048 ergo
1342 4973 1430 5030 vir
1453 4981 1674 5031 sanctus
1689 4980 1921 5029 ventura
1940 4971 2168 5027 adversa

566 5080 674 5121 non
704 5062 919 5132 metuit,
950 5080 1209 5136 pavorem
1240 5064 1513 5137 despicit;
1538 5063 1671 5136 quia
1697 5079 1829 5119 vero
1851 5080 1953 5121 nec
1980 5078 2166 5135 super-

569 5151 819 5208 veniente
847 5153 1197 5225 percussione
1253 5153 1516 5221 vincitur,
1575 5168 1917 5226 nequaquam
1968 5150 2164 5225 gladiis

568 5239 731 5296 cedit.
764 5240 968 5299 Contra
995 5241 1146 5300 hunc
1177 5243 1366 5316 itaque
1393 5259 1597 5317 equum
1617 5249 1701 5299 tot
1715 5249 1843 5299 sunt
1871 5241 2040 5315 gladii
2067 5241 2164 5298 ho-

570 5328 758 5396 stium,
788 5339 922 5404 quot
952 5347 1150 5403 genera
1179 5333 1651 5406 persecutionum;
1684 5349 1805 5408 qum
1833 5339 2031 5390 cuncta
2055 5331 2164 5388 ob-

572 5417 729 5473 vians
774 5426 1015 5491 superat,
1046 5421 1179 5494 quia
1218 5436 1402 5477 amore
1446 5422 1576 5478 vitai
1619 5438 1735 5478 sese
1762 5420 1831 5477 ad
1874 5421 2163 5479 interitum

647 5624 663 5697 ξ
695 5621 1196 5697 Laud.,_judicium.
1229 5626 1301 5697 Et
1328 5625 1491 5695 infra,
1522 5644 1587 5682 ea:
1606 5629 1803 5684 occulto
1822 5626 2051 5697 judicio.

2258 3164 2470 3227 tuntur,
2503 3158 2658 3215 dolos
2680 3166 3007 3231 praeparant,
3038 3166 3093 3214 et
3125 3160 3278 3214 velut
3307 3176 3376 3215 ex
3397 3159 3704 3232 longinquo
3722 3158 3866 3213 mit-

2259 3246 2424 3302 tendo
2453 3247 2683 3303 vulnera
2711 3248 3010 3304 occultant.
3063 3247 3223 3304 Unde
3269 3263 3370 3303 nec
3416 3254 3564 3303 recte
3606 3248 3857 3304 dicitur:

2264 3332 2406 3408 [Rea
2438 3333 2582 3410 XV.]
2617 3338 2786 3407 Super
2811 3337 2988 3407 ipsum
3014 3337 3221 3393 sonabit
3243 3337 3527 3409 pharetra;
3546 3343 3609 3391 ut
3636 3353 3764 3392 eum
3795 3353 3863 3392 ex

2263 3425 2527 3483 absconsa
2567 3426 2979 3482 machinatione
3034 3426 3195 3499 longe
3238 3426 3459 3495 feriant,
3509 3425 3604 3482 cui
3659 3426 3862 3498 apertis

2263 3518 2742 3590 congressionibus
2770 3517 3011 3574 inaniter
3057 3517 3518 3591 appropinquant.
3564 3519 3694 3574 Haec
3733 3525 3862 3573 tunc

2262 3624 2426 3679 super
2439 3624 2642 3682 equum
2661 3607 2761 3664 Dei
2784 3607 3037 3679 pharetra
3056 3615 3333 3676 sonuerat,
3348 3624 3476 3665 cum
3499 3606 3861 3681 quadraginta

2264 3694 2371 3751 viri
2401 3697 2497 3769 qui
2523 3697 2581 3752 in
2603 3695 2721 3769 ejus
2748 3704 2982 3753 mortem
3011 3695 3436 3768 conjuraverant
3455 3695 3617 3752 educi
3647 3693 3718 3750 de
3748 3710 3856 3751 car-

2262 3800 2383 3840 cere
2411 3785 2643 3841 Paulum
2672 3785 2988 3858 quaerebant
3018 3785 3158 3856 (Act.
3190 3802 3357 3853 χχιιι,
3378 3784 3492 3857 13),
3515 3791 3578 3841 ut
3600 3781 3860 3840 consilio-

2264 3888 2387 3927 rum
2416 3888 2643 3927 suorum
2660 3871 2900 3928 ictibus”
2920 3873 3075 3945 quasi
3091 3873 3235 3929 clam
3264 3874 3588 3946 sagittarum
3618 3871 3751 3929 dolo
3780 3870 3857 3926 in-

2261 3960 2574 4016 terﬁcerent
2602 3975 2763 4034 quem
2792 3961 3179 4033 congressione
3208 3961 3603 4034 persecutionis
3623 3959 3858 4032 publicae

2262 4064 2516 4121 superare
2567 4064 2911 4122 nequaquam
2962 4058 3222 4122 possent.
3279 4051 3542 4107 Pharetra
3586 4065 3715 4122 ergo
3760 4064 3858 4102 so-

2263 4138 2405 4207 nuit,
2436 4138 2568 4210 quia
2592 4138 2826 4195 occultaa
2859 4138 3294 4197 machinationis
3321 4141 3392 4197 ad
3422 4139 3651 4196 Paulum
3697 4153 3860 4195 causa

2264 4228 2536 4299 pervenit.

2333 4316 2419 4374 63.
2455 4319 2612 4375 Artes
2656 4334 2780 4375 suas
2808 4319 3099 4389 aliquando
3141 4320 3421 4385 occultant,
3458 4317 3773 4391 aliquando,
3807 4320 3861 4370 ut

2264 4409 2523 4464 incutiant
2544 4415 2820 4477 terrorem,
2841 4414 3198 4465 ostentant.—
3219 4408 3491 4477 Quamvis
3505 4407 3551 4464 si
3572 4406 3861 4480 vigilanter

2268 4498 2587 4570 quaerimus,
2618 4498 2799 4555 adhuc
2828 4498 2886 4554 in
2918 4497 3186 4571 pharetra)
3216 4498 3401 4556 sonitu
3431 4497 3650 4571 aliquid
3678 4494 3860 4553 subti-

2274 4586 2380 4642 lius
2409 4586 2742 4643 invenimus.
2756 4587 2908 4660 Smpe
2936 4588 3085 4643 enim
3102 4587 3402 4644 adversarii
3422 4586 3657 4644 consilia
3673 4592 3860 4644 contra

2272 4676 2446 4733 bonos
2492 4678 2705 4746 ineunt,
2734 4676 2919 4749 pravis
2964 4676 3382 4733 inventionibus
3429 4676 3770 4743 innituntur,
3799 4671 3860 4728 ad

2274 4767 2668 4840 excogitandos
2693 4767 2852 4823 dolos
2872 4783 2929 4822 se
2961 4766 3271 4834 conferunt,
3294 4765 3391 4822 sed
3416 4772 3601 4822 tamen
3631 4765 3729 4839 qui
3757 4779 3862 4820 eos-

2276 4857 2400 4914 dem
2448 4858 2605 4915 dolos
2645 4857 2873 4931 prodere
2914 4857 3076 4914 bonis
3121 4855 3372 4925 debeant,
3406 4855 3511 4929 ipsi
3544 4855 3858 4919 instituunt,

2276 4950 2508 5006 latenter
2536 4950 2642 5023 ipsi
2661 4950 3066 5018 transmittunt,
3097 4957 3159 5005 ut
3185 4946 3425 5005 credulis
3469 4946 3859 5020 suppliciorum

2278 5040 2600 5112 praeparatio
2628 5039 2761 5096 dum
2796 5039 2952 5113 quasi
2983 5037 3175 5095 furtim
3216 5036 3601 5105 innotescitur,
3630 5032 3862 5107 amplius

2278 5129 2557 5197 timeatur,
2588 5136 2643 5185 et
2668 5127 2944 5186 audientis
2959 5128 3209 5184 animum
3230 5126 3355 5199 plus
3369 5131 3625 5198 suspecta
3640 5123 3862 5179 vulnera

2272 5233 2437 5291 quam
2465 5226 2719 5292 percepta
2742 5216 3084 5290 perturbent.
3105 5216 3167 5272 In
3197 5214 3453 5289 pharetra
3480 5213 3629 5269 enim
3659 5210 3859 5284 sagitta:

2278 5311 2467 5371 1026
2495 5307 2623 5363 dum
2661 5309 2831 5364 latent
2846 5316 2901 5364 et
2924 5313 3122 5363 sonant
3142 5311 3375 5360 mortem
3398 5302 3562 5359 etiam
3594 5317 3705 5358 non
3737 5299 3862 5353 visa:

2271 5404 2619 5462 denuntiant.
2652 5403 2911 5461 Pharetra
2961 5419 3090 5476 ergo
3138 5408 3331 5460 contra
3377 5416 3583 5473 equum
3625 5398 3859 5455 sonitum

645 5695 667 5730 ³
697 5695 860 5754 Corb.
883 5695 1092 5762 Germ.,
1130 5694 1393 5763 Vindoc.,
1421 5694 1643 5756 Ebroic.
1678 5716 1741 5757 ac
1768 5694 1981 5769 Norm.,
2011 5699 2170 5771 quasi
2198 5699 2404 5758 saltem.
