4156 6178
271 217 375 275 609

986 222 1360 290 MORALIUM
1398 234 1533 291 LIB.
1575 234 1783 295 XXXI.
1826 268 1899 282 —
1935 240 2007 298 IN
2061 243 2288 302 CAPUT
2327 248 2568 308 XXXIX
2608 253 2670 310 B.
2711 255 2855 313 JOB.

3473 268 3577 329 610

270 343 474 415 reddit,
507 364 634 405 cum
663 360 853 461 coptra
888 356 1313 460 praedicatorem
1358 373 1614 422 sanctum
1646 369 1864 426 occulta
1889 375 1943 435 A
1969 382 2053 430 ter
2077 375 2148 431 ad
2174 394 2233 434 se
2261 380 2283 414 ⁶
2311 381 2594 440 auditores
2637 385 2854 445 trahere
2884 389 3130 451 festinat.
3173 396 3329 457 Unde
3356 411 3412 459 et
3438 402 3579 461 bene

270 452 565 508 pravorum
598 441 939 501 machinatio
952 450 1247 507 consilium
1262 470 1445 524 suum,
1468 457 1616 530 quod
1631 458 1855 517 fraudu-

270 525 443 620 lenter
472 530 673 620 operit,
708 532 1117 596 fraudulentius
1142 540 1461 615 innotescit,
1483 525 1545 603 ut
1575 551 1869 620 praemissis

266 890 522 976 terretur,
556 902 687 941 mox
701 899 1137 976 persecutorum
1165 898 1464 957 crudelitas
1500 900 1570 957 ad
1601 905 1870 976 supplicia

266 972 557 1030 manifesta
586 975 925 1046 perducitur.
966 983 1119 1041 Unde
1159 986 1297 1043 bene
1341 997 1628 1063 postquam
1659 972 1868 1051 dictum

266 1067 376 1118 est:
411 1064 587 1134 Super
614 1065 789 1137 ipsum
816 1072 1022 1127 sonabit
1036 1075 1316 1148 pharetra,
1338 1078 1491 1137 illico
1518 1081 1774 1139 additur:

828 1208 1056 1268 CAPUT
1085 1215 1293 1273 XXXI.

333 1348 470 1404 Iam.
496 1375 574 1389 -—
605 1349 622 1382 ¹
665 1348 902 1409 Vibrabit
923 1355 1097 1413 hasta.

334 1436 421 1493 64.
456 1436 505 1492 Α
547 1438 707 1493 minis
740 1441 813 1495 ad
853 1450 1041 1514 aperta
1081 1446 1351 1518 supplicia
1388 1458 1766 1521 prorumpunt.
1796 1484 1869 1495 —

266 1524 469 1583 Contra
496 1527 910 1599 praedtcatorem
930 1534 1031 1589 Dei
1059 1543 1180 1605 post
1200 1537 1467 1608 pharetra)
1510 1540 1752 1597 sonitum
1775 1542 1869 1598 ha-

262 1625 346 1673 sta
372 1618 645 1687 vibratur,
677 1622 896 1693 quando
919 1632 1044 1695 post
1073 1633 1310 1685 terrores
1322 1628 1603 1687 exhibitos
1622 1649 1651 1688 e
1680 1633 1866 1689 vicino

249 1705 365 1777 jam
397 1707 602 1764 feriens
641 1718 829 1781 aperta
869 1728 1030 1784 paena
1078 1716 1422 1787 producitur.
1471 1719 1861 1778 Praedicatores

253 1804 440 1852 autem
485 1799 680 1867 sancti,
730 1816 856 1856 cum
906 1818 1006 1873 pro
1043 1804 1362 1863 defensione
1419 1806 1548 1863 ﬁdei
1591 1809 1864 1881 supplicia

250 1887 520 1956 subeunt,
548 1889 615 1945 ad
634 1891 884 1949 eamdem
915 1893 1103 1965 ﬁdem,
1148 1914 1285 1971 quos
1327 1899 1539 1967 valent,
1590 1916 1781 1972 rapere
1812 1909 1866 1957 et

251 1975 409 2032 inter
438 1978 659 2035 verbera
686 1996 800 2036 non
830 1982 1146 2052 desistunt;
1179 1993 1234 2041 et
1266 2003 1393 2044 cum
1428 1987 1701 2059 patienter
1730 1990 1866 2045 vul—

252 2080 389 2121 nera
418 2068 745 2141 suscipiunt,
779 2072 1081 2144 prudenter
1127 2083 1320 2134 contra
1354 2077 1524 2133 corda
1552 2076 1862 2134 inﬁdelium

249 2155 482 2227 sagittas
523 2159 931 2230 pradicationis
973 2164 1228 2221 reddunt.
1272 2166 1426 2222 Unde
1462 2180 1861 2241 nonnunquam

245 2244 437 2315 agitur
464 2255 525 2303 ut
566 2248 672 2320 ipsi
702 2250 798 2321 qui
846 2250 903 2305 in
932 2254 1312 2324 persecutione
1343 2255 1583 2313 saeviunt
1609 2273 1720 2313 non
1748 2266 1861 2313 tam

242 2331 478 2391 doleant
505 2334 657 2407 quod
686 2352 781 2391 cor
808 2337 1184 2408 praedicatoris
1227 2357 1339 2398 non
1374 2342 1667 2399 emolliunt
1696 2359 1861 2416 quam

240 2420 407 2492 quod
427 2438 524 2494 per
544 2421 664 2493 ejus
685 2424 852 2481 verba
871 2426 1037 2481 etiam
1061 2428 1201 2485 alios
1223 2430 1500 2487 amittant.
1528 2432 1671 2499 Quia
1691 2433 1861 2504 igitur

236 2524 384 2566 eum
416 2510 674 2566 feriendo
719 2529 833 2568 non
874 2525 1155 2584 superant,
1202 2532 1271 2572 ne
1302 2518 1530 2575 fortasse
1558 2530 1611 2576 et
1640 2520 1737 2575 alii
1767 2527 1861 2594 qui

232 2597 427 2652 illum
448 2597 687 2653 audiunt
707 2600 729 2633 ²
757 2616 813 2655 se
842 2599 1249 2675 derelinquant,
1272 2621 1402 2661 mox
1422 2616 1616 2663 contra
1640 2608 1860 2682 loquen-

228 2687 316 2742 tis
359 2685 536 2741 verba
560 2695 777 2743 scutum
807 2690 1181 2761 responsionis
1208 2704 1418 2764 parant.
1445 2695 1599 2753 Unde
1623 2714 1748 2755 cum
1779 2699 1859 2755 di-

232 2782 404 2833 ceret
436 2794 448 2831 :
483 2778 505 2812 ³
547 2778 786 2836 Vibrabit
810 2781 985 2850 hasta,
1016 2792 1160 2839 recte
1188 2783 1475 2857 subjungit
1506 2805 1518 2843 :

311 2894 462 2950 Inm.
494 2924 566 2936 —
594 2897 673 2951 Et
698 2897 925 2968 clypeus.

315 3012 410 3070 65.
455 3012 708 3071 Rationes
757 3033 891 3088 quas
937 3024 1227 3090 opponant,
1274 3020 1432 3077 etiam
1483 3032 1746 3093 quierunt.
1786 3055 1859 3069 —

1975 463 2159 525 adhuc
2184 467 2251 524 de
2279 484 2420 542 equo
2448 472 2561 528 Der
2578 473 2841 534 subditur
2873 497 2885 535 :

2525 619 2751 680 CAPUT
2790 626 3026 684 XXXII.

2049 738 2219 795 VERS.
2252 741 2340 799 24.
2362 773 2430 785 --
2452 745 2680 801 Fervens
2705 754 2752 802 et
2777 748 3009 818 fremens
3036 752 3207 809 sorbet
3236 760 3456 823 terram,
3487 777 3578 816 nec
3640 770 3653 779 ‘

1976 834 2187 897 reputat
2212 831 2345 886 tuba:
2376 848 2566 889 sonare
2592 837 2907 908 clangorem.

2049 943 2136 999 66.
2180 945 2438 1017 Despectis
2480 948 2701 1006 illorum
2745 953 3037 1023 conatibus,
3086 956 3213 1027 pius
3251 952 3578 1030 pradicator

1972 1040 2304 1104 peccatorum
2358 1042 2684 1097 conversioni
2738 1059 2940 1115 semper
2990 1045 3223 1103 insudat.
3276 1080 3345 1091 -—
3391 1050 3577 1109 Primo

1978 1136 2212 1196 namque
2231 1128 2477 1197 peccanti
2518 1129 2733 1186 homini
2754 1131 2965 1189 dictum
2988 1141 3100 1190 est:
3143 1137 3310 1194 Terra
3340 1156 3412 1206 es,
3445 1147 3492 1195 et
3520 1141 3577 1195 in

1979 1217 2176 1269 terram
2206 1216 2304 1272 ibis
2335 1219 2550 1286 (Genes.
2587 1238 2670 1291 ιη,
2707 1223 2814 1295 19).
2863 1223 3029 1280 Tubae
3077 1233 3258 1283 autem
3288 1230 3575 1301 clangunt,

1977 1318 2100 1358 cum
2126 1303 2293 1378 hujus
2312 1309 2497 1365 saeculi
2523 1318 2817 1381 potestates
2839 1314 2991 1387 loqui
3013 1325 3234 1373 sanctos
3253 1318 3577 1376 terribiliter

1976 1393 2292 1480 prohibent.
2316 1397 2456 1465 Quia
2477 1399 2647 1470 igitur
2662 1403 2987 1474 prmdicator
3004 1406 3121 1461 zelo
3141 1409 3315 1463 sancti
3338 1408 3577 1480 Spiritus

1978 1478 2372 1555 inﬂammatus,
2421 1488 2507 1542 vel
2541 1489 2685 1547 inter
2713 1494 2982 1565 supplicia
3021 1496 3252 1567 positus,
3301 1478 3576 1570 quoslibet

1976 1578 2286 1639 peccatores
2315 1574 2383 1632 ad
2410 1594 2465 1633 se
2490 1579 2705 1637 trahere
2736 1598 2846 1638 non
2877 1584 3111 1654 desistit,
3134 1586 3352 1642 fervens
3384 1592 3575 1651 1027

1975 1673 2165 1740 procul
2200 1674 2369 1732 dubio
2397 1685 2597 1737 terram
2625 1682 2829 1753 sorbet,
2852 1686 2981 1760 quia
3002 1703 3132 1743 vero
3161 1695 3572 1759 persecutorum

1890 1742 1936 1802 Β
1978 1758 2154 1813 minas
2181 1762 2410 1820 minime
2440 1766 2723 1839 formidat,
2749 1772 3057 1844 clangorem
3077 1775 3222 1832 tuba:
3247 1794 3441 1833 sonare
3461 1795 3572 1834 non

1974 1856 2211 1936 reputat.
2246 1851 2399 1908 Tuba
2426 1856 2597 1925 enim,
2631 1876 2750 1932 qua:
2773 1860 3070 1919 discrimen
3100 1864 3232 1920 belli
3259 1864 3570 1936 denuntiat,

1975 1935 2109 2008 quid
2130 1947 2210 1994 est
2230 1940 2381 1998 aliud
2403 1960 2563 2015 quam
2590 1964 2688 2004 vos
2708 1951 3054 2008 saecularium
3074 1962 3428 2025 potestatum,
3450 1935 3571 2029 quae

1973 2033 2288 2099 contempta
2321 2032 2706 2093 resistentibus
2734 2040 2929 2095 mortis
2962 2048 3240 2099 certamen
3271 2044 3468 2115 parat?

2045 2116 2131 2173 67.
2172 2120 2489 2193 Exemplum
2519 2126 2919 2198 Apostolorum,
2962 2134 3264 2203 praesertim
3296 2135 3352 2191 S.
3386 2135 3568 2192 Pauli.

1972 2235 2043 2246 -—
2070 2207 2199 2264 Haec
2239 2226 2271 2265 a
2317 2213 2663 2286 principibus
2708 2219 3056 2275 sacerdotum
3107 2220 3242 2277 tuba
3291 2231 3609 2293 sonuerat,.

1971 2311 2098 2351 cum
2126 2295 2427 2371 ﬂagellatos
2455 2306 2731 2375 apostolos
2759 2307 2825 2363 de
2851 2309 2964 2364 Deo
2996 2310 3148 2382 loqui
3179 2310 3565 2381 prohibebant,

1972 2382 2113 2441 sicut
2136 2388 2400 2461 scriptum
2420 2400 2526 2448 est:
2559 2394 2719 2450 C(l’sis
2740 2396 2987 2452 denuntia
2996 2405 3202 2467 verunt,
3220 2415 3282 2453 ne
3300 2400 3568 2470 loqueren-

1973 2478 2064 2530 tur
2091 2477 2149 2532 in
2174 2480 2382 2535 nomine
2409 2482 2531 2537 Jesu
2559 2484 2705 2547 (Act.
2738 2503 2794 2553 v,
2824 2485 2941 2559 40).
2988 2487 3093 2543 Sed
3121 2488 3407 2544 videamus
3436 2505 3566 2562 quo-

1970 2564 2134 2621 modo
2163 2581 2365 2639 equum
2394 2570 2493 2626 Dei
2523 2571 2748 2645 clangor
2778 2574 2924 2630 tubae
2955 2591 3068 2631 non
3096 2584 3316 2636 terreat.
3350 2579 3445 2635 Ait
3473 2580 3569 2635 Pe-

1967 2661 2128 2711 trus:
2185 2656 2403 2713 Obedire
2446 2666 2650 2731 oportet
2693 2662 2802 2718 Deo
2848 2665 3017 2736 magis
3062 2683 3221 2737 quam
3271 2667 3568 2723 hominibus

1965 2745 2162 2815 (Ibid.,
2193 2746 2307 2820 29).
2354 2749 2459 2817 Qui
2488 2751 2612 2808 aliis
2654 2770 2871 2828 quoque
2900 2757 3357 2831 persequentibus
3383 2758 3520 2816 dicit
3550 2777 3562 2814 :

1966 2834 2086 2890 Non
2111 2836 2247 2891 enim
2287 2857 2569 2911 possumus
2609 2860 2725 2913 qua:
2760 2845 2988 2901 vidimus
3025 2854 3073 2902 et
3099 2849 3423 2914 audivimus,
3460 2865 3568 2903 non

1969 2923 2113 2993 loqui
2132 2925 2271 2996 (Act.
2296 2945 2374 2996 iv,
2399 2929 2516 3001 20).
2544 2932 2772 3003 6Equus
2805 2950 2933 3005 ergo
2958 2934 3057 2990 Dei
3087 2936 3397 3008 clangorem
3418 2935 3565 2992 tubae

1966 3028 2078 3068 non
2110 3016 2329 3084 metuit,
2376 3019 2470 3090 qui
2501 3019 2830 3090 praedicator
2871 3024 3121 3095 egregius
3159 3026 3428 3098 despectis
3459 3044 3568 3098 po-

241 3103 576 3163 Persecutor
604 3106 752 3162 enim
774 3106 1009 3165 saeviens
1037 3119 1326 3184 postquam
1347 3112 1723 3184 praedicatoris
1743 3133 1857 3172 cor-

1966 3102 2255 3159 testatibus
2283 3106 2492 3175 saeculi,
2536 3109 2720 3165 nullos
2745 3110 3022 3167 minarum
3052 3113 3268 3170 sonitus
3295 3115 3567 3187 pertime-

243 3212 356 3267 pus
377 3195 650 3268 supplicio
681 3198 939 3269 percutit,
962 3201 984 3235 ⁴
1014 3200 1329 3257 auditorum
1360 3219 1454 3258 cor
1479 3204 1633 3276 quasi
1663 3205 1857 3277 clypeo

242 3280 440 3339 verbis
479 3301 592 3340 suae
622 3285 1014 3358 disputationis
1060 3289 1261 3347 munit.
1308 3291 1410 3348 Vir
1442 3292 1612 3365 igitur
1638 3305 1858 3353 sanctus

242 3380 309 3429 ut
347 3372 501 3429 feriri
532 3373 748 3443 debeat,
781 3375 936 3433 hasta
965 3377 1252 3448 vibratur;
1289 3380 1384 3436 sed
1412 3397 1481 3437 ne
1526 3382 1706 3439 audiri
1736 3401 1854 3457 pos-

243 3464 344 3530 sit,
390 3462 619 3535 clypeus
666 3465 985 3536 opponitur.
1035 3466 1251 3524 Habent
1278 3470 1516 3542 namque
1544 3470 1856 3529 defensores

242 3551 353 3607 Dei
382 3551 440 3606 in
468 3553 659 3625 prmlio
689 3554 915 3626 sagittas
942 3572 1069 3612 suas
1093 3572 1229 3629 quas
1257 3572 1321 3612 eo
1350 3558 1514 3614 citius
1539 3560 1599 3614 in
1625 3559 1856 3618 audito-

244 3656 381 3696 rum
412 3640 579 3698 corda
626 3643 910 3716 injiciunt,
964 3661 1073 3717 quo
1105 3646 1228 3701 illas
1256 3646 1323 3702 de
1351 3646 1589 3718 spiritali
1616 3666 1765 3718 arcu,
1797 3648 1855 3705 id

243 3734 337 3783 est
358 3725 428 3783 de
458 3728 653 3785 intima
673 3730 856 3787 cordis
876 3730 1127 3787 tensione
1147 3731 1505 3805 distringunt.
1529 3733 1627 3790 His
1654 3734 1857 3807 quippe

244 3833 302 3873 se
344 3816 403 3872 in
434 3816 578 3873 bello
622 3818 753 3875 ﬁdei
800 3819 1004 3875 Paulus
1046 3830 1373 3890 armaverat,
1422 3838 1548 3879 cum
1590 3822 1850 3880 dicebat:

244 3906 460 3962 Laboro
481 3924 644 3979 usque
670 3908 742 3963 ad
767 3909 981 3965 vincula
1000 3910 1158 3982 quasi
1183 3913 1324 3967 male
1350 3928 1598 3985 operans,
1627 3913 1715 3969 sed
1742 3930 1856 3970 ver-

246 3995 371 4050 bum
397 3996 498 4052 Dei
528 4012 632 4051 non
659 4004 733 4053 est
761 3999 1043 4069 alligatum
1075 3999 1165 4072 (II
1197 4002 1330 4058 Tim.
1365 4019 1428 4070 II,
1459 4001 1540 4074 9).
1573 4003 1652 4059 Ac
1681 4003 1727 4059 si
1757 4002 1855 4059 di-

246 4094 429 4142 ceret:
468 4086 636 4142 Hasta
663 4086 886 4160 quidem
908 4088 1306 4161 suppliciorum
1329 4091 1520 4161 ferior,
1544 4092 1639 4148 sed
1668 4102 1852 4150 tamen

247 4174 548 4233 verborum
606 4178 830 4249 sagittas
874 4178 1125 4235 emittere
1171 4197 1283 4237 non
1339 4180 1563 4239 desisto.
1607 4184 1852 4243 Vulnera

245 4266 598 4323 crudelitatis
618 4269 850 4340 accipio,
869 4270 965 4325 sed
985 4286 1080 4326 cor
1095 4270 1403 4327 inﬁdelium
1427 4289 1556 4329 vera
1575 4274 1850 4347 loquendo

244 4355 531 4428 transﬁgo.
562 4357 789 4414 Dicatur
817 4374 943 4430 ergo
971 4376 982 4414 :
1019 4359 1189 4430 Super
1216 4359 1388 4431 ipsum
1416 4362 1623 4417 sonabit
1643 4365 1851 4434 phare-

1968 3191 2091 3250 scit.
2502 3240 2509 3245 .

2037 3282 2125 3339 68.
2166 3282 2467 3342 Videamus
2496 3285 2667 3344 alium
2702 3303 2904 3363 equum
2928 3292 3028 3348 Dei
3057 3293 3334 3366 quomodo
3361 3303 3558 3353 terram

1964 3372 2202 3444 sorbeat,
2251 3376 2529 3449 quomodo
2558 3378 2747 3436 nullus
2775 3396 2900 3436 eum
2930 3382 3076 3439 tubae
3105 3392 3281 3441 terror
3306 3386 3555 3460 attingat.

1964 3461 2240 3535 Scriptum
2266 3473 2347 3521 est
2374 3468 2521 3539 (Act.
2553 3485 2672 3538 xxv,
2709 3470 2795 3539 18,
2828 3471 2917 3537 19,
2948 3472 3037 3541 20,
3065 3473 3157 3546 2i)
3186 3492 3197 3531 :
3231 3477 3562 3547 Supervene-

1962 3558 2093 3605 runt
2118 3553 2336 3622 quidam
2362 3555 2427 3610 ab
2457 3554 2738 3612 Antiochia
2772 3564 2821 3613 et
2847 3559 3024 3615 Iconio
3052 3562 3246 3630 Judaei,
3273 3570 3321 3619 et
3341 3582 3562 3637 persua-

1963 3639 2037 3694 sis
2055 3640 2243 3707 turbis,
2262 3644 2789 3714 lapidantesPaulum
2807 3654 3088 3706 traxerunt
3106 3658 3260 3710 extra
3279 3655 3558 3722 civitatem,

1965 3730 2276 3787 wstimantes
2304 3750 2421 3789 eum
2448 3741 2715 3790 mortuum
2743 3754 2865 3792 esse.
2902 3738 3361 3797 Circumdantibus
3386 3751 3559 3797 autem

1962 3837 2080 3875 eum
2117 3820 2411 3893 discipulis,
2444 3842 2663 3897 surgens
2702 3827 2923 3882 intravit
2958 3828 3239 3897 civitatem,
3269 3837 3317 3885 et
3348 3839 3559 3903 postero

1963 3910 2047 3965 die
2082 3909 2352 3982 profectus
2393 3919 2468 3969 est
2503 3929 2618 3968 cum
2659 3915 2916 3972 Barnaba
2958 3916 3014 3971 in
3060 3917 3283 3975 Derben.
3330 3919 3562 3992 Cumque

1963 4001 2404 4078 euangelizassent
2433 4003 2637 4060 civitati
2663 4006 2773 4075 illi,
2800 4012 2847 4061 et
2882 4005 3179 4063 docuissent
3216 4010 3430 4078 multos,
3463 4028 3560 4068 re—

1960 4094 2100 4150 versi
2123 4100 2246 4149 sunt
2288 4096 2541 4168 Lystrum
2568 4102 2617 4152 et
2642 4098 2881 4155 Iconium
2909 4105 2958 4155 et
2983 4101 3342 4173 Antiochiam,
3371 4106 3558 4177 conﬁro

1960 4190 2160 4241 mantes
2182 4186 2393 4245 animas
2422 4190 2827 4264 discipulorum.
2858 4192 3265 4265 Perpendamus
3285 4211 3412 4269 ergo
3438 4213 3556 4270 quae

1959 4272 2110 4332 hunc
2138 4285 2357 4349 possent
2377 4293 2580 4353 equum
2601 4281 2767 4337 minae
2798 4299 3167 4354 compescere,
3190 4285 3411 4357 quando
3432 4303 3555 4343 eum

1959 4363 2026 4419 ab
2057 4365 2364 4423 intentione
2404 4385 2504 4425 sua
2540 4386 2652 4426 non
2699 4371 2846 4427 valet
2889 4388 3039 4427 mors
3087 4372 3203 4445 ipsa
3244 4375 3552 4445 prohibere.

247 4450 355 4512 tra,
386 4445 620 4500 vibrabit
647 4447 800 4502 hasta
830 4454 880 4502 et
908 4449 1136 4520 clypeus.
1189 4447 1390 4505 Contra
1420 4467 1623 4523 equum
1653 4453 1855 4526 quippe
1882 4461 1930 4520 D
1962 4452 2103 4509 Ecce
2132 4454 2406 4525 lapidibus
2432 4457 2707 4528 obruitur,
2752 4476 2852 4515 nec
2880 4465 3064 4517 tamen
3095 4478 3126 4516 a
3156 4463 3404 4521 veritatis
3433 4481 3557 4521 ser—

244 4533 367 4602 Dei,
413 4534 544 4606 quia
571 4551 868 4608 pravorum
917 4537 1151 4593 consilia
1181 4545 1548 4612 perstrepunt,
1599 4540 1853 4614 pharetra

245 4632 427 4693 sonat,
458 4626 588 4698 quia
616 4633 803 4698 aperta
828 4640 989 4698 poena
1017 4626 1352 4699 exquiritur,
1390 4627 1541 4685 hasta
1572 4630 1848 4703 vibratur;

243 4715 377 4787 quia
407 4731 543 4770 vero
573 4714 620 4771 ei
652 4714 815 4771 etiam
865 4715 1240 4789 disputatione
1284 4717 1578 4787 resistitur,
1626 4719 1853 4793 clypeus

244 4801 580 4859 antefertur.
605 4802 710 4860 Sed
737 4803 993 4877 nunquid
1012 4821 1043 4860 a
1072 4804 1289 4861 fervore
1318 4822 1418 4861 suo
1450 4822 1545 4879 per
1572 4806 1678 4863 ista
1707 4825 1852 4864 com-

244 4892 533 4963 pescitur?
562 4891 665 4951 Vir
684 4893 831 4949 enim
853 4902 1075 4952 sanctus
1101 4911 1211 4968 quo
1240 4896 1445 4970 majore
1474 4898 1851 4969 persecutione

242 4982 543 5053 premitur,
566 4997 629 5038 eo
647 4981 715 5039 ad
739 4983 1146 5054 praedicandam
1176 4984 1461 5042 veritatem
1485 4988 1666 5044 acrius
1694 4987 1850 5044 insti-

244 5077 434 5140 gatur;
466 5078 521 5127 et
548 5087 675 5129 cum
705 5071 975 5146 patienter
1002 5083 1375 5147 persecutores
1406 5076 1622 5145 tolerat,
1654 5076 1847 5135 arden-

320 5349 337 5389 ί
369 5348 495 5411 Val.
527 5351 635 5421 Cl.,
674 5348 982 5413 Vibrabitur
1010 5350 1181 5409 hasta.
1213 5352 1285 5409 Et
1313 5352 1394 5410 sic
1425 5352 1676 5409 inferius.
1705 5352 1843 5411 Con-

243 5421 510 5507 ﬁrniatur
538 5425 659 5507 haec
699 5425 861 5507 lectio
907 5440 986 5507 ex
1007 5424 1847 5507 seqpen't'ibus:__post_pharetrae

180 5510 187 5514 ‘
243 5497 474 5553 sonitum
491 5497 645 5552 hasta
670 5497 933 5552 vibratur.
964 5495 1162 5563 Laud.,
1201 5495 1681 5553 Vibrabit'hastam.

315 5572 339 5606 ³
368 5568 633 5635 Vindoc.,
664 5569 860 5624 Pratel.
895 5574 948 5623 et
976 5568 1119 5638 plur.
1150 5567 1362 5623 Norm..
1397 5568 1723 5639 delinquant.

316 5643 338 5722 ξ
370 5640 571 5722 baud,
612 5639 1146 5722 Vibrabithastam...
1177 5644 1226 5693 et
1257 5639 1510 5722 clypeum.
1612 5712 1622 5722 .

318 5712 339 5747 ‘
370 5711 648 5781 Laudun.,
695 5711 1019 5768 Auditorum
1046 5727 1137 5767 cor
1163 5711 1316 5782 quasi
1360 5711 1535 5783 clypeo
1568 5712 1838 5780 vibratur,

1962 4561 2123 4601 mone
2143 4557 2473 4605 removetur.
2516 4549 2705 4606 Occidi
2726 4557 2924 4622 potest,
2954 4553 3197 4626 superari
3217 4569 3328 4610 non
3349 4561 3552 4627 potest;

1960 4635 2115 4691 velut
2143 4636 2449 4693 exstinctus
2492 4643 2648 4693 extra
2689 4637 2883 4694 urbem
2932 4639 3241 4713 projicitur,
3290 4642 3384 4699 sed
3411 4645 3556 4699 intra

1961 4723 2151 4781 urbem
2176 4724 2264 4781 die
2284 4726 2394 4782 alio
2414 4726 2619 4783 illaesus
2640 4727 2967 4800 praedicator
2991 4730 3293 4787 invenitur.
3325 4732 3369 4787 Ο
3390 4747 3552 4804 quam

1960 4813 2119 4871 fortis
2140 4814 2270 4872 huic
2291 4816 2412 4872 viro
2444 4817 2583 4873 inest
2611 4816 2905 4874 inﬁrmitas
2926 4820 2936 4875 l
2972 4836 3004 4875 ο
3032 4836 3195 4892 quam
3215 4819 3418 4874 victrix
3442 4834 3549 4888 pae-

1958 4905 2061 4959 na!
2109 4922 2141 4960 ο
2173 4921 2336 4978 quam
2381 4905 2720 4962 dominatrix
2761 4909 3056 4980 patientia!
3110 4910 3127 4942 ⁷
3160 4907 3245 4961 Ad
3281 4905 3548 4977 agendum

1960 4993 2271 5065 repulsione
2291 5003 2641 5066 provocatur,
2665 4996 2735 5051 ad
2759 4994 3165 5067 prmdicandam
3187 4994 3417 5048 salutem
3439 4993 3549 5065 pla-

1961 5081 2042 5153 gis
2084 5082 2332 5154 erigitur,
2368 5082 2436 5140 ad
2473 5083 2880 5157 propellendam
2931 5082 3135 5138 laboris
3165 5080 3545 5138 lassitudinem

1953 5355 2043 5428 sed
2068 5369 2130 5428 ne
2155 5353 2340 5428 audiri
2359 5356 2553 5428 possit,
2566 5357 2784 5428 Aclypeus
2806 5357 3114 5428 opponitur,
3146 5361 3423 5418 mendose.

2025 5426 2046 5499 ἕ
2076 5424 2247 5499 haud.
2279 5432 2334 5499 et
2359 5424 2484 5499 Val.
2510 5424 2947 5499 rCl.,'adjntdres.

2025 5497 2047 5531 ⁶
2080 5498 2162 5569 Ita
2190 5495 2435 5569 plerique
2464 5498 2603 5554 Mss.’

2023 5569 2043 5602 ⁷
2076 5566 2208 5645 _Vet.
2230 5566 2385 5645 _Edit.
2419 5585 2483 5645 ac
2508 5570 2857 5645 recentiores,
2886 5575 2958 5628 ad
2987 5576 3330 5645 arguendum.
3365 5576 3546 5635 Placet

1950 5639 2143 5725 inagis,
2173 5639 2246 5694 ad
2270 5641 2549 5725 agendum,
2579 5649 2642 5698 ut
2656 5639 2876 5725 habent
2914 5639 3297 5725 M_ss.'E_broic.
3341 5649 3544 5723 aliique

1949 5710 2236 5783 Norman.,
2273 5710 2383 5770 duo
2410 5712 2619 5784 Germ.,
2656 5715 2916 5788 Vindoc.,
2946 5719 3068 5779 Val.
3102 5719 3210 5790 Cl.,
3240 5728 3345 5778 etc.
