4156 6178
597 243 696 298 611

1806 241 2053 299 SANCTI
2090 243 2380 302 GREGOR
2395 246 2444 302 II
2480 246 2707 304 MAGNI

3797 262 3892 322 612

599 379 756 437 poena
785 361 1083 418 refovetur.
1126 360 1257 429 Quae
1289 377 1417 434 ergo
1446 361 1598 420 hunc
1627 363 1930 422 adversitas
1958 378 2206 438 superet,
2239 372 2289 431 Α
2318 370 2700 444 subsequentis
2716 373 2978 442 muneris,
3002 374 3177 449 tangit
3197 384 3379 434 tamen
3411 395 3520 435 non
3551 381 3666 439 sine
3687 401 3900 446 maerore

598 467 761 524 quem
784 467 944 522 pana
966 450 1162 508 fovet?
1192 451 1293 506 Sed
1317 468 1490 524 equus
1512 454 1614 509 iste
1634 454 1732 511 Dei
1758 462 1811 509 et
1841 455 2106 527 pharetra
2127 474 2206 514 sa-

598 539 760 610 gittas
781 538 1035 611 despicit,
1070 541 1083 574 ¹
1115 541 1243 613 quia
1267 541 1490 597 malitia
1511 542 1742 598 consilia
1763 545 2099 613 contemnit;
2128 547 2210 601 vi-

597 627 808 684 bratam
841 629 1054 686 hastam
1099 637 1342 702 superat,
1377 632 1507 704 quia
1537 639 1591 688 et
1623 641 1813 689 contra
1850 644 2047 707 aperta
2079 652 2211 707 per—

519 749 541 763 ο
598 719 902 775 secutionis
923 719 1154 775 vulnera
1175 727 1364 792 pectus
1384 720 1600 788 ﬁrmat;
1625 724 1938 794 oppositum
1952 727 2207 798 clypeum

599 807 967 880 rumpit,quia
979 807 1409 879 disputationem
1429 810 1806 867 resistentium
1830 814 2210 871 ratiocinando

600 895 844 967 subigit;
897 903 1100 952 terram
1148 897 1352 966 sorbet,
1410 899 1539 971 quia
1585 908 1898 972 peccatores
1941 903 2001 958 in
2047 919 2208 959 suum

599 1003 799 1059 corpus
844 985 1191 1043 exhortando
1235 988 1551 1055 convertit;
1605 989 1916 1062 clangorem
1960 992 2208 1050 buccina

600 1092 794 1132 sonare
825 1093 936 1132 non
969 1083 1206 1148 reputat,
1239 1077 1370 1148 quia
1392 1095 1586 1134 vocem
1607 1081 1914 1152 quamlibet
1942 1083 2208 1139 terribilis

601 1164 997 1238 prohibitionis
1024 1165 1220 1222 calcat.
1253 1165 1437 1222 Minus
1465 1177 1549 1224 est
1587 1177 1769 1224 autem
1801 1169 1950 1242 quod
1979 1170 2206 1242 dicitur,

601 1255 729 1328 quia
757 1253 917 1310 fortis
943 1263 1256 1326 perseverat
1287 1255 1344 1311 in
1374 1257 1680 1326 laboribus,
1703 1259 1904 1328 adhuc,
1929 1261 2077 1333 quod
2097 1279 2207 1319 ma-

595 1342 687 1415 jus
715 1351 817 1414 est,
847 1344 1088 1400 exsultat
1120 1343 1178 1399 in
1209 1343 1474 1402 adversis.
1507 1347 1661 1403 Unde
1684 1349 1933 1420 sequitur
1965 1367 1976 1405 :

944 1433 1171 1492 CAPUT
1210 1436 1452 1492 XXXIII
1492 1436 1634 1513 [Rea
1668 1438 1843 1512 XVI].

671 1523 842 1584 Vnus.
875 1523 964 1581 25.
987 1556 1058 1567 —
1081 1525 1181 1582 Ubi
1207 1526 1440 1582 audierit
1467 1527 1752 1596 buccinam,
1782 1527 1909 1582 dicit
1944 1527 2068 1584 Vah.

671 1615 759 1671 69.
805 1615 1002 1683 Sancti,
1034 1614 1334 1671 im-minente
1363 1617 1662 1684 certam-ine,
1717 1615 1831 1671 licet
1857 1616 2044 1670 mortis
2072 1621 2210 1670 metu

2317 459 2564 516 animum
2609 463 2800 534 pulsus
2831 463 3056 520 doloris.
3089 465 3245 522 Sicut
3275 467 3422 523 enim
3456 470 3545 524 vir
3580 471 3756 542 fortis,
3785 492 3899 534 cum

2318 550 2504 606 vicino
2526 550 2641 622 jam
2673 552 2803 608 belli
2836 555 3136 611 certamine
3163 558 3332 614 armis
3360 558 3689 631 accingitur,
3719 571 3770 617 et
3799 566 3900 636 pal-

2318 641 2456 713 pitat
2486 649 2540 697 et
2569 641 2810 711 festinat,
2863 644 3052 701 tremit
3089 654 3142 701 et
3187 647 3368 714 savit,
3413 649 3570 720 quasi
3601 666 3792 722 pavere
3819 671 3903 726 per

2318 731 2582 801 pallorem
2605 731 2868 800 cernitur,
2888 732 2982 790 sed
3011 749 3106 804 per
3125 733 3262 790 iram
3286 736 3642 795 vehementer
3663 749 3898 813 urgetur;

2319 818 2394 875 ita
2420 819 2508 874 vir
2531 830 2773 891 sanctus,
2799 839 2926 878 cum
2958 823 3199 895 passioni
3228 841 3286 881 se
3315 828 3683 900 propinquare
3706 830 3905 902 conspi-

2318 910 2414 978 cit,
2436 918 2492 966 et
2519 919 2727 968 natura
2748 930 2858 970 sua
2880 913 3204 972 infirmitate
3224 919 3564 990 concutitur,
3594 930 3648 977 et
3673 922 3784 993 spei
3805 938 3905 978 sua

2317 998 2599 1056 soliditate
2630 1000 2950 1071 roboratur;
2983 1011 3038 1059 et
3067 1004 3134 1060 de
3164 1006 3348 1062 vicina
3373 1017 3550 1064 morte
3581 1010 3830 1082 trepidat,
3860 1020 3908 1068 et

2317 1095 2500 1145 tamen
2535 1090 2681 1162 quod
2705 1091 2991 1148 moriendo
3019 1093 3206 1150 verius
3227 1096 3402 1164 vivat,
3434 1098 3695 1155 exsultat.
3724 1098 3806 1154 Ad
3830 1114 3907 1154 re-

2317 1192 2486 1248 gnum
2509 1179 2712 1251 quippe
2732 1196 2841 1236 non
2865 1188 3042 1252 potest
3066 1183 3174 1238 nisi
3197 1182 3524 1257 interposita
3546 1195 3721 1244 morte
3742 1197 3908 1244 trans-

2319 1266 2428 1334 ire;
2483 1274 2536 1324 et
2566 1267 2775 1326 idcirco
2809 1270 3139 1328 confidendo
3179 1273 3334 1346 quasi
3381 1272 3633 1347 ambigit,
3682 1282 3734 1330 et
3761 1277 3906 1347 quasi

2317 1355 2645 1429 ambigendo
2671 1358 2939 1426 conlidit;
2972 1367 3026 1416 et
3066 1362 3305 1434 gaudens
3343 1363 3559 1429 metuit,
3587 1371 3641 1419 et
3668 1371 3911 1420 metuens

2318 1447 2536 1519 gaudet,
2572 1448 2702 1520 quia
2732 1449 2838 1506 scit
2867 1450 3014 1522 quod
3041 1451 3110 1508 ad
3135 1451 3389 1510 bravium
3417 1454 3615 1527 quietis
3645 1470 3753 1510 non
3782 1471 3912 1527 per-

2319 1537 2526 1605 veniat,
2558 1537 2668 1593 nisi
2693 1537 2798 1596 hoc
2819 1539 2967 1612 quod
2988 1539 3274 1613 interjacet
3294 1559 3420 1600 cum
3437 1543 3621 1600 labore
3640 1553 3910 1601 transcen-

2316 1627 2431 1684 dat.
2479 1627 2571 1684 Sic
2600 1645 2721 1698 nos,
2753 1646 2877 1686 cum
2908 1631 3128 1689 morbos
3154 1651 3184 1690 a
3217 1650 3444 1706 corpore
3473 1635 3732 1707 repellere
3759 1632 3911 1706 cupi-

600 1704 991 1771 concutiantur,
1040 1693 1100 1759 de
1143 1703 1330 1774 futuro
1381 1711 1550 1760 tamen
1594 1705 1817 1777 pramio
1861 1704 2106 1776 gaudent.
2138 1735 2208 1745 —

2319 1731 2462 1785 mus,
2500 1717 2683 1772 tristes
2726 1718 2946 1791 quidem
2987 1736 3230 1777 amarum
3277 1693 3619 1794 purgationis
3660 1721 3909 1795 poculum

605 1792 816 1862 Quibus
843 1794 1089 1866 profecto
1119 1794 1304 1850 verbis
1333 1804 1386 1850 et
1415 1794 1555 1849 illud
1581 1794 1910 1862 ostenditur,
1937 1793 2082 1866 quod
2103 1793 2208 1850 hoc

606 1883 727 1940 loco
757 1899 788 1939 a
815 1884 1055 1938 Domino
1083 1883 1149 1938 de
1181 1900 1322 1956 equo
1354 1883 1721 1939 irrationabili
1749 1883 1827 1938 nil
1850 1882 2083 1939 dicatur.
2108 1885 2207 1938 Ne-

605 1989 711 2046 que
732 1972 878 2029 enim
909 1972 1016 2028 vah
1039 1972 1220 2029 dicere
1241 1972 1466 2040 brutum
1488 1973 1691 2028 animal
1724 1979 1929 2045 potest;
1962 1972 2054 2028 sed
2074 1971 2205 2028 dum

605 2063 868 2118 asseritur
897 2061 1079 2118 dicere
1110 2062 1256 2135 quod
1287 2063 1515 2118 omnino
1557 2062 1742 2119 dicere
1772 2079 1883 2119 non
1913 2063 2078 2129 valet,
2109 2061 2206 2117 in-

605 2151 796 2207 nuitur
826 2167 987 2224 quem
1019 2151 1288 2222 designet.
1318 2151 1441 2208 Vah
1473 2151 1676 2224 quippe
1706 2169 1886 2208 sermo
1914 2150 2205 2207 exultatio-

604 2240 691 2295 nis
715 2247 813 2296 est.
845 2242 1034 2313 Equus
1064 2255 1211 2312 ergo,
1243 2239 1434 2296 audita
1461 2241 1717 2309 buccina,
1750 2241 1858 2296 vah
1889 2240 2045 2310 dicit,
2077 2241 2206 2314 quia

602 2328 765 2384 fortis
797 2329 1027 2402 quisque
1076 2330 1402 2401 pradicator
1441 2349 1566 2388 cum
1615 2338 1888 2388 certamen
1938 2331 2205 2402 passionis

602 2417 711 2474 sibi
760 2419 1129 2492 prOpinquare
1163 2421 1182 2454 ²
1212 2420 1542 2488 considerat,
1588 2419 1656 2476 de
1687 2420 1952 2477 exercitio
1981 2419 2205 2475 virtutis

601 2509 870 2575 exsultat;
895 2525 998 2565 nec
1018 2516 1257 2566 terretur
1277 2525 1470 2580 pugna
1501 2510 1764 2582 periculo,
1800 2511 1928 2581 quia
1956 2509 2203 2565 victoria

602 2599 820 2654 latatur
860 2597 1165 2670 triumpho.
1216 2602 1406 2660 1028
1433 2599 1592 2671 Equo
1622 2599 1806 2670 itaque
1847 2606 1928 2654 est
1971 2597 2078 2653 vah
2109 2597 2205 2653 di-

602 2711 745 2764 cere,
778 2697 798 2730 ³
830 2695 1246 2768 pradicatorem
1291 2704 1542 2752 sanctum
1579 2694 1646 2750 de
1681 2702 1916 2750 ventura
1955 2693 2206 2765 passione

603 2783 858 2856 gaudere.
899 2783 1037 2858 [Vet.
1064 2786 1166 2841 XX
1176 2786 1246 2842 VI
1252 2783 1291 2858 .]
1323 2784 1426 2840 Sed
1460 2784 1504 2839 si
1537 2782 1864 2854 pradicator
1904 2782 2063 2837 fortis
2094 2782 2204 2853 glo-

602 2875 739 2930 riam
796 2875 1064 2947 passionis
1107 2876 1334 2948 appetit,
1380 2875 1426 2931 si
1457 2874 1754 2931 discrimen
1797 2873 1992 2929 mortis
2021 2871 2205 2928 subire

603 2981 702 3039 pro
727 2967 969 3022 Domino
998 2967 1155 3023 latus
1189 2965 1404 3039 quarit,
1438 2965 1571 3039 quid
1600 2973 1682 3021 est
1712 2964 1859 3037 quod
1890 2964 1992 3036 ipsi
2023 2961 2203 3018 fortis-

602 3056 743 3112 simo
781 3055 1150 3128 pradicatori,
1197 3055 1292 3128 qui
1331 3070 1401 3111 ex
1450 3055 1678 3111 robusto
1733 3053 1896 3111 corde
1940 3053 2201 3108 virtutem
2233 3094 2278 3154 Ο

603 3148 624 3181 ⁴
648 3147 822 3202 traxit
849 3147 909 3201 in
936 3147 1181 3213 nomine,
1213 3147 1373 3201 Petro
1401 3146 1618 3202 Veritas
1639 3145 1783 3200 dixit
1809 3163 1820 3200 :
1868 3146 2001 3201 Cum
2026 3159 2201 3198 senue-

604 3237 702 3304 ris,
725 3236 967 3290 extendes
984 3254 1178 3292 manus
1196 3243 1331 3303 tuas,
1363 3243 1410 3290 et
1430 3237 1571 3291 alius
1594 3216 1840 3308 te‘cinget,
1862 3244 1908 3292 et
1927 3238 2074 3292 ducet
2101 3253 2202 3306 quo

602 3341 710 3379 non
736 3324 814 3379 vis
854 3325 1032 3396 (Joan.
1065 3342 1188 3394 xxr,
1224 3324 1335 3395 18).
1369 3323 1656 3391 Quomodo
1687 3325 1753 3382 de
1786 3327 2033 3398 passione
2063 3342 2204 3397 gau—

605 3415 714 3483 det,
749 3414 863 3486 qui,
896 3415 1111 3472 cinctus
1135 3415 1202 3472 ab
1223 3415 1352 3483 alio,
1384 3416 1462 3472 ire
1493 3433 1601 3489 quo
1630 3417 1851 3475 ducitur
1881 3433 1990 3472 non
2015 3415 2204 3473 volet?

605 3502 710 3559 Sed
739 3503 785 3558 si
830 3519 1120 3575 pensamus
1173 3504 1408 3577 qualiter
1461 3507 1680 3562 animus
1735 3506 2204 3579 appropinquante

606 3593 856 3665 passione
884 3603 938 3658 et
968 3594 1163 3650 mortis
1196 3602 1349 3650 metu
1377 3595 1642 3668 quatitur,
1675 3603 1728 3651 et
1755 3604 1936 3651 tamen
1967 3594 2034 3650 de
2061 3610 2208 3649 ven-

613 3694 734 3741 turo
774 3683 927 3756 regni
963 3684 1191 3756 pramio
1242 3686 1478 3754 laetatur,
1534 3685 1896 3757 intelligimus
1930 3683 2207 3756 quomodo

609 3774 835 3847 gloriosi
875 3773 1194 3831 certaminis
1235 3774 1420 3832 subire
1467 3775 1775 3848 periculum
1825 3775 2015 3831 volens
2043 3774 2205 3842 nolit,

609 3867 738 3940 quia
765 3874 819 3924 et
846 3867 904 3923 in
930 3878 1108 3925 morte
1137 3868 1448 3926 considerat
1478 3867 1625 3942 quod
1646 3869 1884 3925 tolerans
1912 3873 2126 3940 paveat,
2155 3871 2209 3920 et

609 3957 666 4012 in
695 3957 880 4015 fructu
908 3959 1103 4016 mortis
1131 3959 1328 4032 aspicit
1357 3958 1505 4032 quod
1530 3968 1790 4032 appetens
1819 3965 2045 4031 quaerat.

679 4052 766 4107 70.
807 4052 1016 4107 Paulus
1043 4059 1189 4106 amat
1217 4051 1358 4122 quod
1386 4051 1602 4123 refugit,
1633 4052 1814 4123 fugere
1835 4049 2043 4104 videtur
2069 4046 2210 4118 quod

608 4146 775 4195 amat.
795 4170 860 4180 —
885 4138 1187 4197 Videamus
1216 4141 1449 4196 Paulum
1478 4141 1754 4214 quomodo
1783 4145 1927 4195 amet
1955 4135 2103 4212 quod
2130 4153 2209 4193 re-

609 4231 773 4303 fugit,
807 4228 1088 4301 quomodo
1117 4228 1356 4300 refugiat
1382 4230 1530 4304 quod
1555 4237 1720 4287 amat.
1753 4229 1848 4285 Ait
1877 4229 2023 4284 enim
2059 4245 2070 4283 :
2113 4227 2211 4282 De-

609 4318 862 4374 sideriu-m
891 4316 1082 4372 habens
1111 4318 1350 4387 dissolvi,
1381 4325 1564 4375 etcum
1599 4319 1808 4376 Christo
1840 4335 1945 4374 esse
1983 4316 2208 4390 (Philip.

611 4425 651 4477 ι,
683 4407 799 4480 23).
845 4407 937 4474 Et,
968 4407 1102 4465 Mihi
1144 4408 1316 4463 vivere
1349 4409 1592 4465 Christus
1627 4416 1719 4479 est,
1765 4415 1811 4464 et
1837 4408 1978 4463 mori
2007 4409 2212 4463 lucrum

614 4501 802 4574 (Ibid.,
833 4498 947 4571 21).
979 4500 1050 4555 Et
1079 4507 1261 4556 tamen
1291 4501 1428 4558 dicit
1453 4521 1464 4559 :
1512 4504 1616 4572 Qui
1641 4521 1823 4561 sumus
1848 4504 1906 4560 in
1934 4504 2027 4559 hoc
2055 4501 2215 4557 habi-

614 4595 806 4659 tacula,
836 4591 1217 4662 ingemiscimus
1243 4595 1476 4665 gravati,
1505 4613 1562 4651 eo
1591 4599 1732 4668 quod
1759 4599 2005 4652 nolumus
2032 4610 2212 4665 ewspo-

615 4683 762 4750 liari,
781 4681 869 4736 sed
883 4681 1243 4752 supervestiri,
1267 4689 1327 4736 ut
1353 4683 1697 4740 absorbeatur
1724 4685 1864 4756 quod
1890 4684 2114 4739 mortale
2141 4687 2217 4738 est

613 4793 647 4832 a
675 4777 785 4831 vita
814 4777 839 4846 (
844 4775 908 4832 II
937 4773 1062 4830 Cor.
1099 4791 1154 4842 v,
1187 4773 1268 4844 4).
1302 4773 1442 4829 Ecce
1476 4784 1530 4830 et
1555 4776 1696 4831 mori
1727 4775 2020 4843 desiderat,
2055 4781 2110 4830 et
2135 4781 2213 4830 ta-

615 4882 742 4923 men
773 4880 934 4923 carne
963 4861 1261 4935 exspoliari
1303 4861 1585 4920 formidat.
1618 4865 1728 4922 Cur
1756 4865 1904 4921 hoc?
1941 4864 2082 4932 Quia
2111 4865 2213 4922 etsi

615 4956 854 5014 victoria
881 4955 939 5011 in
971 4961 1293 5027 perpetuum
1321 4950 1585 5024 laetiﬁcat,
1618 4955 1734 5027 ipsa
1760 4955 2127 5012 nihilominus
2145 4955 2214 5012 ad

617 5063 854 5120 prasens
883 5063 1042 5121 pana
1083 5041 1398 5120 perturbat;
1447 5055 1503 5104 et
1532 5047 1788 5120 quamvis
1830 5046 2016 5105 vincat
2061 5064 2216 5105 amor

693 5281 707 5316 ¹
741 5276 1016 5348 Laudun.,
1048 5279 1175 5352 quia
1203 5279 1350 5352 mala
1377 5277 1498 5352 vita
1522 5279 1745 5336 consilia
1764 5280 2059 5338 contemnit.
2090 5282 2213 5338 Duo

619 5351 834 5478 Gai-mu
879 5352 1042 5424 paulo
1056 5349 1200 5408 ante
1225 5351 1306 5410 sic
1334 5349 1540 5408 habent
1571 5369 1584 5408 :
1636 5352 1726 5408 sed
1751 5369 1914 5425 equus
1940 5354 2040 5409 Dei
2067 5359 2142 5409 est
2167 5359 2216 5409 et

619 5440 652 5478 ι)
727 5441 775 5478 r.

615 5440 775 5496 pnar.

692 5496 713 5528 ³
743 5495 913 5551 Laud.
925 5539 939 5564 ,
970 5495 1254 5551 desiderat.

695 5568 716 5600 ³
744 5566 974 5639 Turon.,
1017 5568 1152 5639 pler.
1200 5567 1412 5635 Norm.,
1458 5566 1655 5637 Laud.,
1706 5567 1830 5625 Val.
1872 5568 1982 5635 Cl.,
2027 5567 2214 5625 Germ.

620 5637 755 5704 duo,
781 5637 1131 5696 Prwdicatori
1156 5645 1334 5694 sancto
1363 5639 1444 5697 de.

696 5712 715 5744 ⁸
747 5710 825 5767 Ita
857 5711 982 5767 Mss.
1015 5707 1177 5767 Corb.
1212 5708 1424 5779 Germ.,
1465 5711 1681 5780 Norm.,
1713 5711 1944 5782 Turon.,
1975 5711 2214 5772 Vindoc.

2318 1807 2613 1877 sumimus,
2649 1809 2782 1865 certi
2831 1817 3012 1865 autem
3061 1810 3127 1866 de
3174 1809 3527 1885 subsequenti
3577 1812 3750 1868 salute
3780 1826 3912 1883 gau-

2319 1893 2531 1952 demus.
2558 1897 2700 1964 Quia
2715 1898 2862 1953 enim
2889 1899 3177 1970 pervenire
3197 1917 3398 1972 corpus
3417 1902 3579 1958 aliter
3598 1899 3667 1956 ad
3687 1900 3910 1957 salutem

2316 2001 2425 2039 non
2459 1987 2622 2054 valet,
2655 1987 2712 2042 in
2745 1995 2878 2059 potu
2910 1988 3043 2044 libet
3067 1989 3233 2045 etiam
3277 1991 3426 2062 quod
3454 1991 3638 2047 taedet.
3673 1989 3914 2060 Cumque

2315 2073 2671 2129 amaritudini
2702 2075 2880 2131 inesse
2905 2077 3075 2131 vitam
3109 2078 3328 2133 animus
3354 2079 3644 2150 conspicit,
3681 2092 3913 2134 maerore

2315 2161 2565 2218 turbatus
2585 2162 2885 2220 hilarescit.
2920 2164 3147 2221 Dicatur
3173 2182 3301 2237 ergo
3327 2183 3338 2222 :
3380 2167 3477 2223 Ubi
3501 2167 3738 2222 audierit
3753 2164 3917 2220 bucci-

2313 2268 2457 2319 nam,
2489 2251 2618 2306 dicit
2648 2253 2776 2320 Vah,
2811 2253 2939 2326 quia
2958 2253 3285 2326 pradicator
3310 2255 3470 2311 fortis
3499 2255 3722 2326 cognito
3752 2262 3917 2310 certa-

2316 2340 2483 2396 minis
2527 2341 2747 2406 nuntio,
2789 2343 2894 2399 etsi
2923 2351 2985 2399 ut
3022 2343 3190 2400 homo
3220 2347 3240 2380 ⁵
3275 2345 3343 2401 ad
3375 2345 3487 2400 vim
3523 2343 3917 2417 persecutionis

2312 2429 2572 2502 trepidat,
2617 2447 2714 2504 per
2739 2433 2854 2503 spei
2901 2440 3084 2489 tamen
3114 2433 3502 2490 certitudinem
3533 2433 3602 2490 ad
3631 2433 3914 2506 praemium

2314 2521 2780 2577 remunerationis
2797 2523 3060 2580 exsultat.
3092 2523 3198 2579 Sed
3221 2540 3564 2598 nequaquam
3587 2525 3655 2580 ad
3678 2523 3783 2579 hoc
3804 2536 3914 2594 pas-

2315 2609 2488 2665 sionis
2523 2608 2732 2666 bellum
2783 2611 3146 2668 inconcussus
3188 2615 3471 2679 existeret,
3513 2613 3619 2669 nisi
3669 2609 3912 2668 eamdem

2315 2699 2627 2770 passionem
2649 2701 2864 2758 intenta
2879 2704 3210 2776 cogitatione
3231 2703 3548 2759 meditando
3571 2699 3914 2774 praveniret.

2313 2788 2518 2844 Malum
2550 2807 2788 2864 namque
2814 2793 2960 2864 quod
2981 2793 3216 2848 consilio
3238 2793 3595 2864 pravenitur,
3617 2785 3916 2846 decertanti

2313 2885 2507 2933 contra
2535 2895 2591 2934 se
2638 2880 2827 2936 animo
2873 2897 2943 2935 ex
2987 2881 3198 2936 ratione
3245 2878 3560 2950 subjicitur,
3603 2879 3737 2950 quia
3767 2884 3919 2934 tanto

2315 2967 2544 3040 quisque
2579 2969 2764 3025 minus
2810 2970 3140 3026 adversitate
3183 2968 3447 3035 vincitur,
3480 2974 3687 3040 quanto
3727 2975 3921 3023 contra

2312 3057 2462 3114 illam
2484 3057 2820 3130 prasciendo
2838 3068 3054 3132 paratus
3074 3057 3376 3113 invenitur.
3409 3056 3561 3129 Sape
3581 3055 3731 3112 enim
3755 3071 3922 3128 grave

2311 3149 2528 3205 timoris
2567 3148 2783 3220 pondus
2812 3166 2914 3204 usu
2946 3149 3233 3220 levigatur,
3267 3163 3410 3219 saepe
3444 3162 3593 3202 mors
3623 3145 3748 3218 ipsa
3777 3145 3921 3202 sicut

2314 3238 2594 3311 inopinata
2625 3239 2931 3310 perturbat,
2973 3239 3051 3294 ita
3077 3237 3477 3294 deliberatione
3506 3243 3792 3308 praventa
3819 3234 3918 3290 la-

2311 3329 2502 3384 tiﬁcat.
2539 3328 2690 3384 Unde
2720 3336 2774 3383 et
2803 3335 2947 3384 recte
2977 3327 3044 3383 de
3075 3326 3180 3383 hoc
3209 3343 3350 3399 equo
3379 3325 3740 3398 subjungitur
3773 3343 3785 3381 :

2383 3419 2519 3474 Iam.
2551 3449 2621 3459 —
2655 3423 2843 3481 1029
2873 3419 3071 3497 Procul
3099 3419 3360 3472 odoratur
3387 3417 3597 3472 bellum.

2388 3519 2473 3574 71.
2514 3518 2600 3573 Ad
2647 3517 3025 3590 reportandam
3079 3516 3354 3572 victoriam
3402 3520 3660 3570 certamen
3716 3507 3918 3584 pravi-

2315 3609 2684 3666 deatur.—Ac
2712 3608 2758 3663 si
2787 3609 3031 3680 apertius
3053 3606 3272 3664 dicatur
3298 3625 3309 3662 :
3339 3606 3552 3664 Idcirco
3581 3606 3604 3641 ⁶
3633 3599 3915 3678 quodlibet

2318 3706 2594 3757 certamen
2636 3706 2956 3772 exsuperat,
2999 3700 3129 3772 quia
3176 3705 3416 3752 mentem
3461 3695 3758 3752 certamini
3796 3696 3914 3746 ante

2316 3799 2594 3847 certamen
2640 3798 2810 3863 parat.
2865 3789 3078 3860 Bellum
3123 3788 3323 3860 quippe
3370 3786 3560 3858 procul
3590 3782 3812 3841 odorari
3839 3786 3915 3835 est

2317 3878 2547 3934 adversa
2576 3893 2804 3950 quaque
2835 3877 2994 3949 longe
3023 3876 3206 3958 adhuc
3234 3877 3411 3950 posita
3451 3873 3748 3948 cogitando
3772 3884 3915 3944 pra-

2317 3983 2561 4035 noscere,
2621 3983 2691 4023 ne
2732 3967 2961 4022 fortasse
3013 3966 3236 4022 valeant
3291 3965 3593 4038 improvisa
3637 3973 3911 4036 superare.

2318 4057 2434 4114 Hoc
2464 4056 2671 4112 bellum
2696 4055 2889 4128 procul
2919 4055 3139 4113 odorari
3169 4055 3472 4128 discipulos
3498 4053 3702 4110 Paulus
3730 4049 3917 4128 admo-

2319 4145 2502 4212 nebat,
2525 4161 2651 4202 cum
2667 4145 2907 4202 diceret:
2945 4146 3286 4218 Vosmetipsos
3305 4152 3492 4201 tentate
3510 4145 3554 4199 si
3573 4142 3695 4198 estis
3715 4141 3772 4195 in
3791 4137 3913 4210 ﬁde.

2317 4233 2421 4305 ipsi
2449 4251 2539 4289 vos
2563 4235 2783 4307 probate
2816 4234 2905 4306 (II
2925 4234 3049 4291 Cor.
3078 4251 3201 4300 xm,
3223 4235 3305 4308 5).
3338 4235 3420 4290 Ac
3441 4233 3489 4290 si
3518 4236 3700 4304 aperte
3728 4224 3912 4301 praci-

2319 4332 2491 4396 peret,
2523 4324 2740 4380 dicens:
2773 4324 3218 4380 Persecutionum
3249 4323 3547 4380 certamina
3575 4321 3644 4377 ad
3674 4326 3909 4377 mentem

2321 4411 2656 4482 reducite,et
2675 4411 2857 4469 cordis
2876 4413 3044 4468 vestri
3067 4412 3262 4468 intima
3278 4420 3440 4484 atque
3451 4411 3666 4468 occulta
3686 4421 3910 4482 pensan-

2324 4510 2423 4571 tes,
2456 4504 2644 4577 quales
2671 4503 2813 4559 inter
2837 4501 3106 4575 supplicia
3128 4502 3361 4558 existere
3390 4501 3618 4557 valeatis
3646 4499 3910 4554 invenite.

2323 4594 2440 4651 Hoc
2467 4594 2674 4650 bellum
2707 4593 2881 4650 sancti
2910 4592 3016 4648 viri
3048 4591 3236 4663 procul
3267 4590 3587 4658 odorantur,
3614 4585 3835 4664 quando
3861 4591 3913 4638 et

2323 4683 2380 4739 in
2412 4701 2541 4756 pace
2572 4681 2900 4740 universalis
2929 4682 3188 4738 Ecclesia
3209 4681 3394 4754 positi,
3416 4680 3504 4736 vel
3528 4679 3910 4736 hareticorum

2322 4773 2485 4840 bella,
2521 4773 2606 4828 vel
2650 4771 3000 4828 imminentia
3027 4771 3094 4827 ab
3125 4769 3441 4826 infidelibus
3471 4769 3911 4843 persecutionum

2323 4869 2599 4920 tormenta
2637 4860 3004 4932 conspiciunt.
3042 4860 3147 4928 Qui
3180 4859 3311 4916 dum
3351 4866 3496 4916 recte
3526 4859 3747 4926 vivunt,
3779 4865 3913 4924 sape

2325 4970 2423 5026 pro
2452 4952 2612 5008 bonis
2642 4953 2785 5007 mala
2815 4951 3108 5024 recipiunt,
3132 4950 3534 5007 detractionum
3555 4943 3914 5005 contumelias

2325 5042 2709 5116 aquanimiter
2736 5041 2942 5110 ferunt,
2975 5049 3037 5100 ut
3057 5059 3103 5099 sn
3123 5041 3523 5115 persecutionis
3550 5040 3766 5098 occasio
3792 5049 3914 5107 snp-

2322 5288 2376 5338 et
2404 5279 2579 5338 Laud.
2599 5278 2782 5337 Germ.
2811 5279 2975 5337 habet
2996 5279 3188 5347 traxit,
3211 5279 3440 5345 nomine,
3461 5285 3566 5336 etc.
3586 5275 3741 5336 Editi
3761 5284 3911 5340 vera,

2325 5355 2494 5410 traxit
2519 5354 2765 5409 nominis.

2395 5427 2417 5461 ⁸
2449 5425 2603 5498 Editi
2633 5433 2750 5481 tum
2783 5432 2892 5498 vet.
2939 5431 3067 5498 tum,
3088 5432 3291 5482 recent.
3340 5442 3466 5484 cum
3505 5421 3673 5498 duob.
3693 5421 3914 5498 ρει-φοι

2323 5497 2525 5570 adsim
2547 5497 2920 5570 percussionis,
2946 5497 3165 5570 melius,
3186 5498 3582 5570 persecutionis,
3614 5495 3672 5551 in
3693 5491 3914 5549 Ebroic.

2324 5567 2564 5638 aliisque
2583 5569 2797 5638 Norm.,
2828 5567 3088 5638 Vindoc.,
3117 5567 3314 5637 Laud,
3344 5578 3450 5627 etc.

2398 5641 2420 5675 ⁶
2450 5638 2710 5708 Vindoc.,
2741 5641 3006 5712 quodlibet
3033 5641 3241 5697 bellum.
