4156 6178
295 264 404 322 613

1036 264 1410 323 MORALIUM
1450 266 1582 323 LIB.
1618 264 1830 322 XXXI.
1870 296 1941 307 —
1977 264 2050 323 IN
2114 263 2340 323 CAPUT
2379 265 2622 321 XXXIX
2661 265 2721 321 Β.
2764 266 2907 321 JOB.

3511 267 3614 327 614

291 399 464 467 petat,
504 397 659 447 tanto
693 389 819 447 illos
850 390 1103 448 fortiores
1140 392 1314 464 aperti
1354 392 1537 450 hostes
1576 391 1883 461 inveniant,
1913 393 1964 453 A
1991 391 2107 449 dux
2122 391 2503 465 ﬁdei,qualem
2521 407 2577 449 se
2590 389 2761 464 possit
2777 406 2846 446 ex
2862 388 3063 448 bibere
3084 392 3617 462 uarravimus,uunc

292 488 506 557 quanto
552 497 644 538 eos
676 487 729 537 et
763 481 909 538 intra
936 481 1238 539 Ecclesiam
1276 482 1540 540 falsorum
1568 482 1800 540 fratrum
1823 481 1903 556 ja-

292 573 422 631 cula
450 588 565 627 non
592 580 928 644 expugnant.
958 572 1097 629 Nam
1128 573 1274 646 quia
1298 581 1443 630 statu
1472 574 1750 646 patientiae
1779 582 1904 630 ante

291 663 615 735 linguarum
631 662 861 717 vulnera
877 662 1104 732 corruit,
1125 663 1237 735 ipse
1253 663 1359 720 sibi
1373 664 1525 720 testis
1536 673 1617 720 est
1632 663 1761 736 quia
1775 679 1903 719 con-

291 762 382 810 tra
414 754 429 787 ¹
466 750 773 808 manifestae
800 753 1201 825 persecutionis
1242 753 1451 826 gladios
1487 770 1600 810 non
1630 754 1899 811 subsistit.

291 842 441 912 Quia
487 857 616 914 ergo
664 840 754 897 vir
792 843 892 899 Dei
931 844 1263 900 exercitatus
1308 842 1669 916 praesentibus
1713 851 1905 901 contra

291 940 554 1001 ventura,
581 939 637 988 et
664 933 999 989 exercitatus
1028 933 1276 990 minimis
1303 943 1493 991 contra
1522 932 1730 1007 majora
1758 933 1905 989 niti-

292 1032 407 1093 tur,
445 1029 592 1079 recte
623 1021 691 1078 de
722 1038 864 1096 equo
890 1023 989 1079 Dei
1009 1022 1220 1082 dictum
1250 1031 1350 1094 est,
1375 1022 1523 1098 quod
1546 1023 1754 1082 bellum
1781 1039 1903 1097 pro-

293 1113 387 1170 cul
418 1112 705 1170 odoratur.
737 1111 997 1186 Sequitur
1020 1130 1031 1168 :

830 1200 1058 1259 CAPUT
1098 1202 1362 1261 XXXIV.

366 1292 507 1350 Iam.
539 1321 612 1334 —
638 1290 1082 1349 Emhortationem
1110 1292 1321 1362 ducum,
1364 1297 1414 1348 et
1438 1291 1704 1348 ululatum
1741 1307 1904 1347 exer-

294 1381 451 1437 citus.

368 1470 457 1527 72.
477 1468 917 1527 Subodorandum
929 1469 1058 1542 quid
1070 1475 1307 1527 auctores
1321 1486 1587 1539 errorum,
1604 1470 1733 1541 quid
1752 1469 1905 1526 turba

296 1560 428 1633 ipsis
449 1559 658 1616 subdita
674 1561 882 1631 possint
906 1560 1161 1617 insanire.
1185 1591 1255 1601 —
1274 1561 1451 1617 Duces
1474 1559 1713 1616 adversm
1736 1561 1905 1632 partis

297 1657 432 1706 sunt
453 1650 657 1706 erroris
685 1659 956 1719 auctores,
995 1649 1061 1706 de
1091 1650 1295 1724 quibus
1322 1665 1419 1722 per
1449 1648 1794 1707 Psalmistam
1824 1647 1903 1705 di-

296 1740 446 1798 citur
470 1758 482 1796 :
530 1741 722 1811 Effusa
751 1745 825 1795 est
863 1740 885 1775 ³
917 1740 1174 1795 contentio
1204 1757 1365 1812 super
1390 1740 1659 1813 principes
1688 1755 1903 1809 eorum,
1936 1760 1983 1821 Β

298 1830 319 1865 ³
349 1835 399 1885 et
422 1829 743 1885 seduxerunt
769 1845 855 1884 eos
894 1846 1036 1885 cana
1055 1846 1257 1895 eorum,
1292 1836 1341 1884 et
1368 1846 1552 1885 errare
1579 1828 1701 1899 fecit
1728 1845 1813 1884 eos
1846 1827 1905 1883 in

292 1918 469 1987 invio,
499 1925 547 1973 et
570 1935 672 1974 non
692 1917 750 1972 in
768 1919 859 1974 via
876 1919 1058 1989 (Psal.
1089 1936 1199 1987 cvr,
1231 1918 1347 1991 40).
1371 1919 1449 1974 De
1478 1917 1681 1991 quibus
1709 1933 1806 1989 per
1824 1931 1903 1971 se-

298 2010 436 2065 meti
440 2025 588 2082 psam
613 2009 828 2067 Veritas
848 2008 1005 2066 dicit:
1032 2009 1209 2065 Cacus
1231 2009 1279 2064 si
1299 2025 1428 2064 cwco
1445 2008 1693 2064 ducatum
1716 2009 1737 2043 ⁴
1749 2025 1904 2079 prcc-

300 2099 401 2165 bet,
431 2099 580 2155 ambo
609 2099 665 2154 in
706 2098 912 2170 foveam
948 2099 970 2134 ⁸
1011 2098 1207 2155 cadunt
1242 2098 1456 2171 (Matth.
1490 2113 1587 2166 xv,
1636 2096 1751 2168 14).
1795 2097 1905 2152 Hos

301 2197 481 2245 autem
526 2188 693 2246 duces
735 2191 1012 2246 exercitus
1063 2189 1316 2262 sequitur
1352 2203 1651 2260 pravorum
1695 2186 1907 2243 scilicet

298 2278 484 2350 turba,
507 2296 629 2353 qua:
650 2280 860 2353 iniquis
880 2295 1069 2335 eorum
1099 2277 1563 2352 prmeeptionibus
1583 2276 1903 2333 famulatur.

299 2368 616 2426 Notandum
648 2384 866 2442 quoque
888 2368 1037 2441 quod
1068 2367 1235 2425 duces
1265 2367 1569 2437 exhortari,
1601 2366 1907 2423 exercitum

298 2474 439 2515 vero
482 2458 623 2515 dicit
662 2458 899 2525 ululare,
931 2458 1062 2529 quia
1089 2457 1350 2514 videlicet
1377 2456 1439 2512 bi
1468 2457 1564 2529 qui
1593 2455 1910 2511 inﬁdelibus

298 2548 393 2603 vel
427 2546 710 2602 haereticis
740 2553 985 2618 praesunt
1022 2561 1189 2616 prava
1224 2561 1345 2618 quae
1376 2545 1553 2600 teneri
1581 2544 1912 2617 praecipiunt

299 2635 467 2707 quasi
490 2647 562 2689 ex
588 2634 799 2691 ratione
830 2633 1178 2707 persuadent.
1201 2633 1383 2690 Turba
1410 2650 1543 2691 vero
1562 2633 1641 2690 eis
1670 2631 1907 2705 subdita,

297 2721 439 2795 quia
484 2720 606 2777 sine
642 2720 858 2793 judicio
903 2736 1092 2778 eorum
1123 2737 1286 2778 voces
1324 2722 1591 2795 sequitur,
1640 2720 1771 2778 dum
1818 2738 1913 2794 per

301 2809 657 2868 confusionis
687 2812 959 2867 insaniam
988 2812 1299 2883 perstrepit,
1328 2811 1549 2868 bestiali
1579 2820 1761 2869 mente
1790 2812 1910 2868 ulu-

303 2900 419 2955 lare
445 2898 789 2972 perhibetur.
816 2899 988 2971 Lupis
1013 2900 1214 2972 quippe
1244 2899 1463 2972 proprie
1490 2900 1738 2957 ululatus
1765 2915 1912 2959 con-

305 2989 477 3046 venit.
526 2988 599 3045 Et
643 2989 774 3062 quia
822 2998 1054 3046 caterva;
1101 2989 1460 3062 reproborum
1509 2999 1702 3047 contra
1737 2990 1910 3046 vitam

307 3094 595 3151 moresque
625 3077 874 3135 ﬁdelium
905 3079 1021 3135 sola
1041 3079 1337 3152 rapacitate
1366 3078 1606 3148 inhiant,
1629 3080 1784 3153 quasi
1816 3095 1912 3152 per

306 3169 578 3226 ululatum
610 3170 869 3227 clamant.
909 3168 1050 3243 [Vet.
1098 3169 1358 3245 XXVII.]
1402 3171 1594 3244 Equus
1637 3187 1764 3242 ergo
1812 3170 1911 3226 Dei

307 3257 754 3316 exhortationem
780 3257 985 3316 dueum
1025 3266 1080 3315 et
1112 3260 1386 3315 ululatum
1416 3260 1692 3317 exercitus
1719 3259 1911 3333 procul

308 3349 594 3419 odoratur,
643 3348 776 3405 dum
820 3355 1041 3405 sanctus
1086 3349 1318 3422 quisque
1373 3348 1698 3422 praedicator
1753 3349 1913 3420 longe

307 3446 434 3496 ante
479 3438 796 3496 considerat
834 3437 970 3511 quid
1018 3439 1105 3494 vel
1154 3445 1403 3496 auctores
1445 3454 1693 3495 errorum
1722 3447 1916 3495 contra

308 3529 511 3584 electos
561 3528 782 3584 valeant
836 3527 1152 3599 praecipere,
1209 3528 1299 3583 vel
1353 3527 1515 3584 turba
1567 3528 1646 3584 eis
1695 3526 1917 3583 subdita

306 3633 474 3691 quam
494 3617 667 3691 possit
685 3616 1001 3672 immaniter
1019 3615 1279 3672 insanire.
1302 3617 1456 3673 Hanc
1471 3616 1916 3672 exhortationem

308 3709 518 3767 ducum
559 3708 890 3766 odorabatur
926 3708 1149 3776 Paulus,
1181 3724 1308 3764 cum
1338 3707 1575 3764 diceret:
1610 3708 1715 3763 Per
1743 3707 1918 3763 dulces

306 3817 572 3857 sermones
606 3806 654 3856 et
672 3797 1053 3856 benedictiones
1090 3797 1341 3853 seducunt
1376 3797 1537 3854 corda
1568 3796 1918 3853 innocentium

314 3890 495 3962 (Rom.
528 3905 651 3959 xvr,
685 3890 796 3963 18).
841 3889 1003 3946 Hunc
1031 3888 1305 3944 ululatum
1336 3887 1612 3944 exercitus
1642 3884 1918 3943 odorabu-

311 3984 428 4048 tur,
456 3976 683 4035 dicens:
731 3976 1018 4033 Intrabunt
1055 3983 1178 4048 post
1205 3975 1565 4033 discessionem
1595 3993 1763 4031 meam
1809 3973 1920 4047 lupi

310 4083 501 4140 graves
528 4067 587 4122 in
613 4083 707 4123 vos
738 4066 885 4137 (Act.
915 4082 1012 4123 xx.
1064 4065 1179 4139 29).
1211 4065 1672 4123 Exhortationem
1713 4063 1918 4121 ducum

312 4155 577 4213 odoratus
620 4165 702 4214 est
731 4156 943 4226 Petrus,
988 4172 1114 4213 cum
1153 4155 1222 4213 de
1251 4153 1580 4229 quibusdam
1619 4152 1920 4225 discipulos

313 4246 661 4316 admoneret,
692 4247 880 4304 dicens
906 4264 917 4303 :
962 4247 1029 4303 In
1064 4246 1302 4301 avaritia
1326 4246 1461 4317 ﬁctis
1488 4244 1660 4300 verbis
1687 4244 1750 4299 de
1775 4243 1923 4299 vobis

312 4338 723 4410 negotiabantur
748 4338 845 4411 (II
859 4337 972 4392 Pet.
1006 4353 1067 4405 ιι,
1100 4335 1180 4408 3).
1212 4334 1493 4391 Ululatum
1524 4348 1742 4407 quoque
1770 4348 1922 4390 exer-

312 4429 459 4485 citus
493 4425 848 4496 odorabatur,
878 4442 1004 4484 cum
1036 4424 1415 4499 praemitteret,
1455 4421 1682 4481 dicens:
1732 4428 1922 4486 1030

312 4524 391 4581 Et
416 4525 573 4581 multi
601 4531 882 4597 sequentur
909 4541 1090 4591 eorum
1112 4523 1384 4590 luxurias,
1401 4536 1501 4593 per
1526 4536 1656 4591 quos
1675 4519 1764 4576 via
1790 4521 1925 4577 veri-

315 4616 441 4671 tatis
461 4617 855 4689 blasphematur
883 4613 1080 4688 (Ibid.,
1117 4613 1200 4685 2).

391 4704 535 4780 [Rec.
568 4704 777 4780 XVII.]
805 4704 890 4762 73.
915 4702 1186 4762 Fidelibus
1199 4698 1682 4770 accommodantur,
1715 4715 1833 4774 qua:
1864 4698 1926 4758 de

308 4794 757 4867 prmdicatoribus
784 4801 837 4851 et
861 4794 1161 4851 doctoribus
1178 4798 1302 4849 sunt
1328 4792 1487 4849 dicta.
1511 4823 1581 4833 —
1600 4792 1773 4864 Igitur
1797 4792 1926 4864 quia

314 4894 542 4944 sanctus
552 4885 784 4961 quisque
797 4884 1123 4959 praedicator
1132 4892 1295 4957 atque
1306 4882 1364 4939 in
1380 4880 1925 4955 persecutionisbello

396 5082 414 5121 ί
452 5081 536 5143 Ita
574 5081 701 5143 Mss.
761 5080 953 5142 Nerm.
990 5079 1169 5157 Regii,
1212 5078 1325 5141 duo
1365 5082 1553 5157 Germ.
1598 5078 1755 5157 Editi
1794 5096 1927 5139 vero

318 5158 490 5214 etiam
520 5157 867 5226 vetustiores,
898 5155 1191 5229 manifestae
1214 5155 1924 5229 pe_rcussionis._Lectionern

318 5238 569 5285 nostram
613 5225 877 5301 optimam
911 5245 1024 5285 esse
1047 5225 1390 5300 persuadent
1418 5225 1734 5299 superiora:
1783 5228 1851 5283 Ut
1876 5226 1923 5281 si

314 5302 698 5372 persecutionis
727 5301 926 5356 occasio
958 5305 1219 5372 suppetat,
1247 5305 1350 5355 etc.

398 5373 421 5407 ³
448 5374 537 5429 Ex
565 5372 732 5430 Hebr.
762 5379 920 5428 textu
943 5378 997 5427 ct
1020 5367 1211 5427 Graeca
1234 5370 1483 5426 translat.
1518 5367 1810 5440 legendum
1842 5367 1919 5423 fo-

322 5449 432 5513 ret,
458 5443 790 5517 contemptio.
814 5442 917 5501 Sed
938 5448 1159 5515 propter
1178 5441 1520 5517 unanim_em_,
1541 5446 1662 5496 tum
1680 5440 1924 5517 Excuso-

322 5510 475 5585 rum,
504 5523 623 5573 tum
644 5510 812 5572 manu
826 5510 1174 5585 exaratorum
1208 5511 1278 5585 (si
1295 5510 1456 5570 Corb.
1475 5513 1659 5585 Germ.
1671 5510 1926 5585 excipias

325 5587 388 5644 in
427 5580 538 5661 quo
574 5587 815 5661 secunda
844 5602 1028 5661 manu
1056 5580 1265 5661 legitur
1296 5583 1627 5661 contemptio)
1660 5580 1925 5640 Codicum

326 5655 681 5732 consensum,
727 5659 965 5732 priorem
1017 5655 1307 5713 lectioner
1343 5655 1707 5732 _retinuin_ius_,
1762 5670 1925 5728 quam

326 5730 553 5790 aliunde
568 5747 600 5789 a
622 5726 909 5788 nonnullis
934 5736 1250 5804 usurpatam
1279 5727 1483 5785 scimus
1510 5726 1569 5783 in
1584 5726 1924 5784 Psalmorum

1953 4479 2003 4539 D

2012 481 2114 539 sub
2130 481 2296 556 hujus
2322 482 2446 555 equi
2462 480 2641 553 specie
2668 495 3121 552 unumquemque
3141 479 3348 538 Christi
3379 480 3615 538 militem

2013 572 2406 641 describamus,
2434 578 2495 628 ut
2516 580 2569 628 et
2588 570 2683 644 qui
2711 568 2777 625 ad
2808 567 3218 641 praedicationis
3243 570 3463 627 culmen
3491 586 3616 628 nec-

2012 660 2143 719 dum
2176 678 2232 719 se
2257 659 2571 736 pervenisse
2599 656 2931 726 considerat,
2950 656 3054 714 hac
3071 664 3259 715 tamen
3283 675 3419 716 voce
3441 658 3616 717 domi-

2011 752 2156 821 nica,
2189 751 2235 808 si
2258 749 2376 824 jam
2405 750 2546 807 bene
2575 749 2764 806 vivere
2793 748 3043 821 coeperit,
3074 763 3395 821 expressum
3425 764 3483 806 se
3502 766 3618 806 esse

2013 849 2323 914 cognoscat,
2385 847 2654 914 quatenus
2707 838 2841 894 hinc
2896 836 3119 910 colligat
3174 846 3443 912 quantum
3500 839 3614 894 Deo

2011 939 2175 1001 notus
2217 931 2308 1000 sit,
2355 931 2402 987 si
2444 930 2514 987 ad
2543 928 2751 1003 majora
2776 927 3108 1002 pervenerit,
3151 944 3312 1002 quem
3340 927 3620 1000 signanter

2010 1024 2156 1079 Deus
2172 1023 2356 1096 eloqui
2376 1038 2478 1078 nec
2497 1022 2557 1077 in
2575 1019 2822 1076 minimis
2852 1018 3242 1093 praetermittit.
3273 1016 3501 1091 Singula
3520 1017 3619 1075 ita-

2012 1129 2117 1186 que
2160 1130 2279 1185 quae
2316 1112 2383 1168 de
2422 1128 2563 1185 equo
2610 1109 2760 1167 dicta
2802 1117 2932 1166 sunt
2977 1116 3249 1182 repentes,
3298 1108 3619 1166 intimemus

2012 1199 2290 1274 quomodo
2316 1199 2474 1255 miles
2508 1198 2608 1256 Dei
2634 1216 2665 1255 a
2692 1197 2958 1271 primaeva
2988 1197 3411 1255 conversatione
3438 1195 3618 1271 proﬁ—

2010 1290 2140 1358 ciat,
2172 1288 2449 1362 quomodo
2479 1305 2511 1345 a
2545 1287 2796 1344 minimis
2834 1286 2905 1344 ad
2934 1284 3143 1360 majora
3172 1293 3496 1356 succrescat,
3529 1287 3618 1342 vel

2011 1379 2212 1453 quibus
2244 1378 2503 1451 gradibus
2531 1376 2600 1435 ab
2621 1376 2829 1435 inﬁmis
2855 1377 2927 1435 ad
2945 1393 3183 1450 superna
3201 1375 3505 1451 perveniat.
3527 1375 3617 1434 Di-

2013 1478 2170 1529 catur
2198 1486 2327 1543 ergo
2352 1487 2363 1525 :

2555 1557 2781 1617 CAPUT
2832 1555 3072 1615 XXXV.

2085 1647 2257 1705 Vnus.
2279 1648 2364 1705 19.
2400 1678 2471 1690 —
2496 1647 2753 1719 Nunquid
2775 1645 3030 1720 prrebebis
3067 1662 3197 1719 equo
3225 1641 3616 1717 fortitudinem,

2012 1742 2108 1791 aut
2135 1736 2486 1793 circumdabis
2512 1738 2648 1793 collo
2677 1736 2790 1806 ejus
2819 1735 3084 1792 hinnitum
3101 1731 3131 1789 ?

2086 1824 2171 1882 74.
2203 1826 2425 1883 Militem
2453 1826 2553 1881 Dei
2573 1825 2811 1898 primum
2837 1831 3009 1880 armet
3036 1824 3184 1898 ﬁdes.
3208 1853 3280 1866 —
3303 1820 3615 1894 Unicuique

2014 1916 2231 1983 animae,
2267 1916 2288 1951 ⁸
2316 1915 2405 1971 cui
2434 1915 2703 1971 Dominus
2732 1912 3164 1970 misericorditer
3191 1912 3469 1985 praesidet,
3493 1916 3621 1966 ante

2015 2003 2201 2060 omnia
2227 2002 2355 2061 ﬁdei
2386 2002 2768 2059 fortitudinem
2792 2002 3019 2075 praebet,
3050 2001 3117 2058 de
3147 2017 3255 2075 qua
3283 2001 3477 2057 Petrus
3506 1999 3614 2055 ait:

2016 2092 2372 2150 Adversarius
2398 2098 2565 2149 vester
2591 2092 2855 2162 diabolus,
2891 2092 3033 2148 sicut
3062 2093 3139 2149 leo
3168 2091 3404 2163 rugiens,
3435 2089 3623 2146 circuit

2016 2202 2256 2258 qurerens
2275 2201 2429 2255 quem
2445 2185 2675 2249 devoret;
2689 2183 2775 2239 cui
2798 2182 3022 2239 resistite
3050 2182 3213 2253 fortes
3241 2182 3297 2237 in
3312 2182 3415 2254 ﬁde
3437 2181 3491 2253 (1
3505 2181 3620 2236 Pet.

2016 2291 2074 2343 v,
2106 2274 2185 2347 8).
2215 2273 2356 2330 Huic
2374 2280 2557 2330 autem
2577 2273 2895 2330 fortitudini
2915 2271 3169 2328 hinnitus
3188 2270 3462 2344 jungitur,
3488 2268 3621 2326 dum

2018 2362 2082 2421 ﬁt
2102 2361 2249 2437 quod
2268 2363 2533 2436 scriptum
2554 2372 2653 2420 est:
2680 2363 2849 2421 Corde
2867 2362 3101 2418 creditur
3126 2362 3199 2418 ad
3217 2361 3511 2432 justitiam,
3533 2376 3624 2415 ore

2018 2459 2193 2511 autem
2212 2453 2465 2526 confessio
2486 2455 2545 2527 ﬁt
2563 2454 2634 2510 ad
2654 2454 2875 2511 salutem
2894 2453 3070 2525 (Rom.
3094 2468 3151 2520 x,
3181 2451 3294 2524 10).
3323 2448 3582 2524 Sequitur
3606 2466 3618 2506 :

2322 2542 2551 2601 CAPUT
2587 2540 2830 2600 xxxvr
2861 2541 3000 2616 [νει.
3030 2539 3319 2616 XXVIII].

2090 2631 2262 2689 Vnus.
2310 2631 2399 2690 20.
2440 2663 2510 2675 —-
2562 2631 2818 2704 Nunquid
2858 2630 3136 2687 suscitabis
3178 2646 3295 2686 eum
3345 2632 3502 2702 quasi
3552 2628 3623 2685 lo-

2021 2723 2239 2779 castas?

2094 2812 2181 2867 75.
2204 2811 2306 2867 Dei
2322 2828 2445 2884 erga
2462 2809 2761 2883 incipientes
2776 2808 3122 2881 indulgentia.
3144 2838 3214 2851 —
3235 2806 3625 2881 Unusquisque

2020 2900 2116 2973 qui
2144 2902 2318 2957 Deum
2359 2900 2631 2974 sequitur,
2662 2899 2719 2955 in
2755 2899 3012 2972 ipsosuo
3052 2897 3283 2955 exordio
3312 2907 3375 2954 ut
3414 2898 3627 2954 locusta

2021 2990 2338 3058 suscitatur,
2362 2990 2491 3062 quia
2507 2990 2607 3045 etsi
2626 2990 2683 3044 in
2704 2987 3034 3061 quihusdam
3055 2985 3367 3043 actionibus
3388 2985 3625 3042 locusta-

2020 3095 2142 3135 rum
2175 3094 2325 3134 more
2362 3075 2522 3133 ﬂexis
2567 3075 2870 3148 poplitibus
2909 3084 3067 3131 terra;
3107 3072 3360 3141 inhaeret,
3401 3072 3459 3128 in
3488 3072 3625 3145 qui-

2021 3167 2252 3225 busdam
2281 3175 2466 3225 tamen
2498 3165 2756 3239 expansis
2783 3164 2886 3221 alis
2923 3179 3039 3221 sese
3070 3163 3129 3220 in
3159 3178 3285 3219 aera
3312 3161 3620 3234 suspendit.

2023 3256 2459 3315 Conversionum
2517 3254 2718 3329 quippe
2757 3254 2938 3324 initia,
2990 3252 3153 3310 bonis
3209 3250 3459 3308 moribus
3515 3267 3628 3307 ma-
3728 3273 3741 3317 η·

2024 3352 2200 3424 lisque
2228 3352 2490 3425 permista
2516 3357 2665 3418 sunt,
2697 3349 2830 3406 dum
2851 3356 2907 3405 et
2932 3364 3077 3405 nova
3097 3345 3213 3420 jam
3240 3363 3338 3420 per
3364 3345 3626 3403 intentio-

2023 3458 2149 3499 nem
2184 3443 2384 3515 agitur,
2414 3452 2467 3499 et
2506 3450 2665 3498 vetus
2710 3440 2894 3498 adhuc
2923 3440 3040 3497 vita
3083 3454 3153 3495 ex
3198 3453 3304 3494 usu
3332 3437 3624 3494 retinetur.

2024 3529 2198 3587 Tanto
2226 3540 2409 3588 autem
2438 3530 2622 3586 minus
2652 3531 2673 3565 ⁷
2706 3528 2986 3602 permistis
3014 3528 3239 3584 interim
3269 3525 3432 3582 malis
3463 3524 3632 3582 laedi-

2025 3637 2171 3689 mur,
2215 3628 2418 3695 quanto
2458 3628 2651 3678 contra
2692 3618 2792 3676 illa
2845 3617 3094 3692 quotidie
3150 3617 3270 3674 sine
3327 3617 3630 3675 cessatione

2025 3725 2353 3782 pugnamus.
2385 3712 2496 3768 Nec
2524 3726 2654 3766 suos
2695 3724 2797 3764 nos
2828 3705 2942 3779 jam
2972 3708 3135 3781 culpa
3163 3705 3430 3775 vindicat,
3472 3704 3632 3778 cujus

2027 3814 2196 3871 pravo
2225 3798 2351 3854 usui
2385 3798 2405 3832 ⁸
2451 3804 2639 3855 nostra
2679 3795 2914 3852 sollicite
2960 3811 3114 3851 mens
3158 3795 3405 3851 resultat.
3447 3793 3632 3849 Minus

2028 3888 2211 3961 itaque
2258 3886 2418 3943 nobis
2465 3886 2856 3943 inchoantibus
2897 3891 3113 3940 terrena
3157 3898 3323 3955 opera
3358 3880 3629 3952 oﬂiciunt,

2030 3978 2159 4053 quia
2188 3976 2245 4033 in
2276 3976 2436 4034 nobis
2459 3974 2669 4033 diutius
2688 3973 2962 4033 demorari
2984 3972 3372 4047 prohibentur.
3393 3970 3633 4029 Proinde

2029 4066 2291 4144 quoniam
2321 4064 2380 4122 in
2422 4065 2542 4139 ipso
2586 4073 2784 4123 nostrae
2812 4060 3192 4123 conversionis
3220 4062 3385 4120 initio
3413 4059 3634 4118 inﬁrma

2030 4156 2280 4230 quaedam
2309 4155 2396 4229 pie
2425 4154 2492 4212 de
2522 4153 2682 4211 nobis
2710 4154 2981 4211 Dominus
2995 4154 3215 4222 tolerat,
3242 4159 3306 4209 ut
3330 4167 3431 4209 nos
3450 4167 3636 4227 quan-

2030 4245 2209 4321 doque
2253 4245 2323 4304 ad
2371 4246 2613 4304 coelestia
2653 4261 2723 4302 ex
2768 4244 3103 4318 perfectione
3145 4242 3431 4317 perducat,
3479 4250 3637 4318 quasi

2029 4336 2270 4395 locustas
2298 4353 2396 4394 nos
2428 4336 2485 4392 in
2516 4335 2745 4393 exordio
2776 4335 3027 4405 suscitat,
3058 4334 3191 4411 quia
3218 4336 3322 4392 etsi
3353 4335 3411 4391 in
3440 4335 3632 4391 volatu

2030 4427 2258 4484 virtutis
2295 4425 2571 4495 sublevat,
2609 4442 2720 4482 non
2748 4433 2933 4481 tamen
2964 4423 3033 4481 de
3062 4426 3269 4483 terreni
3298 4423 3478 4498 operis
3506 4439 3636 4481 casu

2035 4515 2304 4589 desperat.
2339 4515 2598 4588 Sequitur
2620 4533 2632 4571 :

2561 4603 2789 4663 CAPUT
2817 4603 3107 4663 XXXVII.

2104 4696 2241 4756 lato.
2273 4728 2345 4738 —
2376 4694 2569 4753 Gloria
2589 4694 2803 4751 narium
2822 4694 2934 4765 eius
2968 4701 3164 4751 terror.

2108 4790 2194 4847 76.
2230 4789 2535 4846 Inchoantes
2576 4787 2712 4844 inter
2739 4802 2880 4860 spem
2908 4792 2955 4841 et
2985 4791 3178 4841 metum
3202 4781 3385 4854 positi,
3417 4782 3638 4850 propter

2033 4881 2321 4937 certamina
2347 4880 2546 4950 carnis,
2575 4896 2736 4951 quam
2782 4877 2975 4934 idcirco
3017 4874 3234 4946 fortiter
3271 4868 3533 4925 edomant.
3566 4895 3637 4906 —

2034 5088 2400 5154 expositione.

2108 5155 2128 5187 ³
2156 5149 2416 5220 Vindoe.,
2445 5147 2642 5219 Laud.,
2674 5143 2836 5220 Corb.
2871 5143 3078 5220 Germ,
3110 5136 3234 5197 Val.
3272 5133 3381 5204 CL,
3409 5132 3635 5204 Pratel.,

2035 5224 2201 5290 Utic.,
2234 5215 2558 5276 seduxerunt
2583 5215 2666 5274 eos
2694 5219 2750 5273 in
2780 5215 2947 5279 invio,
2976 5221 3080 5268 etc.

2103 5297 2125 5329 ‘
2156 5292 2327 5349 Laud.
2375 5301 2428 5348 et
2456 5292 2566 5347 duo
2596 5290 2806 5355 Germ.,
2830 5291 3061 5358 prazstet.

2103 5367 2124 5439 ἓ
2155 5363 2487 5439 l_)_uo_Germ.
2513 5369 2574 5439 et
2599 5360 2722 5439 Val.
2743 5357 2864 5439 CL,
2894 5357 3095 5439 cadent.

2105 5438 2126 5472 ⁶
2158 5435 2418 5504 Vindoe.,
2448 5431 2860 5504 misericorditer
2887 5428 3148 5504 Dominus
3177 5428 3493 5502 praesidens.

2104 5510 2125 5543 ’⁷
2156 5507 2380 5576 Pratel.,
2403 5501 2649 5579 permisti
2678 5501 2891 5579 interim
2916 5501 3096 5579 malis.

2107 5581 2128 5615 ³
2158 5579 2272 5649 ΑΙ.,
2301 5568 2487 5634 ηοέῐνα
2527 5576 2755 5649 sollicita
2790 5590 2953 5649 meris.
2994 5572 3241 5633 Priorem
3272 5572 3398 5632 lect.
3434 5568 3639 5629 habent

2036 5644 2267 5720 Turon.,
2299 5649 2474 5708 Laud.
2507 5656 2561 5706 et
2591 5646 2754 5706 Corb.
2789 5644 2974 5704 Germ.
