4156 6178
523 175 628 230 615

524 381 802 440 immerito
831 380 1050 436 narium
1094 379 1318 436 nomine
1363 380 1478 452 spei
1525 387 1726 436 nostra:
1764 379 2125 452 cogitationes

525 471 932 546 exprimuntur,
960 470 1162 544 quibus
1194 477 1490 526 venturum
1513 467 1814 542 judicium,
1845 467 1993 542 quod
2023 468 2126 524 etsi

522 563 698 620 oculis
742 561 926 619 adhuc
970 578 1079 617 non
1125 563 1422 629 cernimus,
1465 558 1580 632 jam
1627 569 1812 616 tamen
1855 558 2127 632 sperando

491 651 909 734 'praevidemus.
944 649 1138 707 Omnis
1181 659 1361 706 autem
1401 649 1496 722 qui
1524 649 1662 704 bene
1691 649 1879 705 vivere
1908 647 2124 720 incipit,

524 740 754 797 audiens
800 738 948 812 quod
995 756 1090 811 per
1123 746 1431 795 extremum
1466 737 1741 810 judicium
1781 739 1918 810 justi
1949 737 2018 794 ad
2047 753 2130 792 re.

527 847 694 904 gnum
727 839 1013 896 vocentur,
1055 829 1374 897 hilarescit;
1417 828 1512 884 sed
1543 829 1671 901 quia
1701 827 1952 901 quaedam
1986 827 2130 882 mala

524 919 706 976 adhuc
730 921 746 954 ¹
769 935 838 973 ex
859 918 1108 991 reliquiis
1133 918 1238 974 sibi
1263 919 1439 973 inesse
1459 917 1788 988 considerat,
1819 917 1926 975 hoc
1946 918 2129 990 ipsum

521 1006 818 1080 judicium,
849 1007 915 1064 de
945 1025 1056 1082 quo
1089 1007 1366 1063 exsultare
1399 1005 1644 1072 inchoat,
1689 1007 2128 1080 appropinquare

527 1096 808 1154 formidat.
851 1097 1038 1154 Vitam
1081 1095 1283 1168 quippe
1321 1112 1476 1152 suam
1521 1093 1684 1152 bonis
1716 1096 1983 1168 malisque
2011 1112 2128 1168 per-

530 1188 748 1243 mistam
781 1184 1074 1258 conspicit,
1123 1191 1177 1240 et
1205 1185 1564 1257 cogitationes
1592 1202 1718 1242 suas
1749 1185 1936 1258 aliquo
1967 1185 2130 1240 modo

529 1291 623 1349 spe
651 1283 706 1332 et
736 1275 933 1332 timore
967 1278 1152 1336 1031
1178 1273 1492 1330 confundit.
1516 1275 1650 1330 Nam
1671 1291 1798 1331 cum
1827 1273 1984 1328 audit
2009 1289 2130 1346 quae

529 1371 641 1430 sint
668 1372 820 1445 regni
849 1370 1066 1444 gaudia,
1099 1385 1234 1427 mox
1261 1378 1500 1428 mentem
1530 1371 1725 1427 laetitia
1751 1368 2004 1426 sublevat
2035 1387 2049 1436 ;
2079 1377 2133 1425 et

530 1477 749 1518 rursum
791 1477 916 1518 cum
961 1460 1186 1533 respicit
1216 1477 1336 1533 quae
1379 1459 1491 1516 sint
1533 1459 1796 1532 gehennae
1833 1463 2128 1525 tormenta,

531 1567 664 1608 mox
705 1558 944 1607 mentem
987 1549 1227 1606 formido
1257 1548 1558 1622 perturbat.
1606 1549 1751 1604 Bene
1791 1563 1920 1619 ergo
1960 1546 2134 1617 gloria

1722 165 1970 222 SANCTI
2007 165 2347 224 GREGORII
2383 166 2586 225 MAGN
2589 168 2612 224 Ι

521 300 626 354 Pro
651 311 714 352 eo
743 291 892 365 quod
920 305 1032 348 non
1061 289 1181 346 visa
1205 305 1294 346 res
1322 289 1490 347 odore
1517 289 1976 363 deprehenditur,
2007 307 2120 347 non
2156 293 2208 353 Α

3728 171 3832 227 617

2767 292 2995 351 CAPUT
3026 293 3292 350 XXXIX.

2304 381 2442 437 Iam.
2473 411 2544 422 —
2575 382 2642 439 In
2671 399 2946 438 occursum
2961 383 3136 455 pergit
3161 383 3406 440 armatis.

2307 469 2394 527 78.
2426 472 2607 528 Hostis
2634 472 2860 528 insidias
2887 478 2935 528 et
2956 473 3105 528 dolos
3135 473 3420 544 explorant
3441 473 3762 543 inchoantes,
3793 483 3840 530 et

2235 561 2294 616 in
2319 561 2506 616 alienis
2534 561 2690 617 etiam
2709 562 2955 618 cordibus
2969 563 3320 634 prwveniunt.
3356 562 3626 620 —Hostes
3645 566 3838 621 armati

2237 658 2366 707 sunt
2385 651 2660 708 immundi
2687 652 2934 724 spiritus,
2963 651 3270 707 innumeris
3298 659 3492 708 contra
3510 669 3612 709 nos
3632 653 3840 708 fraudi-

2237 739 2340 796 bus
2381 741 2635 796 accincti.
2682 741 2790 809 Qui
2840 758 2968 797 cum
3012 741 3238 798 suadere
3288 740 3450 798 nobis
3497 742 3692 816 iniqua
3735 759 3842 800 ue-

2239 839 2468 903 queunt,
2515 848 2579 888 ea
2625 831 2726 888 sub
2773 831 3046 889 virtutum
3094 833 3273 904 specie
3301 834 3507 890 nostris
3554 833 3844 892 obtutibus

2239 929 2545 994 opponunt,
2574 929 2628 978 et
2655 921 2810 995 quasi
2840 921 2945 978 sub
2983 921 3313 995 quibusdam
3344 924 3514 979 armis
3555 940 3612 980 se
3641 931 3842 980 conte-

2239 1018 2394 1084 gunt,
2445 1027 2512 1067 ne
2563 1012 2622 1068 in
2667 1029 2768 1069 sua
2810 1011 3028 1068 malitia
3064 1029 3096 1068 a
3136 1011 3296 1069 nobis
3343 1012 3482 1069 nudi
3523 1012 3838 1070 videantur.

2239 1100 2452 1169 Quibus
2501 1102 2726 1158 armatis
2778 1101 3033 1158 hostibus
3082 1101 3140 1158 in
3193 1118 3486 1159 occursum
3539 1102 3840 1176 pergimus,

2240 1189 2460 1264 quando
2505 1207 2696 1248 eorum
2733 1191 2962 1248 insidias
3006 1191 3165 1264 longe
3207 1191 3596 1264 praevidemus.
3628 1191 3844 1248 Eﬁ‘ossa

2241 1277 2410 1349 igitur
2435 1285 2603 1343 terra,
2633 1279 2860 1335 armatis
2898 1279 3151 1336 hostibus
3187 1279 3245 1334 in
3276 1297 3562 1341 occursum
3594 1295 3840 1354 pergere,

2240 1376 2342 1437 est,
2363 1367 2605 1425 edomita
2622 1370 2803 1426 carnis
2822 1370 3098 1443 superbia,
3119 1369 3278 1426 dolos
3299 1371 3708 1428 immundorum
3731 1371 3843 1442 spi-

2239 1457 2450 1514 rituum
2482 1457 2812 1516 mirabiliter
2851 1460 3157 1532 explorare.
3201 1459 3415 1517 Ell‘ossa
3441 1468 3584 1516 terra
3613 1459 3843 1516 armatis

2241 1546 2494 1604 hostibus
2535 1549 2592 1604 in
2636 1565 2929 1606 occursum
2973 1566 3215 1622 pergere,
3265 1557 3350 1607 est
3389 1550 3606 1606 devicta
3632 1549 3844 1607 carnali

530 1641 748 1698 narium
769 1640 892 1712 ejus
911 1647 1088 1695 terror
1107 1639 1332 1708 dicitur,
1357 1638 1487 1712 quia
1502 1637 1648 1694 inter
1666 1651 1816 1709 spem
1838 1641 1893 1691 et
1920 1642 2128 1690 metum
2165 1645 2212 1705 Β
2241 1637 2487 1709 nequitia
2515 1645 2708 1694 contra
2725 1638 2997 1710 spiritalia
3021 1639 3160 1696 vitia
3179 1648 3456 1697 certamen
3476 1639 3684 1696 subire.
3708 1639 3842 1696 Nam

530 1731 764 1803 positus,
795 1729 929 1786 dum
951 1729 1200 1786 futurum
1217 1727 1492 1801 judicium
1514 1733 1698 1782 mente
1715 1725 2008 1796 conspicit,
2027 1724 2134 1780 hoc

531 1821 714 1894 ipsum
742 1819 903 1876 timet
923 1818 1070 1875 unde
1090 1818 1377 1892 gloriatur.
1412 1817 1533 1888 Ipsa
1555 1815 1607 1871 ei
1635 1831 1734 1871 sua
1755 1815 1928 1886 gloria
1963 1821 2134 1869 terror

532 1919 635 1979 est,
651 1910 781 1984 quia
800 1907 1074 1967 inchoatis
1089 1907 1204 1980 jam
1225 1907 1408 1974 bonis,
1429 1921 1524 1980 spe
1543 1905 1612 1962 de
1623 1903 1836 1977 judicio
1857 1904 2015 1960 laetus
2029 1914 2128 1972 est;

533 2007 588 2056 et
630 1996 866 2055 necdum
910 1997 1086 2054 ﬁnitis
1131 1995 1390 2052 omnibus
1433 1993 1612 2062 malis,
1645 1992 1882 2066 perfecte
1911 2007 2134 2048 securus

533 2103 646 2144 non
674 2095 773 2142 est.
806 2085 912 2142 Sed
941 2087 1084 2142 inter
1120 2085 1238 2142 haec
1265 2084 1503 2141 sollicite
1529 2083 1600 2140 ad
1629 2089 1868 2138 mentem
1896 2079 2138 2138 reverti—

535 2183 643 2245 tur,
689 2183 742 2232 et
787 2175 1054 2248 procellas
1099 2182 1266 2231 tantae
1310 2173 1630 2230 formidinis
1672 2187 1926 2239 renuens,
1971 2186 2136 2244 seque

535 2264 594 2321 in
623 2264 794 2322 solius
823 2264 971 2338 pacis
1000 2263 1401 2337 tranquillitate
1423 2261 1738 2334 disponens,
1761 2259 1894 2315 totis
1922 2259 2138 2315 viribus

535 2370 568 2410 a
611 2353 865 2411 districto
899 2352 1088 2426 judice
1131 2351 1375 2408 inveniri
1430 2350 1571 2408 liber
1615 2355 1866 2407 conatur.
1927 2347 2137 2404 Servile

537 2445 739 2518 quippe
781 2443 1017 2500 aestimat
1055 2441 1392 2500 dominicam
1422 2441 1766 2514 praesentiam
1798 2437 2133 2506 formidare;

537 2550 599 2592 ac
626 2551 696 2591 ne
742 2543 1094 2606 conspectum
1138 2532 1309 2605 patris
1357 2538 1584 2598 metuat,
1615 2530 1713 2587 illa
1754 2529 1865 2602 agit
1893 2545 1988 2602 per
2016 2544 2138 2602 qua:

537 2639 594 2680 se
647 2622 826 2678 ﬁlium
882 2629 1250 2694 recognoscat.
1310 2619 1487 2678 Discit
1541 2635 1670 2692 ergo
1719 2617 1964 2690 judicem
2023 2624 2140 2672 tota

537 2709 944 2784 exspectatione
991 2711 1238 2783 diligere,
1286 2717 1468 2782 atque,
1525 2715 1588 2763 ut
1631 2707 1710 2763 ita
1754 2705 2013 2774 dixerim,
2071 2703 2138 2762 ti-

539 2802 739 2860 mendo
768 2801 951 2858 renuit
970 2801 1184 2858 timere.
1219 2799 1366 2857 Oriri
1386 2805 1568 2855 autem
1597 2797 1751 2855 cordi
1780 2795 2137 2852 formidinem

539 2905 638 2964 pro
693 2891 897 2948 carnali
954 2891 1170 2948 actione
1227 2887 1556 2956 considerat,
1615 2893 1670 2942 et
1739 2884 1944 2942 idcirco
2012 2891 2138 2940 ante

539 2985 726 3042 omnia
770 3001 992 3042 carnem
1047 2984 1069 3020 ²
1116 2981 1247 3040 forti
1295 2979 1642 3037 edomatione
1687 2979 1932 3050 castigat.
1985 2967 2139 3033 Unde

540 3082 825 3149 postquam
845 3072 1055 3132 dictum
1071 3080 1170 3130 est:
1200 3071 1392 3130 Gloria
1408 3069 1624 3126 narium
1643 3067 1757 3139 ejus
1778 3074 1972 3135 terror,
1993 3071 2138 3122 recte

537 3164 894 3237 subjungitur
921 3181 932 3218 :

1049 3275 1276 3334 CAPUT
1306 3275 1620 3332 XXXVIII.

612 3396 784 3454 Vnus.
814 3394 904 3452 2i.
939 3421 1003 3434 —
1041 3395 1263 3450 Terram
1290 3392 1492 3462 ungula
1520 3389 1676 3461 fodit.

614 3518 700 3576 77.
746 3517 960 3590 Ungula
1002 3530 1240 3588 namque
1289 3521 1492 3570 terram
1536 3511 1722 3568 fodere
1770 3515 1852 3565 est
1893 3507 2142 3564 districta

541 3605 874 3666 abstinentia
901 3619 1119 3662 carnem
1167 3601 1444 3660 edomare.
1489 3601 1610 3670 Quo
1650 3605 1834 3656 autem
1865 3597 1987 3670 plus
2015 3612 2142 3654 caro

543 3696 830 3773 premitur,
861 3712 925 3753 eo
945 3695 1011 3752 de
1031 3694 1239 3752 caelesti
1259 3709 1352 3767 spe
1381 3691 1600 3748 animus
1629 3688 1876 3746 securius
1905 3689 2140 3744 laetatur.

547 3789 699 3847 Unde
745 3787 937 3846 effossa
979 3793 1124 3842 terra
1169 3791 1292 3858 apte
1338 3779 1719 3839 subnectitur:
1766 3777 2024 3836 Exsultat
2049 3793 2144 3832 au-

544 3881 740 3936 dacter.
775 3877 915 3946 Quia
941 3877 1090 3935 enim
1117 3875 1366 3932 valenter
1394 3871 1649 3944 reprimit
1666 3869 1817 3942 quod
1836 3869 2144 3939 impugnat,

543 3969 801 4026 audacter
828 3969 1068 4025 exsultat
1090 3967 1158 4022 de
1187 3965 1276 4022 his
1306 3981 1426 4037 quae
1453 3964 1512 4018 in
1543 3969 1750 4017 aeterna
1777 3973 1908 4031 pace
1936 3955 2144 4012 deside-

545 4075 663 4134 rat;
709 4071 970 4136 tantoque
1013 4078 1170 4116 mens
1218 4060 1418 4116 melius
1461 4056 1531 4113 ad
1572 4071 1809 4128 superna
1844 4050 2147 4126 appetenda

543 4158 915 4228 componitur,
935 4156 1140 4225 quanto
1159 4150 1228 4206 ab
1251 4146 1472 4205 illicitis
1487 4144 1693 4203 arctius
1715 4159 1916 4218 corpus
1927 4142 2146 4200 edoma-

543 4253 654 4303 ‘tur.
685 4243 839 4302 Unde
869 4250 1013 4300 recte
1061 4257 1156 4314 per
1192 4239 1546 4297 Salomonem
1575 4233 1820 4293 dicitur:
1855 4232 2148 4306 Diligenter

545 4355 723 4396 exerce
750 4352 939 4410 agrum
988 4339 1153 4402 tuum,
1197 4338 1256 4388 ut
1286 4335 1469 4403 postea
1505 4327 1725 4400 aediﬁces
1757 4326 1970 4382 domum
2001 4331 2148 4382 tuam

550 4427 735 4502 (Prov.
784 4441 945 4492 xxxv,
974 4421 1091 4494 27).
1142 4423 1241 4480 Ille
1286 4419 1487 4496 quippe
1515 4417 1657 4478 bene
1687 4417 1889 4475 mentis
1917 4415 2146 4472 domum

547 4516 800 4586 adificat,
831 4514 928 4588 qui
957 4511 1110 4587 prius
1134 4528 1327 4585 agrum
1347 4509 1593 4583 corporis
1615 4525 1648 4565 a
1676 4508 1850 4581 spinis
1879 4506 2145 4562 vitiorum

547 4613 764 4683 purgat,
807 4621 876 4660 ne
917 4603 962 4659 si
1010 4601 1409 4659 desideriorum
1456 4605 1635 4656 sentes
1688 4597 1746 4652 in
1794 4595 1976 4653 carnis
2017 4610 2147 4666 agro

549 4681 860 4772 proﬁciant,
907 4693 1058 4749 intus
1099 4698 1216 4747 tota
1256 4689 1528 4745 virtutum
1574 4684 1783 4741 fabrica
1827 4683 1972 4739 fame
1997 4681 2147 4772 ‘boni

551 4769 730 4861 operis
769 4789 1045 4844 crescente
1083 4779 1414 4838 destruatur.
1445 4777 1508 4832 In
1551 4775 1670 4848 ipso
1703 4780 1886 4829 autem
1905 4769 2146 4861 quisque

550 4857 682 4934 belli
737 4872 1034 4934 certamine
1088 4871 1322 4944 positus,
1377 4871 1534 4921 tanto
1581 4861 1840 4918 subtilius
1895 4857 2146 4916 fraudem

552 4965 795 5024 hostium
823 4961 1116 5036 conspicit,
1145 4966 1354 5034 quanto
1381 4965 1434 5012 et
1463 4952 1770 5010 districtius
1798 4966 1998 5022 corpus
2027 4965 2146 5021 pro-

553 5057 733 5129 prium
763 5051 920 5128 quasi
967 5048 1264 5126 quemdam
1308 5045 1553 5102 hostium
1591 5041 1898 5115 adjutorem
1925 5037 2147 5112 premit.

553 5144 707 5201 Unde
753 5151 809 5200 et
848 5149 972 5216 post
1018 5138 1412 5198 contritionem
1454 5131 1721 5208 corporis,
1749 5138 1873 5206 post
1900 5129 2151 5188 laetitiam

554 5232 736 5290 cordis
762 5238 911 5289 recte
941 5227 1336 5303 subjungitur:

630 5415 646 5450 ¹
691 5414 943 5471 Fortasse
987 5411 1187 5468 melius
1233 5409 1292 5465 in
1331 5405 1554 5474 Pratel.,
1602 5419 1667 5460 ea:
1711 5401 1954 5474 reliquis,
1997 5408 2052 5456 et
2093 5395 2151 5456 in

630 5420 646 5450 ¹
692 5420 943 5471 Fortasse
987 5420 1187 5468 melius
1233 5420 1292 5465 1n
1332 5420 1554 5474 Pratel.,
1602 5420 1667 5460 ea:
1711 5420 1954 5529 reuqms,
1997 5420 2052 5456 et
2093 5420 2151 5456 ιη

557 5486 764 5555 Germ.,
797 5503 862 5542 ea:
898 5484 1123 5556 reliquo.
1165 5481 1373 5556 verum
1411 5494 1540 5556 cum
1569 5477 1626 5556 in
1662 5474 1786 5532 aliis
1849 5479 2058 5556 egetur,
2087 5489 2154 5526 ex

557 5543 990 5630 reliquiis,quod
1009 5543 1413 5630 etiambabent
1438 5547 1590 5607 Editi
1619 5561 1830 5615 omnes,
1861 5543 2002 5602 nihil
2033 5559 2152 5598 mu-

558 5622 782 5710 tandum
801 5622 876 5684 iri
903 5633 1063 5683 textu
1086 5622 1480 5696 judicavimus.

2181 4362 2232 4422 D

2241 1725 2336 1798 qui
2373 1725 2556 1782 adhuc
2595 1744 2780 1784 secum
2815 1729 3092 1786 enerviter
3131 1738 3358 1803 pugnat,
3402 1729 3610 1786 frustra
3653 1735 3847 1786 contra

2242 1832 2298 1872 se
2327 1817 2471 1872 bella
2499 1823 2656 1872 extra
2685 1817 2865 1889 posita
2893 1817 3140 1874 suscitat.
3170 1819 3276 1886 Qui
3305 1819 3455 1874 enim
3485 1817 3844 1888 semetipsum

2243 1904 2553 1960 carnalibus
2578 1903 2854 1976 subjugat,
2887 1905 3166 1977 quomodo
3193 1907 3538 1978 spiritalibus
3568 1907 3731 1962 vitiis
3759 1922 3844 1962 re-

2243 1997 2409 2052 sultat
2431 1997 2458 2052 ?
2486 1998 2597 2052 Aut
2639 1995 2917 2068 quomodo
2946 1996 3014 2052 de
3047 1997 3234 2054 labore
3261 1998 3478 2054 externi
3519 1997 3850 2054 certaminis

2243 2084 2582 2158 triumphare
2637 2085 2862 2157 appetit,
2911 2085 3007 2160 qui
3058 2085 3240 2142 adhuc
3285 2085 3428 2158 apud
3483 2087 3848 2160 semetipsum

2245 2174 2545 2232 domestico
2569 2173 2818 2230 libidinis
2846 2175 2992 2232 bello
3020 2175 3352 2232 succumbit.

2318 2262 2456 2339 [Vet.
2489 2263 2715 2338 XXIX]
2759 2264 2845 2321 79.
2889 2265 2992 2323 Vel
3030 2273 3175 2322 certe
3215 2263 3442 2321 armatis
3495 2262 3760 2320 hostibus
3789 2263 3848 2319 in

2245 2378 2534 2418 occursum
2564 2361 2862 2434 pergimus,
2910 2361 3132 2435 quando
3160 2377 3257 2433 per
3284 2357 3692 2418 exhortationis
3720 2366 3850 2414 stu-

2246 2449 2402 2506 dium
2431 2467 2622 2508 eorum
2648 2451 2878 2507 insidias
2897 2459 2954 2508 et
2981 2451 3041 2507 in
3059 2450 3243 2508 alieno
3262 2449 3426 2508 corde
3449 2447 3841 2522 praevenimus.

2246 2542 2414 2610 Quasi
2441 2541 2590 2597 enim
2625 2544 2815 2602 1032
2843 2555 2914 2597 ex
2941 2539 3063 2596 loco
3091 2539 3150 2594 in
3181 2556 3290 2612 quo
3317 2537 3525 2595 fuimus
3556 2535 3625 2594 ad
3662 2536 3846 2592 locum

2247 2637 2419 2694 alium
2465 2637 2687 2694 obviam
2743 2636 2995 2694 hostibus
3050 2636 3324 2704 venimus,
3370 2633 3615 2707 quando,
3661 2638 3848 2688 nostra

2246 2745 2378 2786 cura
2431 2727 2681 2784 ordinate
2727 2727 3048 2798 postposita,
3089 2740 3368 2780 accessum
3427 2720 3846 2778 immundorum

2248 2817 2543 2890 spirituum
2595 2833 2628 2871 a
2675 2814 2916 2887 proximi
2957 2819 3140 2870 mente
3169 2812 3544 2884 prohibemus.
3597 2810 3758 2866 Unde
3785 2809 3849 2864 fit

2248 2907 2572 2979 plerumque
2601 2912 2665 2960 ut
2691 2903 2877 2960 hostes
2905 2901 3096 2960 callidi
3121 2901 3355 2957 militem
3383 2900 3482 2956 Dei
3507 2898 3617 2971 jam
3649 2897 3722 2954 de
3749 2899 3851 2954 in-

2173 3003 2218 3064 c
2247 2996 2450 3054 testino
2476 2995 2624 3052 bello
2653 2995 2921 3051 victorem
2948 2999 3105 3048 tanto
3135 2991 3203 3048 de
3221 2991 3514 3061 semetipso
3531 2986 3849 3044 terribilius

2243 3092 2480 3154 tentent,
2511 3092 2717 3157 quanto
2746 3083 2907 3138 illum
2951 3089 3142 3139 contra
3187 3097 3244 3136 se
3287 3086 3344 3135 et
3387 3079 3446 3133 in
3474 3077 3654 3134 alieno
3683 3075 3850 3133 corde

2245 3176 2541 3249 praevalere
2561 3174 2778 3231 fortiter
2807 3172 3035 3238 vident;
3071 3179 3134 3226 ut
3163 3169 3296 3226 dum
3325 3169 3488 3225 illum
3518 3165 3586 3224 ad
3607 3183 3665 3223 se
3697 3176 3854 3223 tuen-

2247 3265 2380 3323 dum
2410 3271 2690 3331 revocant,
2733 3261 2913 3318 aliena
2953 3258 3120 3316 corda
3156 3257 3386 3314 liberius
3426 3273 3549 3330 quae
3577 3255 3854 3312 exhorta-

2247 3355 2398 3410 tione
2425 3351 2544 3424 ejus
2564 3349 2990 3424 protegebantur
3015 3345 3300 3402 invadant.
3330 3345 3584 3418 Cumque
3609 3360 3742 3401 eum
3769 3359 3849 3400 su-

2249 3458 2436 3518 perare
2466 3457 2578 3497 non
2608 3439 2838 3514 possint,
2869 3439 3066 3518 saltem
3087 3452 3354 3509 occupare
3383 3441 3656 3492 conantur
3682 3452 3698 3501 ;
3727 3449 3849 3507 qua-

2249 3513 2408 3591 tenus
2432 3532 2565 3589 dum
2603 3513 2762 3586 miles
2807 3529 2908 3586 Dei
2943 3513 3013 3584 de
3049 3524 3344 3598 semetipso
3373 3524 3716 3592 concutitur,
3745 3537 3850 3579 non

2251 3621 2388 3694 ipse,
2417 3619 2514 3676 sed
2543 3619 2588 3675 is
2617 3633 2780 3691 quem
2809 3615 3102 3672 defendere
3131 3619 3494 3672 consueverat
3522 3611 3844 3684 perimatur.

2251 3709 2358 3767 Sed
2387 3725 2542 3766 mens
2586 3705 2646 3764 in
2686 3707 2864 3762 Deum
2905 3703 3266 3761 immobiliter
3292 3702 3406 3758 ﬁxa
3430 3703 3452 3737 ³
3483 3700 3848 3760 tentationum

2252 3799 2463 3873 spicula
2501 3795 2752 3870 despicit,
2789 3811 2892 3852 nec
2921 3792 3218 3866 cujuslibet
3245 3791 3471 3849 terroris
3493 3789 3681 3862 jacula
3724 3805 3848 3862 per-

2251 3887 2512 3945 timescit.
2561 3888 2820 3956 Supernae
2861 3883 3011 3940 enim
3058 3881 3245 3956 gratiae
3291 3881 3466 3938 fretus
3494 3879 3730 3948 auxilio,
3773 3875 3848 3933 sic

2254 3976 2485 4031 vulnera
2527 3971 2867 4030 infirmitatis
2912 3988 3025 4028 sua:
3065 3979 3244 4040 curat,
3289 3977 3353 4027 ut
3397 3970 3575 4026 aliena
3619 3983 3733 4023 non
3759 3964 3847 4022 de-

2254 4073 2414 4122 serat.
2450 4061 2602 4120 Unde
2631 4067 2685 4116 et
2711 4059 2851 4117 bene
2877 4059 2946 4117 de
2971 4059 3078 4118 hoc
3104 4075 3246 4132 equo
3275 4057 3660 4132 subjungitur:

2856 4202 3086 4262 CAPUT
3129 4203 3247 4260 XL.

2327 4297 2498 4356 Vnus.
2527 4295 2616 4354 22.
2647 4325 2718 4336 —
2751 4293 3048 4352 Contemnit
3069 4309 3342 4365 pavorem,
3373 4307 3464 4347 nec
3493 4289 3626 4346 cedit
3651 4288 3844 4362 gladio.

2326 4387 2416 4444 80.
2447 4387 2624 4446 Minas
2671 4383 2834 4440 hostis
2865 4387 3199 4439 contemnunt
3238 4381 3556 4438 inchoantes.
3605 4411 3676 4422 —
3705 4378 3846 4438 Con-

2255 4476 2455 4534 temnit
2483 4490 2764 4548 pavorem,
2793 4471 2924 4546 quia
2966 4470 3175 4527 nullius
3205 4467 3528 4526 tentationis
3555 4465 3848 4525 formidine

2255 4567 2325 4624 ad
2369 4565 2477 4624 hoc
2517 4579 2690 4638 usque
2734 4568 2972 4620 terretur
3003 4567 3064 4616 ut
3096 4567 3288 4618 taceat.
3333 4559 3445 4616 Nec
3473 4557 3620 4614 cedit
3649 4555 3846 4629 gladio,

2257 4658 2386 4733 quia
2414 4657 2514 4714 etsi
2544 4656 2791 4713 violenta
2819 4653 2978 4710 illum
3003 4651 3234 4708 tentatio
3262 4649 3522 4723 percutit,
3551 4665 3584 4705 a
3611 4663 3745 4706 cura
3775 4652 3846 4702 ta-

2258 4764 2384 4804 men
2413 4745 2654 4820 proximi
2676 4759 2787 4800 non
2807 4741 3044 4814 repellit.
3068 4739 3222 4797 Unde
3243 4747 3296 4796 et
3315 4739 3516 4796 Paulus
3535 4738 3847 4811 exemplum

2257 4837 2417 4894 nobis
2447 4835 2668 4892 invictae
2709 4830 3144 4890 conversationis
3191 4829 3502 4896 insinuans,
3532 4836 3584 4886 et
3620 4844 3760 4902 quos
3785 4823 3848 4882 ab

2257 4925 2414 4983 hoste
2462 4923 2670 4997 gladios
2712 4921 2976 4993 suscipiat
3019 4919 3180 4988 dicit,
3223 4927 3278 4976 et
3329 4917 3607 4992 quomodo
3648 4917 3847 4973 eisdem

2261 5014 2458 5090 gladiis
2485 5030 2596 5070 non
2627 5011 2783 5070 cedat
2809 5008 3071 5067 ostendit.
3102 5007 3271 5066 Omni
3298 5008 3448 5064 enim
3473 5007 3586 5080 jam
3619 5001 3848 5064 carnalis

2259 5106 2440 5181 operis
2467 5121 2650 5180 pugna
2689 5108 2960 5176 superata,
2990 5101 3228 5160 carnalis
3255 5098 3580 5158 tentationis
3609 5096 3846 5171 gladium

2259 5196 2328 5254 ab
2356 5195 2513 5254 hoste
2538 5199 2866 5269 susceperat,
2899 5191 2994 5267 qui
3023 5190 3277 5250 dicebat:
3318 5189 3476 5252 Video
3501 5187 3671 5246 aliam
3701 5185 3847 5262 legem

2330 5394 2353 5430 ²
2383 5393 2503 5449 Val.
2529 5389 2612 5449 Cl.
2646 5397 2700 5447 et
2726 5388 2926 5457 Laud.,
2957 5383 3093 5458 forti
3121 5380 3498 5443 dominatione.

2330 5467 2352 5500 ³
2383 5464 2535 5521 Edlti
2565 5470 2767 5519 recent.
2815 5452 2940 5518 cum
2957 5452 3177 5528 'Germ.,
3212 5458 3557 5512 tentationum
3583 5452 3843 5528 impetum.

2259 5535 2534 5664 gestimus
2556 5535 2684 5591 Mss.
2712 5531 3058 5590 multitudini
3077 5525 3301 5604 spicula,
3325 5545 3434 5585 non
3457 5525 3724 5600 impetum,
3753 5525 3842 5582 ha-

2297 5623 2365 5664 en
2395 5623 2532 5664 ium.
