4156 6178
310 330 410 390 617

1034 332 1405 390 MORALIUM
1443 330 1576 389 LIB.
1621 329 1828 388 XXXI.
1875 360 1936 373 —
1979 330 2049 388 IN
2091 327 2319 388 CAPUT
2358 326 2601 386 XXXIX
2637 330 2699 385 Β.
2741 330 2883 386 JOB.

3505 331 3610 389 618

309 453 364 512 in
400 457 650 512 membris
688 457 814 513 meis
841 465 1213 531 repugnantem
1262 460 1358 530 legi
1402 459 1588 514 mentis
1624 476 1765 528 mete,
1802 460 1818 495 ¹
1861 464 1910 512 et
1936 459 1983 517 A
2011 472 2108 528 per
2137 456 2364 512 insidias
2419 456 2654 528 impetit,
2684 454 2906 528 quando
2935 455 2984 510 ei
3040 454 3214 542 hostis
3241 457 3478 516 callidus
3508 459 3616 516 sub

306 547 572 619 captivum
613 563 696 601 me
737 545 998 601 ducentem
1046 547 1104 600 in
1164 547 1267 617 lege
1307 547 1526 618 peccati,
1582 564 1698 617 qua:
1740 553 1814 602 est
1856 547 1914 602 in

307 634 553 692 membris
607 634 732 689 meis
790 634 966 705 (Rom.
1011 651 1114 698 vn,
1171 633 1286 705 23).
1355 633 1461 689 Sed
1505 633 1681 690 eidem
1731 634 1914 706 gladio

306 740 470 798 quem
503 722 561 778 in
590 739 646 778 se
673 721 877 780 vicerat
905 722 1070 778 etiam
1121 722 1181 777 in
1212 722 1337 778 aliis
1368 739 1478 778 non
1507 723 1752 791 cedebat,
1787 740 1912 779 cum

310 811 555 885 profecto
591 810 859 884 proximis
914 810 1121 867 diceret
1155 828 1174 865 :-
1217 810 1338 865 Non
1366 818 1543 883 regnet
1565 819 1832 883 peccatum
1858 812 1916 866 in

307 909 478 959 vestro
506 900 723 956 mortali
749 918 968 972 corpore
1015 901 1087 956 ad
1132 901 1473 958 obediendum
1501 903 1775 957 desideriis
1804 901 1917 971 ejus

311 994 486 1066 (Rom.
512 1009 593 1058 v1,
625 992 737 1064 12).
756 993 828 1048 Ει
856 1008 1074 1048 rursum
1098 1009 1109 1046 :
1143 990 1455 1061 Mortiﬁcate
1483 991 1716 1046 membra
1744 997 1918 1046 vestra

308 1102 425 1155 qum
437 1089 562 1138 sunt
575 1099 734 1154 super
749 1089 967 1150 terram,
984 1081 1408 1152 fornicationem,
1427 1081 1835 1148 immunditiam,
1857 1081 1916 1136 li-

309 1173 555 1236 bidinem,
569 1170 1038 1241 concupiscentiam
1050 1173 1244 1226 malam
1264 1170 1494 1241 (Coloss.
1515 1187 1596 1236 ιιι,
1617 1171 1698 1242 5).
1719 1171 1919 1226 Gravis

312 1268 468 1323 illum
495 1263 864 1319 tentationum
915 1263 1130 1334 gladius
1176 1261 1426 1330 feriebat,
1460 1262 1526 1317 de
1561 1263 1766 1335 quibus
1804 1262 1918 1334 ipse

310 1357 387 1413 ait
410 1373 422 1411 :
455 1355 523 1411 In
544 1353 812 1409 laboribus
827 1353 1102 1424 plurimis,
1133 1353 1187 1407 in
1215 1352 1515 1407 carceribus
1535 1351 1917 1429 abundantius,

309 1449 364 1503 in
377 1447 554 1520 plagis
569 1461 737 1516 supra
754 1445 1044 1514 modum,in
1060 1445 1314 1500 mortibus
1330 1442 1702 1514 frequenter.A
1721 1444 1920 1499 Iudaeis

310 1534 590 1608 quinquies
618 1533 988 1604 quadragenas
1018 1551 1127 1588 una
1167 1534 1342 1588 minus
1385 1533 1601 1603 accepi;
1650 1538 1726 1586 ter
1756 1533 1922 1602 virgis

312 1641 471 1680 casus
498 1640 635 1691 sum,
674 1623 829 1677 semel
861 1623 1129 1694 lapidatus
1159 1639 1296 1686 sum,
1322 1627 1398 1675 ter
1423 1620 1773 1692 naufragium
1799 1620 1920 1690 feci,

311 1722 454 1770 nocte
483 1720 532 1768 et
557 1713 642 1768 die
660 1713 718 1766 in
739 1711 1014 1784 profundo
1036 1711 1202 1767 maris
1222 1711 1307 1781 fui
1331 1712 1421 1782 (ΙΙ
1437 1711 1562 1766 Cor.
1597 1727 1675 1776 χι,
1705 1710 1917 1781 23-25),

2021 545 2226 601 virtute
2281 546 2480 602 vitium
2537 544 2841 601 abscondit.
2904 543 3069 600 Hasta
3119 553 3301 602 autem
3361 549 3615 605 cominus

2021 636 2293 703 vulnerat,
2338 651 2464 691 cum
2514 633 2804 690 manifesta
2849 633 3097 706 nequitia
3137 635 3302 691 etiam
3344 636 3614 694 scientem

2023 733 2213 782 tentat.

2094 816 2181 872 82.
2215 815 2365 888 Saepe
2397 830 2524 870 vero
2554 812 2758 869 caelesti
2790 812 2955 869 militi
2986 831 3098 870 uno
3128 813 3427 887 eodemque
3467 823 3618 872 tem—

2025 922 2152 977 pore
2181 911 2476 976 utrumque
2500 903 2566 959 ab
2598 903 2751 959 hoste
2772 901 3054 975 objicitur,
3084 912 3146 959 ut
3172 905 3230 960 in
3247 903 3490 978 qualibet
3509 921 3619 960 una

2025 994 2372 1066 percussione
2403 993 2721 1064 perimatur.
2754 992 2986 1047 Dolosus
3006 1009 3242 1066 namque
3270 994 3618 1051 adversarius

2025 1085 2188 1140 simul
2221 1083 2383 1138 ferire
2413 1083 2632 1150 nititur,
2663 1089 2716 1137 et
2737 1089 2919 1153 aperte
2943 1082 3196 1152 saeviens,
3217 1092 3270 1139 et
3301 1084 3359 1139 in
3396 1083 3620 1140 insidiis

2027 1175 2219 1242 latens,
2252 1176 2272 1209 ³
2306 1182 2365 1228 ιιι
2393 1173 2523 1229 dum
2542 1173 2607 1228 de
2637 1175 2853 1228 occulto
2883 1174 3079 1245 sagitta
3119 1176 3403 1243 metuitur,
3436 1175 3619 1231 minus

2026 1272 2150 1319 ante
2198 1263 2390 1318 faciem
2448 1261 2603 1316 hasta
2633 1261 2889 1316 timeatur
2921 1280 2934 1328 ;
2971 1263 3055 1318 vel
3088 1262 3218 1319 dum
3267 1273 3393 1320 ante
3424 1264 3620 1320 faciem

2026 1353 2195 1409 hastae
2221 1351 2513 1419 resistitur,
2545 1367 2887 1424 nequaquam
2917 1368 2984 1407 ex
3031 1354 3247 1409 occulto
3289 1354 3515 1410 veniens
3541 1372 3622 1410 sa-

2029 1443 2164 1514 gitta
2192 1441 2462 1497 videatur.
2497 1440 2647 1512 Saepe
2675 1440 2822 1496 enim
2853 1442 3214 1498 tentationem
3248 1444 3506 1515 proponit
3543 1445 3623 1500 li-

2028 1531 2256 1601 bidinis,
2287 1538 2339 1587 et
2369 1530 2552 1586 subito
2600 1530 3004 1586 fraudulentius
3045 1549 3282 1602 cessans,
3327 1534 3619 1590 elationem

2028 1623 2268 1693 suggerit
2295 1621 2362 1677 de
2392 1628 2603 1676 servata
2640 1622 2909 1677 castitate.
2955 1622 3028 1677 Et
3071 1631 3198 1678 sunt
3240 1625 3496 1681 nonnulli
3529 1627 3625 1701 qui

2027 1711 2159 1767 dum
2191 1711 2394 1766 multos
2433 1726 2501 1765 ex
2530 1709 2801 1764 castitatis
2846 1726 2968 1766 arce
3004 1709 3059 1765 in
3107 1711 3361 1768 elationis
3408 1715 3623 1770 foveam

313 1813 366 1860 et
398 1811 612 1870 caetera,
644 1818 764 1874 qua
797 1802 912 1874 ipse
940 1802 1175 1857 tolerare
1205 1802 1406 1873 potuit,
1447 1809 1500 1856 et
1554 1815 1654 1854 nos
1682 1815 1920 1854 enume—
1953 1815 1998 1873 Β
2027 1797 2288 1854 cecidisse
2319 1797 2685 1867 conspiciunt,
2720 1797 2848 1851 vitae
2879 1814 2991 1852 suae
3012 1799 3319 1856 custodiam
3349 1803 3625 1874 negligen-

313 1913 436 1952 rare
463 1897 746 1951 lassamur.
768 1893 873 1950 Sed
895 1893 1174 1968 quomodo
1191 1892 1365 1949 eidem
1391 1891 1571 1964 gladio
1592 1891 1650 1946 in
1671 1891 1911 1962 proximi

314 1985 606 2042 dilectione
654 1983 764 2040 rion
808 1984 983 2053 cedat,
1033 1992 1154 2056 post
1196 1983 1369 2038 multa
1417 1981 1532 2053 ipse
1579 1979 1907 2051 subjungit:

315 2076 519 2131 Prwter
545 2075 642 2129 illa
671 2090 789 2144 qua:
806 2074 1130 2128 extrinsecus
1157 2078 1300 2139 sunt,
1331 2071 1585 2126 instantia
1611 2087 1725 2124 mea
1745 2069 1912 2139 quoti-

316 2163 498 2228 diana,
528 2162 831 2218 sollicitudo
873 2162 1107 2217 omnium
1147 2161 1506 2216 Ecclesiaru-m
1547 2157 1745 2230 (Ibid.,
1793 2157 1910 2229 28).

315 2251 502 2323 Equus
530 2265 658 2321 ergo
686 2248 784 2305 Dei
807 2249 988 2320 gladio
1012 2249 1339 2322 percutitur,
1369 2263 1471 2303 nec
1492 2256 1676 2303 tamen
1698 2262 1914 2318 percus-

317 2339 470 2395 sione
498 2338 688 2394 eadem
717 2354 748 2392 a
771 2355 936 2394 cursu
963 2337 1304 2409 prohibetur,
1338 2336 1469 2392 dum
1495 2335 1656 2392 fortis
1684 2335 1914 2406 spirita-

318 2428 386 2483 lis
413 2427 733 2484 certaminis
762 2425 922 2481 miles
951 2433 1005 2480 et
1036 2425 1148 2496 ipse
1193 2427 1424 2480 vulnera
1450 2423 1518 2478 ab
1546 2424 1704 2479 hoste
1733 2423 1918 2478 susci-

315 2517 422 2588 pit,
451 2523 505 2571 et
533 2525 716 2572 tamen
748 2514 816 2569 ad
843 2514 1075 2568 salutem
1106 2514 1243 2568 alios
1262 2512 1500 2582 stringit.
1525 2511 1631 2567 Sed
1655 2527 1781 2583 erga
1809 2521 1919 2566 tam

315 2606 527 2661 durum
555 2602 793 2658 caelestis
821 2601 1018 2656 militis
1059 2607 1250 2673 pectus
1279 2601 1540 2674 antiquus
1566 2600 1741 2656 hostis
1769 2607 1921 2656 tanto

318 2693 572 2748 acutiora
610 2690 820 2762 spicula
868 2689 1160 2762 perquirit,
1211 2698 1418 2762 quanto
1473 2707 1529 2747 se
1571 2691 1776 2763 despici
1822 2709 1921 2748 ro-

315 2780 544 2837 bustius
567 2779 860 2852 conspicit.
906 2779 1062 2835 Unde
1092 2788 1146 2835 et
1175 2779 1460 2851 sequitur:

711 2923 938 2980 CAPUT
983 2925 1106 2980 XLI
1160 2924 1299 2999 [Vet.
1335 2925 1530 3000 XXX].

394 3033 562 3091 Vnus.
587 3029 675 3087 23.
707 3061 774 3072 -—
799 3031 968 3102 Super
988 3033 1159 3104 ipsum
1179 3033 1388 3090 sonabit
1401 3036 1681 3106 pharetra,
1697 3036 1927 3093 vibrabit

325 3129 478 3183 hasta
505 3132 555 3181 et
579 3127 808 3198 clypeus.

393 3217 480 3273 81.
515 3217 661 3286 Saepe
693 3216 786 3286 qui
811 3216 936 3271 aliis
964 3218 1199 3290 regendis
1223 3226 1484 3291 praesunt,
1523 3223 1859 3294 gravioribus
1888 3243 1923 3280 a

326 3305 540 3361 diabolo
590 3305 959 3360 tentationibus
1022 3315 1359 3364 exercentur:
1404 3311 1556 3366 modo
1603 3319 1791 3384 aperta
1849 3313 1920 3378 vi,

322 3395 476 3450 modo
503 3393 699 3464 fraude
735 3400 782 3449 et
809 3394 951 3464 dolo,
986 3396 1278 3467 aliquando
1307 3399 1360 3452 vi
1405 3400 1564 3455 simul
1599 3407 1646 3455 et
1686 3402 1828 3458 dolo.
1855 3432 1923 3444 -—

324 3483 466 3551 Quia
511 3481 658 3538 enim
703 3482 854 3538 videt
885 3492 1085 3541 sanctae
1133 3487 1334 3542 mentis
1371 3487 1616 3544 studium
1647 3498 1839 3546 contra
1869 3509 1925 3548 se

322 3579 383 3628 et
405 3573 528 3628 aliis
559 3572 830 3644 prodesse,
862 3574 1227 3646 multiplicata
1249 3575 1390 3632 hanc
1406 3579 1601 3649 satagit
1622 3581 1926 3637 tentatione

327 3661 352 3696 ³
381 3659 691 3717 confodere.
724 3660 880 3717 Unde
909 3677 1051 3732 smpe
1095 3664 1368 3735 contingit
1398 3673 1459 3720 ut
1505 3665 1564 3722 hi
1599 3667 1692 3738 qui
1725 3684 1928 3740 regen-

325 3748 418 3806 dis
441 3748 564 3805 aliis
590 3757 830 3821 prmsunt
858 3749 1226 3806 tentationum
1248 3755 1549 3810 certamina
1579 3756 1809 3812 fortiora
1837 3775 1925 3830 pa-

324 3839 560 3911 tiantur,
591 3850 860 3916 quatenus
893 3841 1262 3914 corporalium
1300 3860 1452 3900 more
1487 3844 1758 3903 bellorum
1793 3848 1923 3905 dum

321 3929 443 3986 dux
489 3932 604 4004 ipse
651 3931 719 3987 ad
767 3931 948 4004 fugam
995 3933 1252 4002 vertitur,
1300 3934 1605 3991 resistentis
1652 3937 1926 3996 exercitus

321 4020 636 4092 constipata
665 4020 1001 4078 unanimitas
1022 4022 1139 4078 sine
1169 4023 1354 4079 labore
1388 4030 1577 4088 1033
1605 4025 1922 4100 dissipetur.

327 4117 518 4175 Hostis
547 4119 732 4193 itaque
761 4119 994 4176 callidus
1032 4129 1222 4178 contra
1261 4124 1534 4181 caelestem
1565 4125 1800 4184 militem
1831 4127 1929 4184 di—

322 4223 484 4264 versa
526 4209 942 4282 percussionum
989 4211 1220 4267 vulnera
1269 4215 1584 4286 exquirens,
1637 4216 1801 4273 modo
1855 4233 1926 4274 ex

325 4297 587 4372 pharetra
625 4315 720 4371 per
749 4298 981 4356 insidias
1016 4316 1142 4355 eum
1189 4302 1385 4373 sagitta
1433 4303 1710 4373 vulnerat,
1761 4306 1927 4364 modo

324 4397 456 4446 ante
499 4387 617 4460 ejus
644 4389 838 4446 faciem
870 4390 1086 4447 hostam
1118 4390 1320 4460 vibrat,
1353 4393 1480 4464 quia
1508 4394 1766 4454 videlicet
1791 4399 1929 4454 vitia

326 4485 387 4535 et
412 4479 521 4535 alia
547 4479 650 4578 sub
678 4480 950 4537 virtutum
980 4481 1159 4553 specie
1187 4481 1451 4553 contegit,
1483 4492 1537 4539 et
1562 4485 1670 4540 alia
1707 4494 1767 4541 ut
1794 4497 1924 4545 sunt
1959 4524 2006 4582 Β

325 4576 516 4642 aperta
545 4567 662 4641 ejus
708 4570 884 4626 oculis
912 4570 1159 4642 opponit.
1216 4570 1318 4626 Ubi
1349 4571 1496 4627 enim
1526 4572 1794 4633 inﬁrmari
1825 4581 1926 4644 Dei

325 4657 567 4714 militem
583 4657 873 4730 conspicit,
893 4658 1010 4714 illic
1026 4657 1237 4714 fraudis
1254 4659 1529 4715 velamina
1545 4678 1654 4718 non
1672 4669 1928 4739 requirit.

325 4746 438 4804 Ubi
467 4756 648 4804 autem
672 4747 778 4804 sibi
811 4748 1062 4804 resistere
1083 4747 1282 4804 fortem
1305 4749 1637 4822 considerat,
1669 4754 1787 4813 illic
1805 4775 1929 4816 con-

324 4843 419 4893 tra
444 4836 591 4893 vires
615 4837 808 4910 procul
834 4837 1004 4893 dubio
1036 4837 1192 4894 dolos
1222 4846 1393 4910 parat.
1432 4841 1568 4896 Nam
1609 4858 1734 4899 cum
1764 4844 1931 4904 inﬁr—

327 4941 484 4982 mum
516 4926 829 5000 quempiam
857 4926 914 4982 in
932 4927 1111 4983 carnis
1133 4927 1390 4985 illecebra
1409 4929 1579 4998 videt,
1612 4941 1795 5005 aperte
1815 4954 1931 5009 spe-

203 5035 229 5051 σ
328 5014 476 5071 ciem
507 5015 753 5087 corporis
782 5031 904 5087 quae
934 5017 1248 5090 concupisci
1289 5018 1468 5074 valeat
1496 5018 1615 5091 ejus
1644 5023 1932 5083 obtutibus

327 5101 548 5175 objicit.
591 5105 648 5161 Si
677 5113 858 5162 autem
892 5105 1119 5162 fortasse
1148 5107 1396 5163 validum
1420 5119 1613 5166 contra
1641 5114 1931 5171 avaritiam

325 5192 530 5261 cernit,
562 5192 875 5266 importune
904 5193 1021 5266 ejus
1047 5195 1471 5266 cogitationibus
1504 5197 1934 5260 domesticorum

327 5297 561 5338 suorum
591 5281 832 5354 inopiam
855 5284 1116 5356 suggerit,
1148 5291 1209 5338 ut
1236 5283 1368 5340 dum
1395 5301 1550 5341 mens
1579 5287 1647 5342 ad
1668 5290 1936 5360 provisio-

327 5369 424 5426 nis
452 5387 639 5427 curam
671 5373 824 5446 quasi
853 5374 941 5445 pie
972 5373 1231 5443 ﬂectitur,
1278 5375 1501 5432 seducta
1529 5378 1723 5435 furtim
1754 5380 1814 5435 in
1842 5397 1939 5437 re-

327 5474 462 5515 rum
491 5459 702 5516 ambitu
722 5461 912 5535 inique
941 5462 1204 5534 rapiatur.
1231 5463 1452 5538 Equum
1479 5481 1608 5540 ergo
1622 5467 1723 5524 Dei
1743 5468 1941 5541 sagitta

415 5641 431 5678 ί
463 5640 723 5724 _Vindoc.,
755 5641 953 5713 Laud.,
988 5642 1111 5702 Val.
1160 5642 1271 5714 CL,
1300 5642 1410 5702 duo
1452 5646 1660 5720 Germ.,
1691 5655 1740 5707 et
1767 5649 1940 5724 capti-

347 5721 560 5769 vantem
578 5732 677 5770 me.

419 5785 440 5820 ³
469 5787 591 5842 Duo
619 5785 804 5843 Germ.
835 5795 890 5843 et
917 5787 1144 5859 Turon.,
1177 5785 1511 5862 confundere.

631 5884 875 5943 PATROL.
910 5885 1160 5945 LXXVI.

2026 1898 2126 1956 tes,
2178 1888 2233 1942 in
2280 1885 2691 1941 immunditiam
2727 1885 2981 1941 libidinis
3020 1886 3434 1961 demerguntur.
3479 1892 3621 1946 Sunt

2020 1993 2150 2032 vera
2174 1993 2202 2030 e
2231 1975 2451 2030 diverso
2497 1975 2753 2030 nonnulli
2800 1975 2893 2047 qui
2923 1975 3056 2031 dum
3087 1976 3337 2034 libidinis
3370 1979 3629 2036 immun-

2021 2067 2212 2123 ditiam
2245 2064 2483 2136 fugiunt,
2519 2079 2614 2135 per
2641 2063 2912 2121 castitatis
2958 2067 3179 2122 culmen
3219 2067 3277 2123 in
3305 2070 3626 2142 voraginem

2022 2155 2276 2213 elationis
2305 2162 2492 2210 ruunt.
2525 2155 2691 2223 Quasi
2739 2171 2866 2226 ergo
2898 2163 3081 2226 aperte
3110 2156 3312 2212 feriens
3341 2157 3498 2215 basta
3544 2165 3628 2217 est

2024 2247 2184 2316 culpa
2213 2243 2279 2299 de
2303 2243 2463 2312 vitio,
2491 2251 2543 2299 et
2564 2243 2718 2316 quasi
2747 2259 2816 2298 ex
2845 2245 3062 2300 occulto
3085 2247 3381 2303 vulnerans
3400 2247 3466 2303 de
3494 2249 3634 2321 pha-

2026 2343 2170 2391 retra
2211 2333 2407 2405 sagitta
2436 2341 2517 2389 est
2544 2333 2706 2405 culpa
2742 2333 2808 2388 de
2838 2334 3066 2389 virtute.
3109 2335 3210 2390 Sed
3242 2352 3414 2408 equus
3445 2340 3544 2394 Dei
3575 2348 3629 2396 et

2027 2430 2151 2478 ante
2181 2421 2371 2477 faciem
2401 2421 2614 2477 hastam
2642 2431 2859 2494 superat
2889 2439 3014 2478 cum
3039 2422 3327 2480 libidinem
3348 2427 3542 2494 calcat,
3574 2438 3633 2486 et

2028 2528 2060 2567 a
2088 2513 2254 2568 latere
2275 2511 2524 2583 sagittam
2543 2510 2920 2582 circumspicit
2939 2527 3064 2568 cum
3089 2511 3149 2566 in
3177 2513 3446 2570 castitatis
3468 2533 3628 2572 mun-

2029 2599 2168 2656 ditia
2205 2615 2261 2655 se
2308 2599 2376 2653 ab
2422 2599 2658 2655 elatione
2698 2598 2958 2654 custodit.
3014 2599 3169 2655 Unde
3207 2610 3260 2656 et
3303 2602 3444 2658 bene
3487 2603 3631 2661 inter

2031 2698 2260 2763 utraque
2280 2688 2512 2744 certanti
2541 2705 2637 2761 per
2677 2689 3026 2745 Salomonem
3066 2688 3278 2746 dicitur
3311 2709 3324 2747 :
3371 2693 3632 2750 Dominus

2031 2780 2132 2834 erit
2157 2779 2216 2833 in
2254 2780 2412 2834 latere
2444 2785 2553 2845 tuo,
2584 2785 2631 2834 et
2657 2778 2908 2834 custodiet
2945 2779 3124 2849 pedem
3166 2786 3310 2835 tuum
3340 2797 3403 2836 ne
3439 2782 3633 2853 capia—

2031 2867 2112 2921 ris
2147 2866 2333 2936 (Prov.
2364 2884 2447 2934 ιιι,
2478 2867 2592 2939 26).
2625 2867 2724 2922 Pes
2749 2883 2983 2938 namque
3019 2867 3077 2922 in
3111 2867 3388 2922 anteriora
3429 2869 3628 2925 tendit.

2033 2957 2325 3013 Anteriora
2349 2964 2530 3012 autem
2563 2973 2675 3012 non
2703 2957 2876 3025 videt,
2900 2957 2994 3028 qui
3025 2973 3088 3014 ea
3118 2974 3237 3029 qua:
3253 2966 3382 3014 sunt
3406 2973 3436 3012 a
3465 2959 3633 3014 latere

2033 3046 2321 3118 conspicit.
2342 3048 2688 3118 Rursumque
2705 3046 2798 3118 qui
2821 3045 2978 3116 pedis
2997 3044 3304 3102 custodiam
3325 3047 3634 3118 praevidens

2033 3135 2308 3191 anteriora
2353 3134 2548 3201 cernit,
2591 3134 3146 3206 circumspectionem
3196 3134 3382 3190 lateris
3407 3134 3630 3192 deserit.

2031 3226 2173 3280 Dum
2195 3238 2327 3280 vero
2355 3230 2480 3279 ante
2496 3222 2687 3279 faciem
2715 3223 2905 3296 positae
2924 3223 3147 3280 virtutis
3165 3222 3376 3296 aliquid
3397 3223 3631 3296 agimus,

2032 3314 2184 3388 quasi
2222 3331 2330 3388 quo
2360 3331 2452 3386 pes
2471 3313 2665 3370 debeat
2693 3313 2820 3385 poni
2851 3314 3221 3387 praevidemus
3247 3332 3260 3382 ;
3295 3314 3388 3371 sed
3411 3314 3542 3370 dum
3565 3331 3635 3372 ex

2033 3405 2239 3461 virtute
2268 3404 2456 3461 eadem
2485 3404 2677 3460 furtim
2707 3405 2874 3476 culpa
2903 3403 3207 3474 suboritur,
3235 3405 3388 3478 quasi
3409 3405 3544 3460 dum
3575 3406 3634 3460 in

2035 3494 2308 3550 anteriora
2337 3493 2647 3564 respicitur,
2672 3493 2741 3549 ad
2757 3495 3009 3567 sagittam
3032 3495 3177 3552 latus
3194 3494 3455 3550 nudatur.
3480 3495 3633 3566 Saepe

2036 3598 2166 3636 vero
2204 3581 2333 3637 dum
2367 3581 2739 3637 suborientem
2769 3583 2986 3654 culpam
3019 3583 3338 3652 metuimus,
3369 3583 3632 3641 virtutem

2036 3685 2156 3742 quae
2185 3669 2392 3740 agenda
2418 3678 2497 3726 est
2523 3670 2900 3737 declinamus;
2930 3679 2984 3726 et
3012 3671 3164 3743 quasi
3196 3671 3328 3728 dum
3361 3673 3504 3728 latus
3532 3673 3633 3728 cir-

2035 3759 2416 3830 cumspicitur,
2459 3773 2804 3830 nequaquam
2837 3758 3103 3825 cernitur,
3148 3775 3242 3830 pes
3269 3759 3328 3813 in
3360 3759 3637 3815 anteriora

2036 3847 2312 3922 quomodo
2340 3855 2594 3919 ponatur.
2635 3847 2779 3900 Bene
2807 3861 2934 3917 ergo
2963 3845 3169 3901 dicitur
3203 3863 3214 3902 :
3251 3844 3511 3902 Dominus
3535 3849 3638 3902 erit

2034 3937 2092 3992 in
2140 3939 2300 3993 latere
2348 3941 2455 4000 tuo,
2504 3940 2552 3988 et
2593 3934 2845 3988 custodiet
2868 3934 3050 4005 pedem
3079 3939 3226 3988 tuum
3275 3949 3336 3988 ne
3377 3933 3634 4005 capiaris,

2036 4028 2166 4100 quia
2195 4026 2353 4081 miles
2390 4024 2489 4081 Dei
2532 4023 2735 4080 divinae
2768 4023 2953 4096 gratiae
3004 4023 3199 4096 clypeo
3244 4030 3540 4096 protectus,
3583 4034 3637 4080 et

2036 4129 2156 4190 quze
2172 4132 2241 4172 ex
2270 4115 2436 4170 latere
2453 4112 2662 4186 possint
2685 4115 2705 4148 ‘
2728 4112 2947 4185 prodire
2967 4111 3470 4185 circumspiciendo
3498 4129 3634 4170 con-

2036 4206 2259 4274 siderat,
2303 4213 2356 4261 et
2403 4219 2647 4276 gressum
2693 4210 2820 4259 ante
2865 4202 3060 4260 faciem
3110 4203 3250 4259 ferre
3298 4203 3637 4277 proﬁciendo

2037 4312 2149 4351 non
2177 4302 2370 4351 cessat.
2402 4292 2504 4350 Cui
2556 4290 2939 4348 fraudulentus
2968 4291 3144 4348 hostis
3195 4291 3475 4362 invidens,
3509 4293 3638 4366 quia

2037 4403 2133 4460 per
2162 4384 2472 4458 pharetram
2509 4390 2563 4437 et
2591 4381 2805 4436 hastam
2857 4397 3205 4454 nequaquam
3238 4397 3295 4437 se
3343 4383 3640 4454 praevalere

2040 4470 2326 4542 conspicit,
2374 4469 2631 4540 clypeum
2671 4468 2920 4539 opponit,
2955 4468 2975 4501 ⁸
3007 4477 3069 4523 ιιι
3109 4468 3155 4523 si
3202 4469 3505 4525 resistentis
3536 4485 3641 4541 pe-

2040 4569 2160 4616 ctus
2189 4556 2436 4614 feriendo
2461 4572 2573 4611 non
2603 4555 2862 4628 perforat,
2890 4555 3084 4612 saltem
3117 4557 3452 4628 quibusdam
3491 4557 3637 4628 obje-

2040 4647 2318 4706 ctionibus
2343 4645 2680 4720 proﬁcientis
2714 4645 2818 4701 iter
2848 4644 3196 4701 intercludat.
3235 4652 3426 4710 1034
3455 4647 3638 4714 Quas-

2040 4745 2166 4802 dam
2186 4762 2420 4819 namque
2441 4744 2791 4801 difﬁcultates
2811 4742 2944 4816 ipsis
2963 4741 3082 4815 ejus
3103 4744 3392 4800 conatibus
3411 4743 3604 4813 objicit
3619 4760 3642 4809 ;-

2039 4844 2094 4893 et
2138 4853 2264 4895 cum
2307 4851 2563 4909 superare
2596 4851 2708 4891 non
2757 4834 2925 4901 valet,
2972 4833 3058 4888 vel
3092 4833 3318 4888 resistit.
3367 4831 3471 4887 Sed
3503 4831 3640 4902 quid.

2039 4935 2231 4984 contra
2260 4934 2340 4983 tot
2366 4935 2688 4999 argumenta
2713 4925 2987 4981 bellorum
3020 4939 3206 4995 equus
3235 4921 3332 4977 Dei
3378 4927 3500 4992 agat
3530 4936 3640 4976 au-

2041 5019 2262 5075 diamus
2289 5037 2302 5074 :

2623 5104 2851 5164 CAPUT
2881 5106 3049 5162 XLII.

2114 5195 2286 5252 Vens.
2335 5195 2422 5253 24.
2466 5226 2537 5238 -
2576 5196 2804 5253 Fervens
2849 5201 2899 5249 et
2940 5193 3171 5264 fremens
3205 5192 3378 5250 sorbet
3419 5198 3638 5262 terram,

2045 5301 2134 5341 nec
2162 5291 2375 5357 reputat
2403 5286 2539 5342 tubce
2565 5302 2756 5342 sonare
2785 5286 3100 5356 clangorem.

2117 5374 2204 5431 83.
2244 5375 2479 5446 Utrique,
2517 5391 2615 5447 per
2656 5379 2893 5429 sanctum
2933 5373 3196 5444 fervorem
3236 5381 3284 5430 et
3326 5373 3643 5448 proﬁciendi

2046 5484 2225 5524 curam
2262 5467 2544 5524 resistitur.
2582 5496 2653 5508 —
2681 5464 2882 5524 Contra
2909 5480 3112 5538 equum
3133 5467 3357 5541 clangor
3383 5466 3530 5525 tubae
3560 5467 3642 5525 in-

2122 5651 2143 5686 ³
2175 5648 2346 5707 Laud.
2379 5659 2431 5708 et
2458 5649 2581 5708 Val.
2614 5649 2720 5718 CL,
2742 5648 2992 5708 mittitur.

2125 5724 2145 5796 ξ
2179 5723 2362 5796 Qerm.
2387 5731 2440 5779 et
2467 5722 2740 5796 Val.7Cl.,
2754 5722 3000 5796 prodere.

2125 5795 2148 5829 ⁸
2180 5794 2406 5864 Turon.,
2437 5801 2495 5851 ut
2517 5795 2612 5867 qui
2636 5794 2967 5853 resistentis.-

3328 5895 3400 5956 20
