4156 6178
507 299 610 358 619

1709 298 1956 356 SANCTI
2011 299 2356 358 GREGOBII
2394 301 2619 358 MAGNI

3711 300 3816 356 620

500 436 675 494 sonat,
707 421 926 499 quando
967 422 1126 481 electi
1173 431 1410 480 mentem
1451 425 1510 479 in
1547 439 1612 481 eo
1657 425 1804 499 quod
1832 428 1944 499 agit
1984 428 2091 483 for-
2126 433 2176 490 A
2204 430 2422 485 fortiter
2444 429 2702 486 declinat.
2735 429 2876 486 Hinc
2897 427 3282 486 Habacucait:
3318 431 3495 502 Super
3513 431 3819 487 custodiam

503 515 630 572 titer
647 530 676 570 e
697 512 884 571 vicino
904 511 1151 587 quadam
1181 512 1358 585 posita
1380 513 1543 585 culpa
1561 513 1888 570 terribiliter
1904 522 2104 572 tentat.

503 602 610 660 Sed
637 601 855 659 fervens
899 608 953 657 et
984 602 1223 658 fremens
1270 599 1454 658 sorbet
1493 610 1719 670 terram,
1752 603 1881 676 quia
1927 603 2106 660 nimio

504 691 696 749 ardore
728 690 1084 763 semetipsum
1115 689 1376 757 discutit;
1409 697 1463 746 et
1479 689 1752 764 quidquid
1775 690 1832 746 in
1854 709 1910 748 se
1941 699 2106 749 terre-

505 797 639 837 num
663 780 884 852 reperit,
910 779 1158 853 quotidie
1190 779 1528 851 proﬁciendo
1547 782 1842 838 consumit.
1869 784 1941 838 Et
1961 783 2107 840 clan-

504 886 685 943 gorem
717 869 862 926 tubae
893 886 1086 926 sonare
1108 886 1218 925 non
1250 879 1487 942 reputat,
1511 870 1642 944 quia
1671 872 2108 929 consideratione

506 958 634 1014 forti
665 975 828 1014 omne
868 958 1067 1014 vitium
1100 956 1247 1031 quod
1293 957 1360 1014 de
1397 957 1624 1014 virtutis
1663 959 1837 1030 gloria
1865 959 2110 1016 nascitur

504 1047 774 1104 sollicitus
802 1046 1059 1104 declinat.
1093 1046 1297 1102 Sonare
1329 1045 1478 1102 enim
1508 1046 1819 1119 clangorem
1849 1047 1995 1104 tubae
2027 1063 2108 1103 re.

507 1142 752 1208 putaret,
785 1135 832 1190 si
861 1135 1091 1191 fortasse
1129 1141 1351 1207 propter
1383 1133 1533 1189 aliud
1567 1134 1712 1207 quod
1743 1123 1907 1209 piave
1935 1135 2109 1191 subo—

505 1225 647 1280 ritur
675 1224 783 1279 alia
806 1240 964 1296 agere
996 1232 1144 1280 recta
1174 1231 1460 1280 metueret.
1485 1224 1625 1292 Quia
1653 1241 1782 1296 ergo
1812 1225 1880 1280 ad
1901 1223 2111 1297 agenda

505 1313 670 1369 fortia
698 1320 825 1367 ante
854 1312 1170 1370 insonantia
1211 1321 1549 1369 tentamenta
1595 1331 1707 1370 non
1753 1314 2011 1387 trepidat,
2050 1312 2109 1368 in

505 1401 719 1458 fervore
750 1419 848 1459 suo
879 1401 1089 1475 positus
1130 1402 1440 1474 clangorem
1472 1402 1618 1458 tubae
1648 1403 1880 1459 minime
1914 1402 2111 1459 formi-

505 1491 616 1548 dat.
649 1493 800 1564 Sazpe
828 1499 1011 1548 autem
1043 1492 1176 1548 dum
1206 1491 1514 1565 prosperari
1543 1508 1599 1549 se
1634 1493 1938 1549 virtutibus
1967 1508 2113 1550 con-

505 1581 689 1654 spicit,
740 1597 808 1637 ne
852 1581 967 1654 ipsa
1014 1582 1175 1638 illum
1214 1583 1489 1639 virtutum
1533 1583 1867 1656 prosperitas
1914 1582 2109 1649 elevet,

505 1668 710 1741 pulsari
741 1686 798 1727 se
830 1670 1231 1729 tentationibus
1277 1669 1492 1744 gaudet.
1523 1671 1677 1728 Unde
1723 1678 1777 1728 et
1819 1679 1945 1744 apte
1972 1671 2113 1728 sub-

501 1758 756 1831 jungitur
790 1777 804 1815 :

1073 1873 1301 1932 CAPUT
1343 1873 1536 1929 XLIII.

577 1961 748 2020 Vnus.
775 1959 864 2018 25.
895 1992 966 2004 —
997 1962 1096 2019 Ubi
1121 1961 1358 2018 audierit
1385 1961 1677 2028 buccinam,
1707 1959 1836 2015 dicit
1871 1959 2000 2018 Vah.

576 2050 666 2108 84.
700 2049 838 2119 Quia
861 2052 1056 2108 multos
1085 2051 1346 2108 diuturna
1368 2067 1483 2123 pax
1511 2050 1704 2106 inertes
1719 2049 1914 2115 reddit,
1935 2046 2109 2104 sancti

509 2140 700 2197 tentari
725 2140 973 2212 gaudent.
1014 2169 1083 2185 --
1109 2141 1314 2198 Multos
1354 2139 1503 2196 enim
1531 2138 1688 2212 pejus
1725 2154 1824 2194 sua
1865 2137 2106 2194 felicitas

507 2229 723 2297 stravit,
754 2229 957 2285 multos
977 2228 1238 2286 diuturna
1252 2245 1361 2302 pax
1390 2229 1594 2284 inertes
1613 2225 1859 2283 reddidit
1883 2245 1897 2294 ;
1928 2241 2106 2298 eoque

514 2322 529 2355 ¹
563 2319 689 2376 illos
717 2317 1038 2390 inopinatus
1069 2317 1244 2375 hostis
1283 2317 1504 2389 gravius
1522 2317 1781 2390 perculit,
1807 2331 1918 2388 quo
1947 2314 2111 2386 longo

511 2408 715 2482 quietis
729 2423 834 2464 usu
859 2407 1196 2480 negligentes
1215 2406 1452 2463 invenit.
1478 2405 1632 2462 Unde
1653 2405 1830 2462 sancti
1848 2405 1957 2460 viri
1987 2421 2111 2461 cum

513 2501 688 2558 multa
703 2517 758 2558 se
779 2499 1042 2574 proﬁcere
1067 2499 1340 2556 virtutum
1361 2499 1720 2572 prosperitate
1741 2495 2112 2563 considerant,

511 2589 750 2663 quodam
792 2587 1219 2661 dispensationis
1249 2603 1502 2660 supernae
1529 2586 1910 2642 moderamine
1939 2601 2117 2641 exer-

511 2679 621 2736 ceri
649 2693 707 2734 se
747 2677 914 2732 etiam
962 2676 1362 2733 tentationibus
1416 2675 1716 2744 exsultant,
1753 2676 1773 2710 ³
1803 2675 1932 2746 quia
1962 2682 2115 2732 tanto

516 2766 796 2825 robustius
849 2773 1126 2838 acceptam
1174 2765 1445 2822 virtutum
1489 2763 1721 2836 gloriam
1769 2763 2111 2830 custodiunt,

511 2862 718 2932 quanto
764 2853 1084 2912 tentationis
1124 2853 1369 2927 impulsu
1430 2851 1684 2910 concussi
1731 2849 2112 2906 infirmitatem

511 2962 666 3003 suam
694 2943 965 3002 humilius
988 2951 1309 3018 agnoscunt.
1341 2944 1532 3018 Equus
1564 2958 1713 3014 ergo,
1745 2939 1938 2996 audita
1964 2937 2112 2995 buc-

512 3039 657 3107 cina,
690 3037 800 3094 vah
845 3036 1002 3107 dicit,
1051 3037 1183 3111 quia
1211 3035 1473 3093 videlicet
1513 3032 1790 3107 praeliator
1817 3030 1937 3098 Dei,
1986 3047 2113 3086 cum

511 3127 627 3184 vim
655 3127 978 3184 tentationis
1007 3126 1325 3184 incumbere
1352 3123 1644 3196 conspicit,
1687 3120 1986 3178 utilitatem
2025 3137 2112 3176 su-
2145 3151 2188 3211 Ο

517 3230 699 3288 pernae
740 3215 1170 3287 dispensationis
1215 3213 1590 3278 considerans,
1623 3226 1693 3266 ex
1725 3210 1844 3282 ipsa
1875 3209 2117 3266 validius

515 3303 845 3373 adversitate
888 3302 1136 3359 conﬁdit.
1197 3299 1368 3373 Cujus
1413 3298 1766 3356 adversitatis
1817 3298 2120 3357 certamina

517 3399 724 3460 idcirco
744 3399 904 3457 illum
919 3414 1032 3454 non
1058 3401 1335 3469 superant,
1355 3393 1484 3467 quia
1503 3410 1786 3466 nunquam
1817 3394 2121 3466 improvisa

516 3496 749 3546 tentant.
799 3489 984 3559 Longe
1027 3486 1229 3559 quippe
1275 3490 1545 3556 praenatat
1583 3500 1652 3540 ex
1681 3498 2008 3556 unaquaque
2038 3499 2115 3552 re,

515 3579 677 3653 cujus
701 3578 828 3636 vitii
855 3594 1038 3652 pugna
1065 3583 1390 3634 succrescat.
1423 3573 1578 3632 Unde
1601 3581 1656 3631 et
1683 3573 1932 3648 sequitur
1959 3591 1971 3629 ε

1091 3716 1320 3777 CAPUT
1349 3715 1546 3774 XLIV.

589 3842 727 3901 Iam.
757 3869 828 3882 —
856 3836 1056 3895 Procul
1083 3835 1346 3892 odoratur
1374 3831 1587 3888 bellum.

587 3932 677 3990 85.
709 3929 878 3990 Nulla
899 3942 982 3981 eos
1002 3924 1290 3996 improvisa
1307 3926 1506 3977 tentant
1525 3937 1544 3985 ;
1567 3917 1704 3974 unde
1723 3933 1812 3972 nec
1838 3915 2117 3979 superant.

518 4051 588 4063 -—
618 4019 833 4076 Bellum
853 4030 1088 4087 namque
1117 4011 1308 4086 procul
1329 4008 1546 4067 odorari
1573 4014 1656 4063 est
1675 4021 1744 4061 ex
1773 4002 1952 4061 causis
1982 4014 2130 4072 prae-

514 4109 838 4180 cedentibus
861 4122 981 4180 quae
1004 4103 1268 4161 vitiorum
1297 4116 1492 4174 pugnae
1520 4097 1921 4168 subsequantur
1939 4105 2118 4180 agno-

520 4214 688 4256 scere.
719 4195 862 4264 Quia
877 4178 1060 4262 enim,
1097 4191 1240 4248 sicut
1262 4189 1377 4261 jam
1406 4201 1547 4259 saepe
1577 4185 1790 4242 dictum
1819 4187 1920 4248 est,
1956 4178 2122 4235 odore

520 4304 607 4345 res
625 4301 740 4343 non
767 4285 888 4341 visa
915 4281 1283 4355 cognoscitur,
1315 4277 1524 4332 bellum
1549 4272 1739 4346 procul
1769 4267 1986 4325 odorari
2018 4273 2122 4334 est,

520 4379 664 4435 sicut
689 4375 823 4432 ﬂatu
852 4372 1091 4441 narium,
1121 4370 1200 4427 sic
1229 4365 1545 4442 provisione
1571 4359 1986 4435 cogitationum,
2026 4372 2119 4412 ne-

524 4468 725 4542 quitias
753 4467 986 4522 latentes
1013 4462 1290 4534 indagare.
1333 4460 1412 4516 De
1442 4474 1551 4530 quo
1591 4453 1822 4512 odoratu
1849 4449 2119 4506 Dominus

2213 535 2382 574 meam
2435 519 2578 574 stabo
2631 517 2862 590 (Habac.
2923 534 2985 586 ιι,
3033 518 3120 589 1).
3184 515 3326 592 [νει.
3384 518 3620 594 ΧΧΧΙ.]
3679 520 3820 577 Hinc

2213 608 2646 682 uniuscujusque
2692 606 2851 664 electi
2890 607 3133 664 animam
3181 607 3448 666 Jeremias
3494 608 3817 678 admonens,

2215 698 2350 755 dicit
2383 717 2394 754 :
2449 699 2629 756 Statue
2671 696 2765 752 tibi
2813 699 3098 768 speculam,
3124 714 3262 769 pone
3313 696 3407 752 tibi
3435 697 3820 754 amaritudines

2214 788 2432 857 (Jerem.
2465 804 2625 855 xxxx,
2651 785 2766 859 21).
2799 787 3084 858 Speculam
3110 785 3314 859 quippe
3339 785 3450 842 sibi
3471 793 3710 843 statuere
3739 794 3821 842 est

2216 888 2448 936 ventura
2475 879 2741 935 vitiorum
2787 877 3088 934 certamina
3127 893 3196 933 ex
3225 877 3337 934 alta
3378 876 3821 934 consideratione

2216 983 2569 1039 praenoscere.
2603 969 2624 1003 ³
2657 966 2881 1040 Sibique
2904 966 3066 1023 electi
3097 982 3250 1022 mens
3277 965 3680 1032 amaritudines
3708 982 3819 1038 po-

2216 1056 2320 1124 nit,
2366 1054 2585 1128 quando
2632 1059 2822 1117 1035
2860 1061 2915 1110 et
2943 1054 3001 1110 in
3031 1053 3303 1110 virtutum
3333 1069 3464 1126 pace
3494 1053 3817 1122 constituta,

2216 1152 2348 1209 dum
2404 1153 2548 1208 mala
2596 1151 2920 1208 insidiantia
2964 1149 3260 1223 conspicit,
3308 1165 3502 1208 secura
3547 1149 3822 1224 quiescere

2218 1257 2330 1298 non
2359 1240 2652 1297 consentit.

2290 1331 2378 1388 86.
2403 1331 2589 1387 Primo
2618 1330 2920 1386 curandum
2946 1346 3012 1386 ne
3039 1329 3185 1386 mala
3205 1327 3493 1399 faciamus,
3514 1328 3735 1385 secundo
3759 1345 3824 1384 ne

2222 1420 2355 1476 bona
2382 1419 2614 1476 incaute.
2641 1420 2961 1490 Plerumque
2988 1437 3054 1476 ea:
3082 1418 3231 1474 bonis
3264 1419 3408 1474 mala
3434 1424 3825 1474 nascuntur.—

2221 1509 2407 1564 Primo
2435 1516 2619 1564 autem
2665 1524 2734 1564 ne
2775 1509 2920 1564 mala
2959 1507 3240 1581 quaelibet,
3275 1505 3513 1563 secundo
3541 1521 3671 1562 vero
3699 1505 3822 1561 loco

2220 1597 2536 1654 considerat
2594 1613 2664 1653 ne
2718 1596 2862 1654 bona
2909 1597 3128 1655 incaute
3175 1597 3393 1664 faciat;
3439 1603 3492 1652 et
3536 1602 3823 1668 postquam

2219 1704 2389 1760 prava
2433 1687 2730 1759 subegerit,
2764 1689 2883 1760 ipsa
2927 1689 3095 1745 etiam
3143 1687 3250 1744 sibi
3297 1688 3319 1722 ‘
3361 1685 3632 1758 subjicere
3678 1690 3826 1740 recta

2143 1790 2190 1848 Β
2219 1776 2526 1845 contendit,
2559 1791 2626 1831 ne
2655 1777 2703 1832 si
2733 1777 2934 1833 mentis
2955 1777 3272 1834 dominium
3303 1783 3605 1843 transeant,
3636 1774 3696 1830 in
3719 1772 3825 1829 ela-

2219 1864 2387 1920 tionis
2415 1865 2634 1937 culpam
2673 1873 2978 1924 vertantur.
3013 1867 3154 1935 Quia
3195 1865 3372 1935 enim,
3405 1864 3550 1921 sicut
3578 1859 3828 1935 superius

2219 1953 2430 2010 dictum
2457 1962 2561 2020 est,
2592 1954 2917 2027 plerumque
2941 1971 3011 2010 ex
3036 1955 3199 2010 bonis
3228 1970 3326 2026 per
3363 1952 3595 2011 incuriae
3626 1949 3828 2006 vitium

2221 2044 2364 2099 mala
2392 2050 2712 2111 nascuntur,
2741 2042 2995 2114 vigilanti
3035 2041 3223 2098 studio
3251 2041 3666 2111 contemplatur
3691 2055 3830 2112 quo-

2221 2131 2384 2188 modo
2414 2148 2484 2187 ex
2511 2131 2762 2189 doctrina
2789 2129 3118 2202 arrogantia,
3153 2145 3225 2185 ex
3245 2128 3469 2200 justitia
3503 2126 3831 2194 crudelitas,

2221 2238 2290 2278 ex
2319 2224 2518 2295 pietate
2550 2223 2820 2292 remissio,
2866 2238 2936 2278 ex
2977 2221 3094 2278 zelo
3135 2221 3239 2288 ira,
3283 2235 3354 2276 ex
3399 2215 3833 2274 mansuetudine

2222 2319 2413 2386 torpor
2458 2313 2685 2370 oriatur.
2719 2311 2965 2385 Cumque
3010 2311 3157 2368 bona
3187 2309 3306 2365 haec
3358 2307 3493 2379 agit,
3522 2308 3542 2341 ⁵
3575 2304 3724 2378 quod
3771 2303 3833 2360 hi

2223 2410 2413 2460 contra
2441 2419 2497 2459 se
2522 2402 2706 2460 hostes
2733 2418 2830 2474 per
2857 2400 2977 2456 haec
3001 2414 3296 2471 exsurgere
3351 2396 3574 2452 valeant
3601 2393 3831 2466 conspi-

2225 2494 2321 2550 cit.
2351 2493 2487 2548 Nam
2507 2509 2633 2549 cum
2650 2490 3024 2564 adipiscendis
3061 2489 3330 2546 doctrinae
3348 2485 3548 2544 studiis
3567 2483 3829 2550 elaborat,

2227 2588 2467 2638 mentem
2497 2577 2734 2637 sollicite
2773 2587 2966 2636 contra
3000 2585 3279 2636 certamen
3325 2574 3649 2648 arrogantiae
3679 2591 3828 2646 prae-

2226 2680 2398 2745 parat.
2433 2671 2572 2729 Cum
2601 2671 2792 2742 culpas
2827 2668 3275 2742 delinquentium
3298 2666 3451 2739 juste
3471 2665 3665 2723 ulcisci
3694 2663 3831 2720 desi-

2225 2763 2399 2827 derat,
2433 2759 2779 2833 sagacissime
2800 2760 2970 2815 evitat
2998 2774 3067 2814 ne
3095 2757 3330 2813 modum
3360 2755 3601 2827 justitiae
3631 2752 3834 2812 crude-

2225 2852 2351 2906 litas
2389 2849 2652 2905 vindictas
2691 2844 3062 2902 transcendat.
3117 2845 3255 2901 Cum
3303 2843 3752 2914 pietatefrenare
3781 2858 3835 2898 se

2225 2939 2442 3006 nititur,
2477 2938 2702 2994 solerter
2731 2932 2992 3007 prospicit
3021 2947 3088 2987 ne
3116 2947 3230 3004 qua
3259 2928 3569 3001 disciplinae
3598 2930 3835 2986 dissolu-

2224 3027 2373 3084 tione
2405 3027 2674 3084 vincatur.
2708 3023 2846 3081 Cum
2877 3037 2932 3078 se
2962 3022 2983 3056 ⁸
3010 3019 3146 3076 recti
3181 3017 3286 3073 zeli
3333 3017 3574 3074 stimulis
3603 3018 3833 3086 excitat,

2224 3131 2569 3188 summopere
2598 3110 2852 3185 providet
2877 3125 2944 3165 ne
2977 3108 3101 3181 plus
3131 3123 3296 3180 quam
3320 3121 3540 3162 necesse
3561 3113 3644 3162 est
3661 3105 3756 3161 irae
3779 3121 3839 3163 se

2227 3212 2446 3267 ﬂamma
2473 3207 2786 3266 succendat.
2812 3204 2948 3263 Cum
2982 3218 3178 3275 magna
3204 3201 3651 3258 mansuetudinis
3673 3208 3838 3257 tran-

2228 3301 2501 3375 quillitate
2529 3315 2585 3354 se
2614 3302 2898 3369 temperat,
2931 3293 3230 3366 vigilanter
3247 3291 3508 3348 observat
3532 3306 3601 3346 ne
3620 3297 3840 3363 torpore

2227 3389 2644 3464 frigescat.Quia
2653 3404 2780 3460 ergo
2795 3383 3100 3459 spiritualis
3115 3383 3313 3439 militis
3323 3381 3662 3454 cogitatione
3674 3396 3839 3436 omne

2228 3481 2427 3538 vitium
2455 3479 2609 3552 prius
2624 3493 2788 3551 quam
2809 3478 2828 3512 ⁷
2853 3474 3145 3547 subrepere
3169 3471 3343 3546 possit
3366 3470 3662 3544 aspicitur,
3693 3475 3839 3525 recte

2228 3570 2296 3628 de
2322 3587 2463 3644 equo
2483 3569 2582 3626 Dei
2599 3569 2834 3625 dicitur:
2866 3565 3066 3622 Procul
3085 3563 3351 3619 odoratur
3365 3561 3576 3617 bellum.
3599 3561 3834 3633 Perpen-

2230 3661 2312 3720 dit
2339 3660 2506 3718 etiam
2531 3675 2650 3732 quae
2679 3655 2839 3714 turba
2867 3653 3230 3727 iniquitatum
3251 3656 3499 3724 proruat,
3522 3649 3569 3704 si
3589 3649 3734 3705 mala
3760 3645 3831 3702 ad

2230 3767 2288 3809 se
2317 3749 2530 3824 ingredi
2558 3748 2648 3805 vel
2667 3762 2841 3821 pauca
2860 3742 3161 3817 permittat.
3194 3738 3351 3798 Unde
3377 3746 3433 3797 et
3465 3737 3717 3812 sequitur
3749 3753 3760 3791 :

2818 3858 3048 3917 CAPUT
3076 3855 3248 3915 XLV.

2301 3983 2440 4038 Iam.
2473 4009 2540 4024 -
2573 3973 3018 4034 Exhortationem
3045 3971 3258 4039 ducum,
3293 3975 3343 4026 et
3388 3967 3650 4026 ululatum
3672 3980 3838 4020 exer-

2233 4074 2386 4130 citus.

2301 4163 2391 4220 87.
2424 4157 2707 4218 Exercitus
2735 4155 2934 4212 diaboli
2963 4154 3076 4211 dua:
3109 4152 3378 4226 superbia,
3411 4147 3558 4219 cujus
3610 4144 3837 4212 soboles,

2234 4258 2422 4325 septem
2459 4244 2790 4321 principalia
2818 4243 2971 4300 vitia.
3015 4273 3086 4284 —
3132 4240 3422 4297 Tentantia
3447 4235 3644 4311 quippe
3673 4233 3837 4303 vitia,

2235 4359 2355 4417 qua:
2387 4338 2660 4398 invisibili
2695 4342 2888 4394 contra
2931 4351 3032 4390 nos
3074 4332 3266 4406 praelio
3304 4327 3559 4403 regnanti
3588 4341 3751 4399 super
3780 4339 3842 4380 se

2235 4413 2503 4505 superbiae
2539 4427 2803 4495 militant,
2850 4425 2958 4480 alia
3000 4439 3151 4478 more
3180 4421 3388 4478 ducum
3421 4422 3692 4491 praeeunt,
3733 4413 3845 4470 alia

524 4505 540 4524 ι
565 4505 725 4525 tu...»
755 4505 986 4522 ..ηυμυυσ
1013 4505 1290 4534 “una”.-.
1333 4505 1412 4516 ην
1445 4505 1548 4530 1--
1596 4505 1821 4512 -_-___--
1849 4505 1877 4506 ί
1908 4505 1920 4506 ,

520 4505 664 4613 r‘ecte
712 4555 771 4612 in
816 4552 1076 4610 Ecclesiae
1105 4568 1215 4608 suae
1258 4546 1518 4604 laudibus
1556 4543 1735 4601 dicit:
1780 4542 1958 4599 Nasus
2002 4544 2116 4593 tuus

2234 4539 2385 4580 more
2422 4519 2695 4578 exercitus
2737 4516 3167 4589 subsequuntur.
3225 4511 3414 4583 Neque
3458 4508 3610 4564 enim
3665 4505 3844 4577 culpas

521 4647 655 4702 sicut
682 4643 872 4710 turris,
892 4659 1010 4714 qua:
1031 4647 1104 4696 est
1126 4640 1179 4694 in
1207 4639 1407 4694 Libano
1435 4636 1628 4707 (Cant.
1653 4648 1754 4700 vn,
1779 4630 1862 4701 4).
1895 4629 1998 4684 Per
2026 4641 2119 4682 na-

521 4753 643 4794 sum
672 4748 890 4808 quoque
913 4731 1108 4788 odores
1134 4729 1444 4798 fetoresque
1472 4722 1857 4780 discernimus.
1881 4718 1961 4808 Et
1984 4715 2126 4808 quid

519 4843 614 4901 per
643 4803 861 4888 nasum,
905 4821 1015 4878 nisi
1053 4826 1365 4876 sanctorum
1408 4812 1638 4886 provida
1669 4807 1931 4866 discretio
1969 4803 2125 4901 desi-

524 4893 765 4990 gnatur?
791 4911 983 4968 Turris
1003 4925 1135 4965 vero
1165 4901 1562 4980 speculationis
1592 4901 1650 4956 in
1677 4899 1850 4955 altum
1878 4893 2120 4968 ponitur.

519 5013 585 5061 ut
613 5003 787 5060 hostis
814 5001 1042 5057 veniens
1081 4999 1238 5068 longe
1272 4993 1542 5049 videatur.
1593 4991 1758 5046 Recte
1803 5001 1931 5057 ergo
1961 4999 2126 5040 nasus

523 5096 784 5154 Ecclesiae
800 5094 940 5152 turri
971 5093 1030 5148 in
1055 5090 1265 5147 Libano
1293 5085 1494 5144 similis
1521 5082 1747 5150 dicitur,
1765 5080 1895 5153 quia
1915 5084 2126 5134 sancto-

524 5201 648 5242 rum
679 5184 911 5259 provida
955 5181 1214 5240 discretio
1242 5178 1375 5236 dum
1405 5174 1642 5233 sollicite
1687 5171 2118 5242 circumquaque

523 5256 794 5346 conspicit
827 5273 884 5328 in
921 5272 1094 5327 altum
1140 5268 1343 5342 posita,
1373 5265 1693 5340 priusquam
1741 5257 1931 5315 veniat
1960 5256 2124 5329 culpa

524 5360 902 5434 deprehendit,
948 5374 1177 5434 eamque
1223 5375 1333 5433 quo
1373 5355 1666 5428 vigilanter
1711 5353 2003 5424 praenatat,
2055 5361 2123 5401 eo

600 5551 995 5621 ‘Laud.,illos
1022 5551 1324 5624 inopinatos
1344 5549 1530 5624 hostis.
1639 5623 1643 5624 ί
1733 5622 1741 5624 _
1804 5621 1812 5624 _
2059 5610 2069 5621 ,

595 5612 994 5704 ξιτεξῐιά.ςιςαία
1017 5612 1212 5704 quanto
1243 5622 1604 5677 robustius....
1629 5622 1773 5674 tanta
1797 5612 2097 5672 tentationis
2117 5653 2129 5666 .

595 5697 618 5733 ³
646 5695 761 5764 AL,
791 5694 990 5764 sibique
1016 5696 1175 5764 electa
1195 5709 1357 5748 mens.

595 5769 618 5804 δ
643 5763 834 5827 Norm.
867 5763 923 5822 et
958 5763 1222 5831 Vindoc.,
1252 5764 1507 5835 subigere.

2231 4629 2422 4672 omnes
2450 4611 2568 4684 pari
2595 4623 2816 4665 accessu
2845 4621 2942 4662 cor
2969 4608 3264 4674 occupant.
3295 4599 3402 4656 Sed
3430 4597 3565 4654 dum
3605 4594 3846 4667 majores

2233 4711 2286 4760 et
2319 4718 2502 4776 paucae
2532 4699 2833 4771 neglectam
2855 4700 3092 4749 mentem
3110 4688 3481 4763 praeveniunt,
3525 4684 3769 4741 minores
3788 4688 3848 4738 et

2234 4775 2538 4850 innumerae
2558 4787 2626 4843 ad
2649 4786 2799 4841 illam
2829 4800 2884 4839 se
2911 4779 3235 4838 catervatim
3258 4775 3522 4833 fundunt.
3547 4775 3672 4847 Ipsa
3690 4788 3846 4828 nam-

2234 4899 2340 4956 que
2369 4880 2635 4936 vitiorum
2674 4875 2861 4947 regina
2891 4869 3149 4945 superbia
3192 4885 3316 4925 cum
3359 4864 3644 4922 devictum
3683 4861 3850 4935 plene

2235 4949 2330 5029 cor
2359 4969 2585 5042 ceperit,
2617 4983 2749 5022 mox
2783 4963 2924 5020 illud
2969 4971 3178 5035 septem
3223 4955 3626 5032 principalibus
3663 4949 3847 5042 vitiis,

2237 5059 2394 5136 quasi
2423 5037 2752 5131 quibusdam
2797 5053 2911 5110 suis
2942 5049 3185 5107 ducibus
3214 5044 3620 5104 devastandum
3651 5037 3850 5095 tradit.

2237 5131 2385 5222 Quos
2415 5148 2673 5205 videlicet
2701 5146 2866 5202 duces
2895 5140 3171 5199 exercitus
3203 5136 3486 5211 sequitur,
3509 5133 3641 5208 quia
3667 5147 3736 5187 ex
3765 5131 3853 5187 eis

2230 5220 2421 5316 procul
2434 5237 2604 5296 dubio
2621 5236 2950 5308 importunae
2969 5230 3236 5286 vitiorum
3253 5223 3644 5282 multitudines
3659 5220 3854 5276 oriun-

2232 5312 2341 5390 tur.
2372 5328 2531 5400 Quod
2559 5325 2758 5384 melius
2795 5319 3161 5389 ostendimus,
3210 5316 3258 5373 si
3307 5316 3454 5390 ipsos
3484 5312 3653 5369 duces
3678 5315 3851 5382 atque

2305 5535 2326 5570 ⁵
2357 5528 2554 5597 Laud.,
2603 5532 2731 5598 quot
2775 5524 2857 5580 hic
2911 5528 3096 5579 contra
3139 5535 3220 5598 se.
3278 5515 3403 5598 Val.
3452 5512 3561 5581 CL,
3612 5514 3743 5584 quot
3789 5505 3857 5564 hi

2236 5611 2419 5662 contra
2449 5620 2519 5657 se.
2541 5591 2708 5658 'Colb.
2743 5599 2952 5664 Germ.,
2981 5599 3109 5666 quot
3135 5591 3254 5647 hinc
3279 5593 3469 5646 contra
3497 5601 3569 5641 se.

2309 5678 2332 5713 ⁸
2353 5673 2600 5740 Ebroic.,
2633 5671 2763 5726 recti
2789 5668 2890 5726 zeli
2912 5667 3178 5740 stimulus.

2309 5750 2328 5785 ⁷
2362 5746 2478 5816 Al.,
2507 5735 2800 5815 surripere,
2835 5746 2896 5797 ut
2923 5739 2982 5796 in
3007 5737 3084 5810 pl.
3113 5735 3246 5795 Mss.
