4156 6178
323 241 425 302 621

318 372 628 430 exercitum
677 378 1004 451 specialiter,
1062 393 1123 441 ut
1173 404 1486 460 possumus,
1543 400 1914 456 enumerando

316 459 692 558 proferamus.
715 466 896 525 Radix
923 471 1122 544 quippe
1160 478 1343 534 cuncti
1373 459 1502 536 mali
1534 483 1788 556 su‘perbia
1815 497 1916 558 est,

316 546 384 603 de
413 564 544 620 qua,
577 551 858 626 Scriptura
882 565 1195 633 attestante,
1223 565 1459 625 dicitur:
1493 546 1713 629 Initium
1750 546 1918 632 omnis

309 636 517 736 peccati
543 645 620 694 est
645 644 1104 736 superbia_(Ecclz.
1136 669 1192 721 x,
1225 654 1338 724 15).
1363 655 1560 714 Prima
1590 670 1771 716 autem
1801 663 1918 736 ejus

313 725 558 796 soboles,
599 737 806 802 septem
850 733 1115 794 nimirum
1146 741 1473 816 principalia
1501 747 1656 817 vitia,
1708 751 1774 807 de
1815 725 1917 809 hac

312 814 596 874 virulenta
626 820 806 879 radice
834 825 1208 899 proferuntur,
1249 814 1460 890 scilicet
1501 836 1680 894 inanis
1721 841 1912 912 gloria,

309 904 550 975 invidia,
592 907 694 977 ira,
745 911 986 984 tristitia,
1044 919 1294 990 avaritia,
1352 925 1561 982 ventris
1620 928 1912 999 ingluvies,

311 993 556 1052 luxuria.
603 997 738 1053 Nam
783 1002 912 1074 quia
957 1004 1045 1061 his
1073 1016 1278 1080 septem
1323 1013 1590 1084 superbia
1619 1017 1773 1073 vitiis
1815 1036 1915 1076 nos

309 1093 499 1176 captos
520 1085 730 1176 doluit,
762 1088 970 1148 idcirco
998 1095 1328 1170 Redemptor
1357 1111 1544 1158 noster
1571 1103 1641 1160 ad
1667 1105 1913 1176 spiritale

311 1172 660 1232 liberationis
687 1179 940 1250 praelium
976 1184 1173 1256 spiritu
1207 1188 1544 1261 septiformis
1573 1172 1759 1264 gratia
1787 1195 1912 1268 ple—

306 1279 413 1321 nus
439 1265 616 1322 venit.

373 1354 463 1412 88.
515 1356 738 1428 Singula
766 1357 897 1417 vitia
925 1364 1180 1436 capitalia
1208 1383 1362 1424 suum
1389 1370 1577 1427 habent
1602 1373 1906 1432 exercitum.

303 1473 374 1486 —
399 1444 508 1502 Sed
554 1445 759 1505 habent
805 1458 995 1508 contra
1040 1471 1140 1511 nos
1187 1455 1305 1514 hac
1353 1460 1570 1533 singula
1605 1465 1908 1520 exercitum

303 1549 487 1592 suum.
518 1535 654 1592 Nam
688 1536 756 1593 de
797 1538 950 1596 inani
981 1542 1154 1614 gloria
1183 1545 1583 1616 inobedientia,
1621 1549 1905 1623 jactantia,

303 1622 636 1697 hypocrisis,
667 1629 1068 1701 contentiones,
1118 1635 1453 1706 pertinacia,
1497 1638 1803 1710 discordia,
1853 1622 1906 1699 et

299 1717 614 1774 novitatum
668 1722 1125 1795 prasumptiones
1182 1725 1458 1784 oriuntur.
1526 1730 1604 1786 De
1668 1730 1902 1802 invidia,
1935 1760 1981 1819 Β

297 1804 517 1875 odium,
547 1809 870 1878 susurratio,
903 1810 1190 1882 detractio,
1241 1814 1536 1870 exsultatio
1567 1817 1624 1871 in
1655 1817 1900 1876 adversis

295 1895 563 1966 proximi,
607 1897 832 1955 aﬂlictio
879 1910 1061 1957 autem
1099 1903 1158 1958 in
1197 1905 1470 1976 prosperis
1510 1906 1774 1964 nascitur.
1821 1911 1900 1965 De

295 1981 403 2052 ira,
435 1984 594 2054 rixa,
624 1986 810 2044 tumor
837 1991 1059 2059 mentis,
1095 1994 1465 2063 contumelia,
1496 1996 1724 2066 clamor,
1757 1998 1932 2055 indi--

296 2073 503 2144 gnatio,
536 2075 890 2150 blasphemiae
928 2081 1302 2152 proferuntur.
1334 2086 1412 2141 De
1440 2086 1689 2156 tristitia,
1729 2088 1900 2144 mali-

293 2162 392 2233 tia,
420 2181 635 2236 rancor,
667 2169 1112 2241 pusillanimitas,
1145 2171 1474 2245 desperatio,
1526 2185 1717 2249 torpor
1753 2178 1900 2234 circa

293 2272 584 2337 praecepta,
620 2267 836 2338 vagatio
865 2270 1065 2325 mentis
1097 2269 1286 2326 1036
1317 2288 1440 2345 erga
1476 2272 1674 2330 illicita
1704 2274 1898 2331 nasci-

289 2360 402 2410 tur.
434 2355 512 2411 De
541 2346 796 2420 av'aritia.
841 2359 1103 2429 proditio,
1148 2361 1321 2432 fraus,
1359 2363 1597 2432 fallacia,
1632 2363 1896 2436 perjuria,

286 2441 641 2518 inquietudo,
661 2445 960 2516 violentia,
986 2458 1041 2504 et
1063 2459 1255 2506 contra
1276 2452 1710 2508 misericordiam
1727 2453 1895 2510 obdu-

283 2534 532 2590 rationes
558 2533 742 2590 cordis
771 2535 1044 2592 oriuntur.
1078 2539 1156 2592 De
1184 2540 1394 2594 ventris
1424 2539 1690 2612 ingluvie,
1713 2542 1900 2614 inepta

284 2622 518 2691 latitia,
557 2622 883 2691 scurrilitas,
913 2623 1291 2692 immunditia,
1321 2629 1760 2702 multiloquium,
1791 2631 1898 2687 he-

283 2711 503 2768 betudo
532 2728 726 2769 sensus
755 2714 900 2771 circa
929 2715 1349 2788 intelligentiam
1379 2727 1766 2793 propagantur.
1817 2724 1894 2779 De

284 2799 537 2869 luxuria,
583 2803 802 2858 cacitas
832 2803 1054 2872 mentis,
1085 2804 1532 2878 inconsideratio,
1564 2810 1894 2868 inconstan-

285 2889 386 2958 tia,
415 2889 800 2962 pracipitatio,
831 2908 987 2948 amor
1013 2893 1327 2963 sui,odium
1350 2897 1470 2966 Dei,
1501 2899 1729 2956 affectus
1757 2918 1893 2974 pra-

287 2979 460 3035 sentis
500 2981 714 3048 saeculi,
756 2980 954 3038 horror
999 2992 1178 3040 autem
1229 2987 1316 3042 vel
1361 2986 1667 3062 desperatio
1713 2991 1891 3049 futuri

288 3076 634 3143 generantur.
667 3069 808 3138 Quia
833 3087 960 3144 ergo
990 3081 1195 3146 septem
1227 3076 1555 3150 principalia
1583 3080 1721 3137 vitia
1751 3089 1884 3139 tan-
1914 3117 1958 3179 ο

286 3168 398 3216 tam
444 3157 510 3214 de
553 3174 610 3215 se
638 3158 902 3216 vitiorum
947 3163 1361 3221 multitudinem
1409 3167 1715 3240 proferunt,
1757 3189 1884 3230 cum

284 3247 356 3304 ad
382 3264 478 3304 cor
498 3247 751 3318 veniunt,
771 3250 926 3322 quasi
943 3251 1324 3326 subsequentis
1344 3259 1620 3315 exercitus
1638 3269 1885 3319 catervas

283 3341 531 3398 trahunt.
562 3343 650 3398 Ex
679 3343 881 3416 quibus
905 3343 1165 3404 videlicet
1197 3358 1406 3421 septem
1437 3352 1680 3426 quinque
1708 3352 1883 3427 spiri-

279 3433 435 3503 talia,
463 3433 684 3509 duoque
711 3437 956 3493 carnalia
983 3446 1130 3495 sunt.

353 3523 440 3580 89.
481 3525 889 3596 Unumquodque
914 3527 1102 3584 vitium
1131 3528 1307 3584 oritur
1341 3547 1405 3585 ex
1437 3531 1625 3589 altera.
1665 3564 1737 3577 --
1777 3535 1882 3593 Sed

277 3615 714 3690 unumquodque
743 3633 932 3674 eorum
959 3626 1112 3674 tanta
1131 3618 1236 3674 sibi
1259 3620 1583 3691 cognatione
1605 3621 1879 3697 jungitur,

274 3713 344 3762 ut
371 3721 486 3761 non
514 3706 620 3764 nisi
647 3725 820 3764 unum
851 3707 918 3764 de
947 3709 1118 3764 altero
1147 3709 1476 3780 proferatur.
1500 3711 1684 3768 Prima
1714 3730 1883 3769 nam-

274 3810 389 3869 que
417 3795 682 3868 superbia
720 3796 937 3855 soboles
978 3795 1162 3853 inanis
1208 3806 1289 3854 est
1334 3797 1526 3870 gloria,
1577 3815 1697 3873 qua
1746 3801 1880 3859 dum

273 3904 589 3961 oppressam
619 3897 857 3946 mentem
879 3889 1205 3962 corruperit,
1230 3906 1360 3946 mox
1384 3888 1653 3948 invidiam
1679 3893 1876 3969 gignit,

274 3978 406 4051 quia
430 3977 698 4036 nimirum
727 3978 860 4036 dum
891 3979 1020 4035 vani
1049 3979 1294 4036 nominis
1316 3979 1619 4054 potentiam
1650 3983 1876 4055 appetit,

273 4085 344 4126 ne
372 4071 497 4144 quis
536 4069 680 4127 hanc
715 4071 859 4127 alius
892 4070 1125 4144 adipisci
1154 4070 1335 4128 valeat
1368 4072 1617 4130 tabescit.
1663 4074 1880 4133 Invidia

272 4173 492 4233 quoque
520 4159 658 4216 iram
688 4170 929 4232 generat,
974 4161 1102 4235 quia
1139 4169 1346 4235 quanto
1383 4164 1399 4197 ¹
1437 4161 1658 4219 interno
1686 4163 1878 4221 livoris

273 4249 506 4306 vulnere
536 4248 751 4306 animus
782 4249 1082 4320 sauciatur,
1129 4257 1285 4308 tanto
1312 4251 1479 4306 etiam
1514 4253 1877 4310 mansuetudo

269 4338 694 4413 tranquillitatis
721 4338 1032 4406 amittitur;
1064 4346 1118 4396 et
1147 4340 1275 4412 quia
1304 4340 1458 4413 quasi
1487 4339 1680 4398 dolens
1707 4359 1874 4399 mem-

265 4425 433 4484 brum
463 4428 729 4500 tangitur,
761 4427 968 4485 idcirco
996 4428 1260 4501 opposita
1289 4429 1523 4486 actionis
1547 4445 1742 4486 manus
1770 4447 1875 4487 ve-

268 4516 355 4574 lut
382 4517 605 4591 gravius
650 4534 834 4591 pressa
874 4517 1130 4574 sentitur.
1177 4517 1266 4574 Ex
1295 4516 1378 4574 ira
1405 4533 1622 4590 quoque
1648 4518 1874 4576 tristitia

264 4603 468 4674 oritur,
498 4606 628 4679 quia
659 4605 874 4662 turbata
903 4621 1058 4662 mens
1084 4621 1194 4679 quo
1223 4621 1279 4663 se
1309 4606 1623 4662 inordinate
1659 4623 1874 4665 concu-

265 4693 361 4764 tit,
409 4711 475 4751 eo
518 4694 828 4752 addicendo
869 4694 1202 4752 confundit:
1251 4702 1306 4752 et
1352 4712 1477 4754 cum
1524 4696 1872 4756 dulcedinem

263 4783 694 4857 tranquillitatis
717 4785 982 4855 amiserit,
1013 4783 1155 4841 nihil
1184 4783 1328 4843 hanc
1354 4785 1462 4842 nisi
1491 4801 1562 4841 ex
1590 4787 1872 4858 perturba-

261 4872 421 4930 tione
450 4873 787 4947 subsequens
815 4891 1017 4932 maror
1044 4875 1236 4948 pascit.
1269 4875 1514 4932 Tristitia
1543 4892 1760 4950 quoque
1798 4877 1869 4934 ad

260 4963 560 5020 avaritiam
587 4964 888 5034 derivatur,
911 4964 1040 5039 quia
1065 4965 1196 5022 dum
1219 4965 1511 5023 confusum
1541 4982 1637 5023 cor
1659 4966 1867 5024 bonum

261 5051 480 5110 latitia
510 5055 569 5111 in
595 5055 890 5127 semetipso
925 5056 1074 5112 intus
1104 5055 1368 5126 amiserit,
1411 5055 1558 5112 unde
1594 5057 1867 5114 consolari

262 5141 468 5201 debeat
508 5143 646 5203 foris
685 5145 910 5220 quaerit;
941 5152 996 5203 et
1023 5152 1176 5204 tanto
1205 5145 1377 5219 magis
1405 5145 1680 5205 exteriora
1720 5145 1866 5205 bona

338 5372 358 5458 ἶ
390 5369 514 5458 Υδίο
548 5375 657 5458 CL.»
686 5372 963 5458 iam?"
997 5444 1012 5458 .
1046 5443 1101 5458 η,
1248 5442 1262 5458 .
1322 5445 1333 5458 .

332 5449 358 5484 ³
387 5449 599 5517 Germ.,
631 5442 802 5505 Laud.
831 5453 887 5503 et
913 5443 1150 5515 Val.Cl.,
1180 5442 1429 5505 subnixa.

331 5521 791 5600 ituros-mea.
1035 5589 1046 5600 .

336 5593 360 5627 ⁸
388 5593 676 5664 Pratel.et
706 5593 875 5660 Utic.,
905 5605 1006 5664 nec
1031 5593 1234 5664 inepte,
1273 5597 1571 5649 versantur.

329 5665 354 5699 ⁸
383 5665 489 5739 Ms.
516 5663 742 5722 Roberti
769 5662 1105 5721 Grostheade
1124 5662 1372 5736 episcopi
1399 5664 1649 5724 Lincoln.
1658 5709 1676 5739 ,
1704 5665 1856 5736 vade,

259 5734 377 5791 sine
405 5738 562 5808 culpa
589 5741 682 5794 est.

1046 258 1419 325 MORALIUM
1457 267 1588 329 LIB.
1631 259 1838 334 xxxi.
1879 308 1950 322 —
1988 279 2058 338 IN
2097 280 2324 344 CAPUT
2361 287 2604 349 XXXIX
2643 294 2705 351 B.
2746 294 2888 354 ros.

3517 315 3626 376 622

1947 405 1998 464 Α
2026 407 2256 478 adipisci
2295 410 2586 484 desiderat,
2627 428 2830 490 quanto
2877 423 3136 494 gaudium
3184 447 3295 490 non
3343 432 3510 494 habet
3557 439 3626 496 ad

2027 497 2172 569 quod
2216 499 2549 562 intrinsecus
2596 519 2857 566 recurrat.
2900 513 3027 569 Post
3056 515 3173 576 hac
3198 537 3329 580 vero
3359 525 3468 582 duo
3497 545 3626 585 car—

2026 588 2172 644 nalia
2212 591 2375 662 vitia,
2407 593 2462 649 id
2489 604 2570 652 est
2598 599 2807 657 ventris
2837 602 3112 675 ingluvies
3155 617 3209 665 et
3251 612 3492 685 luxuria,
3523 636 3626 676 su-

2026 687 2267 749 persunt.
2301 681 2407 737 Sed
2435 686 2650 742 cunctis
2679 688 2852 762 liquet
2883 692 3028 764 quod
3050 693 3116 750 de
3138 700 3348 756 ventris
3377 681 3623 775 ingluvie

2025 767 2246 825 luxuria
2276 770 2538 843 nascitur,
2571 775 2700 832 dum
2724 778 2781 834 in
2802 780 2919 852 ipsa
2942 781 3332 846 distributione
3353 767 3622 851 membro-

2023 873 2144 912 rum
2177 862 2356 916 ventri
2386 864 2643 934 genitalia
2665 868 2947 928 2subnexa
2978 874 3288 934 videantur.
3314 881 3463 939 Unde
3489 885 3621 942 dum

2023 962 2197 1003 unum
2240 948 2550 1010 inordinate
2591 956 2856 1030 reﬁcitur,
2907 962 3059 1020 aliud
3102 970 3293 1039 procul
3337 970 3507 1030 dubio
3553 974 3622 1031 ad

2021 1040 2383 1098 contumelias
2407 1045 2702 1104 excitatur.

2093 1179 2230 1279 [γες.
2281 1185 2539 1279 ΧΧΧΙΙ]
2596 1190 2685 1247 90.
2747 1193 2989 1251 Fallacia
3044 1208 3376 1271 argumenta,
3433 1208 3621 1279 quibus

2018 1273 2270 1344 capitalia
2298 1277 2431 1334 vit-ia
2473 1287 2688 1338 mentem
2726 1282 2958 1356 decipere
3002 1289 3316 1350 moliuntur.
3361 1273 3621 1356 -—-_Bene

2017 1368 2198 1418 autem
2227 1364 2392 1422 duces
2421 1367 2703 1428 exhortari
2727 1373 2863 1430 dicti
2893 1384 3043 1446 sunt,
3074 1381 3349 1440 exercitus
3383 1385 3618 1459 ululare,

2018 1452 2146 1524 quia
2182 1453 2360 1524 prima
2386 1456 2502 1514 vita
2547 1459 2784 1533 decepta
2833 1467 3005 1522 menti
3053 1470 3209 1540 quasi
3252 1472 3354 1528 sub
3384 1452 3618 1547 quadam

2017 1541 2228 1596 ratione
2271 1559 2328 1598 se
2376 1544 2645 1618 inserunt,
2697 1550 2791 1607 sed
2821 1553 3110 1612 innumera
3140 1575 3259 1631 qua
3288 1541 3616 1636 sequuntur,

2015 1627 2146 1684 dum
2187 1630 2330 1689 hanc
2370 1635 2438 1692 ad
2486 1653 2705 1695 onmem
2751 1640 3024 1699 insaniam
3068 1627 3412 1720 per—trahunt,
3461 1655 3617 1727 quasi

2013 1716 2231 1776 bestiali
2259 1723 2495 1780 clamore
2524 1728 2896 1787 confundunt.
2927 1716 3113 1790 Inanis
3155 1752 3394 1812 namque
3440 1716 3615 1813 gloria

2011 1805 2290 1865 devictum
2319 1829 2415 1868 cor
2443 1816 2599 1885 quasi
2629 1833 2699 1872 ex
2726 1820 2940 1877 ratione
2970 1823 3110 1879 solet
3138 1805 3469 1899 exhortari:
3488 1847 3614 1887 cum

2009 1897 2147 1954 dicit
2171 1917 2183 1954 :
2215 1902 2391 1958 Debes
2417 1904 2624 1976 majora
2647 1916 2917 1980 appetere,
2969 1920 3031 1967 ut
3074 1930 3184 1987 quo
3213 1897 3480 1988 potestate
3508 1937 3616 1978 va-

2009 1987 2177 2043 lueris
2217 1990 2422 2048 multos
2449 1995 2730 2064 excedere,
2773 2014 2837 2053 eo
2879 1999 3045 2056 etiam
3095 1987 3278 2060 valeas
3323 2014 3377 2062 et
3425 2010 3615 2068 multis

2009 2073 2281 2145 prodesse.
2316 2078 2531 2135 Invidia
2559 2099 2775 2156 quoque
2807 2085 3089 2144 devictum
3122 2107 3218 2146 cor
3244 2093 3401 2165 quasi
3429 2098 3499 2150 ex
3530 2113 3611 2152 ra-

2008 2161 2157 2219 tione
2187 2165 2324 2220 solet
2349 2166 2654 2239 exhortari,
2684 2188 2810 2229 cum
2839 2173 3011 2231 dicit:
3044 2178 3106 2232 In
3135 2194 3245 2252 quo
3259 2161 3373 2236 illo
3393 2184 3482 2238 vel
3513 2184 3613 2242 illo

2009 2251 2191 2307 minor
2218 2268 2274 2307 es
2292 2254 2319 2309 ‘P
2344 2271 2444 2310 cur
2473 2271 2600 2328 ergo
2629 2259 2708 2315 eis
2736 2262 2823 2316 vel
2853 2264 3097 2335 aqualis,
3121 2251 3208 2321 vel
3229 2269 3479 2340 superior
3499 2287 3613 2328 non

2008 2355 2065 2394 es
2082 2341 2108 2396 ?
2128 2342 2341 2408 Quanta
2370 2345 2517 2401 vales
2541 2361 2660 2418 qua
2691 2347 2773 2404 illi
2799 2366 2910 2406 non
2940 2352 3170 2409 valent?
3196 2356 3316 2412 Non
3345 2372 3472 2428 ergo
3506 2358 3611 2414 tibi

2007 2438 2103 2486 aut
2132 2432 2438 2503 superiores
2466 2450 2606 2504 esse,
2637 2443 2731 2492 aut
2769 2437 2934 2493 etiam
2973 2442 3207 2513 aquales
3253 2443 3474 2500 debent.
3525 2447 3612 2503 Ira

2007 2519 2171 2575 etiam
2200 2519 2479 2578 devictum
2508 2540 2602 2580 cor
2626 2527 2780 2598 quasi
2802 2544 2872 2584 ex
2893 2530 3106 2588 ratione
3129 2533 3270 2591 solet
3299 2535 3607 2606 exhortari,

2005 2626 2132 2666 cum
2160 2610 2297 2666 dicit
2321 2629 2332 2667 :
2372 2612 2502 2680 Qua
2531 2631 2656 2687 erga
2683 2623 2736 2671 te
2766 2628 3005 2691 aguntur
3033 2623 3453 2694 aquanimiter3
3475 2625 3608 2683 ferri

2005 2715 2116 2756 non
2147 2708 2394 2773 possunt,
2426 2702 2539 2759 imo
2569 2703 2685 2762 hac
2728 2707 2998 2779 patienter
3043 2713 3275 2769 tolerare
3323 2723 3606 2786 peccatum

2003 2795 2102 2857 est,
2137 2790 2266 2863 quia
2295 2792 2398 2847 etsi
2428 2809 2540 2848 non
2572 2794 2651 2850 eis
2681 2811 2806 2852 cum
2839 2814 3035 2870 magna
3063 2804 3478 2874 exasperatione
3507 2821 3604 2861 re-

2002 2879 2236 2948 sistitur,
2287 2890 2479 2937 contra
2507 2890 2560 2938 te
2590 2883 2848 2959 deinceps
2877 2889 2996 2942 sine
3026 2905 3282 2945 mensura
3304 2893 3606 2948 cumulan-

1999 2973 2111 3024 tur.
2145 2968 2391 3026 Tristitia
2419 2987 2635 3044 quoque
2665 2973 2944 3032 devictum
2975 2993 3068 3033 cor
3097 2981 3252 3050 quasi
3283 2996 3352 3036 ex
3390 2980 3602 3038 ratione

1998 3058 2137 3114 solet
2166 3056 2469 3126 exhortari,
2505 3077 2633 3117 cum
2663 3061 2835 3120 dicit:
2885 3063 3030 3131 Quid
3077 3064 3246 3124 habes
3288 3070 3433 3126 unde
3461 3089 3605 3145 gau-

1994 3147 2142 3219 deas,
2172 3166 2298 3206 cum
2325 3157 2477 3206 tanta
2505 3151 2648 3207 mala
2676 3151 2743 3209 de
2766 3154 3036 3226 proximis
3063 3159 3288 3229 portas?
3313 3161 3592 3234 Perpende

1993 3255 2117 3295 cum
2161 3256 2270 3314 quo
2300 3257 2530 3297 maerore
2561 3259 2751 3299 omnes
2777 3243 3032 3302 intuendi
3065 3256 3196 3304 sunt
3235 3249 3329 3323 qui
3359 3251 3418 3308 in
3446 3260 3600 3312 tanto

1992 3342 2185 3392 contra
2213 3345 2265 3394 te
2290 3338 2676 3397 amaritudinis
2711 3340 2899 3398 1037
2927 3343 3055 3401 felle
3077 3346 3098 3380 ⁴
3122 3356 3436 3406 vertuntur.
3455 3353 3597 3408 Ava-

1992 3425 2121 3481 ritia
2169 3442 2386 3501 quoque
2433 3427 2714 3488 devictum
2757 3433 3004 3490 animum
3058 3436 3214 3509 quasi
3262 3453 3333 3492 ex
3386 3439 3598 3496 ratione

1991 3516 2129 3571 solet
2157 3516 2459 3587 exhortari,
2491 3536 2617 3575 cum
2649 3521 2825 3580 dicit:
2861 3527 2881 3560 δ
2912 3525 3084 3583 Valde
3122 3527 3241 3582 sine
3287 3527 3448 3600 culpa
3489 3536 3593 3599 est,

1992 3605 2138 3678 quod
2178 3608 2425 3678 quadam
2457 3609 2708 3667 habenda
2740 3614 3105 3686 concupiscis,
3141 3615 3270 3689 quia
3297 3632 3412 3673 non
3439 3618 3597 3674 mul-

1994 3695 2230 3769 tiplicari
2266 3702 2476 3773 appetis
2521 3702 2618 3759 sed
2663 3706 2684 3738 ⁶
2726 3719 2880 3776 egere
2923 3707 3302 3777 pertimescis;
3347 3716 3401 3764 et
3445 3710 3594 3782 quod

1990 3792 2132 3848 male
2173 3793 2315 3850 alius
2360 3797 2581 3866 retinet,
2629 3798 2744 3871 ipse
2790 3800 2988 3854 melius
3033 3802 3318 3872 expendis.
3368 3801 3592 3858 Ventris

1989 3897 2205 3956 quoque
2235 3883 2507 3956 ingluvies
2536 3886 2815 3942 devictum
2844 3903 2938 3944 cor
2966 3889 3122 3960 quasi
3146 3905 3216 3944 ex
3244 3889 3457 3944 ratione
3486 3906 3587 3946 so-

1988 3972 2062 4028 let
2081 3972 2385 4043 exhortari,
2402 3991 2528 4030 cum
2548 3974 2685 4032 dicit
2705 3992 2716 4030 :
2736 3976 2823 4033 Ad
2839 3991 2990 4032 esum
3010 3978 3156 4032 Deus
3175 3977 3588 4036 omnia‘munda

1987 4063 2257 4133 condidit,
2276 4072 2331 4121 et
2355 4064 2449 4138 qui
2475 4064 2661 4122 satiari
2681 4065 2806 4124 cibo
2825 4068 3056 4140 respuit,
3084 4068 3218 4142 quid
3248 4067 3401 4124 aliud
3421 4087 3587 4144 quam

1986 4155 2203 4210 muneri
2233 4170 2490 4212 concesso
2519 4155 2889 4213 contradicit?
2916 4157 3164 4213 Luxuria
3191 4173 3406 4231 quoque
3435 4159 3586 4216 devi-

1985 4252 2136 4303 ctum
2166 4261 2262 4302 cor
2289 4245 2444 4319 quasi
2466 4262 2536 4302 ex
2555 4246 2765 4303 ratione
2796 4247 2934 4303 solet
2963 4247 3406 4316 exhortari,cum
3424 4249 3580 4308 dicit:

1985 4334 2095 4393 Cur
2124 4343 2175 4392 te
2204 4336 2262 4391 in
2284 4336 2564 4410 voluptate
2592 4345 2688 4394 tua
2715 4337 2879 4394 modo
2907 4353 3020 4394 non
3049 4337 3267 4408 dilatas,
3289 4355 3416 4396 cum
3449 4340 3584 4414 quid

1982 4431 2036 4481 te
2062 4431 2322 4499 sequatur
2349 4429 2567 4500 ignoras
2587 4427 2615 4483 ?
2641 4430 2942 4500 Acceptum
2970 4437 3186 4502 tempus
3215 4427 3274 4484 in
3294 4428 3583 4488 desideriis

1982 4514 2206 4586 perdere
2251 4531 2364 4572 non
2409 4515 2594 4586 debes,
2643 4518 2772 4590 quia
2817 4533 2982 4592 quam
3028 4519 3194 4578 citius
3245 4527 3582 4593 pertranseat

1985 4604 2182 4661 nescis.
2214 4605 2272 4662 Si
2299 4606 2447 4662 enim
2469 4607 2689 4665 misceri
2717 4609 2862 4665 Deus
2891 4609 3174 4668 hominem
3202 4609 3262 4667 in
3296 4612 3579 4685 voluptate

1982 4693 2162 4751 coitus
2189 4696 2382 4766 nollet,
2414 4695 2472 4753 in
2504 4696 2624 4770 ipso
2657 4696 2886 4756 humani
2930 4700 3142 4773 generis
3182 4701 3412 4758 exordio
3450 4717 3580 4758 ma-

1979 4785 2194 4842 sculum
2224 4793 2278 4842 et
2304 4786 2566 4843 feminam
2598 4804 2709 4844 non
2734 4788 2952 4846 fecisset
2993 4791 3200 4862 (Genes.
3232 4808 3271 4860 1,
3305 4792 3419 4862 27).
3450 4791 3577 4846 Hac

1977 4883 2059 4931 est
2087 4874 2289 4933 ducum
2318 4875 2652 4947 exhortatio,
2673 4894 2793 4952 qua
2809 4878 2940 4936 dum
2963 4879 3182 4936 incaute
3205 4878 3276 4934 ad
3303 4885 3573 4934 secretum

1976 4965 2159 5022 cordis
2213 4965 2547 5036 admittitur,
2623 4968 2954 5024 familiarius
3011 4968 3202 5041 iniqua
3260 4966 3569 5040 persuadet.

1975 5053 2150 5122 Quam
2199 5055 2457 5114 videlicet
2486 5059 2505 5092 ⁷
2546 5061 2820 5116 exercitus
2863 5058 3083 5113 ululans
3130 5055 3396 5130 sequitur,
3443 5057 3571 5130 quia

1974 5145 2172 5204 infelix
2199 5146 2384 5206 anima
2410 5148 2577 5206 semel
2594 5165 2626 5205 a
2643 5147 3040 5222 principalibus
3059 5146 3213 5204 vitiis
3241 5155 3417 5221 capta,
3435 5146 3568 5205 dum

2041 5382 2064 5420 ⁸
2095 5379 2307 5440 Vitiose
2335 5378 2394 5452 in
2423 5377 2591 5436 Gilot.
2625 5378 2806 5439 Vatic.
2837 5386 2892 5436 et
2921 5379 3017 5449 al.,
3048 5380 3137 5437 sed
3162 5395 3331 5452 agere.
3370 5377 3566 5439 Corri-

1967 5462 2171 5526 guntur
2198 5467 2268 5508 ex
2297 5451 2454 5526 Mss._
2475 5453 2715 5526 Anglic,
2762 5453 2978 5524 Norm.,
3029 5451 3238 5523 Germ.,
3285 5461 3414 5525 etc.,
3447 5454 3564 5512 imo

1966 5523 2133 5581 etiam
2163 5541 2233 5581 ex
2263 5529 2372 5579 vet.
2406 5523 2570 5594 Vulg.

2037 5598 2067 5670 7Δ
2090 5599 2170 5670 Ita
2196 5595 2604 5670 Mss.»Vindoc.,
2633 5594 2831 5667 Laud.,
2859 5597 3073 5669 Norm.,
3095 5599 3206 5660 duo
3226 5599 3436 5670 Germ.,
3454 5607 3558 5660 etc.

1964 5667 2139 5739 Editi,
2165 5668 2421 5725 exercitus
2443 5668 2701 5726 ululatus.
