4156 6178
593 311 698 370 623

1821 309 2067 370 SANCTI
2105 304 2441 372 GREGORII
2479 307 2702 373 MAGNl
3791 316 3890 377 624

589 431 973 507 multiplicatis
993 432 1742 509 iniquitatibusininsaniam
1760 436 2012 504 vertitur,
2031 436 2186 491 ferali
2219 443 2266 501 Α
2297 436 2365 492 ad
2405 437 2644 493 volatum
2685 445 2836 494 tanto
2875 438 3136 495 leviorem
3183 449 3390 512 quanto
3432 440 3718 499 noviorem
3764 446 3894 502 red-

581 523 697 597 jam
726 524 1071 583 immanitate
1092 533 1358 584 vastatur.

658 615 748 672 91.
784 615 942 684 Quid,
974 633 1038 671 ne
1059 617 1191 672 vitia
1218 623 1455 683 noceant,
1485 617 1761 689 agendum.
1802 647 1874 658 —
1900 616 2004 674 Sed
2031 617 2190 674 miles

587 703 708 772 Dei,
741 704 871 778 quia
898 705 1126 762 solerter
1154 707 1454 778 praevidere
1485 706 1750 763 vitiorum
1780 705 2079 764 certamina
2108 707 2189 762 ni-

589 792 746 862 titur,
777 794 984 851 bellum
1015 796 1206 868 procul
1236 797 1518 865 odoratur,
1544 797 1673 870 quia
1701 796 1844 851 mala
1867 795 2190 869 prmeuntia,

591 882 726 954 quid
755 885 923 939 menti
958 885 1279 956 persuadere
1312 886 1550 952 valeant,
1569 885 1698 940 dum
1728 885 2058 957 cogitatione
2088 887 2192 942 sol-

591 970 744 1027 licita
767 972 1010 1044 respicit,
1036 973 1480 1029 exhortationem
1503 972 1705 1029 ducum
1725 974 1873 1029 naris
1903 975 2193 1046 sagacitate

590 1057 971 1132 deprehendit.
995 1063 1066 1117 Et
1097 1062 1226 1135 quia
1255 1079 1287 1118 a
1317 1063 1475 1134 longe
1501 1062 1837 1134 praesciendo
1861 1062 2192 1137 subsequen-

590 1149 730 1206 tium
761 1151 1116 1225 iniquitatum
1143 1153 1522 1210 confusionem
1553 1153 1842 1226 conspicit,
1872 1154 2028 1227 quasi
2057 1155 2194 1209 ulu-

591 1241 762 1297 latum
797 1243 1073 1300 exercitus
1100 1242 1382 1300 odorando
1413 1245 1714 1316 cognoscit.

663 1331 836 1403 Igitur
864 1332 993 1404 quia
1021 1334 1110 1388 vel
1145 1332 1562 1406 pradicatorem
1607 1333 1727 1401 Dei,
1777 1333 1866 1389 vel
1897 1332 2196 1406 quemlibet

590 1419 854 1494 spiritalis
883 1421 1202 1478 certaminis
1233 1422 1465 1478 militem
1498 1422 1834 1495 descriptum
1860 1423 1987 1496 equi
2015 1440 2196 1483 narra.

593 1511 744 1569 tione
774 1511 1155 1584 cognovimus,
1187 1529 1338 1570 nunc
1365 1513 1619 1568 eumdem
1650 1513 1849 1568 iterum
1881 1514 1938 1568 in
1968 1515 2086 1569 avis
2114 1513 2199 1568 si-

594 1599 945 1672 gniﬁcatione
988 1599 1296 1669 videamus,
1331 1611 1394 1658 ut
1423 1601 1516 1674 qui
1547 1618 1642 1674 per
1670 1617 1870 1675 equum
1903 1601 2200 1658 didicimus

593 1687 717 1761 ejus
756 1689 1165 1760 fortitudinem,
1214 1692 1378 1748 etiam
1411 1707 1506 1765 per
1532 1709 1688 1748 avem
1733 1692 2009 1750 discamus
2051 1692 2200 1748 illius

593 1778 1138 1850 contemplationem.
1178 1779 1322 1847 Quia
1365 1781 1513 1836 enim
1560 1797 1658 1852 per
1702 1780 2028 1853 descriptam
2071 1776 2202 1853 equi

595 1867 1034 1938 magnitudinem
1063 1868 1381 1925 audivimus
1407 1876 1672 1942 quantum
1693 1877 1885 1927 contra
1899 1869 2201 1928 certamina

597 1953 862 2010 vitiorum
892 1954 981 2011 vir
1007 1963 1231 2012 sanctus
1251 1973 1346 2029 per
1367 1957 1689 2030 patientiam
1707 1959 1924 2028 tolerat,
1939 1975 2087 2015 nunc
2108 1975 2202 2030 per

594 2043 784 2100 avium
809 2043 1045 2115 speciem
1072 2061 1465 2118 cognoscamus
1511 2053 1778 2119 quantum
1826 2063 1920 2120 per
1961 2053 2202 2105 contem-

595 2132 894 2204 plationem
925 2135 1096 2191 volat.
1125 2133 1418 2208 Sequitur:

960 2313 1188 2372 CAPUT
1217 2312 1392 2372 XLVI
1423 2313 1568 2388 [Ηεο.
1605 2315 1843 2389 XVIII].

671 2429 844 2490 Vnus.
873 2430 964 2489 26.
986 2461 1056 2472 —
1075 2431 1332 2502 Nunquid
1355 2448 1455 2504 per
1483 2431 1799 2503 sapientiam
1828 2449 1980 2488 suam
2002 2433 2203 2504 plume-

601 2522 697 2578 scit
727 2520 974 2593 accipiter
998 2522 1014 2556 ¹
1037 2520 1338 2593 expandens
1361 2522 1481 2576 alas
1510 2537 1635 2576 suas
1662 2521 1733 2576 ad
1760 2521 2062 2578 Austrum?

672 2639 763 2695 92.
809 2637 1000 2695 Gratia
1035 2637 1134 2694 Dei
1179 2643 1397 2692 veterem
1427 2635 1684 2692 hominem
1719 2636 2096 2708 exspoliamus.
2127 2639 2205 2694 De

601 2729 853 2804 accipitre
879 2729 1120 2800 quaedam
1147 2735 1333 2784 natatu
1370 2729 1552 2801 digna.
1597 2759 1667 2769 —
1713 2728 1850 2796 Quia
1893 2743 1987 2800 per
2031 2744 2204 2784 annos

603 2821 852 2895 singulos
892 2837 1127 2894 pennam
1172 2827 1410 2876 veterem
1451 2820 1713 2892 accipiter
1761 2835 1904 2876 nova
1950 2828 2206 2876 nascente

606 2911 882 2987 projiciat,
940 2928 1004 2968 ac
1057 2911 1178 2968 sine
1237 2909 1647 2967 intermissione
1696 2911 2018 2982 plumescat,
2071 2925 2208 2982 pene

605 3003 794 3058 nullus
824 3001 1059 3075 ignorat.
1105 3001 1227 3057 Non
1262 3007 1442 3056 autem
1473 2999 1566 3055 hic
1593 2999 1734 3055 illud
1764 2999 1964 3072 plumae
1996 3007 2209 3071 tempus

606 3091 832 3162 dicitur,
883 3108 991 3164 quo
1035 3091 1093 3146 in
1135 3089 1268 3146 nido
1299 3090 1551 3158 vestitur,
1600 3088 1728 3162 quia
1763 3097 1896 3145 tunc
1943 3087 2208 3144 nimirum

607 3181 788 3238 adhuc
816 3180 1073 3236 videlicet
1118 3179 1305 3250 pullus
1336 3178 1406 3234 ad
1435 3180 1699 3234 Austrum
1745 3178 1858 3233 alas
1902 3175 2211 3248 expandere
2245 3165 2288 3225 C

609 3285 721 3325 non
753 3270 918 3337 valet,
959 3268 1054 3324 sed
1095 3267 1192 3323 illa
1229 3283 1412 3323 annua
1452 3267 1642 3340 pluma
1689 3265 2039 3334 describitur,
2090 3281 2211 3338 qua

610 3359 795 3415 laxata
824 3357 996 3412 veteri
1025 3372 1204 3429 penna
1224 3363 1542 3412 renovatur.
1558 3357 1630 3412 Et
1650 3354 1874 3427 quidem
1896 3354 2213 3411 domesticis

612 3445 971 3520 accipitribus
991 3462 1099 3519 quo
1120 3444 1320 3500 melius
1340 3445 1675 3516 plumescere
1696 3442 1930 3499 debeant
1946 3443 1967 3476 ²
1985 3441 2215 3498 humida

612 3553 674 3594 ac
704 3535 944 3608 tepentia
973 3535 1094 3592 loca
1120 3533 1497 3607 requiruntur.
1533 3532 1857 3605 Agrestibus
1886 3546 2016 3588 vero
2047 3531 2217 3588 moris

613 3633 696 3682 est
722 3632 785 3681 ut
809 3623 974 3680 ﬂante
1003 3625 1206 3679 Austro
1235 3623 1348 3679 alas
1361 3621 1697 3696 expandant,
1727 3629 1997 3694 quatenus
2026 3637 2215 3676 eorum

614 3714 862 3772 membra
888 3713 958 3770 ad
985 3712 1275 3770 laxandam
1315 3728 1550 3786 pennam
1580 3719 1818 3768 veterem
1849 3711 2001 3768 venti
2032 3718 2219 3783 tepore

613 3805 1014 3864 concalescant.
1042 3802 1181 3862 Cum
1202 3819 1333 3860 vero
1362 3809 1560 3858 ventus
1589 3801 1760 3870 deest,
1791 3801 1894 3857 alis
1920 3807 2110 3858 contra
2138 3815 2219 3855 ra-

615 3894 739 3952 dios
781 3893 917 3952 solis
956 3894 1201 3951 extensis
1255 3901 1418 3965 atque
1473 3889 1766 3964 percussis,
1813 3896 2086 3962 tepentem
2114 3887 2221 3944 sibi

567 3987 570 3990 ’
616 4001 807 4041 auram
837 3984 1070 4051 faciunt,
1103 3983 1290 4054 sicque
1318 3981 1521 4052 apertis
1549 3979 1697 4049 poris
1726 3977 1813 4031 vel
1843 3985 2053 4031 veteres
2081 3973 2222 4028 exsi-

618 4071 786 4138 liunt,
807 4071 894 4124 vel
917 4085 1074 4124 nova
1095 4073 1466 4126 succrescunt.
1492 4065 1637 4133 Quid
1657 4071 1739 4118 est
1756 4079 1883 4134 ergo
1902 4061 2220 4134 accipitrem

620 4166 678 4222 in
698 4166 903 4221 Austro
918 4164 1275 4235 plumescere,
1308 4161 1417 4218 nisi
1446 4160 1593 4233 quod
1622 4157 1998 4230 unusquisque
2033 4155 2224 4212 1038

622 4259 939 4309 sanctorum
969 4256 1148 4305 tactus
1177 4249 1311 4305 ﬂatu
1343 4248 1519 4304 sancti
1548 4247 1786 4319 Spiritus
1821 4250 1841 4282 ³
1873 4246 2221 4315 concalescit,

621 4351 696 4412 et,
731 4356 895 4398 usum
923 4346 1155 4396 vetustae
1185 4337 1621 4398 conversationis
1647 4335 1932 4409 abjiciens,
1963 4335 2097 4392 novi
2121 4334 2223 4391 ho-

624 4431 792 4490 minis
822 4431 1055 4486 formam
1072 4429 1286 4488 sumit?
1315 4429 1473 4498 Quod
1493 4429 1696 4486 Paulus
1715 4427 1992 4497 admonet,
2015 4427 2220 4486 dicens:

625 4519 1002 4593 Exspatiaan
1029 4535 1121 4575 vos
1149 4525 1372 4582 veterem
1397 4519 1656 4575 hominem
1695 4535 1812 4573 cum
1852 4519 2053 4573 actibus
2099 4519 2230 4588 suis,
2261 4521 2310 4581 D

625 4616 674 4666 et
703 4609 973 4665 induentes
996 4624 1191 4663 novum
1219 4607 1456 4678 (Coloss.
1481 4625 1565 4676 in,
1591 4600 1774 4678 9).‘Et
1801 4622 2021 4662 rursum
2045 4623 2056 4662 :
2089 4606 2231 4662 Licet

625 4697 674 4754 is
700 4697 793 4770 qui
819 4695 958 4768 foris
987 4702 1060 4752 est
1088 4703 1267 4752 noster
1297 4697 1448 4751 homo
1480 4697 1500 4730 ⁴
1531 4700 1928 4766 corrumpatur,
1979 4701 2148 4750 tamen
2182 4694 2229 4749 is

631 4789 725 4861 qui
744 4788 888 4842 intus
909 4793 986 4842 est
1011 4793 1302 4843 renovatur
1329 4787 1391 4841 de
1420 4786 1503 4841 die
1523 4785 1578 4840 in
1594 4785 1729 4841 diem
1751 4786 1838 4857 (II
1858 4786 1985 4843 Cor.
2010 4802 2088 4852 tv,
2115 4785 2226 4858 16).

631 4877 920 4936 Vetustam
966 4884 1150 4933 autem
1196 4891 1432 4950 pennam
1476 4874 1741 4947 projicere
1797 4881 1878 4929 est
1933 4874 2234 4930 inveterata

631 4967 814 5025 studia
841 4966 1046 5022 dolosae
1081 4966 1312 5024 actionis
1341 4964 1612 5032 amittere,
1659 4971 1714 5020 et
1754 4979 1953 5020 novam
1999 4980 2234 5036 pennam

633 5072 848 5114 sumere
881 5062 962 5112 est
990 5055 1181 5112 mitem
1206 5071 1270 5111 ac
1294 5053 1601 5126 simplicem
1631 5052 1770 5108 bene
1799 5055 1820 5088 δ
1850 5052 2088 5108 vivendo
2117 5069 2237 5109 sen-

2296 524 2413 582 dat.

2372 614 2510 688 [Vet.
2538 614 2826 691 XXXIII.]
2855 617 2945 674 93.
2977 618 3063 673 Ad
3081 618 3215 673 hanc
3233 620 3627 677 renovationem
3654 639 3888 680 necessa-

2298 703 2387 758 ria
2418 703 2695 774 confessio.
2717 736 2788 746 —
2816 707 2887 762 Et
2914 705 3052 762 bene
3081 706 3158 763 ait
3182 724 3193 761 :
3225 708 3506 779 Expandit
3533 711 3654 765 alas
3682 728 3804 768 suas
3830 713 3894 768 ad

2301 793 2580 848 Austrum.
2613 794 2744 849 Alas
2772 794 2972 867 quippe
3000 803 3213 852 nostras
3254 795 3323 850 ad
3372 797 3640 853 Austrum
3689 815 3898 872 expau-

2303 879 2427 937 dere
2450 889 2530 938 est
2559 899 2656 954 per
2681 883 2978 939 adventum
3007 884 3183 940 sancti
3211 884 3450 955 Spiritus
3481 897 3696 945 nostras
3724 890 3899 946 conti-

2303 972 2468 1029 tendo
2496 973 2856 1045 cogitationes
2891 975 3122 1046 aperire,
3152 984 3212 1031 ut
3235 974 3351 1047 jam
3381 992 3495 1033 non
3526 978 3695 1036 libeat
3722 980 3898 1037 defen-

2303 1061 2483 1118 dendo
2515 1079 2616 1119 nos
2659 1071 2858 1136 tegere,
2904 1064 2998 1120 sed
3042 1064 3350 1122 accusando
3399 1065 3704 1140 publicare.
3757 1070 3903 1126 Tunc

2303 1167 2431 1222 ergo
2473 1152 2736 1224 accipiter
2781 1153 3096 1225 plumescit,
3127 1169 3253 1210 cum
3283 1153 3351 1210 ad
3380 1155 3647 1212 Austrum
3678 1157 3790 1214 alas
3817 1174 3903 1214 ex-

2304 1240 2576 1313 panderit,
2607 1241 2734 1314 quia
2762 1249 2895 1299 tunc
2930 1242 3309 1315 unusquisque
3337 1258 3395 1298 se
3423 1243 3696 1302 virtutum
3717 1247 3906 1318 pennis

2307 1328 2508 1396 induit,
2542 1345 2669 1384 cum
2699 1338 2890 1386 sancto
2918 1330 3152 1402 Spiritui
3181 1329 3545 1402 cogitationes
3571 1351 3698 1391 suas
3726 1335 3908 1393 conti-

2307 1417 2472 1474 tendo
2501 1418 2822 1474 substernit.
2851 1419 2957 1486 Qui
2980 1419 3130 1474 enim
3160 1428 3343 1476 vetera
3370 1419 3589 1478 fatendo
3619 1440 3730 1480 non
3763 1425 3908 1480 dete'

2309 1507 2408 1578 git,
2454 1522 2612 1562 nova:
2642 1507 2770 1562 vitze
2801 1523 2966 1579 opera
3008 1507 3238 1563 minime
3284 1508 3558 1580 producit,
3595 1513 3689 1584 qui
3737 1514 3911 1571 nescit

2310 1596 2493 1667 lugere
2526 1594 2674 1668 quod
2704 1604 2913 1668 gravat,
2959 1613 3070 1652 non
3098 1597 3243 1652 valet
3269 1597 3514 1669 proferre
3543 1599 3689 1672 quod
3717 1601 3911 1657 suble-

2309 1691 2421 1740 vat.
2468 1685 2588 1756 Ipsa
2625 1700 2862 1758 namque
2903 1685 3346 1758 compunctionis
3388 1687 3474 1742 vis
3520 1704 3682 1760 poros
3726 1689 3909 1746 cordis

2234 1807 2280 1866 B
2315 1773 2510 1844 aperit,
2542 1781 2595 1828 et
2619 1774 2834 1846 plumas
2863 1774 3131 1829 virtutum
3164 1773 3377 1842 fundit;
3409 1790 3648 1848 cumque
3677 1792 3734 1832 se
3755 1778 3776 1812 ⁶
3805 1782 3911 1832 stu-

2315 1861 2466 1918 diose
2499 1879 2651 1919 mens
2675 1863 2742 1919 de
2771 1863 2924 1934 pigra
2945 1869 3212 1919 vetustate
3231 1861 3532 1936 redarguit,
3563 1865 3734 1921 alacri
3763 1863 3914 1920 novi-

2313 1957 2422 2008 tate
2442 1951 2772 2023 juvenescit.
2803 1950 3030 2008 Dicatur
3056 1966 3182 2022 ergo
3202 1951 3360 2008 beato
3380 1951 3481 2008 Job
3505 1969 3518 2009 :
3547 1952 3807 2024 Nunquid
3821 1969 3916 2025 per

2313 2042 2622 2113 sapientiam
2654 2047 2796 2095 tuam
2821 2042 3101 2111 plumescit
3129 2041 3396 2111 accipiter,
3449 2043 3755 2113 erpendens
3801 2043 3916 2098 alas

2313 2149 2436 2188 suas
2463 2133 2535 2187 ad
2562 2132 2856 2188 Austrum?
2883 2130 2940 2186 id
2969 2137 3070 2200 est,
3100 2131 3363 2204 Nunquid
3393 2131 3623 2188 cuilibet
3647 2133 3830 2189 electo
3863 2140 3919 2189 tu

2313 2220 2733 2292 intelligentiam
2777 2219 3083 2288 contulisti,
3129 2226 3192 2276 ut
3239 2219 3406 2275 ﬂante
3448 2228 3636 2277 sancto
3683 2220 3918 2293 Spiritu,

2313 2311 2706 2384 cogitationum
2746 2311 2858 2367 alas
2899 2309 3197 2382 expandat,
3239 2318 3508 2383 quatenus
3538 2309 3787 2383 pondera
3814 2327 3918 2367 ve-

2311 2409 2470 2458 tusta:
2498 2399 2931 2458 conversationis
2960 2398 3204 2471 abjiciat,
3225 2407 3280 2455 et
3309 2399 3580 2456 virtutum
3612 2401 3834 2472 plumas
3863 2400 3916 2455 in

2314 2508 2474 2548 usum
2507 2492 2640 2547 novi
2669 2491 2888 2548 volatus
2916 2491 3141 2547 sumat?
3168 2491 3240 2547 Ut
3268 2489 3402 2546 hinc
3422 2489 3681 2548 videlicet
3701 2491 3921 2563 colligat

2315 2581 2445 2655 quia
2477 2581 2820 2652 vigilantiam
2848 2597 3043 2637 sensus
3071 2579 3130 2636 in
3159 2581 3453 2653 semetipso
3480 2597 3550 2637 ex
3577 2596 3632 2637 se
3662 2597 3778 2636 non
3815 2580 3920 2636 ha—

2314 2671 2428 2739 bet,
2460 2671 2556 2744 qui
2588 2669 2731 2728 hanc
2760 2686 2828 2726 ex
2858 2686 2915 2727 se
2948 2670 3198 2726 conferre
3213 2670 3351 2726 ‘aliis
3380 2687 3722 2744 nequaquam
3754 2671 3915 2725 valet.

2315 2761 2500 2817 Potest
2528 2761 2692 2815 etiam
2724 2775 2820 2831 per
2846 2758 2995 2814 hunc
3024 2757 3340 2828 accipitrem
3363 2767 3623 2814 renovata
3642 2759 3922 2830 gentilitas

2318 2847 2614 2920 designari,
2641 2864 2705 2903 ac
2733 2847 2780 2902 si
2815 2846 2974 2902 beato
3003 2845 3103 2900 Job
3131 2852 3314 2915 aperte
3344 2845 3652 2901 diceretur:
3687 2848 3924 2902 Futuras
3971 2875 3974 2880 -

2318 2939 2586 2994 virtutum
2630 2937 2841 3008 plumas
2884 2934 2942 2989 in
2985 2934 3289 3006 gentilitate
3332 2934 3560 3006 respice,
3590 2942 3644 2990 et
3675 2943 3925 2992 vetustas

2320 3026 2588 3101 superbiae
2617 3041 2822 3098 pennas
2849 3022 3059 3080 amitte.
3095 3022 3356 3094 Sequitur
3380 3040 3392 3078 :

2685 3121 2911 3179 CAPUT
2947 3120 3147 3177 XLVII
3178 3118 3322 3194 [Rec.
3355 3121 3489 3177 XIX
3495 3117 3538 3190 ’1.

2392 3224 2562 3282 Vnus.
2594 3222 2683 3279 27.
2711 3252 2782 3262 —
2809 3219 3064 3290 Nunquid
3087 3220 3160 3274 ad
3181 3224 3499 3291 prteceptum
3530 3224 3677 3275 tuum
3709 3221 3731 3255 ⁷
3764 3221 3928 3278 ειευα.

2322 3313 2464 3369 bitur
2489 3313 2697 3384 aquila,
2727 3318 2774 3367 et
2802 3311 2856 3366 in
2883 3310 3072 3365 arduis
3094 3316 3254 3380 ponet
3276 3309 3461 3364 nidum
3492 3309 3593 3365 sibi
3613 3312 3640 3367 ?

2393 3402 2482 3460 94.
2518 3401 2656 3469 Quid
2683 3401 2882 3472 aquila:
2907 3399 3114 3454 nomine
3145 3399 3429 3471 Scriptura
3457 3417 3616 3456 sacra
3652 3400 3926 3474 signiﬁcet.

2323 3494 2670 3552 Insidiatores
2717 3491 2962 3565 spiritus,
3005 3496 3309 3562 potestatem
3359 3495 3644 3558 terrenam,
3692 3492 3931 3548 subtilem

2326 3591 2625 3642 sanctorum
2656 3583 3075 3656 intelligentiam,
3105 3583 3183 3637 vel
3215 3581 3415 3640 Christi
3451 3583 3828 3640 ascensionem.
3865 3613 3929 3626 —

2328 3677 2390 3732 In
2437 3675 2722 3748 Scriptura
2761 3689 2915 3730 sacra
2950 3672 3218 3730 vocabulo
3249 3672 3450 3744 aquilae
3479 3671 3785 3747 aliquando
3811 3688 3929 3729 ma-

2329 3763 2467 3836 ligni
2497 3763 2722 3835 spiritus
2751 3767 2994 3832 raptores
3021 3760 3352 3828 animarum,
3373 3759 3671 3834 aliquando
3705 3776 3927 3835 prasen-

2328 3855 2403 3909 tis
2417 3853 2602 3909 saeculi
2619 3857 2932 3924 potestates,
2955 3849 3251 3922 aliquando
3273 3866 3406 3906 vero
3437 3852 3523 3906 vel
3553 3850 3927 3908 subtilissimae

2330 3951 2644 3999 sanctorum
2674 3939 3070 4009 intelligentiae,
3092 3939 3177 3993 vel
3199 3938 3515 3997 incarnatus
3534 3941 3809 3997 Dominus
3823 3940 3931 3995 ima

2331 4031 2580 4088 celeriter
2606 4030 2973 4098 transvolans,
3005 4037 3060 4086 et
3090 4046 3223 4087 mox
3260 4047 3475 4088 summa
3498 4039 3748 4105 repetens
3776 4029 3929 4087 desi-

2333 4131 2546 4196 gnatur.

2403 4210 2728 4284 Aquilarum
2754 4207 2976 4266 nomine
2997 4207 3348 4266 insidiatores
3365 4208 3590 4282 spiritus
3605 4209 3933 4281 exprimun.

2332 4307 2444 4369 tur,
2469 4299 2703 4356 Ieremia
2731 4305 3041 4366 attestante,
3071 4301 3166 4372 qui
3195 4300 3308 4357 ait:
3353 4300 3638 4358 Velociores
3667 4306 3795 4354 sunt
3816 4316 3933 4370 per-

2332 4395 2585 4445 secutores
2604 4388 2776 4444 nostri
2792 4389 2990 4458 aquilis
3019 4389 3132 4444 creti
3161 4389 3388 4462 (Thren.
3424 4409 3502 4461 1v,
3537 4393 3648 4464 19).
3682 4393 3934 4448 Persecu-

2342 4487 2487 4536 tores
2524 4480 2672 4536 enim
2700 4479 2874 4536 nostri
2905 4480 3105 4553 aliquis
3144 4481 3266 4537 οωιὶ
3298 4481 3599 4538 velociores
3629 4490 3783 4549 sunt,
3814 4495 3932 4536 cum

2342 4578 2493 4627 tanta
2519 4577 2711 4628 contra
2749 4587 2849 4626 nos
2888 4570 3116 4642 maligni
3148 4570 3402 4628 homines
3441 4572 3676 4642 faciunt,
3712 4581 3775 4628 ut
3802 4570 3936 4642 ipsas

2339 4660 2501 4717 etiam
2531 4675 2713 4716 aereas
2740 4667 3032 4732 potestates
3062 4659 3476 4718 inventionibus
3499 4662 3731 4717 malitiae
3752 4657 3934 4734 praeire

2339 4748 2650 4805 videantur.

2411 4837 2626 4911 Aquilae
2655 4838 2818 4895 etiam
2850 4837 3117 4896 vocabulo
3147 4847 3384 4912 potestas
3415 4847 3632 4898 terrena
3650 4839 3931 4913 ﬁguratur.

2343 4929 2496 4986 Unde
2551 4945 2646 5000 per
2699 4929 3042 4987 Ezechielem
3088 4933 3409 5005 prophetam
3455 4933 3694 4990 dicitur:
3745 4928 3935 5002 Aquila

2342 5019 2582 5090 grandis,
2615 5037 2927 5091 magnarum
2956 5023 3192 5088 alarum,
3224 5024 3374 5094 longo
3405 5023 3758 5079 membrorum
3786 5020 3938 5075 ductu

634 5107 1264 5203 Qid'iéns'£e.mi5éﬁha'
1287 5107 1524 5218 nam‘que
1567 5107 1768 5198 veteris
1805 5107 2239 5198 con-versationis
2340 5108 2814 5218 PWHPMmisf.‘
2843 5111 3282 5218 υίξνίεεαιευῃυςηίε
3306 5113 3781 5218 {altarium-et
3824 5107 3940 5215 tulit

636 5243 847 5310 gravat,
877 5244 932 5292 et
978 5237 1168 5309 pluma
1205 5251 1363 5293 novae
1408 5231 1813 5290 immutationis
1858 5231 2130 5302 sublevat,
2178 5241 2239 5289 ut

716 5417 734 5450 ¹
763 5414 962 5490 Laud,
1009 5415 1288 5490 expandit.
1310 5415 1400 5472 Sic
1428 5413 1856 5490 eﬂ‘erturiinfra
1883 5411 1976 5470 hic
2018 5420 2234 5470 textus:

639 5488 896 5558 expandit
920 5489 1040 5544 alas
1066 5487 1192 5544 iuas
1219 5489 1291 5544 ad
1318 5495 1581 5544 austrum.
1609 5489 1744 5543 Alas
1764 5487 1977 5558 quippe,
2007 5492 2112 5540 etc.

717 5559 739 5592 ³
787 5558 1017 5617 Turon..
1074 5560 1186 5616 duo
1228 5559 1439 5617 Germ..
1471 5560 1732 5617 Vindoc..
1776 5557 1972 5617 Laud.,
2013 5557 2190 5612 Pratel

639 5635 890 5702 munita;
917 5602 1118 5701 quibus
1146 5601 1590 5702 obsequeremur,
1622 5601 1732 5685 nisi
1761 5599 2059 5684 ridiculum
2090 5600 2240 5702 videi

641 5707 796 5828 nitur
825 5699 1007 5828 dicer:
1053 5702 1270 5759 munita
1293 5699 1430 5758 ’loca
1470 5710 1723 5774 praestare
1769 5709 1830 5757 ut
1879 5714 2005 5756 aves
2044 5699 2242 5758 melius

642 5787 679 5828 ι)
707 5786 963 5828 umescan
995 5814 1007 5828 .

642 5786 1007 5844 plumescant.

2343 5211 2633 5267 medullam
2660 5207 2824 5273 cedri,
2855 5213 2902 5264 et
2929 5207 3276 5264 summitatem
3309 5205 3499 5263 1039
3529 5208 3809 5282 frondium
3832 5205 3938 5276 ejus

2421 5412 2440 5445 ³
2471 5406 2701 5475 Turon.,
2731 5403 3062 5461 convalescit.

2421 5482 2440 5516 ‘
2471 5472 2699 5552 Pratel,
2716 5477 2826 5532 duo
2855 5472 3420 5552 Germ._et_Yal._Ql.,
3458 5476 3847 5552 corrumpitur.
3891 5546 3918 5552 ,ν

2420 5553 2440 5586 δ
2473 5549 2634 5604 Corb.
2667 5551 2875 5616 Germ.,
2907 5546 3104 5615 Laud.,
3128 5548 3249 5604 Val.
3283 5547 3365 5606 Cl.
3390 5557 3446 5606 et
3471 5546 3691 5619 Norm.,
3718 5546 3942 5604 vivendi.

2427 5624 2449 5657 ⁶
2481 5620 2715 5677 Vindoc.
2749 5628 2802 5674 et
2830 5621 3044 5687 Norm.,
3075 5621 3330 5677 studiosa.

2421 5695 2440 5728 ⁷
2472 5690 2641 5749 Laud.
2670 5699 2724 5749 et
2755 5691 2876 5751 Val.
2914 5689 3022 5759 CL,
3053 5691 3352 5752 elevatur...
3378 5695 3562 5766 ponit;
3591 5703 3646 5752 et
3673 5693 3753 5751 sic
3781 5689 3948 5747 dein-

2349 5782 2496 5840 ceps.
3665 5787 3670 5792 -
