4156 6178
325 297 427 357 625

321 425 512 480 evulsit
515 425 743 520 -(_E_zecli.
762 446 904 520 xvu,
925 432 1004 506 3).
1029 433 1147 503 Qua
1165 437 1424 497 videlicet
1440 444 1623 517 aquila
1637 447 1760 520 quis
1775 449 1917 508 alius

320 530 484 609 quam
513 515 1020 578 Nabuchodonosor
1059 541 1156 581 rex
1198 515 1518 602 Babyloniae
1555 515 1922 609 designatur?

325 609 337 641 ι
369 607 503 675 Quae
534 626 634 681 pro
663 609 1030 672 immensitate
1054 620 1328 678 exercitus
1349 607 1918 704 magnarumalarum,

317 712 416 768 pro
437 696 803 756 diuturnitate
821 710 1127 776 temporum
1150 709 1311 782 longo
1332 713 1701 773 membrorum
1724 696 1915 791 ductu,

320 803 418 858 pro
450 788 644 844 multis
671 804 802 846 vero
822 791 1035 850 divitiis
1056 797 1214 867 plena
1243 801 1466 873 plumis,
1498 821 1596 876 pro
1625 788 1918 868 innumera

315 884 501 931 autem
530 876 987 951 terrenae'gloriae
1031 889 1427 958 compositione
1467 894 1624 964 plena
1654 897 1916 955 varietate

316 963 670 1022 describitur.
691 966 796 1034 Qui
816 970 967 1025 venit
981 972 1049 1028 ad
1069 974 1360 1044 Libanum,
1385 986 1440 1034 et
1468 963 1598 1038 tulit
1617 984 1914 1043 medullam

314 1052 487 1121 cedri,
537 1061 591 1109 et
637 1059 1009 1118 summitatem
1053 1063 1333 1123 frondium
1365 1069 1482 1141 ejus
1521 1074 1742 1142 evulsit,
1786 1076 1916 1147 quia

312 1140 516 1235 Iudaeae
551 1145 932 1235 celsitudinem
974 1160 1182 1223 petens,
1212 1140 1556 1214 nobilitatem
1587 1140 1740 1234 regni
1772 1140 1911 1235 ejus,

312 1231 469 1303 quasi
501 1233 800 1291 medullam
831 1239 980 1294 cedri
1022 1241 1283 1311 abstulit;
1317 1253 1370 1300 et
1399 1247 1529 1303 dum
1560 1231 1912 1310 tenerrimam

309 1333 503 1391 regum
525 1324 737 1393 prolem
759 1328 953 1398 aregni
970 1329 1053 1384 sui
1067 1332 1307 1390 culmine
1327 1337 1655 1406 captivando
1665 1341 1911 1411 sustulit,

309 1410 465 1482 quasi
495 1413 870 1471 summitatem
901 1416 1181 1476 frondium
1213 1421 1331 1494 ejus
1357 1426 1579 1483 evulsit.

381 1584 634 1642 Subtilem
662 1594 962 1645 sanctorum
994 1592 1412 1666 intelligentiam,
1451 1598 1532 1652 vel
1573 1597 1776 1654 Christi
1814 1616 1913 1654 as-

306 1674 614 1731 censionem.
633 1677 835 1746 Aquila
851 1679 977 1750 ﬁxis
997 1681 1161 1737 oculis
1177 1686 1335 1739 solem
1351 1685 1680 1741 intuetur.—
1696 1688 1911 1759 Aquila:

306 1762 579 1870 lvocabulo
609 1766 696 1863 vel
724 1765 944 1822 subtilis
963 1772 1679 1845 sanctorumintelligentia,
1708 1775 1794 1828 vel
1817 1791 1909 1830 vo-
1943 1811 1989 1870 Β

307 1847 454 1906 latus
480 1850 770 1910 dominicae
799 1857 1136 1914 ascensionis
1176 1861 1528 1933 exprimitur.
1578 1861 1731 1918 Unde
1762 1861 1907 1918 idem

303 1939 574 2010 propheta
613 1941 744 1998 dum
795 1944 898 2000 sub
943 1946 1269 2005 animalium
1316 1951 1497 2022 specie
1542 1950 1907 2023 evangelistas

304 2035 544 2100 quatuor
568 2045 623 2086 se
653 2031 856 2089 vidisse
877 2033 1212 2093 describeret
1241 2037 1456 2109 (Ezech.
1501 2055 1560 2108 x,
1597 2039 1710 2110 14).
1744 2039 1802 2094 in
1828 2039 1908 2095 eis

303 2115 412 2170 sibi
443 2116 706 2188 hominis,
740 2121 936 2192 leonis,
977 2123 1157 2193 bovis,
1190 2133 1244 2182 et
1273 2127 1472 2199 aquilae
1501 2127 1699 2184 faciem
1728 2145 1907 2201 appa-

303 2207 478 2264 ruisse
506 2217 760 2281 testatur,
793 2223 1047 2286 quartum
1079 2219 1271 2289 procul
1301 2218 1474 2275 dubio
1502 2219 1706 2274 animal
1731 2219 1908 2275 Joan-

301 2310 429 2351 nem
457 2313 554 2368 per
581 2301 825 2373 aquilam
853 2303 1165 2376 designans,
1197 2307 1292 2378 qui
1323 2307 1563 2363 volando
1585 2315 1784 2363 terram
1815 2308 1905 2364 de-

294 2385 494 2453 seruit,
525 2388 656 2459 quia
685 2405 782 2461 per
802 2391 1061 2449 subtilem
1091 2395 1510 2467 intelligentiam
1542 2397 1760 2453 interna
1786 2415 1902 2469 my-

288 2473 469 2529 steria
505 2476 528 2510 ²
557 2477 803 2534 Verbum
845 2479 1084 2536 videndo
1125 2484 1453 2552 penetravit.
1503 2485 1605 2541 Cui
1637 2485 1902 2541 nimirum

286 2561 646 2634 prophetica:
675 2566 960 2621 sententiae
989 2567 1104 2640 ipse
1122 2584 1339 2642 quoque
1358 2571 1592 2628 Joannes
1612 2574 1668 2628 in
1699 2575 1900 2629 revela-

283 2649 457 2705 tione
486 2666 588 2706 sua
627 2650 696 2707 de
738 2654 1030 2725 semetipso
1066 2672 1178 2712 non
1208 2655 1470 2727 dissonat,
1498 2659 1721 2716 dicens:
1754 2663 1900 2716 Ani-

279 2739 411 2793 mal
430 2738 677 2809 primum
703 2740 874 2796 simile
904 2743 1060 2811 leoni,
1089 2745 1371 2800 secundum
1398 2747 1601 2803 animal
1628 2748 1797 2804 simile
1825 2751 1898 2804 vi-

177 2866 196 2879 .
286 2827 431 2894 Iulo,
482 2829 696 2882 tertium
747 2831 953 2885 animal
992 2832 1184 2887 habens
1228 2832 1417 2903 faciem
1453 2837 1608 2906 quasi
1648 2838 1896 2907 hominis,

284 2921 552 2985 quartum
589 2916 795 2972 animal
834 2918 1005 2974 simile
1029 2922 1226 2991 aquila:
1251 2924 1452 2979 volanti
1479 2925 1666 2997 (Apoc.
1699 2943 1778 2996 1v,
1815 2928 1896 2999 7).

286 3005 367 3060 Et
396 3003 651 3075 quamvis
681 3004 898 3078 singula
925 3008 993 3064 ad
1024 3025 1470 3085 unumquemque
1502 3015 1895 3088 evangelistam

304 3101 449 3150 recte
463 3094 819 3165 conveniant,
841 3096 973 3154 dum
989 3099 1131 3156 alius
1150 3099 1407 3158 humanae
1424 3103 1730 3160 nativitatis
1750 3104 1897 3176 ordi-

294 3199 443 3252 nem,
473 3184 615 3240 alius
644 3201 741 3257 per
781 3187 977 3243 mundi
1005 3189 1264 3246 sacriﬁcii
1295 3193 1703 3261 mactationem,
1737 3193 1896 3267 quasi

296 3271 460 3328 vituli
489 3281 746 3344 mortem,
779 3275 922 3333 alius
977 3280 1261 3349 potestatis
1308 3280 1690 3338 fortitudinem
1741 3285 1896 3356 quasi

299 3360 476 3416 leonis
495 3362 793 3428 clamorem
814 3363 1078 3434 insinuat,
1101 3367 1242 3424 alius
1259 3369 1604 3426 nativitatem
1626 3372 1794 3429 Verbi
1815 3373 1895 3429 in-

291 3456 476 3518 tuens,
511 3451 669 3522 quasi
714 3459 895 3508 ortum
943 3455 1117 3511 solem
1163 3456 1349 3529 aquila
1376 3466 1635 3529 aspectat,
1667 3471 1896 3531 possunt

293 3546 481 3595 tamen
519 3538 640 3598 haec
692 3550 928 3613 quatuor
970 3543 1234 3599 animalia
1283 3544 1465 3616 ipsum
1503 3563 1665 3602 suum
1709 3557 1894 3620 caput,

290 3627 455 3699 cujus
484 3635 612 3684 sunt
651 3629 915 3698 membra,
967 3631 1200 3702 signare.
1236 3633 1356 3704 Ipse
1381 3648 1617 3707 namque
1645 3645 1699 3693 et
1727 3635 1895 3694 homo

291 3724 400 3782 est,
451 3715 577 3789 quia
618 3727 872 3774 naturam
919 3728 1163 3775 nostram
1213 3720 1481 3776 veraciter
1526 3724 1786 3795 suscepit,
1843 3735 1897 3782 et

292 3805 528 3875 vitulus,
560 3808 689 3881 quia
728 3826 828 3882 pro
875 3810 1037 3867 nobis
1065 3810 1338 3882 patienter
1373 3811 1669 3879 occubuit;
1703 3822 1756 3868 et
1785 3813 1892 3883 leo,

293 3896 428 3969 quia
480 3912 578 3969 per
627 3897 942 3956 divinitatis
992 3898 1378 3956 fortitudinem
1409 3907 1672 3973 susceptae
1701 3903 1895 3959 mortis

295 3982 604 4053 vinculum,
633 3987 821 4058 rupit;
867 3995 922 4042 et
962 3987 1030 4043 ad
1076 3997 1385 4044 extremum
1428 3990 1631 4064 aquila,
1669 3991 1798 4064 quia
1826 3991 1895 4048 ad

292 4074 518 4143 coelum,
584 4074 653 4131 de
695 4091 804 4148 quo
855 4086 1096 4145 venerat,
1151 4077 1335 4134 rediit.
1387 4079 1564 4136 Homo
1613 4097 1740 4154 ergo
1788 4099 1898 4138 na-

295 4161 514 4230 scendo,
547 4162 757 4244 vitulus
787 4164 1095 4234 moriendo,
1120 4165 1206 4222 leo
1229 4167 1584 4241 resurgendo,
1615 4169 1800 4242 aquila
1825 4169 1892 4226 ad

293 4251 461 4308 oculos
505 4252 850 4311 ascendendo
898 4264 1123 4311 vocatus
1153 4263 1251 4312 est.
1301 4255 1438 4330 [Vet.
1467 4259 1652 4316 XXXI
1659 4261 1743 4334 ιζ]
1789 4261 1893 4316 Sed

295 4337 403 4396 hoc
417 4340 538 4399 loco
551 4342 751 4414 aquilze
767 4343 995 4399 nomine
1015 4343 1237 4400 subtilis
1256 4354 1569 4403 sanctorum
1588 4347 1893 4420 intelligen-

293 4426 373 4482 tia
398 4433 453 4482 et
491 4428 746 4486 sublimis
773 4445 964 4486 eorum
991 4431 1385 4504 contemplatio
1414 4431 1701 4504 ﬁguratur.
1735 4434 1896 4490 Cun-

1047 311 1420 374 MORALIUM
1478 318 1617 378 LIB.
1659 320 1869 383 XXXI.
1907 353 1978 371 -
2012 330 2087 388 IN
2122 331 2348 394 CAPUT
2383 336 2626 398 XXXIX
2665 341 2726 400 B.
2766 345 2909 404 JOB.

3523 363 3630 421 626

1947 456 1999 516 Α
2028 460 2228 518 mentis
2255 479 2366 520 suae
2412 465 2470 521 in
2511 466 2721 540 abjecta
2751 477 2805 526 et
2842 471 3036 531 inﬁma
3062 484 3480 544 conversatione
3509 504 3622 548 non

2027 550 2318 646 construit.
2352 553 2494 610 Hinc
2522 566 2603 612 est
2632 557 2778 630 quod
2799 559 2985 618 Cinaeo
3014 563 3232 622 Balaam
3265 573 3626 646 prophetante

2027 636 2266 732 dicitur:
2303 642 2595 699 Robustum
2621 647 2830 716 quidem
2859 657 2933 706 est
2956 636 3317 714 habitaculum
3346 636 3512 732 tuum,
3534 668 3627 724 sed

2027 725 2086 827 si.
2116 725 2172 781 in
2209 735 2365 800 petra
2387 733 2631 802 posueris
2675 735 2862 792 nidum
2905 745 3051 796 tuum
3081 743 3264 815 (Num.
3311 765 3466 821 xxxv,
3497 725 3618 827 ξι).

2027 815 2244 873 Cinaeus
2267 836 2503 894 namque
2531 839 2809 895 possessor
2838 828 3248 902 interpretatur.
3272 837 3346 894 Et
3374 815 3469 913 qui
3495 815 3625 902 sunt

2025 908 2118 978 qui
2150 910 2439 978 praesentia
2467 912 2767 983 possident,
2799 915 2906 973 nisi
2928 917 2988 974 hi
3018 921 3112 993 qui
3144 923 3366 995 ingenio
3388 908 3623 1002 sapien-

2023 995 2114 1050 tiae
2134 998 2412 1055 saecularis
2431 999 2634 1057 callent
2655 1002 2683 1058 ?
2703 1003 2808 1071 Qui
2829 1004 2888 1060 in
2909 1005 3016 1064 hoc
3045 1012 3311 1069 veraciter
3329 995 3620 1076 robustum

2023 1085 2129 1142 sibi
2151 1085 2528 1144 habitaculum
2551 1099 2896 1162 construunt,
2929 1096 2974 1151 si
2997 1113 3092 1168 per
3108 1098 3478 1162 humilitatem
3496 1124 3620 1179 par-

2022 1177 2140 1232 vuli
2187 1177 2332 1250 apud
2367 1180 2686 1253 semetipsos
2734 1183 2886 1254 facti,
2936 1186 2993 1242 in
3024 1187 3231 1248 Christi
3277 1177 3620 1260 sublimi—tate

2026 1266 2047 1299 ³
2094 1267 2447 1336 nutriantur;
2502 1276 2692 1334 1040
2741 1275 2786 1329 si
2836 1279 3157 1350 semetipsos
3190 1282 3441 1342 inﬁrmos
3487 1305 3622 1344 sen-

2023 1363 2181 1433 tiant,
2214 1375 2268 1423 et
2296 1366 2353 1423 in
2375 1370 2590 1425 excelsa
2618 1369 2933 1429 humilitate
2953 1377 3160 1447 cogniti
3191 1381 3213 1414 ⁴
3244 1380 3620 1455 Redemptoris

2021 1455 2314 1519 fovendam
2347 1459 2546 1515 mentis
2567 1459 2825 1518 ﬁduciam
2854 1473 3094 1534 ponant;
3124 1467 3170 1522 si
3191 1468 3302 1524 ima
3321 1486 3433 1526 non
3461 1487 3618 1543 appe-

2021 1553 2162 1610 tant,
2193 1545 2240 1601 si
2269 1561 2432 1605 omne
2464 1549 2611 1620 quod
2638 1550 2881 1622 praeterit
2903 1553 3086 1610 cordis
3114 1557 3304 1615 volatu
3329 1566 3610 1618 transcen-

2025 1632 2177 1689 dant.

2090 1749 2178 1840 <95.
2211 1750 2417 1840 Paulus
2445 1754 2640 1824 aquila:
2666 1756 2874 1814 similis.
2920 1790 2991 1801 —
3039 1760 3337 1822 Videamus
3375 1766 3615 1840 aquilam

2020 1837 2213 1893 nidum
2236 1839 2350 1910 spei
2380 1840 2487 1895 sibi
2517 1842 2575 1896 in
2604 1844 2792 1899 arduis
2811 1854 3240 1906 construentem.
3259 1853 3355 1908 Ait
3379 1871 3391 1908 :
3417 1837 3616 1912 Nostra

2016 1927 2338 1982 conversatio
2368 1929 2424 1983 in
2462 1931 2600 1986 ccelis
2629 1937 2702 1988 est
2733 1932 2957 2006 (Philip.
2991 1953 3075 2003 nr,
3106 1938 3225 2008 20).
3252 1941 3324 1994 Et
3357 1957 3610 2000 rursum:

2019 2016 2121 2083 Qui
2145 2018 2575 2074 conresuscitavil
2609 2026 2656 2074 et
2683 2022 2955 2078 consedere
2977 2041 3067 2080 eos
3094 2025 3219 2095 fecit
3243 2027 3300 2082 in
3328 2030 3639 2089 cwlestibus‘

2014 2101 2238 2173 (Ephes.
2273 2121 2332 2172 II,
2363 2105 2443 2176 6).
2476 2108 2538 2164 In
2567 2108 2752 2164 arduis
2782 2108 2946 2166 habet
2965 2111 3183 2179 nidum,
3213 2116 3344 2188 quia
3367 2118 3612 2189 profecto

2017 2189 2075 2246 in
2103 2191 2354 2262 supernis
2380 2193 2500 2266 ﬁgit
2519 2196 2836 2252 consilium.
2859 2199 2981 2254 Non
3011 2201 3133 2256 vult
3152 2211 3393 2260 mentem
3415 2205 3473 2261 in
3501 2206 3613 2264 ima

2015 2277 2269 2350 dejicere,
2313 2297 2424 2336 non
2472 2284 2594 2340 vult
2643 2301 2740 2356 per
2766 2285 3127 2358 abjectionem
3175 2292 3610 2351 conversationis

2013 2369 2268 2426 humanm
2313 2371 2369 2426 in
2410 2372 2619 2430 inﬁmis
2647 2373 2910 2432 habitare.
2961 2377 3115 2435 Tunc
3155 2379 3356 2438 Paulus
3383 2383 3611 2441 fortasse

2015 2457 2070 2513 in
2101 2476 2315 2516 carcere
2342 2462 2653 2531 tenebatur,
2693 2480 2818 2520 cum
2869 2481 2925 2521 se
2953 2467 3245 2525 consedere
3286 2468 3507 2527 Christo
3549 2473 3608 2529 in

2011 2547 2324 2604 caelestibus
2361 2557 2670 2607 testaretur.
2721 2552 2826 2608 Sed
2876 2553 2954 2609 ibi
3004 2562 3140 2623 erat,
3183 2555 3278 2612 ubi
3323 2556 3606 2616 ardentem

2004 2634 2118 2705 jam
2151 2645 2390 2694 mentem
2429 2637 2644 2708 ﬁxerat,
2676 2656 2787 2696 non
2818 2641 2934 2700 illic
2975 2642 3072 2700 ubi
3101 2643 3260 2700 illum
3301 2648 3608 2704 necessario

2008 2722 2163 2796 pigra
2190 2725 2372 2784 adhuc
2399 2743 2525 2784 caro
2555 2729 2842 2786 retinebat.

2079 2813 2167 2868 96.
2191 2815 2362 2870 Electi
2391 2823 2599 2873 terrena
2619 2819 2796 2874 omnia
2817 2819 3108 2892 despiciunt
3133 2853 3204 2864 —
3231 2821 3349 2880 Hoc
3369 2839 3607 2898 namque

2007 2916 2122 2957 esse
2168 2906 2401 2975 speciale
2447 2908 2725 2978 specimen
2779 2909 3078 2966 electorum
3119 2912 3276 2978 solet,
3326 2913 3476 2985 quod
3527 2913 3608 2972 sic

2005 2991 2191 3048 sciunt
2221 2995 2503 3065 praesentis
2525 2998 2653 3053 vitae
2683 2998 2790 3054 iter
2818 3015 3055 3070 carpere,
3090 3009 3152 3056 ut
3178 3017 3274 3072 per
3301 3007 3417 3074 spei
3445 3003 3605 3059 certi-

2005 3080 2257 3138 tudinem
2284 3085 2541 3140 noverint
2549 3084 2664 3157 jam
2684 3101 2741 3142 se
2760 3085 2828 3142 ad
2850 3087 2959 3143 alta
2981 3087 3313 3161 pervenisse,
3335 3099 3606 3163 quatenus

1935 3162 1979 3222 Ο
2005 3178 2206 3228 cuncta
2233 3189 2354 3245 quas
2383 3173 2767 3246 praeterﬂuunt
2795 3175 2898 3232 sub
2929 3191 2986 3233 se
3022 3193 3138 3234 esse
3167 3162 3411 3247 videant,
3443 3189 3606 3254 atque

2009 3273 2171 3315 omne
2202 3260 2348 3333 quod
2388 3261 2444 3318 in
2478 3261 2584 3319 hoc
2613 3262 2822 3320 mundo
2850 3263 2960 3320 emi
2989 3271 3043 3320 et
3071 3280 3254 3322 amore
3280 3266 3605 3326 aeternitatis

2007 3347 2238 3405 calcent.
2274 3350 2416 3408 Hinc
2444 3361 2525 3408 est
2553 3351 2700 3407 enim
2730 3353 2880 3426 quod
2917 3355 3168 3428 sequenti
3197 3371 3253 3412 se
3282 3355 3480 3413 animae
3507 3373 3605 3430 per

2007 3438 2328 3510 prophetam
2358 3442 2628 3498 Dominus
2656 3441 2818 3500 dicit:
2854 3445 3144 3500 Sustollam
3165 3452 3210 3500 te
3236 3463 3397 3518 super
3421 3448 3603 3502 altitu-

2005 3526 2152 3580 dines
2179 3534 2334 3585 terra:
2360 3530 2522 3600 (Isai.
2553 3549 2710 3599 Lvm,
2741 3532 2853 3604 14).
2887 3533 3053 3600 Quasi
3088 3534 3336 3606 quaedam
3365 3551 3605 3610 namque

2004 3613 2269 3672 inferiora
2309 3625 2466 3675 terrae
2499 3628 2648 3688 sunt,
2697 3619 2917 3688 damna,
2962 3624 3332 3690 contumeliae,
3375 3631 3600 3696 egestas,

2003 3701 2260 3774 abjectio,
2305 3723 2426 3778 quae
2455 3707 2559 3780 ipsi
2589 3725 2806 3782 quoque
2833 3721 3101 3769 amatores
3129 3714 3316 3771 saeculi
3347 3714 3478 3770 dum
3507 3731 3604 3787 per

2005 3791 2126 3848 latae
2174 3795 2279 3850 vias
2324 3795 2609 3867 planitiem
2656 3797 2960 3866 ambulant,
2993 3799 3222 3855 vitando
3251 3801 3458 3856 calcare
3489 3818 3600 3858 non

2004 3891 2237 3940 cessant.
2269 3883 2610 3942 Altitudines
2635 3893 2818 3942 autem
2847 3894 3004 3943 terra:
3033 3896 3180 3956 sunt,
3213 3889 3366 3944 lucra
3392 3904 3600 3958 rerum,

2003 3971 2381 4043 blandimenta
2396 3973 2763 4046 subditorum,
2786 3975 3107 4034 divitiarum
3126 3977 3483 4047 abundantia,
3506 3978 3600 4036 ho-

2003 4079 2127 4132 nor,
2159 4071 2213 4120 et
2241 4062 2552 4121 sublimitas
2571 4066 2905 4139 dignitatum
2929 4086 2943 4136 ;
2969 4084 3088 4142 quae
3107 4067 3358 4142 quisquis
3377 4085 3473 4142 per
3490 4069 3602 4126 ima

2003 4153 2186 4212 adhuc
2226 4154 2500 4213 desideria
2542 4157 2770 4228 incedit,
2802 4175 2866 4216 eo
2905 4159 3022 4232 ipso
3069 4161 3180 4217 alta
3206 4158 3461 4230 aestimat,
3492 4177 3600 4235 quo

2005 4259 2200 4316 magna
2231 4253 2406 4317 putat.
2436 4246 2513 4302 At
2552 4247 2598 4304 si
2628 4248 2796 4304 semel
2830 4265 2926 4306 cor
2954 4247 3014 4306 in
3044 4250 3357 4308 cmlestibus
3387 4249 3598 4323 ﬁgitur,

2004 4351 2134 4392 mox
2165 4352 2329 4409 quam
2358 4336 2568 4409 abjecta
2582 4338 2693 4395 sint
2707 4340 2952 4397 cernitur
2967 4358 3088 4415 quae
3117 4343 3227 4399 alta
3246 4342 3596 4401 videbantur.

2001 4424 2140 4481 Nam
2170 4426 2190 4461 ⁵
2227 4426 2369 4482 sicut
2398 4427 2493 4499 qui
2522 4427 2581 4483 in
2611 4437 2855 4486 montem
2882 4431 3203 4488 conscendit
3231 4448 3295 4488 eo
3323 4433 3600 4506 paulisper

291 4524 504 4573 ctamm
526 4517 729 4591 quippe
749 4519 936 4575 avium
957 4520 1138 4576 visum
1167 4519 1310 4577 acies
1330 4521 1528 4594 aquilae
1548 4530 1789 4594 superat,
1817 4523 1895 4580 ita
1927 4520 1977 4580 D
2004 4521 2198 4571 caetera
2227 4513 2646 4587 subterjaceutia
2690 4517 2944 4589 despicit,
2975 4536 3084 4593 quo
3113 4520 3181 4577 ad
3219 4521 3414 4578 altiora
3441 4539 3600 4596 gres-

293 4613 356 4662 ut
382 4607 516 4664 solis
544 4607 732 4666 radius
758 4607 901 4665 ﬁxos
924 4609 984 4665 in
1013 4625 1070 4666 se
1090 4607 1208 4680 ejus
1229 4610 1419 4666 oculos
1448 4611 1602 4665 nulla
1625 4611 1763 4667 lucis
1784 4627 1896 4666 suae

290 4697 674 4755 coruscatione
719 4698 1073 4755 reverberans
1119 4697 1356 4756 claudat.
1417 4697 1504 4755 Ad
1562 4708 1894 4772 praeceptum

292 4802 422 4857 ergo
438 4787 536 4842 Dei
558 4787 805 4843 elevatur
824 4787 1029 4860 aquila,
1052 4787 1182 4844 dum
1192 4786 1542 4861 jussionibus
1567 4787 1777 4844 divinis
1801 4788 1894 4844 ob-

293 4883 626 4948 temperans,
675 4875 733 4930 in
773 4877 1026 4948 supernis
1073 4877 1428 4950 suspenditur
1474 4875 1723 4933 ﬁdelium
1756 4877 1889 4933 vita.

294 4963 426 5032 Quae
451 4971 510 5020 et
536 4965 595 5020 in
622 4962 812 5023 arduis
852 4964 1046 5022 nidum
1076 4981 1278 5038 ponere
1319 4965 1546 5035 dicitur,
1581 4965 1709 5038 quia
1737 4965 1894 5021 desi-

293 5051 448 5108 deria
473 5061 689 5110 terrena
718 5053 1044 5126 despiciens,
1075 5071 1169 5126 spe
1192 5053 1305 5126 jam
1339 5054 1406 5111 de
1435 5055 1748 5113 coelestibus
1776 5071 1891 5110 nu—

295 5139 481 5198 tritur.
528 5142 592 5198 In
639 5142 826 5199 arduis
865 5142 1060 5200 nidum
1110 5143 1285 5216 ponit,
1331 5144 1460 5216 quia
1490 5142 1887 5200 habitationem

372 5325 386 5358 ¹
417 5324 648 5402 Excusi,
670 5323 770 5402 qui
788 5341 891 5402 pro
917 5323 1352 5402 immensitate...
1380 5323 1571 5402 plenus
1595 5321 1885 5402 plumis,”

289 5396 480 5465 plenus
508 5393 977 5463 varietalefQuam
1000 5393 1301 5465 lectionem
1318 5401 1530 5448 mutare
1560 5393 1739 5465 coegit
1757 5393 1883 5448 Mss.

297 5463 614 5524 multitudo.
663 5468 915 5523 Nostram
962 5464 1108 5520 enim
1155 5463 1421 5519 exhibent
1448 5479 1638 5519 omnes
1673 5463 1885 5531 Norm.,

299 5537 558 5608 Vindoc.,
605 5539 879 5605 Laudun.,
947 5543 1050 5592 etc.
1110 5536 1231 5591 Duo
1279 5534 1461 5590 Germ.
1513 5533 1717 5608 habent
1756 5550 1888 5608 cum

295 5609 552 5679 Excusis,
595 5610 689 5682 qui
710 5627 813 5682 pro
846 5610 1101 5674 immens,
1135 5613 1189 5662 et
1219 5621 1344 5662 cum
1370 5615 1490 5662 caet.
1525 5607 1678 5674 Mss,
1706 5607 1885 5678 ple-na,

298 5689 401 5737 etc.

372 5754 393 5788 ²
422 5755 505 5812 Ita
544 5753 774 5822 Turon.,
806 5751 1066 5820 Vindoc.,
1094 5748 1205 5807 duo
1235 5749 1445 5820 Germ.,
1473 5748 1720 5817 Ebroic.,
1753 5747 1888 5805 alii-

2006 4620 2128 4662 sum
2156 4604 2395 4678 amplius
2423 4605 2620 4676 tendit,
2650 4606 2728 4662 ita
2759 4607 2855 4680 qui
2883 4608 2942 4664 in
2971 4610 3202 4667 summis
3232 4610 3597 4668 intentionem

2005 4694 2170 4768 ﬁgere
2208 4695 2429 4765 nititur,
2473 4695 2604 4753 dum
2651 4698 2850 4754 annisu
2904 4699 3024 4771 ipso
3070 4700 3280 4758 nullam
3315 4698 3598 4773 praesentis

2005 4783 2134 4840 vitae
2164 4785 2394 4856 gloriam
2422 4801 2537 4842 esse
2566 4785 2948 4859 deprehendit,
2976 4805 3139 4861 super
3167 4795 3322 4843 terrae
3351 4784 3596 4842 altitudi-

2004 4891 2102 4933 nes
2129 4876 2417 4943 elevatur;
2446 4885 2500 4934 et
2529 4875 2675 4950 quod
2705 4877 2856 4950 prius
2889 4877 2945 4933 in
2976 4877 3103 4933 imis
3133 4875 3418 4932 desideriis
3451 4864 3594 4944 posi-

2003 4974 2091 5022 tus
2118 4982 2280 5037 super
2312 4983 2368 5022 se
2398 4966 2655 5035 credidit,
2679 4974 2799 5038 post
2818 4965 3161 5022 ascendendo
3182 4963 3472 5036 proﬁciens
3487 4961 3593 5019 sibi

2001 5053 2219 5110 subesse
2244 5054 2542 5126 cognoscit.
2568 5055 2698 5122 Quae
2729 5072 2854 5128 ergo
2875 5054 2993 5110 illic
3019 5051 3288 5109 Dominus
3318 5049 3592 5107 facturum

1998 5158 2055 5198 se
2083 5157 2198 5198 esse
2227 5142 2540 5214 pollicetur,
2570 5143 2761 5198 dicens
2793 5160 2804 5198 :
2840 5141 3127 5198 Sustollam
3159 5144 3202 5191 te
3228 5153 3387 5209 super
3413 5135 3593 5193 altituo

1997 5333 2102 5392 que
2121 5317 2343 5392 _Norr_n.,
2375 5333 2438 5392 ac
2459 5316 2581 5392 Val.
2606 5315 2689 5373 Cl.
2713 5315 2809 5372 ubi
2840 5315 2898 5371 in
2926 5313 3107 5371 Editis
3129 5313 3328 5387 legitur
3350 5312 3516 5370 verbi.

2069 5391 2090 5468 εξ
2119 5387 2316 5468 haud,
2347 5389 2669 5468 gloriantur.
2696 5466 2703 5468 Α
2773 5459 2786 5468 _
3003 5459 3050 5468 __
3140 5459 3172 5468 _

2071 5461 2091 5538 ξ
2122 5459 2314 5538 Gilot.,
2347 5460 2615 5538 Cussapv.
2658 5466 2712 5515 et
2738 5459 2809 5538 al.
2843 5474 2966 5515 cum
2999 5459 3342 5538 Ms._Germ.,
3375 5459 3589 5538 cogniti,

1998 5532 2313 5604 redemptori
2340 5530 2640 5611 {opening},
2679 5529 2776 5611 sed
2804 5537 3078 5611 corrupte.
3111 5528 3590 5611 hledelam.attuli-

1999 5601 2218 5683 mriij
2243 5601 2651 5683 pmnibusaliis
2679 5603 2806 5683 Mss.
2839 5601 3041 5683 nostris
3068 5611 3122 5659 et
3151 5612 3259 5683 vet.
3289 5601 3442 5683 Edit:

2068 5677 2089 5710 δ
2120 5673 2352 5754 Vindoc.
2384 5691 2447 5730 ac
2474 5674 2686 5754 Norm.,
2717 5674 2852 5730 sicut
2866 5689 2993 5754 cum
3019 5692 3078 5730 in
3104 5681 3326 5732 montem
3347 5673 3585 5746 quisque.

1996 5748 2118 5806 Duo
2143 5747 2354 5814 Germ,
2385 5763 2502 5802 cum
2533 5751 2757 5803 montem
2783 5747 3020 5819 quisque.
