4156 6178
536 365 641 423 627

1734 366 1982 424 SANCTI
2026 367 2361 428 GREGORII
2399 369 2626 428 MAGNI

3741 378 3856 437 628

535 490 682 546 dines
713 487 1105 561 terrte(1bid.),
1131 487 1248 546 haec
1272 487 1416 562 apud
1439 467 1658 545 beatum
1689 489 1791 546 Job
1820 491 2000 547 solum
2021 507 2136 549 sese
2162 495 2208 556 A
2242 504 2392 565 sunt,
2425 497 2554 572 quia
2573 514 2696 571 pars
2711 513 2904 555 eorum
2933 497 3154 568 cecidit,
3178 516 3301 573 pars
3319 501 3606 558 remansit.
3641 502 3749 571 Qui
3770 503 3856 564 in'

536 577 714 636 facere
755 593 911 651 posse
957 583 1209 645 testatur,
1262 577 1489 635 dicens:
1536 579 1794 651 Nunquid
1837 580 1910 636 ad
1948 597 2138 652 praece-

530 674 687 742 ptum
711 675 858 724 tuum
873 668 1160 725 elevabitur
1184 669 1391 739 aquila,
1417 672 1464 723 et
1479 674 1638 740 ponet
1667 669 1723 723 in
1737 669 1926 725 arduis
1955 671 2142 726 nidum

537 755 677 813 sibi?
705 757 787 814 Ac
813 757 859 812 si
889 756 1095 814 diceret
1119 773 1130 811 :
1165 756 1234 812 Ut
1263 755 1328 812 ad
1360 773 1565 826 meum,
1595 758 1690 830 qui
1719 758 1868 832 quod
1895 761 2141 817 exterius

539 846 800 919 praecipio
829 845 936 902 hoc
965 846 1298 904 intrinsecus
1320 847 1492 920 gratia
1520 849 1748 906 occultas
1770 849 2037 922 largitatis
2056 849 2139 907 in-

539 935 708 1014 spiro.
741 935 1002 1012 Sequitur
1025 953 1038 992 :

1073 1035 1304 1094 CAPUT
1334 1035 1582 1094 XLVIII.

611 1135 784 1194 Vens.
815 1133 903 1191 28.
934 1163 1006 1175 —
1032 1133 1098 1190 In
1118 1134 1286 1206 petris
1313 1141 1505 1192 manet.

610 1224 699 1280 97.
732 1224 798 1280 In
817 1225 1008 1295 petris,
1035 1224 1129 1279 hoc
1157 1229 1229 1278 est
1258 1223 1314 1279 in
1342 1229 1645 1280 sanctorum
1667 1231 1890 1298 patrum
1918 1225 2141 1282 celsitu-

541 1311 662 1367 dine
689 1317 738 1367 et
762 1313 1057 1369 constantia
1083 1312 1268 1368 nidum
1296 1320 1517 1384 ponunt.
1549 1345 1620 1356 —
1649 1315 1711 1371 In
1739 1332 1892 1372 sacro
1921 1315 2141 1389 eloquio

540 1415 667 1456 cum
715 1400 979 1474 singulari
1028 1417 1258 1458 numero
1287 1409 1440 1475 petra
1485 1405 1804 1460 nominatur
1832 1405 1956 1478 quis
2000 1404 2141 1460 alius

542 1507 707 1565 quam
736 1490 990 1548 Christus
1016 1492 1284 1564 accipitur
1305 1493 1333 1550 ?
1362 1494 1530 1550 Paulo
1562 1501 1869 1562 attestante,
1904 1493 1998 1567 qui
2029 1493 2138 1550 ait:

541 1581 707 1638 Petra
751 1587 924 1636 autem
953 1587 1068 1637 erat
1113 1581 1355 1638 Christus
1383 1583 1447 1653 (Ι
1481 1583 1605 1639 Cor.
1639 1599 1697 1650 x,
1730 1583 1810 1654 4).
1844 1581 1980 1639 Cum
2012 1598 2142 1637 vero

543 1677 709 1743 petras
737 1670 1025 1742 pluraliter
1041 1671 1402 1743 appellantur,
1436 1671 1683 1727 membra
1711 1669 1849 1742 ejus,
1882 1669 2148 1727 videlicet

543 1759 717 1817 sancti
747 1758 879 1827 viri,
912 1759 1007 1832 qui
1028 1758 1180 1816 illius
1199 1759 1393 1816 robore
1417 1760 1639 1816 solidati
1668 1768 1798 1817 sunt
1826 1759 2145 1832 exprimun-

2249 585 2388 658 tegri
2425 586 2647 660 quidem
2681 589 2702 623 ⁸
2731 595 2876 645 stant
2905 604 3001 663 per
3030 589 3350 662 qualitatem
3383 590 3589 660 meriti,
3628 592 3728 650 sed
3755 610 3854 667 per

2249 677 2465 733 numeri
2508 678 2868 750 quantitatem
2902 679 3182 752 praerupti.
3234 680 3387 738 Hanc
3423 683 3855 754 praeluptionem

2251 767 2535 824 restituere
2554 766 2821 824 Mediator
2841 768 2996 825 venit
3014 777 3074 826 ut
3090 768 3371 843 redempto
3390 768 3637 828 humano
3657 789 3856 844 genere

2250 856 2348 914 illa
2392 858 2638 930 angelica
2665 857 2866 915 damna
2908 857 3154 928 sarciret,
3185 866 3240 914 et
3269 875 3586 918 mensuram
3615 863 3854 920 cmlestis

2249 950 2437 1024 patriae
2467 951 2796 1024 locupletius
2833 953 3064 1009 fortasse
3091 953 3418 1009 cumularet.
3450 952 3680 1027 Propter
3709 953 3855 1014 hanc

2249 1040 2676 1114 praaruptionem
2719 1040 2785 1098 de
2815 1041 2974 1099 Patre
3009 1041 3250 1100 dicitur:
3283 1043 3575 1115 Proposuit
3596 1043 3653 1099 in
3683 1061 3763 1112 eo,
3794 1044 3854 1100 in

2248 1130 2633 1204 dispensatione
2645 1131 2994 1204 plenitudinis
3012 1139 3322 1205 temporum,
3343 1132 3654 1190 instaurare
3671 1135 3852 1192 omnia

2248 1218 2307 1274 in
2339 1220 2572 1287 Christo,
2601 1237 2718 1292 qua:
2754 1220 2812 1276 in
2839 1221 3001 1288 caelis,
3028 1226 3209 1292 etquae
3237 1221 3294 1276 in
3326 1227 3473 1278 terra
3498 1229 3624 1278 sunt
3650 1224 3710 1279 in
3737 1224 3852 1296 ipso

2254 1306 2471 1381 (Ephes.
2520 1327 2562 1378 ι,
2608 1310 2664 1378 9,
2715 1309 2828 1382 10).
2870 1310 2933 1366 In
2978 1309 3097 1382 ipso
3140 1309 3342 1384 quippe
3382 1319 3761 1370 restaurantur
3789 1329 3854 1371 ea

2252 1417 2372 1474 quae
2400 1401 2458 1457 in
2489 1409 2634 1459 terra
2661 1409 2809 1472 sunt,
2841 1401 2974 1458 dum
2994 1410 3305 1476 peccatores
3331 1402 3400 1460 ad
3417 1402 3693 1476 justitiam
3720 1423 3857 1464 con-

2252 1498 2564 1548 vertuntur.
2597 1492 2660 1548 In
2682 1492 2800 1564 ipso
2821 1498 3196 1548 restaurantur
3221 1508 3285 1547 ea
3303 1508 3421 1565 qua;
3450 1492 3510 1550 in
3528 1494 3682 1550 ccelis
3697 1503 3857 1553 sunt.

2252 1580 2384 1637 dum
2415 1581 2549 1638 illuc
2579 1579 2859 1638 humiliati
2889 1579 3144 1638 homines
3162 1580 3394 1638 redeunt
3420 1581 3569 1639 unde
3595 1591 3857 1655 apostatze

2253 1671 2432 1744 angeli
2464 1668 2832 1742 superbiendo
2851 1669 3189 1728 ceciderunt.
3221 1670 3378 1739 Quod
3410 1687 3542 1728 vero
3561 1672 3678 1728 ait:
3708 1673 3857 1730 Inac-

2253 1761 2405 1816 cessis
2431 1760 2677 1833 rupibus,
2698 1759 2964 1816 nimirum
2984 1761 3077 1834 qui
3096 1761 3356 1833 prarupti
3377 1759 3582 1830 silices,
3604 1759 3710 1833 ipsi
3729 1768 3861 1818 sunt

543 1857 654 1906 tur.
697 1851 844 1918 Quos
874 1849 1140 1906 nimirum
1187 1850 1381 1906 Petrus
1410 1850 1689 1922 apostolus
1732 1849 1939 1922 lapides
1968 1857 2149 1917 vocat,
2181 1850 2229 1912 B
2261 1849 2549 1906 inaccessae
2581 1866 2762 1922 rupes,
2806 1848 2972 1908 Cordi
3003 1850 3149 1907 enim
3181 1856 3536 1922 peccatorum
3567 1849 3858 1906 hominum

545 1938 768 1996 dicens:
811 1939 908 1996 Vos
937 1943 1188 2008 tanquam
1218 1938 1422 2010 lapides
1450 1938 1578 2008 vivi,
1613 1939 2012 2012 cocediﬁcamini
2041 1940 2148 1995 do-

543 2044 662 2083 mus
690 2028 957 2101 spiritales
992 2028 1050 2099 (Ι
1073 2029 1186 2084 Pet.
1220 2045 1278 2096 ιι,
1324 2029 1407 2100 5).
1440 2030 1550 2084 Ista
1577 2029 1760 2102 itaque
1791 2030 1995 2102 aquila,
2029 2044 2149 2102 quae

545 2116 616 2173 ad
645 2117 766 2172 veri
798 2116 930 2172 solis
960 2115 1144 2172 radios
1172 2113 1354 2172 cordis
1383 2117 1572 2174 oculos
1605 2119 1622 2153 ¹
1660 2119 1856 2186 erexit,
1890 2119 1948 2174 in
1979 2119 2149 2191 petris

545 2223 768 2263 manere
795 2205 1019 2274 dicitur,
1045 2207 1174 2279 quia
1198 2205 1254 2262 in
1284 2205 1449 2264 dictis
1469 2207 1824 2281 antiquorum
1836 2216 1890 2265 et
1919 2208 2147 2265 fortium

546 2303 764 2369 patrum
799 2295 1000 2352 mentis
1037 2296 1270 2353 statione
1317 2297 1638 2353 collocatur.
1682 2297 1890 2354 Eorum
1943 2299 2149 2370 quippe

547 2384 721 2440 vitam
751 2400 888 2457 quos
935 2385 994 2441 in
1045 2391 1227 2447 1041
1269 2385 1365 2440 via
1409 2385 1508 2441 Dei
1538 2386 1756 2458 praeisse
1785 2387 2055 2460 conspicit
2081 2387 2150 2444 ad

549 2482 870 2538 memoriam
915 2481 1149 2549 reducit,
1201 2482 1223 2516 ³
1253 2490 1414 2554 atque
1454 2483 1510 2537 in
1549 2482 1878 2540 celsitudine
1923 2469 2150 2538 illorum

548 2569 896 2626 fortitudinis
942 2570 1214 2626 studendo
1255 2569 1450 2626 nidum
1498 2571 1605 2628 sibi
1651 2571 1924 2628 construit
1950 2578 2150 2628 sanctae

551 2657 948 2716 meditationis.
981 2657 1228 2732 Cumque
1251 2675 1439 2715 eorum
1457 2668 1576 2716 acta
1603 2659 1860 2734 dictaque
1891 2661 2050 2716 tacite
2065 2676 2153 2717 co-

552 2747 709 2819 gitat,
740 2764 864 2804 cum
909 2747 1192 2820 praesentis
1230 2747 1358 2803 vita:
1390 2747 1617 2820 gloriam
1657 2749 1714 2804 in
1743 2747 2154 2821 comparatione

552 2848 770 2896 aeterna:
825 2839 1165 2896 excellentia:
1220 2854 1385 2912 quam
1432 2839 1505 2894 sit
1557 2839 1765 2913 abjecta
1821 2840 2151 2908 considerat,

551 2928 710 3001 quasi
754 2927 860 2984 sub
902 2943 959 2984 se
1002 2943 1118 2985 esse
1147 2927 1258 2984 ima
1285 2935 1556 2985 terrarum
1600 2929 1658 2986 in
1700 2928 1870 3004 petris
1908 2929 2155 2987 residens

554 3018 830 3075 observat.

623 3107 764 3182 [Vet.
796 3109 950 3165 XXX
956 3105 1040 3183 V.]
1070 3106 1160 3164 98.
1190 3107 1477 3164 Petrarum
1504 3109 1713 3165 nomine
1739 3108 1855 3166 coeli
1876 3114 2154 3182 potestates

2260 1940 2423 1998 valde
2451 1940 2726 1998 inaccessa
2755 1948 2838 1998 est
2865 1941 3086 1997 claritas
3113 1941 3460 2012 angelorum,
3497 1941 3628 2013 quia
3655 1955 3764 2014 quo
3791 1940 3861 1997 ad

2261 2029 2494 2104 pulchra
2521 2028 2826 2100 corporalia
2843 2028 3064 2096 cecidit,
3098 2044 3163 2084 eo
3181 2043 3215 2084 a
3241 2028 3477 2101 spiritali
3507 2030 3690 2101 specie
3717 2045 3865 2087 ocu-

2263 2121 2343 2176 los
2369 2119 2588 2176 clausit.
2611 2117 2717 2174 Sed
2732 2118 2983 2191 quisquis
2999 2117 3074 2174 ita
3092 2117 3558 2190 contemplatione
3579 2121 3599 2154 ⁷
3623 2119 3864 2191 rapitur,

2261 2218 2322 2265 ut
2334 2226 2428 2282 per
2443 2209 2691 2265 divinam
2713 2207 2942 2280 gratiam
2959 2205 3296 2275 sublevatus,
3320 2206 3684 2264 intentionem
3703 2223 3864 2263 suam

2255 2300 2368 2372 jam
2397 2297 2713 2369 angelorum
2743 2294 2927 2353 choris
2955 2295 3264 2364 interserat,
3295 2303 3347 2352 et
3367 2294 3514 2352 ﬁxus
3532 2295 3592 2351 in
3611 2293 3865 2352 sublimi-

2261 2388 2384 2455 bus,
2417 2387 2484 2443 ab
2514 2387 2666 2443 omni
2705 2402 2764 2442 se
2798 2386 2818 2421 ⁸
2848 2385 3042 2441 inﬁma
3080 2383 3298 2441 actione
3327 2384 3643 2457 suspendat,
3675 2400 3786 2441 non
3809 2382 3864 2440 ei

2262 2477 2467 2535 sufﬁcit
2487 2477 2716 2550 gloriam
2737 2475 2998 2548 angelica
3012 2475 3280 2533 claritatis
3305 2475 3567 2548 aspicere,
3599 2473 3708 2532 nisi
3733 2491 3861 2531 eum

2264 2567 2429 2624 etiam
2451 2567 2546 2640 qui
2576 2573 2657 2623 est
2685 2581 2847 2639 super
2866 2565 3088 2639 angelos
3113 2565 3296 2622 valeat
3321 2563 3528 2621 videre.
3560 2564 3687 2622 Sola
3712 2580 3863 2620 nam-

2265 2674 2372 2731 que
2406 2657 2524 2730 ejus
2553 2657 2696 2714 visio
2723 2673 2855 2714 vera
2882 2656 3085 2714 mentis
3113 2662 3316 2712 nostras
3345 2653 3572 2712 refectio
3590 2661 3690 2712 est.
3710 2653 3864 2712 Unde

2264 2766 2392 2806 cum
2435 2749 2669 2805 dixisset
2711 2748 2855 2805 hanc
2883 2747 3122 2820 aquilam
3155 2746 3213 2800 in
3249 2745 3420 2816 petris
3450 2759 3691 2813 manere,
3722 2751 3776 2800 et
3804 2741 3864 2798 in

2265 2839 2552 2913 preruptis
2579 2837 2832 2894 silicibus
2858 2842 3021 2908 atque
3052 2834 3340 2890 inaccessis
3367 2832 3598 2905 rupibus
3626 2848 3867 2892 commo-

2264 2934 2394 3002 rari,
2427 2932 2578 2989 illico
2607 2930 2856 2989 subdidit
2879 2947 2893 2986 :

2386 3031 2393 3040 '
2725 3020 2953 3079 CAPUT
2991 3020 3033 3077 L
3065 3017 3208 3092 [Rea
3249 3015 3394 3093 XX].

2335 3121 2506 3179 Vsus.
2539 3121 2628 3179 20.
2658 3151 2730 3163 —
2756 3121 2886 3178 Inde
2914 3120 3297 3192 contemplatur
3321 3133 3508 3175 escam.

552 3201 916 3273 designantur.
946 3229 1017 3243 —
1044 3200 1280 3256 Possunt
1306 3201 1474 3256 etiam
1497 3207 1662 3271 petrae
1691 3199 1953 3256 sublimes
1973 3199 2147 3256 virtu-

2338 3221 2460 3278 100.
2491 3219 2590 3277 Dei
2616 3219 2748 3276 visio
2769 3217 2954 3274 mentis
2970 3223 3162 3274 nostra
3187 3216 3352 3273 cibus.
3367 3246 3438 3258 —
3457 3213 3520 3272 Id
3539 3221 3642 3284 est,
3663 3231 3734 3272 ex
3755 3213 3875 3272 illis

552 3298 672 3348 tum
721 3289 1026 3347 caelestium
1073 3295 1370 3362 potestates
1416 3287 1676 3360 intelligi,
1725 3303 1860 3362 quas
1906 3304 2018 3344 non
2041 3287 2156 3360 jam

554 3379 710 3454 quasi
741 3394 893 3434 more
938 3377 1196 3434 arborum
1238 3376 1349 3433 huc
1377 3384 1540 3449 atque
1566 3375 1703 3432 illuc
1731 3383 1928 3432 ventus
1956 3384 2157 3432 nostrae

554 3467 940 3525 mutabilitatis
969 3466 1218 3534 inclinat,
1244 3463 1373 3538 quia
1391 3466 1542 3521 velut
1562 3471 1728 3536 petrae
1751 3464 1808 3520 in
1830 3463 2018 3520 arduis
2038 3465 2158 3520 sitae

555 3561 577 3594 ³
607 3558 675 3614 ab
705 3557 856 3612 omni
877 3563 1034 3612 motu
1062 3553 1451 3611 mutabilitatis
1478 3552 1670 3610 alienae
1699 3561 1847 3622 sunt,
1880 3561 1934 3610 et
1962 3554 2030 3612 ad
2059 3571 2159 3610 so-

554 3647 826 3704 liditatem
855 3645 981 3702 ﬁxa
1004 3644 1353 3703 celsitudinis
1382 3645 1500 3716 ipsa
1526 3643 1616 3701 cui
1647 3642 1917 3699 iuberent
1943 3643 2157 3700 aeterni-

554 3747 664 3796 tate
683 3737 1010 3795 duruerunt.
1043 3735 1146 3794 Vir
1175 3737 1356 3808 itaque
1377 3740 1617 3802 sanctus,
1649 3749 1774 3790 cum
1794 3739 2014 3790 terrena
2040 3733 2158 3790 des-

554 3827 710 3902 picit,
758 3842 911 3884 more
948 3841 1004 3882 se
1051 3824 1250 3898 aquilae
1297 3823 1365 3879 ad
1413 3822 1611 3878 altiora
1644 3823 1949 3895 suspendit,
1980 3831 2034 3879 et
2062 3840 2159 3896 per

553 3915 1034 3992 contemplationis
1049 3913 1626 3988 spiritumsublevatus
1639 3930 1928 3986 perennem
1943 3914 2157 3985 angelo~

555 4027 679 4065 rum
706 4007 936 4082 gloriam
963 4005 1330 4078 praestolatur,
1363 4005 1385 4040 ⁴
1415 4010 1578 4074 atque
1602 4002 1656 4056 in
1679 4001 1786 4058 hoc
1806 3999 2013 4056 mundo
2044 3999 2157 4056 ho-

555 4115 696 4170 spes,
729 4097 828 4152 illa
855 4092 1160 4166 appetendo
1188 4109 1308 4166 quae
1337 4091 1554 4165 aspicit,
1582 4091 1696 4162 jam
1726 4090 1784 4145 in
1819 4088 2156 4145 sublimibus

555 4187 764 4259 ﬁgitur.
805 4186 970 4242 Recte
997 4199 1124 4256 ergo
1153 4183 1393 4240 dicitur:
1426 4184 1493 4242 In
1516 4183 1684 4254 petris
1729 4187 1925 4247 manet,
1970 4180 2027 4236 id
2074 4188 2156 4236 est

556 4274 864 4332 intentione
893 4271 1074 4330 cordis
1095 4271 1238 4329 inter
1265 4273 1389 4328 illas
1407 4272 1651 4330 cmlestes
1672 4270 1908 4326 virtutes
1928 4268 2151 4337 residet,

556 4365 578 4400 ⁸
610 4380 730 4437 quas
758 4368 813 4420 et
841 4377 937 4434 per
966 4359 1285 4418 aaternitatis
1313 4377 1424 4418 suae
1453 4358 1835 4417 fortitudinem
1865 4365 2016 4415 tanta
2037 4356 2153 4430 jam

557 4451 836 4510 soliditate
864 4451 989 4508 ﬁxa
1019 4460 1166 4522 sunt,
1200 4459 1261 4508 ut
1289 4451 1349 4508 in
1377 4451 1534 4507 nullo
1561 4451 1737 4522 culpas
1773 4449 1937 4506 latere
1965 4455 2155 4504 muta-

2265 3309 2450 3369 choris
2469 3309 2731 3382 angelicis
2750 3308 2930 3366 tendit
2950 3309 3172 3366 oculum
3191 3306 3392 3364 mentis
3411 3304 3480 3362 ad
3496 3305 3874 3377 contemplan-

2266 3400 2391 3457 dam
2440 3400 2670 3473 gloriam
2708 3415 2958 3472 supernae
3005 3397 3325 3471 majestatis,
3371 3399 3561 3458 1042
3601 3410 3710 3468 qua
3755 3409 3872 3451 non

2266 3498 2383 3554 visa
2404 3497 2586 3556 adhuc
2603 3497 2794 3566 esurit,
2817 3513 2925 3571 qua
2942 3495 3162 3552 tandem
3181 3496 3300 3552 visa
3318 3495 3567 3552 satiatur.
3591 3494 3871 3567 Scriptum

2265 3587 2468 3661 quippe
2493 3597 2574 3644 est
2599 3605 2610 3644 :
2643 3589 2754 3645 Pro
2783 3605 2838 3643 eo
2859 3587 3002 3659 quod
3031 3585 3294 3642 laboravit
3309 3585 3494 3641 anima
3520 3583 3654 3654 ejus,
3674 3582 3872 3640 uidebit

2265 3683 2315 3732 et
2340 3678 2675 3734 saturabitur
2706 3677 2862 3750 (Isai.
2896 3693 3013 3745 Lm,
3050 3675 3162 3749 ii).
3191 3675 3265 3732 Et
3299 3692 3554 3732 rursum:
3586 3673 3743 3732 Beati
3772 3673 3869 3746 qui

2265 3769 2506 3824 esuriunt
2527 3775 2575 3824 et
2587 3767 2774 3824 sitiunt
2775 3766 2805 3838 j
2811 3767 3068 3832 ustitiam,
3088 3764 3340 3837 quoniam
3361 3763 3463 3837 ipsi
3479 3763 3871 3820 saturabuntur

2269 3859 2483 3931 (Matth.
2516 3875 2574 3929 v,
2605 3858 2685 3931 6).
2719 3856 2853 3926 Quis
2873 3872 3004 3913 vero
3025 3849 3454 3912 mentis‘nostra:
3482 3853 3640 3912 cibus
3667 3853 3760 3920 sit,
3784 3851 3868 3907 in-

2265 3947 2482 4005 dicatur
2507 3955 2691 4021 aperte
2711 3961 2836 4003 cum
2857 3944 3062 4024 dicitur
3087 3962 3098 4000 :
3132 3945 3287 4001 Beati
3313 3944 3508 4000 mundo
3535 3943 3707 4012 corde,
3736 3958 3865 4014 quo-

2261 4038 2409 4094 niam
2438 4037 2542 4109 ipsi
2569 4037 2736 4092 Deum
2755 4034 3002 4090 videbunt
3032 4033 3220 4106 (Ibid,
3239 4033 3319 4106 8).
3351 4034 3426 4090 Et
3453 4031 3600 4106 quia,
3622 4031 3869 4104 interpo-

2263 4125 2462 4184 sitione
2499 4121 2876 4197 corruptibilis
2915 4121 3097 4179 carnis
3142 4121 3374 4194 gravati,
3409 4124 3580 4180 Deum
3607 4119 3754 4177 sicut
3781 4127 3871 4178 est

2263 4214 2450 4272 videre
2481 4230 2597 4272 non
2626 4229 2939 4288 possumus,
2971 4221 3116 4272 recte
3145 4211 3528 4286 subjungitur:

2889 4341 3118 4401 CAPUT
3150 4342 3241 4400 LI.

2332 4443 2468 4499 Iam.
2499 4472 2570 4486 —
2601 4439 2753 4501 Oculi
2779 4440 2893 4512 ejus
2919 4441 2981 4497 de
3013 4442 3158 4514 longe
3179 4439 3532 4513 prospiciunt.

556 4542 793 4600 bilitatis
822 4541 1084 4599 varietate
1112 4540 1422 4598 ﬂectantur.
1455 4539 1608 4596 Unde
1637 4547 1690 4596 et
1719 4545 1841 4612 apte
1869 4537 2150 4611 sequitur:
2182 4563 2231 4623 D
2335 4538 2454 4596 101.
2499 4540 2669 4597 Deum
2713 4537 2814 4607 hic,
2863 4538 3076 4594 nonnisi
3112 4537 3175 4594 de
3217 4538 3366 4610 longe
3388 4535 3764 4611 prospicimus.
3796 4563 3868 4577 —

1124 4637 1351 4696 CAPUT
1380 4636 1580 4692 XLIX.

628 4733 766 4790 Iam.
780 4763 850 4774 —
864 4733 940 4790 Et
955 4731 1011 4788 in
1035 4730 1328 4804 praeruptis
1345 4727 1579 4784 silicibus
1599 4724 1977 4796 comnioratur,
2006 4733 2162 4799 atque

556 4823 829 4879 inaccessis
857 4822 1100 4894 rupibus.
1796 4863 1800 4867 .

627 4915 718 4974 99.
750 4916 816 4972 In
849 4913 1058 4970 Christo
1089 4913 1392 4965 restaurata
1421 4913 1545 4964 sunt
1571 4907 1772 4974 omnia,
1802 4925 1920 4979 quce
1948 4907 2004 4964 in
2022 4908 2161 4965 catis

557 5015 605 5064 et
623 5026 740 5081 qua:
757 5008 814 5063 in
834 5006 1012 5064 terris.
1035 5035 1106 5046 —
1120 5003 1227 5072 Qui
1245 5003 1394 5060 enim
1411 5009 1541 5058 sunt
1560 5002 1656 5058 alii
1673 5001 1937 5076 prmrupti
1953 5000 2157 5069 silices,

559 5099 668 5155 nisi
699 5098 785 5156 illi
811 5095 1102 5155 fortissimi
1122 5093 1440 5167 angelorum
1457 5091 1638 5163 chori,
1661 5093 1755 5167 qui
1778 5091 2030 5166 quamvis
2051 5106 2161 5146 non

559 5187 780 5261 integri,
816 5186 912 5244 sed
944 5195 1122 5243 tamen
1144 5185 1201 5241 iu
1227 5182 1451 5258 proprio
1470 5190 1615 5240 statu
1635 5182 1757 5250 ﬁxi,
1779 5181 2005 5240 cadente
2033 5196 2162 5239 cum

559 5276 674 5334 suis
716 5276 926 5353 angelis
971 5274 1193 5334 diabolo
1238 5271 1669 5330 remanserunt?
1714 5271 1984 5346 Prarupti
2010 5270 2160 5328 enim

635 5478 651 5513 ¹
684 5478 766 5534 Ita
790 5478 919 5537 Mss.
935 5477 1109 5538 nostri
1129 5485 1184 5535 et
1211 5482 1323 5534 vet.
1352 5475 1504 5534 Edit.
1535 5476 1706 5534 Paris.
1730 5491 1794 5534 ac
1821 5473 1988 5533 Basil.
2019 5474 2160 5533 Alias

560 5549 836 5624 plurimas,
869 5551 1056 5624 exerit.

634 5622 657 5658 ²
683 5620 774 5693 Sic
801 5628 926 5693 post
947 5623 1075 5679 Mss.
1093 5628 1304 5678 veteres
1332 5619 1538 5679 habent
1564 5619 1714 5677 Edit.
1737 5620 1800 5676 In
1817 5618 2009 5693 Gilot.,
2042 5618 2159 5693 Yag

559 5693 682 5762 tic.,
714 5689 1010 5762 Gussauv.,
1037 5699 1192 5765 atque
1207 5693 1262 5747 in
1282 5693 1584 5750 celsitudine
1610 5694 1831 5751 illorum
1847 5689 2160 5764 fortitudini

559 5772 835 5823 studendo.

633 5840 654 5874 ³
688 5836 951 5905 Vindoc.,
985 5834 1050 5890 ab
1077 5834 1222 5892 omni
1251 5835 1423 5891 modo.

2267 4629 2682 4700 Quantumlibet
2695 4628 2844 4686 enim
2865 4629 2924 4684 in
2950 4627 3052 4686 hac
3074 4627 3190 4686 vita
3212 4627 3423 4700 positus
3441 4627 3673 4702 quisque
3692 4625 3868 4699 profe'

2266 4721 2424 4790 cerit,
2457 4721 2690 4778 necdum
2719 4721 2892 4776 Deum
2909 4734 3004 4791 per
3021 4717 3278 4790 speciem,
3306 4717 3402 4774 sed
3432 4733 3528 4790 per
3556 4717 3792 4790 anigma
3809 4721 3870 4772 et

2269 4812 2551 4884 speculum
2580 4809 2750 4867 videt.
2781 4809 2828 4864 E
2843 4807 3029 4866 vicino
3051 4816 3234 4866 autem
3251 4823 3376 4865 cum
3407 4806 3750 4881 respicimus,
3775 4819 3867 4861 ve-

2270 4899 2386 4956 rius
2413 4899 2726 4966 cernimus;
2771 4913 2898 4954 cum
2940 4913 3072 4953 vero
3108 4898 3325 4970 longius
3357 4897 3533 4955 aciem
3562 4893 3867 4962 tendimus,

2269 4990 2372 5048 sub
2400 4989 2611 5046 incerto
2640 4987 2766 5044 visu
2784 4986 3102 5060 caligamus.
3127 4986 3266 5056 Quia
3288 4985 3457 5059 igitur
3476 4985 3651 5044 sancti
3682 4984 3790 5041 viri
3806 4984 3867 5041 in

2269 5082 2437 5137 altam
2467 5096 2523 5136 se
2551 5077 3070 5150 contemplationem
3101 5078 3339 5151 erigunt,
3369 5085 3423 5135 et
3452 5084 3635 5134 tamen
3663 5076 3864 5143 Deum,

2269 5170 2412 5228 sicut
2441 5175 2543 5236 est,
2564 5167 2749 5225 videre
2778 5184 2888 5224 non
2909 5175 3163 5241 possunt,
3179 5167 3318 5225 bene
3331 5168 3399 5225 de
3427 5167 3530 5225 hac
3557 5164 3744 5240 aquila
3769 5163 3870 5222 di-

2267 5259 2443 5320 citur:
2484 5257 2636 5319 Oculi
2656 5257 2769 5331 ejus
2796 5257 2858 5314 de
2888 5257 3034 5332 longe
3055 5257 3406 5332 prospiciunt.
3437 5258 3520 5314 Ac
3547 5255 3595 5313 si
3617 5254 3860 5314 diceret:

2340 5475 2361 5511 ⁴
2392 5470 2616 5544 Vulgati
2641 5485 2766 5544 cum
2797 5466 3216 5544 duob.__(_}erm._,
3235 5472 3392 5538 atque
3419 5465 3539 5523 huic
3570 5463 3789 5544 mundo.

2339 5547 2362 5583 ⁵
2394 5539 2658 5608 Vindoc.,
2687 5540 2908 5598 Ebroic.
2939 5540 3143 5613 aliique
3167 5539 3384 5606 Norm.,
3409 5555 3526 5610 qua
3545 5539 3867 5610 per-emitta-

2269 5618 2336 5675 tis
2363 5634 2472 5673 suae
2503 5613 2836 5686 fortitudine.

2341 5691 2362 5725 ⁶
2393 5687 2564 5745 Iidem
2594 5685 2751 5745 Cod..
2783 5691 2925 5742 sunt.

2339 5761 2360 5795 τ
2393 5729 2817 5828 instigati;

2343 5834 2363 5867 ⁸
2391 5834 2510 5894 Duo
2539 5826 2749 5900 Germ.,
2779 5827 2974 5898 Laud,
3006 5829 3196 5887 Norm.
3225 5845 3289 5887 ac
3316 5828 3420 5902 pl.,
3452 5826 3688 5899 inﬁrma.
