4156 6178
360 255 465 313 629

1092 257 1471 317 MORALIUM
1510 258 1650 318 LIB.
1692 257 1902 317 XXXI.
1939 211 2012 305 έ-
2047 259 2119 319 IN
2157 260 2385 320 CAPUT
2421 260 2667 320 XXXIX
2703 262 2767 322 Β.
2807 264 2950 324 ιοΒ.

3573 276 3680 337 630

360 380 695 439 Intentionis
714 382 889 440 aciem
909 381 1127 440 fortiter
1144 382 1404 452 tendunt,
1431 382 1527 440 sed
1545 381 1782 440 necdum
1804 386 1818 419 ¹
1843 400 1964 457 pro-
1995 393 2045 453 Α
2073 385 2314 444 dicitur:
2365 387 2433 445 In
2462 388 2679 444 excelsis
2712 388 2987 447 habitabit.
3020 390 3180 459 Quod
3208 391 3302 452 hic
3329 393 3568 456 dicitur:
3610 401 3681 459 In

357 470 631 543 pinquum
671 471 970 544 aspiciunt,
1009 471 1170 544 cujus
1216 471 1487 529 claritatis
1530 473 1969 546 magnitudinem

355 566 644 630 penetrare
673 576 1013 634 nequaquam
1044 568 1294 634 possunt.
1316 562 1366 618 Α
1397 562 1517 619 luce
1547 562 1696 619 enim
1731 563 1752 597 ²
1783 561 1968 618 incor-

355 647 612 719 ruptibili
641 649 819 720 caligo
860 665 960 707 nos
1006 659 1207 707 nostra)
1242 651 1615 723 corruptionis
1662 650 1919 708 obscurat
1951 673 1965 722 ;

356 752 598 810 cumque
615 744 671 792 et
693 737 868 795 videri
895 739 1242 812 aliquatenus
1263 745 1460 812 potest,
1483 747 1536 796 et
1558 746 1739 794 tamen
1783 737 1964 801 videri

358 825 460 883 lux
491 826 633 898 ipsa,
664 827 809 883 sicut
839 835 937 896 est,
956 844 1068 884 non
1098 835 1296 901 potest,
1329 845 1492 902 quam
1524 829 1684 901 longe
1715 828 1788 884 sit
1819 826 1963 883 indi-

355 923 463 973 cat.
498 917 673 985 Quam
704 918 750 973 si
781 933 936 974 mens
965 926 1246 992 utcunque
1275 935 1389 975 non
1422 926 1693 988 cerneret,
1717 934 1818 975 nec
1838 918 1967 990 quia

357 1009 519 1080 longe
547 1014 688 1062 esset
715 1005 945 1064 videret.
978 1008 1035 1065 Si
1066 1015 1251 1064 autem
1285 1008 1524 1080 perfecte
1541 1007 1659 1081 jam
1691 1012 1960 1089 cerneret,

357 1097 606 1171 profecto
627 1096 770 1153 hanc
794 1099 948 1170 quasi
970 1115 1065 1171 per
1085 1098 1376 1170 caliginem
1397 1115 1508 1154 non
1531 1097 1761 1154 videret.
1787 1097 1965 1168 Igitur

355 1186 488 1260 quia
518 1202 620 1243 nec
647 1187 876 1243 omnino
904 1188 1173 1253 cernitur,
1206 1203 1306 1244 nec
1335 1204 1555 1244 rursum
1587 1187 1816 1243 omnino
1845 1201 1956 1241 non

356 1276 628 1344 cernitur,
661 1283 806 1333 recte
852 1275 1062 1334 dictum
1113 1285 1215 1347 est,
1245 1277 1372 1350 quia
1407 1294 1438 1332 a
1487 1278 1645 1349 longe
1691 1278 1838 1334 Deus
1865 1275 1962 1331 vi-

358 1364 542 1422 detur.

433 1515 557 1574 102.
592 1515 752 1572 Isaiae
777 1515 874 1571 hac
900 1515 962 1570 de
990 1531 1048 1570 re
1069 1513 1437 1570 testimonium.
1470 1511 1668 1568 Activce
1692 1509 1814 1566 vitae
1839 1527 1961 1582 gra-

357 1605 510 1661 dibus
534 1604 606 1659 ad
633 1603 1088 1674 contemplationis
1118 1604 1321 1658 culmen
1362 1599 1684 1657 ascenditur.
1711 1628 1781 1640 —
1802 1597 1961 1654 Libet

359 1694 428 1752 ad
459 1693 707 1750 medium
737 1692 890 1748 Isaiae
929 1691 1097 1748 verba
1125 1691 1413 1758 deducere,
1445 1697 1606 1762 atque
1635 1686 1752 1744 hac
1780 1694 1832 1742 et
1862 1687 1959 1742 illa

359 1787 379 1819 ³
415 1799 582 1856 quam
611 1798 722 1838 uno
765 1780 968 1853 spiritu
1015 1781 1365 1853 proferantur
1393 1777 1656 1834 indicare.
1698 1775 1803 1843 Qui
1833 1791 1960 1832 cum

362 1875 559 1932 activae
588 1873 716 1929 vitae
748 1872 985 1929 virtutes
1013 1872 1364 1944 exprimeret,
1391 1869 1611 1926 dicens:
1649 1867 1753 1936 Qui
1779 1867 1959 1922 ambu-

361 1969 443 2024 lat
467 1968 523 2022 in
535 1965 788 2036 justitiis,
819 1972 867 2020 et
899 1965 1139 2037 loquitur
1167 1962 1567 2032 veritatem,qui
1587 1959 1809 2034 projicit
1837 1978 1960 2015 ava-

359 2056 540 2112 ritiam
559 2072 624 2112 ea:
643 2054 934 2121 calumnia,
951 2061 999 2110 et
1016 2053 1211 2110 excutit
1229 2068 1418 2108 manus
1445 2066 1571 2106 suas
1598 2049 1664 2105 ab
1685 2049 1829 2104 omni
1848 2065 1961 2103 mu-

357 2162 500 2211 nere,
529 2145 621 2216 qui
648 2145 863 2200 obturat
890 2159 1053 2200 aures
1081 2158 1208 2197 suas
1241 2158 1308 2197 ne
1333 2138 1524 2196 audiat
1556 2137 1886 2209 sanguinem,
1915 2142 1965 2191 et

357 2233 557 2289 claudit
583 2233 761 2289 oculos
781 2247 904 2286 suos
923 2246 988 2286 ne
1018 2229 1408 2286 videatmalum
1427 2228 1584 2299 (Isai.
1616 2241 1823 2294 χχχιιι,
1845 2225 1958 2298 15),

363 2321 514 2380 illico
535 2319 604 2377 ab
632 2318 884 2390 ejusdem
914 2317 1112 2374 activa:
1142 2316 1272 2373 vita;
1301 2315 1560 2389 gradibus
1588 2313 1657 2370 ad
1687 2329 1807 2388 quae
1834 2328 1960 2370 con-

359 2409 742 2484 templationis
787 2409 1034 2466 culmina
1079 2405 1403 2464 ascendatur
1430 2405 1709 2477 adjuuxit,
1737 2403 1956 2460 dicens:

360 2502 394 2557 Ι
395 2507 470 2556 ste
495 2500 554 2553 in
581 2497 798 2555 excelsis
827 2495 1105 2562 habitabit,
1127 2499 1149 2532 ⁸
1175 2496 1499 2549 munimenta
1527 2509 1784 2548 saxorum
1803 2491 1959 2546 subli-

359 2588 520 2642 mitas
544 2586 680 2656 ejus,
704 2585 866 2656 panis
911 2584 962 2640 ei
991 2583 1146 2638 datus
1175 2589 1270 2649 est,
1299 2599 1452 2652 aquae
1477 2581 1590 2651 ejus
1618 2581 1792 2652 ﬁdeles
1820 2585 1957 2636 sunt.

359 2676 549 2744 Regem
578 2674 634 2728 in
648 2673 827 2729 decore
845 2688 939 2727 suo
955 2671 1208 2726 videbunt
1226 2670 1366 2726 oculi
1385 2668 1517 2738 ejus,
1539 2675 1747 2724 cernent
1767 2675 1961 2724 terram

356 2763 422 2817 de
448 2763 600 2834 longe
618 2760 1089 2833 (Ibid.,t6,t7).ln
1109 2757 1596 2829 excelsisnamque
1615 2755 1863 2813 habitare
1880 2764 1962 2813 est

360 2865 457 2908 cor
503 2849 561 2906 in
591 2848 906 2905 caelestibus
934 2863 1158 2920 ponere.
1206 2847 1280 2901 Et
1318 2845 1664 2902 munimenta
1697 2861 1958 2902 saxorum

358 2938 671 2996 sublimitas
698 2945 884 2994 nostra
910 2945 1016 3004 est,
1045 2951 1171 2992 cum
1192 2934 1422 2991 fortium
1453 2941 1670 3007 patrum
1691 2941 1962 3007 praecepta

360 3035 414 3084 et
440 3026 692 3099 exempla
721 3023 1052 3098 respicimus
1080 3032 1243 3097 atque
1283 3023 1352 3080 ab
1393 3023 1588 3079 inﬁma
1628 3023 1959 3096 cogitatione

358 3131 690 3188 separamur.
737 3113 1087 3170 Munimenta
1132 3129 1390 3169 saxorum
1431 3112 1742 3169 sublimitas
1772 3121 1960 3168 nostra
1992 3103 2035 3163 C

357 3213 459 3275 est,
489 3222 615 3262 cum
645 3212 828 3261 mente
857 3202 1046 3260 choris
1075 3203 1374 3277 castrisque
1415 3203 1732 3260 coelestibus
1755 3202 1956 3276 jungi-

357 3310 502 3362 mur,
531 3300 586 3349 et
613 3292 940 3348 insidiantes
972 3293 1243 3364 malignos
1270 3292 1498 3365 spiritus
1526 3299 1732 3349 stantes
1755 3293 1811 3348 in
1831 3309 1954 3349 arce

353 3381 538 3438 cordis
566 3381 721 3456 quasi
749 3380 1146 3454 subterpositos
1175 3397 1575 3454 expugnamus.
1612 3382 1766 3438 Tunc
1793 3380 1954 3436 nobis

353 3471 519 3525 etiam
545 3470 702 3542 panis
730 3469 914 3538 datur,
948 3470 1080 3544 quia
1113 3470 1172 3524 in
1205 3469 1454 3542 supernis
1482 3477 1660 3526 erecta
1692 3469 1950 3537 intentio,

351 3558 679 3614 aeternitatis
709 3558 1170 3630 contemplatione
1200 3557 1462 3614 reﬁcitur.
1487 3559 1660 3629 Aquae
1679 3558 1828 3614 enim
1854 3575 1948 3614 no-

354 3653 482 3702 stra:
501 3645 685 3703 ﬁdeles
705 3653 854 3714 sunt,
874 3646 1003 3718 quia
1014 3645 1266 3702 doctrina
1284 3645 1383 3701 Dei
1406 3645 1553 3718 quod
1573 3644 1664 3701 hic
1683 3662 1779 3717 per
1799 3662 1948 3718 spem

354 3733 649 3808 promittit,
699 3734 808 3791 hoc
849 3733 968 3790 illic
1016 3734 1074 3789 in
1117 3748 1345 3789 munere
1383 3731 1628 3788 exhibet.
1673 3733 1950 3805 Sapientia

350 3841 592 3898 namque
611 3823 778 3897 hujus
799 3822 997 3880 mundi
1018 3821 1262 3879 inﬁdelis
1278 3831 1377 3892 est,
1403 3822 1532 3896 quia
1553 3839 1807 3879 mansura
1828 3832 1949 3895 post

349 3921 585 3971 mortem
600 3929 711 3970 non
728 3921 828 3970 est.
848 3913 1019 3986 Aquae
1041 3920 1243 3969 nostrae
1259 3911 1448 3968 ﬁdeles
1460 3919 1609 3980 sunt,
1635 3911 1764 3985 quia
1784 3912 1949 3969 verba

349 4001 480 4059 vita;
509 4001 657 4075 quod
707 4008 833 4057 ante
871 4007 1105 4056 mortem
1155 3998 1466 4068 insinuant,
1497 3999 1604 4057 hoc
1632 3999 1796 4056 etiam
1827 4009 1949 4073 post

348 4098 582 4148 mortem
633 4090 1029 4148 demonstrant.
1067 4091 1267 4163 Regem
1307 4091 1366 4147 in
1413 4089 1608 4146 decore
1656 4106 1756 4146 suo
1798 4091 1946 4146 oculi

349 4179 524 4236 nostri
551 4179 920 4252 conspiciunt,
946 4178 1076 4253 quia
1098 4179 1432 4252 Redemptor
1460 4187 1644 4236 noster
1659 4179 1717 4234 in
1732 4177 1946 4252 judicio

347 4276 403 4325 et
429 4285 461 4326 a
498 4269 746 4343 reprobis
778 4274 970 4332 1043
1001 4268 1168 4326 homo
1198 4268 1500 4336 videbitur,
1522 4267 1616 4324 sed
1644 4268 1714 4324 ad
1743 4268 1944 4324 divini-

348 4367 478 4424 tatis
498 4365 616 4440 ejus
644 4366 966 4424 intuendam
989 4364 1377 4424 celsitudinem
1393 4363 1496 4420 soli
1521 4362 1616 4436 qni
1635 4361 1793 4418 electi
1817 4369 1947 4418 sunt

2073 477 2243 549 petris
2271 483 2464 545 manet,
2484 484 2533 535 et
2558 478 2616 534 in
2628 479 2920 552 praeruptis
2941 480 3178 538 silicibus
3205 493 3584 558 commoratur,
3599 495 3678 546 at-

2079 583 2176 637 que
2202 569 2222 602 ⁵
2253 567 2527 624 inaccessis
2554 568 2798 640 rupibus,
2830 568 2936 627 hoc
2966 569 3085 627 illic
3131 571 3454 644 subjicitur:
3487 578 3679 636 Muni-

2077 665 2249 714 menta
2281 675 2538 715 saxorum
2566 660 2864 716 sublimitas
2885 659 3016 730 ejus.
3039 661 3200 730 Quod
3219 679 3408 721 rursus
3437 666 3530 724 hic
3551 669 3681 726 sub-

2077 748 2344 805 infertur:
2377 749 2506 806 Inde
2535 751 2917 822 contemplatur
2945 767 3132 820 escam,
3170 751 3277 810 hoc
3309 753 3427 811 illic
3459 771 3677 830 quoque

2076 838 2365 895 subditur:
2402 839 2568 895 Panis
2597 839 2644 896 ei
2689 839 2845 895 datus
2877 846 2969 906 est,
3000 857 3153 912 aqua:
3183 841 3296 912 ejus
3323 845 3502 915 ﬁdeles
3530 853 3674 913 sunt,

2075 929 2259 1000 Regem
2292 928 2349 983 in
2377 928 2558 984 decore
2583 945 2676 983 suo
2699 928 2946 984 videbunt
2973 930 3113 986 oculi
3140 930 3274 1000 iy'us.
3305 933 3377 988 Et
3407 933 3556 1008 quod
3583 934 3677 991 hic

2073 1022 2456 1094 subjungitur:
2493 1023 2646 1081 Oculi
2664 1022 2777 1094 ejus
2805 1023 2866 1080 de
2896 1024 3042 1096 longe
3056 1026 3408 1097 prospiciunt,
3433 1026 3538 1086 hoc
3560 1027 3677 1085 illic

2073 1120 2196 1182 apte
2225 1111 2550 1184 subjicitur:
2590 1113 2814 1169 Cernent
2844 1119 3042 1169 terram
3070 1113 3131 1169 de
3162 1116 3326 1188 longe.

2145 1196 2283 1272 [Vet.
2316 1201 2470 1257 XXX
2477 1201 2592 1275 VL]
2627 1201 2744 1258 103.
2778 1203 2984 1258 Paulus
3012 1220 3173 1274 quam
3201 1204 3441 1260 sublimis
3463 1207 3670 1277 aquila.

2070 1317 2142 1329 —
2157 1286 2579 1345 Consideremus
2601 1305 2763 1362 quam
2785 1289 3040 1346 sublimis
3055 1291 3238 1364 aquila
3259 1292 3427 1348 fuerit
3447 1293 3669 1363 Paulus,

2071 1378 2166 1450 qui
2196 1394 2368 1451 usque
2398 1377 2467 1433 ad
2488 1378 2713 1434 tertium
2741 1379 2943 1436 coelum
2965 1381 3175 1437 volavit
3204 1383 3300 1450 (II
3320 1385 3445 1440 Cor.
3465 1398 3566 1452 χιι,
3585 1385 3668 1456 2),

2069 1463 2165 1521 sed
2180 1472 2363 1520 tamen
2383 1465 2441 1521 in
2463 1464 2565 1523 hac
2585 1466 2700 1522 vita
2715 1467 2924 1539 positus
2940 1483 2968 1524 e
2982 1468 3283 1542 longinquo
3303 1470 3485 1528 adhuc
3496 1474 3670 1528 Deum

2070 1554 2354 1626 prospicit,
2385 1554 2482 1629 qui
2502 1555 2608 1612 ait:
2652 1556 2893 1615 Videmus
2912 1575 3050 1612 nunc
3072 1575 3172 1630 per
3187 1562 3455 1631 speculum
3475 1560 3532 1615 in
3548 1561 3674 1617 ceni-

2066 1650 2256 1714 gmate,
2293 1649 2416 1699 tunc
2460 1651 2636 1700 autem
2663 1644 2800 1716 facie
2827 1647 2899 1703 ad
2923 1646 3113 1718 faciem
3140 1648 3204 1719 (Ι
3235 1649 3361 1706 Cor.
3391 1666 3519 1717 χιιι,
3554 1649 3668 1722 12).

1997 1749 2043 1809 Β
2073 1734 2144 1790 Et
2189 1751 2438 1791 rursum:
2483 1738 2598 1807 Ego
2637 1755 2716 1793 me
2752 1755 2858 1793 non
2903 1740 3146 1795 arbitror
3175 1741 3197 1777 ⁶
3226 1742 3672 1814 comprehendisse

2071 1823 2302 1896 (Philip.
2333 1841 2416 1891 ιιι,
2471 1825 2584 1896 13).
2628 1826 2733 1882 Sed
2766 1828 3020 1900 quamvis
3056 1837 3258 1886 aeterna
3286 1831 3445 1887 valde
3488 1832 3672 1887 minus

2071 1928 2234 1985 quam
2263 1921 2394 1968 sunt
2423 1912 2540 1985 ipse
2560 1915 2884 1987 conspiciat,
2906 1918 3159 1989 quamvis
3180 1933 3242 1974 ea
3266 1934 3322 1974 se
3337 1935 3667 1991 cognoscere

2070 2001 2306 2074 perfecte
2332 2017 2443 2058 non
2475 2018 2630 2075 posse
2659 2013 2970 2076 cognoscat,
3019 2005 3259 2063 inﬁrmis
3284 2015 3470 2064 tamen
3499 2008 3669 2065 audi-

2068 2091 2281 2149 toribus
2301 2107 2364 2148 ea
2380 2093 2496 2165 ipsa
2515 2093 2806 2150 infundere
2822 2095 3172 2168 praedicando
3195 2113 3304 2154 non
3327 2106 3528 2170 potest,
3547 2115 3669 2172 qua

2072 2181 2256 2237 videre
2288 2183 2480 2238 saltem
2511 2199 2606 2254 per
2631 2185 2917 2257 speculum
2947 2193 3001 2240 et
3030 2186 3327 2258 imaginem
3359 2195 3556 2259 potest.
3588 2189 3668 2246 De

2070 2270 2360 2342 semetipso
2389 2271 2591 2344 quippe
2615 2279 2875 2345 tanquam
2905 2271 2971 2328 de
2998 2272 3108 2330 alio
3142 2274 3410 2347 loquitur,
3440 2275 3662 2334 dicens:

2070 2359 2291 2415 Audiuit
2317 2377 2516 2416 arcana
2537 2361 2717 2427 verba,
2746 2378 2862 2432 quae
2887 2379 2994 2417 non
3027 2363 3145 2419 licet
3170 2364 3371 2419 homini
3403 2366 3547 2436 loqui
3571 2367 3668 2437 (ΙΙ

2075 2448 2200 2505 Cor.
2223 2466 2326 2517 χιι,
2348 2449 2428 2521 4).
2448 2451 2668 2507 Interna
2683 2466 2810 2523 ergo
2831 2451 3085 2525 quamvis
3104 2453 3335 2510 minima
3351 2461 3405 2512 et
3419 2461 3666 2512 extrema

2071 2537 2623 2607 videantur,fortibus
2632 2547 2814 2598 tamen
2826 2540 3276 2614 praedicatoribus
3285 2559 3501 2600 summa
3512 2551 3661 2614 sunt,

2069 2627 2306 2683 inﬁrmis
2336 2643 2465 2684 vero
2493 2627 2836 2686 auditoribus
2865 2629 3214 2703 incapabilia.
3248 2630 3402 2688 Unde
3429 2640 3483 2688 et
3511 2649 3663 2706 prae-

2069 2716 2338 2774 dicatores
2367 2718 2563 2788 sancti,
2594 2734 2720 2776 cum
2749 2718 3028 2777 auditores
3056 2736 3184 2777 suos
3211 2719 3522 2778 divinitatis
3542 2733 3660 2780 ver:

2067 2805 2200 2862 bum
2229 2822 2420 2879 capere
2457 2823 2580 2864 non-
2598 2823 2754 2881 posse
2774 2809 3144 2882 conspiciunt,
3171 2810 3238 2866 ad
3267 2810 3384 2867 sola
3411 2811 3662 2869 incarna-

2069 2895 2236 2952 tionis
2265 2895 2556 2953 dominicze
2585 2897 2753 2954 verba
2785 2897 3141 2955 descendunt.
3194 2899 3349 2956 Unde
3376 2899 3515 2956 bene
3543 2900 3656 2969 hic,

2067 2983 2199 3040 dum
2228 2984 2511 3041 sublevata
2540 2985 2597 3040 in
2612 2985 2798 3043 arduis
2828 2987 3015 3060 aquila
3042 2989 3062 3023 ⁷
3095 2987 3255 3061 longe
3285 2987 3473 3045 videre
3501 2988 3654 3047 dici-

2067 3082 2176 3143 tur,
2209 3074 2362 3134 illico
2389 3075 2767 3132 subinfertur:

2486 3189 2713 3248 CAPUT
2741 3190 2837 3248 LII
2875 3189 3019 3265 [Rec.
3051 3191 3230 3268 XXI].

2133 3283 2303 3340 Vsus.
2335 3282 2422 3340 30.
2449 3314 2520 3326 -
2544 3283 2694 3340 Pulli
2718 3283 2828 3354 ejus
2861 3283 3097 3340 lambunt
3114 3285 3440 3358 sanguinem.

2135 3372 2256 3429 104.
2294 3373 2568 3430 Passionis
2613 3372 2813 3430 Christi
2852 3374 3188 3430 meditatione
3217 3375 3369 3448 pasci
3397 3375 3654 3433 debemus.

2059 3493 2130 3503 —
2157 3463 2236 3520 Ac
2279 3463 2325 3518 si
2354 3471 2535 3536 aperte
2565 3463 2872 3520 diceretur:
2917 3465 3039 3537 Ipsa
3081 3464 3304 3538 quidem
3342 3463 3658 3523 divinitatis

2058 3553 2520 3624 contemplatione
2549 3554 2811 3625 pascitur,
2841 3553 2935 3609 sed
2968 3555 3097 3627 quia
3123 3555 3400 3612 auditores
3429 3553 3546 3626 ejus
3575 3555 3656 3611 di-

2060 3640 2310 3697 vinitatis
2351 3643 2628 3714 percipere
2667 3657 2868 3699 arcana
2897 3658 3241 3717 nequaquam
3272 3652 3521 3716 possunt,
3552 3660 3656 3702 co-

2059 3728 2212 3800 gnito
2241 3730 2496 3787 cruciﬁxi
2521 3730 2748 3788 Domini
2777 3747 2972 3788 cruore
3000 3731 3288 3787 satiantur.
3320 3733 3653 3802 Sanguinem

2057 3836 2294 3892 namque
2323 3820 2564 3877 lambere
2589 3829 2670 3876 est
2699 3821 2970 3894 passionis
2994 3821 3295 3876 Dominicze
3316 3819 3536 3874 inﬁrma
3566 3837 3652 3877 ve-

2057 3909 2258 3965 nerari.
2280 3909 2421 3966 Hinc
2453 3916 2534 3966 est
2563 3909 2710 3983 quod
2738 3908 2884 3964 idem
2915 3909 3138 3975 Paulus,
3170 3908 3286 3982 qui,
3317 3909 3462 3965 sicut
3491 3909 3654 3981 paulo

2056 4010 2180 4059 ante
2203 4001 2321 4076 jam
2350 4001 2615 4072 diximus,
2647 4003 2717 4060 ad
2744 4001 2895 4058 tertii
2947 4002 3072 4060 οωιί
3113 4009 3320 4059 secreta
3345 4003 3650 4072 volaverat,

2056 4091 2344 4166 discipulis
2371 4093 2590 4150 dicebat
2613 4111 2624 4149 :
2655 4093 2777 4151 Non
2792 4093 2927 4148 enim
2938 4092 3180 4164 judicavi
3200 4110 3278 4148 me
3299 4092 3432 4148 scire
3445 4093 3654 4166 aliquid

2053 4181 2192 4238 inter
2219 4199 2331 4250 vos,
2372 4183 2478 4238 nisi
2531 4183 2804 4241 Christum
2839 4183 3036 4252 Iesum,
3076 4189 3124 4238 et
3159 4183 3295 4239 hunc
3338 4183 3653 4257 cruciﬁxum

2058 4273 2117 4344 (Ι
2143 4273 2268 4331 Cor.
2301 4290 2364 4342 ιι,
2398 4273 2477 4345 2).
2510 4275 2592 4331 Ac
2619 4273 2665 4330 si
2694 4280 2876 4344 aperte
2903 4271 3023 4330 haec
3052 4272 3236 4346 aquila
3263 4272 3501 4331 diceret:
3534 4273 3653 4348 Ego

2055 4364 2278 4437 quidem
2308 4379 2486 4420 escam
2518 4380 2694 4420 meam
2740 4363 3056 4421 divinitatis
3089 4363 3207 4438 ejus
3255 4366 3554 4438 potentiam
3584 4365 3652 4422 de

346 4453 725 4512 sublevantur.
759 4455 926 4523 Quasi
954 4453 1102 4510 enim
1133 4452 1426 4526 quamdam
1455 4449 1758 4508 fosditatem
1787 4450 1948 4522 Regis
1975 4464 2024 4523 1)
2056 4453 2214 4526 longe
2243 4452 2539 4526 prospicio,
2558 4451 2652 4508 sed
2673 4452 2831 4509 vobis
2856 4453 3039 4510 adhuc
3058 4455 3306 4527 parvulis
3322 4454 3651 4513 incarnatio-

347 4543 536 4600 videre
562 4552 644 4600 est
669 4545 842 4601 solam
865 4543 1123 4599 servilem
1153 4540 1388 4596 formam
1418 4539 1476 4595 in
1509 4553 1615 4611 qua
1642 4538 1710 4593 ab
1739 4537 1947 4612 iniquis

345 4631 635 4706 despectus
669 4641 750 4689 est
778 4646 1023 4690 cernere.
1057 4629 1164 4686 Sed
1200 4629 1268 4686 ab
1307 4628 1495 4686 electis
1540 4629 1596 4683 in
1625 4626 1818 4684 decore
1849 4645 1947 4684 suo

345 4722 465 4777 Rex
499 4721 763 4789 cernitur,
789 4721 920 4794 quia
944 4721 1093 4778 ultra
1118 4719 1440 4791 semetipsos
1468 4718 1630 4790 rapti,
1649 4717 1708 4772 in
1732 4717 1846 4788 ipso
1865 4716 1946 4772 di-

346 4809 604 4866 vinitatis
631 4809 845 4883 fulgore
866 4810 1056 4867 oculos
1085 4807 1267 4866 cordis
1295 4806 1491 4880 ﬁgunt.
1521 4808 1594 4864 Et
1614 4805 1742 4881 quia
1771 4821 1946 4880 quan-

344 4899 445 4956 diu
475 4900 534 4956 in
565 4899 669 4958 hac
699 4901 812 4957 vita
842 4907 993 4970 sunt,
1024 4899 1178 4957 illam
1200 4899 1510 4956 viventium
1539 4898 1772 4972 patriam
1805 4897 1948 4955 sicut

345 4996 450 5058 est,
491 4989 678 5046 videre
727 5005 839 5045 non
869 4996 1118 5062 possunt,
1151 4996 1296 5046 recte
1343 4987 1694 5062 adjungitur:
1726 4988 1950 5045 Ger-nent

347 5085 549 5136 terram
570 5080 632 5134 de
664 5081 809 5152 longe
827 5079 1020 5152 (Ibid.,
1041 5079 1153 5152 17).
1177 5077 1332 5147 Quod
1349 5095 1475 5151 ergo
1504 5077 1596 5134 hic
1614 5077 1722 5134 ait:
1755 5079 1947 5134 Eleva-

347 5167 495 5224 bitur
520 5170 731 5242 aquila,
760 5176 808 5225 et
834 5169 890 5225 in
927 5169 1116 5224 arduis
1139 5174 1299 5241 ponet
1325 5169 1507 5223 nidum
1536 5167 1658 5236 sibi,
1688 5166 1794 5224 hoc
1822 5166 1938 5225 illic

421 5408 434 5439 ¹
473 5404 733 5475 Vindoc.,
779 5405 965 5462 Germ.
1015 5419 1079 5460 ac
1125 5403 1259 5476 pler.
1309 5401 1522 5470 Norm.,
1562 5400 1940 5475 propinquius.

346 5476 549 5550 Laud,
579 5479 651 5533 ad
677 5478 1063 5550 propinquum.
1117 5547 1166 5550 __
1202 5546 1216 5550 _
1283 5545 1332 5550 _,
1482 5545 1516 5550 __
1691 5504 1700 5509 '

421 5550 442 5584 ²
472 5545 696 5616 ΡιαῐθΙᾷ
727 5545 1084 5620 corruptibili.
1117 5546 1241 5603 Val.
1273 5545 1381 5614 (31.,
1413 5545 1580 5619 caligo
1607 5551 1805 5603 nostra:
1829 5563 1943 5603 cor-

348 5621 615 5692 ruptionis
645 5621 978 5677 obscuratur.

418 5689 649 5763 iEditi,
697 5693 826 5763 quia
873 5709 976 5747 uno
1021 5690 1234 5763 spiritu.
1285 5689 1517 5747 Plurimi
1547 5689 1711 5747 etiam
1739 5691 1945 5750 Excusi

347 5762 553 5823 habent
584 5762 859 5838 indagare,
889 5780 987 5838 pro
1018 5762 1268 5820 indicare.

2056 4543 2142 4599 nis
2171 4543 2290 4616 ejus
2328 4541 2710 4598 tantummodo
2738 4542 3090 4600 lambendum
3122 4546 3441 4618 sanguinem
3471 4545 3648 4602 trado.

2054 4632 2191 4689 Nam
2221 4630 2316 4706 qui
2346 4647 2444 4706 per
2486 4630 2930 4703 praedicationem
2961 4649 3116 4690 suam
3145 4635 3314 4692 tacita
3341 4633 3652 4692 divinitatis

2055 4721 2406 4791 celsitudine,
2437 4721 2688 4778 inﬁrmos
2717 4721 2995 4780 auditores
3021 4723 3090 4780 de
3117 4723 3236 4779 solo
3257 4737 3450 4780 cruore
3470 4719 3651 4776 crucis

2056 4812 2266 4882 edocet,
2297 4811 2432 4887 quid
2459 4811 2611 4869 aliud
2641 4827 2805 4886 quam
2844 4813 3165 4886 sanguinem
3195 4811 3361 4883 pullis
3389 4807 3592 4881 prabet
3621 4809 3651 4866 Τ

2055 4901 2197 4970 Quia
2219 4919 2350 4960 vero
2379 4901 2813 4977 uniuscujusque
2841 4902 3017 4960 sancti
3061 4899 3430 4974 praedicatoris
3464 4897 3651 4957 anima

2056 4992 2410 5062 corruptione
2437 4991 2619 5048 carnis
2648 5000 2813 5047 exuta
2841 4992 2909 5047 ad
2953 5007 3079 5047 eum
3109 5005 3240 5045 mox
3277 4988 3517 5056 ducitur,
3551 4988 3648 5061 qui

2061 5095 2160 5151 pro
2189 5079 2349 5134 nobis
2373 5087 2566 5150 sponte
2596 5095 2694 5135 sua
2721 5080 2777 5134 in
2808 5087 3040 5134 mortem
3057 5077 3278 5145 occidit,
3294 5085 3346 5134 et
3375 5077 3441 5134 de
3469 5085 3648 5135 morte

2048 5167 2310 5236 surrexit,
2340 5175 2464 5241 apte
2493 5168 2558 5225 de
2589 5167 2692 5225 hac
2718 5169 2904 5242 aquila
2931 5167 3222 5224 subditur:

2124 5403 2146 5439 ‘
2175 5399 2374 5466 Laud.,
2393 5403 2759 5472 monumenta,
2791 5395 2939 5472 quod
2985 5414 3126 5470 saepe
3155 5398 3448 5472 repetitum
3491 5396 3647 5458 infe-

2053 5475 2187 5532 rius.
2220 5475 2302 5529 Ita
2332 5469 2497 5527 etiam
2528 5469 2586 5525 in
2619 5469 2779 5525 Germ
2791 5469 2823 5525 .“
2835 5477 2960 5527 ante
2988 5469 3447 5528 emendationem.

2125 5548 2146 5581 δ
2172 5544 2370 5612 Laud.,
2402 5541 2459 5595 in
2487 5542 2702 5597 excelsis
2731 5542 2970 5612 rupibus.

2127 5620 2148 5654 δ
2172 5587 2457 5682 Wfﬁn:
2473 5587 2892 5686 ἇῇῥῖηἷιὶἑηὶιῗὲἐὲ.

2129 5693 2148 5726 ⁷
2182 5687 2443 5756 Vindoc.,
2473 5685 2528 5744 et
2555 5687 2752 5744 Pratel.
2785 5694 2839 5742 et
2866 5685 2942 5760 pl.
2966 5687 3178 5757 Norm.,
3213 5686 3273 5744 de
3299 5687 3464 5758 longe.
