  <div class='ocr_page' id='page_1' title='image "/cluster/home/n/w/nwhite01/storage/ocr_20150623/76/hvd.32044052772456/323.png"; bbox 0 0 4156 6178; ppageno 0'>
   <div class='ocr_carea' id='block_1_1' title="bbox 543 235 1269 312">
    <p class='ocr_par' dir='ltr' id='par_1_1' title="bbox 543 235 1269 312">
     <span class='ocr_line' id='line_1_1' title="bbox 543 235 1269 312; baseline 0.006 -17"><span class='ocrx_word' id='word_1_1' title='bbox 543 235 643 297; x_wconf 81' lang='grc'><strong><em>631</em></strong></span> <span class='ocrx_word' id='word_1_2' title='bbox 1265 309 1269 312; x_wconf 25' lang='grc' dir='ltr'>ι</span> 
     </span>
    </p>
   </div>
   <div class='ocr_carea' id='block_1_2' title="bbox 1133 360 1537 420">
    <p class='ocr_par' dir='ltr' id='par_1_2' title="bbox 1133 360 1537 420">
     <span class='ocr_line' id='line_1_2' title="bbox 1133 360 1537 420; baseline -0.002 -1"><span class='ocrx_word' id='word_1_3' title='bbox 1133 360 1361 419; x_wconf 85' lang='lat' dir='ltr'><strong><em>CAPUT</em></strong></span> <span class='ocrx_word' id='word_1_4' title='bbox 1399 364 1537 420; x_wconf 87' lang='lat' dir='ltr'><strong><em>LIII.</em></strong></span> 
     </span>
    </p>
   </div>
   <div class='ocr_carea' id='block_1_3' title="bbox 611 503 2139 580">
    <p class='ocr_par' dir='ltr' id='par_1_3' title="bbox 611 503 2139 580">
     <span class='ocr_line' id='line_1_3' title="bbox 611 503 2139 580; baseline 0.008 -23"><span class='ocrx_word' id='word_1_5' title='bbox 611 503 749 558; x_wconf 75' lang='lat' dir='ltr'><strong><em>Iun).</em></strong></span> <span class='ocrx_word' id='word_1_6' title='bbox 780 531 852 544; x_wconf 93' lang='lat'><strong><em>-—</em></strong></span> <span class='ocrx_word' id='word_1_7' title='bbox 879 505 958 561; x_wconf 87' lang='lat' dir='ltr'><strong><em>Et</em></strong></span> <span class='ocrx_word' id='word_1_8' title='bbox 987 503 1277 578; x_wconf 82' lang='lat' dir='ltr'><strong><em>ubicunque</em></strong></span> <span class='ocrx_word' id='word_1_9' title='bbox 1305 509 1530 564; x_wconf 80' lang='lat' dir='ltr'><strong><em>cadaver</em></strong></span> <span class='ocrx_word' id='word_1_10' title='bbox 1562 508 1748 580; x_wconf 83' lang='lat' dir='ltr'><strong><em>fuerit,</em></strong></span> <span class='ocrx_word' id='word_1_11' title='bbox 1779 511 1956 568; x_wconf 77' lang='lat' dir='ltr'><strong><em>statim</em></strong></span> <span class='ocrx_word' id='word_1_12' title='bbox 1974 513 2139 570; x_wconf 88' lang='lat' dir='ltr'><strong><em>adest.</em></strong></span> 
     </span>
    </p>
   </div>
   <div class='ocr_carea' id='block_1_4' title="bbox 614 616 2137 698">
    <p class='ocr_par' dir='ltr' id='par_1_4' title="bbox 614 616 2137 698">
     <span class='ocr_line' id='line_1_4' title="bbox 614 616 2137 698; baseline 0.008 -26"><span class='ocrx_word' id='word_1_13' title='bbox 614 616 735 673; x_wconf 81' lang='grc'><strong>105.</strong></span> <span class='ocrx_word' id='word_1_14' title='bbox 773 617 1018 675; x_wconf 74' lang='lat' dir='ltr'><strong><em>Christus</em></strong></span> <span class='ocrx_word' id='word_1_15' title='bbox 1037 621 1094 676; x_wconf 91' lang='lat' dir='ltr'><strong><em>in</em></strong></span> <span class='ocrx_word' id='word_1_16' title='bbox 1119 623 1260 678; x_wconf 79' lang='lat' dir='ltr'><strong><em>caelis</em></strong></span> <span class='ocrx_word' id='word_1_17' title='bbox 1287 641 1512 695; x_wconf 80' lang='lat' dir='ltr'><strong><em>regnans</em></strong></span> <span class='ocrx_word' id='word_1_18' title='bbox 1537 625 1717 682; x_wconf 85' lang='lat' dir='ltr'><strong><em>electos</em></strong></span> <span class='ocrx_word' id='word_1_19' title='bbox 1743 625 1816 682; x_wconf 88' lang='lat' dir='ltr'><strong><em>ad</em></strong></span> <span class='ocrx_word' id='word_1_20' title='bbox 1842 643 1894 684; x_wconf 89' lang='lat' dir='ltr'><strong><em>se</em></strong></span> <span class='ocrx_word' id='word_1_21' title='bbox 1921 626 2137 698; x_wconf 77' lang='lat' dir='ltr'><strong><em>colligit.</em></strong></span> 
     </span>
    </p>
   </div>
   <div class='ocr_carea' id='block_1_5' title="bbox 540 703 2140 783">
    <p class='ocr_par' dir='ltr' id='par_1_5' title="bbox 540 703 2140 783">
     <span class='ocr_line' id='line_1_5' title="bbox 540 703 2140 783; baseline 0.006 -22"><span class='ocrx_word' id='word_1_22' title='bbox 540 733 610 746; x_wconf 96' lang='lat'><strong><em>—</em></strong></span> <span class='ocrx_word' id='word_1_23' title='bbox 638 703 884 763; x_wconf 83' lang='lat' dir='ltr'><strong><em>Cadaver</em></strong></span> <span class='ocrx_word' id='word_1_24' title='bbox 915 710 1116 783; x_wconf 87' lang='lat' dir='ltr'><strong><em>quippe</em></strong></span> <span class='ocrx_word' id='word_1_25' title='bbox 1147 728 1179 767; x_wconf 91' lang='lat' dir='ltr'><strong><em>a</em></strong></span> <span class='ocrx_word' id='word_1_26' title='bbox 1206 727 1335 768; x_wconf 89' lang='lat' dir='ltr'><strong><em>casu</em></strong></span> <span class='ocrx_word' id='word_1_27' title='bbox 1364 712 1588 768; x_wconf 90' lang='lat' dir='ltr'><strong><em>dicitur.</em></strong></span> <span class='ocrx_word' id='word_1_28' title='bbox 1620 715 1692 769; x_wconf 90' lang='lat' dir='ltr'><strong><em>Et</em></strong></span> <span class='ocrx_word' id='word_1_29' title='bbox 1720 729 1832 770; x_wconf 93' lang='lat' dir='ltr'><strong><em>non</em></strong></span> <span class='ocrx_word' id='word_1_30' title='bbox 1863 715 2140 772; x_wconf 89' lang='lat' dir='ltr'><strong><em>immerito</em></strong></span> 
     </span>
    </p>
   </div>
   <div class='ocr_carea' id='block_1_6' title="bbox 476 799 2142 872">
    <p class='ocr_par' dir='ltr' id='par_1_6' title="bbox 476 799 2142 872">
     <span class='ocr_line' id='line_1_6' title="bbox 476 799 2142 872; baseline 0.005 -18"><span class='ocrx_word' id='word_1_31' title='bbox 476 859 488 872; x_wconf 57' lang='grc'><em>,</em></span> <span class='ocrx_word' id='word_1_32' title='bbox 547 799 740 856; x_wconf 83' lang='lat'><strong>1044</strong></span> <span class='ocrx_word' id='word_1_33' title='bbox 757 812 956 870; x_wconf 89' lang='lat' dir='ltr'><strong><em>corpus</em></strong></span> <span class='ocrx_word' id='word_1_34' title='bbox 975 800 1197 855; x_wconf 90' lang='lat' dir='ltr'><strong><em>Domini</em></strong></span> <span class='ocrx_word' id='word_1_35' title='bbox 1235 809 1455 872; x_wconf 84' lang='lat' dir='ltr'><strong><em>propter</em></strong></span> <span class='ocrx_word' id='word_1_36' title='bbox 1487 818 1669 858; x_wconf 89' lang='lat' dir='ltr'><strong><em>casum</em></strong></span> <span class='ocrx_word' id='word_1_37' title='bbox 1694 803 1888 860; x_wconf 90' lang='lat' dir='ltr'><strong><em>mortis</em></strong></span> <span class='ocrx_word' id='word_1_38' title='bbox 1909 805 2142 862; x_wconf 79' lang='lat' dir='ltr'><strong><em>cadaver</em></strong></span> 
     </span>
    </p>
   </div>
   <div class='ocr_carea' id='block_1_7' title="bbox 542 892 2141 974">
    <p class='ocr_par' dir='ltr' id='par_1_7' title="bbox 542 892 2141 974">
     <span class='ocr_line' id='line_1_7' title="bbox 542 892 2141 974; baseline 0.006 -26"><span class='ocrx_word' id='word_1_39' title='bbox 542 900 792 948; x_wconf 83' lang='lat' dir='ltr'><strong><em>vocatur.</em></strong></span> <span class='ocrx_word' id='word_1_40' title='bbox 826 892 968 966; x_wconf 67' lang='lat' dir='ltr'><strong><em>[Rea</em></strong></span> <span class='ocrx_word' id='word_1_41' title='bbox 995 895 1203 970; x_wconf 85' lang='lat' dir='ltr'><strong><em>XXII.]</em></strong></span> <span class='ocrx_word' id='word_1_42' title='bbox 1227 896 1385 964; x_wconf 89' lang='lat' dir='ltr'><strong><em>Quod</em></strong></span> <span class='ocrx_word' id='word_1_43' title='bbox 1416 905 1595 954; x_wconf 90' lang='lat' dir='ltr'><strong><em>autem</em></strong></span> <span class='ocrx_word' id='word_1_44' title='bbox 1630 898 1724 956; x_wconf 93' lang='lat' dir='ltr'><strong><em>hic</em></strong></span> <span class='ocrx_word' id='word_1_45' title='bbox 1744 899 1811 954; x_wconf 92' lang='lat' dir='ltr'><strong><em>de</em></strong></span> <span class='ocrx_word' id='word_1_46' title='bbox 1841 900 1943 957; x_wconf 91' lang='lat' dir='ltr'><strong><em>hac</em></strong></span> <span class='ocrx_word' id='word_1_47' title='bbox 1957 901 2141 974; x_wconf 89' lang='lat' dir='ltr'><strong><em>aquila</em></strong></span> 
     </span>
    </p>
   </div>
   <div class='ocr_carea' id='block_1_8' title="bbox 541 981 2142 1058">
    <p class='ocr_par' dir='ltr' id='par_1_8' title="bbox 541 981 2142 1058">
     <span class='ocr_line' id='line_1_8' title="bbox 541 981 2142 1058; baseline 0.006 -20"><span class='ocrx_word' id='word_1_48' title='bbox 541 981 779 1038; x_wconf 90' lang='lat' dir='ltr'><strong><em>dicitur:</em></strong></span> <span class='ocrx_word' id='word_1_49' title='bbox 823 983 1128 1055; x_wconf 80' lang='lat' dir='ltr'><strong><em>Ubicunque</em></strong></span> <span class='ocrx_word' id='word_1_50' title='bbox 1155 987 1382 1040; x_wconf 81' lang='lat' dir='ltr'><strong><em>cadaver</em></strong></span> <span class='ocrx_word' id='word_1_51' title='bbox 1407 986 1594 1056; x_wconf 83' lang='lat' dir='ltr'><strong><em>fuerit,</em></strong></span> <span class='ocrx_word' id='word_1_52' title='bbox 1625 988 1802 1044; x_wconf 88' lang='lat' dir='ltr'><strong><em>statim</em></strong></span> <span class='ocrx_word' id='word_1_53' title='bbox 1830 990 1998 1058; x_wconf 84' lang='lat' dir='ltr'><strong><em>adest,</em></strong></span> <span class='ocrx_word' id='word_1_54' title='bbox 2036 990 2142 1047; x_wconf 85' lang='lat' dir='ltr'><strong><em>hoc</em></strong></span> 
     </span>
    </p>
   </div>
   <div class='ocr_carea' id='block_1_9' title="bbox 541 1069 2136 1151">
    <p class='ocr_par' dir='ltr' id='par_1_9' title="bbox 541 1069 2136 1151">
     <span class='ocr_line' id='line_1_9' title="bbox 541 1069 2136 1151; baseline 0.006 -25"><span class='ocrx_word' id='word_1_55' title='bbox 541 1069 609 1126; x_wconf 92' lang='lat' dir='ltr'><strong><em>de</em></strong></span> <span class='ocrx_word' id='word_1_56' title='bbox 649 1070 1057 1142; x_wconf 82' lang='lat' dir='ltr'><strong><em>egredientibus</em></strong></span> <span class='ocrx_word' id='word_1_57' title='bbox 1103 1074 1396 1130; x_wconf 87' lang='lat' dir='ltr'><strong><em>animabus</em></strong></span> <span class='ocrx_word' id='word_1_58' title='bbox 1426 1075 1546 1132; x_wconf 88' lang='lat' dir='ltr'><strong><em>ﬁeri</em></strong></span> <span class='ocrx_word' id='word_1_59' title='bbox 1575 1078 1792 1135; x_wconf 84' lang='lat' dir='ltr'><strong><em>Veritas</em></strong></span> <span class='ocrx_word' id='word_1_60' title='bbox 1821 1078 2136 1151; x_wconf 87' lang='lat' dir='ltr'><strong><em>spopondit,</em></strong></span> 
     </span>
    </p>
   </div>
   <div class='ocr_carea' id='block_1_10' title="bbox 541 1158 2136 1240">
    <p class='ocr_par' dir='ltr' id='par_1_10' title="bbox 541 1158 2136 1240">
     <span class='ocr_line' id='line_1_10' title="bbox 541 1158 2136 1240; baseline 0.006 -26"><span class='ocrx_word' id='word_1_61' title='bbox 541 1158 733 1216; x_wconf 88' lang='lat' dir='ltr'><strong><em>dicens</em></strong></span> <span class='ocrx_word' id='word_1_62' title='bbox 760 1161 982 1229; x_wconf 80' lang='lat' dir='ltr'><strong><em>(Matth.</em></strong></span> <span class='ocrx_word' id='word_1_63' title='bbox 1018 1178 1178 1229; x_wconf 74' lang='lat' dir='ltr'><strong><em>xxrv,</em></strong></span> <span class='ocrx_word' id='word_1_64' title='bbox 1221 1163 1347 1235; x_wconf 84' lang='lat'><strong><em>28):</em></strong></span> <span class='ocrx_word' id='word_1_65' title='bbox 1389 1165 1690 1237; x_wconf 75' lang='lat' dir='ltr'><strong><em>Ubicunque</em></strong></span> <span class='ocrx_word' id='word_1_66' title='bbox 1715 1167 1882 1237; x_wconf 84' lang='lat' dir='ltr'><strong><em>fuerit</em></strong></span> <span class='ocrx_word' id='word_1_67' title='bbox 1927 1185 2136 1240; x_wconf 85' lang='lat' dir='ltr'><strong><em>corpus,</em></strong></span> 
     </span>
    </p>
   </div>
   <div class='ocr_carea' id='block_1_11' title="bbox 538 1248 2136 1330">
    <p class='ocr_par' dir='ltr' id='par_1_11' title="bbox 538 1248 2136 1330">
     <span class='ocr_line' id='line_1_11' title="bbox 538 1248 2136 1330; baseline 0.009 -28"><span class='ocrx_word' id='word_1_68' title='bbox 538 1248 653 1302; x_wconf 83' lang='lat' dir='ltr'><strong><em>illic</em></strong></span> <span class='ocrx_word' id='word_1_69' title='bbox 693 1250 1146 1321; x_wconf 79' lang='lat' dir='ltr'><strong><em>congregabantur</em></strong></span> <span class='ocrx_word' id='word_1_70' title='bbox 1186 1257 1234 1306; x_wconf 91' lang='lat' dir='ltr'><strong><em>et</em></strong></span> <span class='ocrx_word' id='word_1_71' title='bbox 1265 1253 1478 1323; x_wconf 64' lang='lat' dir='ltr'><strong><em>aquilae.</em></strong></span> <span class='ocrx_word' id='word_1_72' title='bbox 1526 1256 1608 1310; x_wconf 82' lang='lat' dir='ltr'><strong><em>Ac</em></strong></span> <span class='ocrx_word' id='word_1_73' title='bbox 1653 1255 1698 1312; x_wconf 90' lang='lat' dir='ltr'><strong><em>si</em></strong></span> <span class='ocrx_word' id='word_1_74' title='bbox 1743 1265 1925 1330; x_wconf 90' lang='lat' dir='ltr'><strong><em>aperte</em></strong></span> <span class='ocrx_word' id='word_1_75' title='bbox 1953 1259 2136 1316; x_wconf 80' lang='lat' dir='ltr'><strong><em>dicat:</em></strong></span> 
     </span>
    </p>
   </div>
   <div class='ocr_carea' id='block_1_12' title="bbox 539 1338 2140 1422">
    <p class='ocr_par' dir='ltr' id='par_1_12' title="bbox 539 1338 2140 1422">
     <span class='ocr_line' id='line_1_12' title="bbox 539 1338 2140 1422; baseline 0.009 -30"><span class='ocrx_word' id='word_1_76' title='bbox 539 1338 644 1405; x_wconf 90' lang='lat' dir='ltr'><strong><em>Qui</em></strong></span> <span class='ocrx_word' id='word_1_77' title='bbox 675 1340 883 1396; x_wconf 64' lang='lat' dir='ltr'><strong><em>caelesti</em></strong></span> <span class='ocrx_word' id='word_1_78' title='bbox 912 1340 1028 1398; x_wconf 89' lang='lat' dir='ltr'><strong><em>sedi</em></strong></span> <span class='ocrx_word' id='word_1_79' title='bbox 1061 1341 1379 1400; x_wconf 81' lang='lat' dir='ltr'><strong><em>incarnatus</em></strong></span> <span class='ocrx_word' id='word_1_80' title='bbox 1414 1345 1749 1418; x_wconf 80' lang='lat' dir='ltr'><strong><em>Redemptor</em></strong></span> <span class='ocrx_word' id='word_1_81' title='bbox 1778 1357 1961 1405; x_wconf 83' lang='lat' dir='ltr'><strong><em>vester</em></strong></span> <span class='ocrx_word' id='word_1_82' title='bbox 1991 1366 2140 1422; x_wconf 83' lang='lat' dir='ltr'><strong><em>prae-</em></strong></span> 
     </span>
    </p>
   </div>
   <div class='ocr_carea' id='block_1_13' title="bbox 540 1427 2136 1508">
    <p class='ocr_par' dir='ltr' id='par_1_13' title="bbox 540 1427 2136 1508">
     <span class='ocr_line' id='line_1_13' title="bbox 540 1427 2136 1508; baseline 0.008 -26"><span class='ocrx_word' id='word_1_83' title='bbox 540 1427 713 1497; x_wconf 89' lang='lat' dir='ltr'><strong><em>sideo,</em></strong></span> <span class='ocrx_word' id='word_1_84' title='bbox 732 1431 1032 1488; x_wconf 88' lang='lat' dir='ltr'><strong><em>electorum</em></strong></span> <span class='ocrx_word' id='word_1_85' title='bbox 1066 1449 1285 1505; x_wconf 91' lang='lat' dir='ltr'><strong><em>quoque</em></strong></span> <span class='ocrx_word' id='word_1_86' title='bbox 1313 1433 1526 1490; x_wconf 88' lang='lat' dir='ltr'><strong><em>animas</em></strong></span> <span class='ocrx_word' id='word_1_87' title='bbox 1553 1451 1680 1492; x_wconf 90' lang='lat' dir='ltr'><strong><em>cum</em></strong></span> <span class='ocrx_word' id='word_1_88' title='bbox 1711 1454 1872 1494; x_wconf 90' lang='lat' dir='ltr'><strong><em>carne</em></strong></span> <span class='ocrx_word' id='word_1_89' title='bbox 1902 1440 2136 1508; x_wconf 91' lang='lat' dir='ltr'><strong><em>solvero,</em></strong></span> 
     </span>
    </p>
   </div>
   <div class='ocr_carea' id='block_1_14' title="bbox 539 1517 1224 1580">
    <p class='ocr_par' dir='ltr' id='par_1_14' title="bbox 539 1517 1224 1580">
     <span class='ocr_line' id='line_1_14' title="bbox 539 1517 1224 1580; baseline 0.007 -5"><span class='ocrx_word' id='word_1_90' title='bbox 539 1517 609 1575; x_wconf 84' lang='lat' dir='ltr'><strong><em>ad</em></strong></span> <span class='ocrx_word' id='word_1_91' title='bbox 637 1519 880 1576; x_wconf 85' lang='lat' dir='ltr'><strong><em>coelestia</em></strong></span> <span class='ocrx_word' id='word_1_92' title='bbox 905 1521 1224 1580; x_wconf 89' lang='lat' dir='ltr'><strong><em>sublevabo.</em></strong></span> 
     </span>
    </p>
   </div>
   <div class='ocr_carea' id='block_1_15' title="bbox 613 1633 2141 1713">
    <p class='ocr_par' dir='ltr' id='par_1_15' title="bbox 613 1633 2141 1713">
     <span class='ocr_line' id='line_1_15' title="bbox 613 1633 2141 1713; baseline 0.006 -20"><span class='ocrx_word' id='word_1_93' title='bbox 613 1633 754 1707; x_wconf 83' lang='lat' dir='ltr'><strong><em>[Vet.</em></strong></span> <span class='ocrx_word' id='word_1_94' title='bbox 783 1637 938 1694; x_wconf 82' lang='lat' dir='ltr'><em>XXX</em></span> <span class='ocrx_word' id='word_1_95' title='bbox 945 1638 1092 1713; x_wconf 87' lang='lat' dir='ltr'><strong><em>VII.]</em></strong></span> <span class='ocrx_word' id='word_1_96' title='bbox 1135 1638 1258 1696; x_wconf 88' lang='grc'><strong>106.</strong></span> <span class='ocrx_word' id='word_1_97' title='bbox 1288 1640 1470 1698; x_wconf 85' lang='lat' dir='ltr'><strong><em>Omnis</em></strong></span> <span class='ocrx_word' id='word_1_98' title='bbox 1508 1647 1750 1713; x_wconf 81' lang='lat' dir='ltr'><strong><em>peccator</em></strong></span> <span class='ocrx_word' id='word_1_99' title='bbox 1778 1643 2042 1710; x_wconf 86' lang='lat' dir='ltr'><strong><em>cadaver;</em></strong></span> <span class='ocrx_word' id='word_1_100' title='bbox 2068 1646 2141 1702; x_wconf 87' lang='lat' dir='ltr'><strong><em>ad</em></strong></span> 
     </span>
    </p>
   </div>
   <div class='ocr_carea' id='block_1_16' title="bbox 1744 245 2632 309">
    <p class='ocr_par' dir='ltr' id='par_1_16' title="bbox 1744 245 2632 309">
     <span class='ocr_line' id='line_1_16' title="bbox 1744 245 2632 309; baseline 0.006 -8"><span class='ocrx_word' id='word_1_101' title='bbox 1744 245 1994 304; x_wconf 87' lang='lat' dir='ltr'><strong><em>SANCTI</em></strong></span> <span class='ocrx_word' id='word_1_102' title='bbox 2037 248 2373 308; x_wconf 83' lang='lat' dir='ltr'><strong><em>GBEGORII</em></strong></span> <span class='ocrx_word' id='word_1_103' title='bbox 2409 251 2632 309; x_wconf 83' lang='lat' dir='ltr'><strong><em>MAGNI</em></strong></span> 
     </span>
    </p>
   </div>
   <div class='ocr_carea' id='block_1_17' title="bbox 2173 374 3846 450">
    <p class='ocr_par' dir='ltr' id='par_1_17' title="bbox 2173 374 3846 450">
     <span class='ocr_line' id='line_1_17' title="bbox 2173 374 3846 450; baseline 0.014 -22"><span class='ocrx_word' id='word_1_104' title='bbox 2173 376 2224 435; x_wconf 85' lang='lat' dir='ltr'><strong>A</strong></span> <span class='ocrx_word' id='word_1_105' title='bbox 2253 374 2434 446; x_wconf 87' lang='lat' dir='ltr'><strong><em>puisse</em></strong></span> <span class='ocrx_word' id='word_1_106' title='bbox 2476 375 2826 449; x_wconf 82' lang='lat' dir='ltr'><strong><em>intelligitur,</em></strong></span> <span class='ocrx_word' id='word_1_107' title='bbox 2871 387 2926 437; x_wconf 90' lang='lat' dir='ltr'><strong><em>et</em></strong></span> <span class='ocrx_word' id='word_1_108' title='bbox 2954 380 3057 438; x_wconf 86' lang='lat' dir='ltr'><strong><em>sub</em></strong></span> <span class='ocrx_word' id='word_1_109' title='bbox 3098 381 3484 443; x_wconf 84' lang='lat' dir='ltr'><strong><em>admirationis</em></strong></span> <span class='ocrx_word' id='word_1_110' title='bbox 3529 393 3734 448; x_wconf 86' lang='lat' dir='ltr'><strong><em>terrore</em></strong></span> <span class='ocrx_word' id='word_1_111' title='bbox 3761 393 3846 450; x_wconf 87' lang='lat' dir='ltr'><strong><em>si-</em></strong></span> 
     </span>
    </p>
   </div>
   <div class='ocr_carea' id='block_1_18' title="bbox 3740 269 3844 327">
    <p class='ocr_par' dir='ltr' id='par_1_18' title="bbox 3740 269 3844 327">
     <span class='ocr_line' id='line_1_18' title="bbox 3740 269 3844 327; baseline 0.019 -2"><span class='ocrx_word' id='word_1_112' title='bbox 3740 269 3844 327; x_wconf 74' lang='lat'><strong>632</strong></span> 
     </span>
    </p>
   </div>
   <div class='ocr_carea' id='block_1_19' title="bbox 2252 463 2916 540">
    <p class='ocr_par' dir='ltr' id='par_1_19' title="bbox 2252 463 2916 540">
     <span class='ocr_line' id='line_1_19' title="bbox 2252 463 2916 540; baseline 0.009 -22"><span class='ocrx_word' id='word_1_113' title='bbox 2252 463 2437 520; x_wconf 88' lang='lat' dir='ltr'><strong><em>luisse.</em></strong></span> <span class='ocrx_word' id='word_1_114' title='bbox 2468 465 2605 522; x_wconf 84' lang='lat' dir='ltr'><strong><em>Nam</em></strong></span> <span class='ocrx_word' id='word_1_115' title='bbox 2635 466 2882 540; x_wconf 87' lang='lat' dir='ltr'><strong><em>sequitur</em></strong></span> <span class='ocrx_word' id='word_1_116' title='bbox 2905 486 2916 524; x_wconf 93' lang='lat'>:</span> 
     </span>
    </p>
   </div>
   <div class='ocr_carea' id='block_1_20' title="bbox 2633 554 3464 636">
    <p class='ocr_par' dir='ltr' id='par_1_20' title="bbox 2633 554 3464 636">
     <span class='ocr_line' id='line_1_20' title="bbox 2633 554 3464 636; baseline 0.008 -24"><span class='ocrx_word' id='word_1_117' title='bbox 2633 554 2859 613; x_wconf 81' lang='lat' dir='ltr'><strong><em>CAPUT</em></strong></span> <span class='ocrx_word' id='word_1_118' title='bbox 2888 558 3010 614; x_wconf 87' lang='lat' dir='ltr'><strong><em>LIV</em></strong></span> <span class='ocrx_word' id='word_1_119' title='bbox 3049 557 3192 633; x_wconf 65' lang='lat' dir='ltr'><strong><em>[Rea</em></strong></span> <span class='ocrx_word' id='word_1_120' title='bbox 3224 561 3464 636; x_wconf 80' lang='lat' dir='ltr'><strong><em>XXIII].</em></strong></span> 
     </span>
    </p>
   </div>
   <div class='ocr_carea' id='block_1_21' title="bbox 2322 642 3850 722">
    <p class='ocr_par' dir='ltr' id='par_1_21' title="bbox 2322 642 3850 722">
     <span class='ocr_line' id='line_1_21' title="bbox 2322 642 3850 722; baseline 0.012 -24"><span class='ocrx_word' id='word_1_121' title='bbox 2322 642 2490 700; x_wconf 72' lang='lat' dir='ltr'><strong><em>Vnus.</em></strong></span> <span class='ocrx_word' id='word_1_122' title='bbox 2519 642 2606 714; x_wconf 85' lang='grc'><strong>31,</strong></span> <span class='ocrx_word' id='word_1_123' title='bbox 2638 645 2726 703; x_wconf 83' lang='lat'><strong><em>32.</em></strong></span> <span class='ocrx_word' id='word_1_124' title='bbox 2759 677 2831 690; x_wconf 90' lang='lat'><strong><em>—-</em></strong></span> <span class='ocrx_word' id='word_1_125' title='bbox 2877 647 3091 718; x_wconf 83' lang='lat' dir='ltr'><strong><em>Adjecit</em></strong></span> <span class='ocrx_word' id='word_1_126' title='bbox 3119 651 3405 722; x_wconf 83' lang='lat' dir='ltr'><strong><em>Dominus,</em></strong></span> <span class='ocrx_word' id='word_1_127' title='bbox 3436 660 3485 709; x_wconf 89' lang='lat' dir='ltr'><strong><em>et</em></strong></span> <span class='ocrx_word' id='word_1_128' title='bbox 3529 657 3734 714; x_wconf 87' lang='lat' dir='ltr'><strong><em>locutus</em></strong></span> <span class='ocrx_word' id='word_1_129' title='bbox 3779 668 3850 717; x_wconf 89' lang='lat' dir='ltr'><strong><em>est</em></strong></span> 
     </span>
    </p>
   </div>
   <div class='ocr_carea' id='block_1_22' title="bbox 2250 731 3851 819">
    <p class='ocr_par' dir='ltr' id='par_1_22' title="bbox 2250 731 3851 819">
     <span class='ocr_line' id='line_1_22' title="bbox 2250 731 3851 819; baseline 0.012 -34"><span class='ocrx_word' id='word_1_130' title='bbox 2250 731 2322 786; x_wconf 84' lang='lat' dir='ltr'><strong><em>ad</em></strong></span> <span class='ocrx_word' id='word_1_131' title='bbox 2346 731 2478 788; x_wconf 83' lang='lat' dir='ltr'><strong><em>Job:</em></strong></span> <span class='ocrx_word' id='word_1_132' title='bbox 2529 733 2787 804; x_wconf 86' lang='lat' dir='ltr'><strong><em>Nunquid</em></strong></span> <span class='ocrx_word' id='word_1_133' title='bbox 2825 737 2918 806; x_wconf 88' lang='lat' dir='ltr'><strong><em>qui</em></strong></span> <span class='ocrx_word' id='word_1_134' title='bbox 2961 739 3224 793; x_wconf 82' lang='lat' dir='ltr'><strong><em>contendit</em></strong></span> <span class='ocrx_word' id='word_1_135' title='bbox 3268 757 3386 796; x_wconf 88' lang='lat' dir='ltr'><strong><em>cum</em></strong></span> <span class='ocrx_word' id='word_1_136' title='bbox 3418 743 3529 799; x_wconf 93' lang='lat' dir='ltr'><strong><em>Deo</em></strong></span> <span class='ocrx_word' id='word_1_137' title='bbox 3560 750 3670 801; x_wconf 83' lang='lat' dir='ltr'><strong><em>tam</em></strong></span> <span class='ocrx_word' id='word_1_138' title='bbox 3695 747 3851 819; x_wconf 81' lang='lat' dir='ltr'><strong><em>facile</em></strong></span> 
     </span>
    </p>
   </div>
   <div class='ocr_carea' id='block_1_23' title="bbox 2250 821 3848 910">
    <p class='ocr_par' dir='ltr' id='par_1_23' title="bbox 2250 821 3848 910">
     <span class='ocr_line' id='line_1_23' title="bbox 2250 821 3848 910; baseline 0.013 -36"><span class='ocrx_word' id='word_1_139' title='bbox 2250 821 2609 892; x_wconf 78' lang='lat' dir='ltr'><strong><em>conquiescit?</em></strong></span> <span class='ocrx_word' id='word_1_140' title='bbox 2647 823 2832 895; x_wconf 83' lang='lat' dir='ltr'><strong><em>Utique</em></strong></span> <span class='ocrx_word' id='word_1_141' title='bbox 2858 826 2952 898; x_wconf 87' lang='lat' dir='ltr'><strong><em>qui</em></strong></span> <span class='ocrx_word' id='word_1_142' title='bbox 2978 829 3162 900; x_wconf 85' lang='lat' dir='ltr'><strong><em>arguit</em></strong></span> <span class='ocrx_word' id='word_1_143' title='bbox 3191 829 3360 885; x_wconf 88' lang='lat' dir='ltr'><strong><em>Deum</em></strong></span> <span class='ocrx_word' id='word_1_144' title='bbox 3387 831 3531 889; x_wconf 82' lang='lat' dir='ltr'><strong><em>debet</em></strong></span> <span class='ocrx_word' id='word_1_145' title='bbox 3555 840 3604 890; x_wconf 89' lang='lat' dir='ltr'><strong><em>et</em></strong></span> <span class='ocrx_word' id='word_1_146' title='bbox 3631 853 3848 910; x_wconf 52' lang='lat' dir='ltr'><strong><em>respon.</em></strong></span> 
     </span>
    </p>
   </div>
   <div class='ocr_carea' id='block_1_24' title="bbox 2250 911 2502 967">
    <p class='ocr_par' dir='ltr' id='par_1_24' title="bbox 2250 911 2502 967">
     <span class='ocr_line' id='line_1_24' title="bbox 2250 911 2502 967; baseline -0.004 -1"><span class='ocrx_word' id='word_1_147' title='bbox 2250 911 2372 966; x_wconf 84' lang='lat' dir='ltr'><strong><em>dere</em></strong></span> <span class='ocrx_word' id='word_1_148' title='bbox 2399 911 2502 967; x_wconf 87' lang='lat' dir='ltr'><strong><em>illi.</em></strong></span> 
     </span>
    </p>
   </div>
   <div class='ocr_carea' id='block_1_25' title="bbox 2325 1001 3852 1082">
    <p class='ocr_par' dir='ltr' id='par_1_25' title="bbox 2325 1001 3852 1082">
     <span class='ocr_line' id='line_1_25' title="bbox 2325 1001 3852 1082; baseline 0.012 -26"><span class='ocrx_word' id='word_1_149' title='bbox 2325 1001 2445 1056; x_wconf 88' lang='grc'><strong><em>107.</em></strong></span> <span class='ocrx_word' id='word_1_150' title='bbox 2468 1001 2568 1057; x_wconf 90' lang='lat' dir='ltr'><strong><em>Pia</em></strong></span> <span class='ocrx_word' id='word_1_151' title='bbox 2600 1008 2648 1058; x_wconf 89' lang='lat' dir='ltr'><strong><em>et</em></strong></span> <span class='ocrx_word' id='word_1_152' title='bbox 2671 1003 2943 1060; x_wconf 85' lang='lat' dir='ltr'><strong><em>moderata</em></strong></span> <span class='ocrx_word' id='word_1_153' title='bbox 2970 1003 3069 1060; x_wconf 88' lang='lat' dir='ltr'><strong><em>Dei</em></strong></span> <span class='ocrx_word' id='word_1_154' title='bbox 3095 1006 3168 1061; x_wconf 90' lang='lat' dir='ltr'><strong><em>ad</em></strong></span> <span class='ocrx_word' id='word_1_155' title='bbox 3189 1007 3286 1063; x_wconf 82' lang='lat' dir='ltr'><strong><em>Job</em></strong></span> <span class='ocrx_word' id='word_1_156' title='bbox 3317 1008 3630 1082; x_wconf 80' lang='lat' dir='ltr'><strong><em>increpatio.</em></strong></span> <span class='ocrx_word' id='word_1_157' title='bbox 3661 1044 3733 1057; x_wconf 94' lang='lat'><strong><em>—</em></strong></span> <span class='ocrx_word' id='word_1_158' title='bbox 3752 1017 3852 1074; x_wconf 88' lang='lat' dir='ltr'><strong><em>Vir</em></strong></span> 
     </span>
    </p>
   </div>
   <div class='ocr_carea' id='block_1_26' title="bbox 2249 1091 3852 1169">
    <p class='ocr_par' dir='ltr' id='par_1_26' title="bbox 2249 1091 3852 1169">
     <span class='ocr_line' id='line_1_26' title="bbox 2249 1091 3852 1169; baseline 0.011 -25"><span class='ocrx_word' id='word_1_159' title='bbox 2249 1097 2468 1146; x_wconf 89' lang='lat' dir='ltr'><strong><em>sanctus</em></strong></span> <span class='ocrx_word' id='word_1_160' title='bbox 2496 1099 2649 1148; x_wconf 91' lang='lat' dir='ltr'><strong><em>tanta</em></strong></span> <span class='ocrx_word' id='word_1_161' title='bbox 2679 1091 2781 1149; x_wconf 90' lang='lat' dir='ltr'><strong><em>hac</em></strong></span> <span class='ocrx_word' id='word_1_162' title='bbox 2808 1092 3156 1151; x_wconf 86' lang='lat' dir='ltr'><strong><em>districtione</em></strong></span> <span class='ocrx_word' id='word_1_163' title='bbox 3183 1095 3384 1169; x_wconf 87' lang='lat' dir='ltr'><strong><em>ﬂagelli</em></strong></span> <span class='ocrx_word' id='word_1_164' title='bbox 3415 1116 3526 1157; x_wconf 91' lang='lat' dir='ltr'><strong><em>non</em></strong></span> <span class='ocrx_word' id='word_1_165' title='bbox 3556 1104 3852 1162; x_wconf 58' lang='lat' dir='ltr'><strong><em>aestimavit</em></strong></span> 
     </span>
    </p>
   </div>
   <div class='ocr_carea' id='block_1_27' title="bbox 2249 1179 3851 1265">
    <p class='ocr_par' dir='ltr' id='par_1_27' title="bbox 2249 1179 3851 1265">
     <span class='ocr_line' id='line_1_27' title="bbox 2249 1179 3851 1265; baseline 0.011 -31"><span class='ocrx_word' id='word_1_166' title='bbox 2249 1179 2433 1250; x_wconf 78' lang='lat' dir='ltr'><strong><em>augeri</em></strong></span> <span class='ocrx_word' id='word_1_167' title='bbox 2464 1179 2569 1238; x_wconf 90' lang='lat' dir='ltr'><strong><em>sibi</em></strong></span> <span class='ocrx_word' id='word_1_168' title='bbox 2599 1181 2815 1248; x_wconf 82' lang='lat' dir='ltr'><strong><em>merita,</em></strong></span> <span class='ocrx_word' id='word_1_169' title='bbox 2845 1181 2938 1238; x_wconf 89' lang='lat' dir='ltr'><strong><em>sed</em></strong></span> <span class='ocrx_word' id='word_1_170' title='bbox 2966 1181 3102 1238; x_wconf 87' lang='lat' dir='ltr'><strong><em>vitia</em></strong></span> <span class='ocrx_word' id='word_1_171' title='bbox 3128 1186 3380 1243; x_wconf 87' lang='lat' dir='ltr'><strong><em>resecari.</em></strong></span> <span class='ocrx_word' id='word_1_172' title='bbox 3413 1189 3546 1258; x_wconf 64' lang='lat' dir='ltr'><strong><em>Quae</em></strong></span> <span class='ocrx_word' id='word_1_173' title='bbox 3565 1192 3697 1265; x_wconf 86' lang='lat' dir='ltr'><strong><em>quia</em></strong></span> <span class='ocrx_word' id='word_1_174' title='bbox 3716 1193 3774 1250; x_wconf 91' lang='lat' dir='ltr'><strong><em>in</em></strong></span> <span class='ocrx_word' id='word_1_175' title='bbox 3795 1210 3851 1250; x_wconf 84' lang='lat' dir='ltr'><strong><em>se</em></strong></span> 
     </span>
    </p>
   </div>
   <div class='ocr_carea' id='block_1_28' title="bbox 2249 1267 3852 1349">
    <p class='ocr_par' dir='ltr' id='par_1_28' title="bbox 2249 1267 3852 1349">
     <span class='ocr_line' id='line_1_28' title="bbox 2249 1267 3852 1349; baseline 0.009 -26"><span class='ocrx_word' id='word_1_176' title='bbox 2249 1267 2402 1324; x_wconf 89' lang='lat' dir='ltr'><strong><em>nulla</em></strong></span> <span class='ocrx_word' id='word_1_177' title='bbox 2442 1269 2723 1342; x_wconf 82' lang='lat' dir='ltr'><strong><em>cognovit,</em></strong></span> <span class='ocrx_word' id='word_1_178' title='bbox 2769 1286 3088 1342; x_wconf 89' lang='lat' dir='ltr'><strong><em>percussum</em></strong></span> <span class='ocrx_word' id='word_1_179' title='bbox 3132 1271 3336 1343; x_wconf 87' lang='lat' dir='ltr'><strong><em>injuste</em></strong></span> <span class='ocrx_word' id='word_1_180' title='bbox 3383 1293 3439 1332; x_wconf 90' lang='lat' dir='ltr'><strong><em>se</em></strong></span> <span class='ocrx_word' id='word_1_181' title='bbox 3483 1279 3742 1349; x_wconf 89' lang='lat' dir='ltr'><strong><em>credidit,</em></strong></span> <span class='ocrx_word' id='word_1_182' title='bbox 3796 1290 3852 1338; x_wconf 90' lang='lat' dir='ltr'><strong><em>et</em></strong></span> 
     </span>
    </p>
   </div>
   <div class='ocr_carea' id='block_1_29' title="bbox 2249 1351 3850 1442">
    <p class='ocr_par' dir='ltr' id='par_1_29' title="bbox 2249 1351 3850 1442">
     <span class='ocr_line' id='line_1_29' title="bbox 2249 1351 3850 1442; baseline 0.011 -29"><span class='ocrx_word' id='word_1_183' title='bbox 2249 1360 2645 1431; x_wconf 88' lang='lat' dir='ltr'><strong><em>percutientem</em></strong></span> <span class='ocrx_word' id='word_1_184' title='bbox 2685 1378 2910 1433; x_wconf 90' lang='lat' dir='ltr'><strong><em>prorsus</em></strong></span> <span class='ocrx_word' id='word_1_185' title='bbox 2955 1378 3184 1436; x_wconf 84' lang='lat' dir='ltr'><strong><em>arguere</em></strong></span> <span class='ocrx_word' id='word_1_186' title='bbox 3237 1375 3318 1423; x_wconf 89' lang='lat' dir='ltr'><strong><em>est</em></strong></span> <span class='ocrx_word' id='word_1_187' title='bbox 3373 1369 3439 1425; x_wconf 90' lang='lat' dir='ltr'><strong><em>de</em></strong></span> <span class='ocrx_word' id='word_1_188' title='bbox 3495 1351 3850 1442; x_wconf 81' lang='lat' dir='ltr'><strong><em>percussione</em></strong></span> 
     </span>
    </p>
   </div>
   <div class='ocr_carea' id='block_1_30' title="bbox 2251 1449 3850 1533">
    <p class='ocr_par' dir='ltr' id='par_1_30' title="bbox 2251 1449 3850 1533">
     <span class='ocr_line' id='line_1_30' title="bbox 2251 1449 3850 1533; baseline 0.011 -32"><span class='ocrx_word' id='word_1_189' title='bbox 2251 1464 2614 1505; x_wconf 89' lang='lat' dir='ltr'><strong><em>murmurare.</em></strong></span> <span class='ocrx_word' id='word_1_190' title='bbox 2667 1449 3032 1508; x_wconf 87' lang='lat' dir='ltr'><strong><em>Considerans</em></strong></span> <span class='ocrx_word' id='word_1_191' title='bbox 3074 1459 3256 1509; x_wconf 89' lang='lat' dir='ltr'><strong><em>autem</em></strong></span> <span class='ocrx_word' id='word_1_192' title='bbox 3298 1456 3564 1515; x_wconf 90' lang='lat' dir='ltr'><strong><em>Dominus</em></strong></span> <span class='ocrx_word' id='word_1_193' title='bbox 3609 1461 3755 1533; x_wconf 88' lang='lat' dir='ltr'><strong><em>quod</em></strong></span> <span class='ocrx_word' id='word_1_194' title='bbox 3786 1479 3850 1518; x_wconf 86' lang='lat' dir='ltr'><strong><em>ea</em></strong></span> 
     </span>
    </p>
   </div>
   <div class='ocr_carea' id='block_1_31' title="bbox 2249 1537 3848 1622">
    <p class='ocr_par' dir='ltr' id='par_1_31' title="bbox 2249 1537 3848 1622">
     <span class='ocr_line' id='line_1_31' title="bbox 2249 1537 3848 1622; baseline 0.01 -32"><span class='ocrx_word' id='word_1_195' title='bbox 2249 1553 2370 1609; x_wconf 74' lang='lat' dir='ltr'><strong><em>quae</em></strong></span> <span class='ocrx_word' id='word_1_196' title='bbox 2399 1537 2632 1609; x_wconf 90' lang='lat' dir='ltr'><strong><em>protulit</em></strong></span> <span class='ocrx_word' id='word_1_197' title='bbox 2661 1555 2772 1595; x_wconf 91' lang='lat' dir='ltr'><strong><em>non</em></strong></span> <span class='ocrx_word' id='word_1_198' title='bbox 2802 1556 2870 1595; x_wconf 83' lang='lat' dir='ltr'><strong><em>ex</em></strong></span> <span class='ocrx_word' id='word_1_199' title='bbox 2897 1547 3113 1598; x_wconf 88' lang='lat' dir='ltr'><strong><em>tumore</em></strong></span> <span class='ocrx_word' id='word_1_200' title='bbox 3143 1544 3435 1614; x_wconf 67' lang='lat' dir='ltr'><strong><em>superbiae,</em></strong></span> <span class='ocrx_word' id='word_1_201' title='bbox 3455 1546 3550 1602; x_wconf 90' lang='lat' dir='ltr'><strong><em>sed</em></strong></span> <span class='ocrx_word' id='word_1_202' title='bbox 3576 1564 3645 1604; x_wconf 81' lang='lat' dir='ltr'><strong><em>ex</em></strong></span> <span class='ocrx_word' id='word_1_203' title='bbox 3673 1550 3848 1622; x_wconf 89' lang='lat' dir='ltr'><strong><em>quali-</em></strong></span> 
     </span>
    </p>
   </div>
   <div class='ocr_carea' id='block_1_32' title="bbox 2247 1628 3850 1706">
    <p class='ocr_par' dir='ltr' id='par_1_32' title="bbox 2247 1628 3850 1706">
     <span class='ocr_line' id='line_1_32' title="bbox 2247 1628 3850 1706; baseline 0.006 -24"><span class='ocrx_word' id='word_1_204' title='bbox 2247 1633 2358 1683; x_wconf 86' lang='lat' dir='ltr'><strong><em>tate</em></strong></span> <span class='ocrx_word' id='word_1_205' title='bbox 2387 1628 2682 1699; x_wconf 87' lang='lat' dir='ltr'><strong><em>collegerat</em></strong></span> <span class='ocrx_word' id='word_1_206' title='bbox 2708 1629 2858 1698; x_wconf 75' lang='lat' dir='ltr'><strong><em>vitae,</em></strong></span> <span class='ocrx_word' id='word_1_207' title='bbox 2880 1629 2968 1702; x_wconf 90' lang='lat' dir='ltr'><strong><em>pie</em></strong></span> <span class='ocrx_word' id='word_1_208' title='bbox 3000 1631 3159 1688; x_wconf 89' lang='lat' dir='ltr'><strong><em>illum</em></strong></span> <span class='ocrx_word' id='word_1_209' title='bbox 3182 1631 3437 1706; x_wconf 89' lang='lat' dir='ltr'><strong><em>increpat</em></strong></span> <span class='ocrx_word' id='word_1_210' title='bbox 3457 1636 3676 1694; x_wconf 89' lang='lat' dir='ltr'><strong><em>dicens:</em></strong></span> <span class='ocrx_word' id='word_1_211' title='bbox 3703 1639 3850 1694; x_wconf 90' lang='lat' dir='ltr'><strong><em>Nun-</em></strong></span> 
     </span>
    </p>
   </div>
   <div class='ocr_carea' id='block_1_33' title="bbox 538 1717 2145 1808">
    <p class='ocr_par' dir='ltr' id='par_1_33' title="bbox 538 1728 2144 1808">
     <span class='ocr_line' id='line_1_33' title="bbox 538 1728 2144 1808; baseline 0.008 -27"><span class='ocrx_word' id='word_1_212' title='bbox 538 1728 682 1797; x_wconf 88' lang='lat' dir='ltr'><strong><em>quod</em></strong></span> <span class='ocrx_word' id='word_1_213' title='bbox 708 1729 964 1784; x_wconf 83' lang='lat' dir='ltr'><strong><em>advolant</em></strong></span> <span class='ocrx_word' id='word_1_214' title='bbox 981 1731 1197 1802; x_wconf 77' lang='lat' dir='ltr'><strong><em>aquilae,</em></strong></span> <span class='ocrx_word' id='word_1_215' title='bbox 1219 1733 1302 1804; x_wconf 87' lang='lat' dir='ltr'><strong><em>pii</em></strong></span> <span class='ocrx_word' id='word_1_216' title='bbox 1329 1733 1563 1790; x_wconf 85' lang='lat' dir='ltr'><strong><em>videlicet</em></strong></span> <span class='ocrx_word' id='word_1_217' title='bbox 1574 1734 1953 1806; x_wconf 64' lang='lat' dir='ltr'><strong><em>praedicatores</em></strong></span> <span class='ocrx_word' id='word_1_218' title='bbox 1965 1755 2144 1808; x_wconf 87' lang='lat' dir='ltr'><strong><em>pecca-</em></strong></span> 
     </span>
    </p>
   </div>
   <div class='ocr_carea' id='block_1_34' title="bbox 2252 1717 3852 1808">
    <p class='ocr_par' dir='ltr' id='par_1_34' title="bbox 2252 1717 3852 1798">
     <span class='ocr_line' id='line_1_34' title="bbox 2252 1717 3852 1798; baseline 0.009 -29"><span class='ocrx_word' id='word_1_219' title='bbox 2252 1717 2379 1787; x_wconf 85' lang='lat' dir='ltr'><strong><em>quid</em></strong></span> <span class='ocrx_word' id='word_1_220' title='bbox 2421 1717 2514 1787; x_wconf 87' lang='lat' dir='ltr'><strong><em>qui</em></strong></span> <span class='ocrx_word' id='word_1_221' title='bbox 2559 1718 2821 1773; x_wconf 84' lang='lat' dir='ltr'><strong><em>contendit</em></strong></span> <span class='ocrx_word' id='word_1_222' title='bbox 2847 1736 2964 1773; x_wconf 91' lang='lat' dir='ltr'><strong><em>cum</em></strong></span> <span class='ocrx_word' id='word_1_223' title='bbox 2992 1721 3101 1776; x_wconf 91' lang='lat' dir='ltr'><strong><em>Deo</em></strong></span> <span class='ocrx_word' id='word_1_224' title='bbox 3145 1728 3251 1777; x_wconf 87' lang='lat' dir='ltr'><strong><em>tam</em></strong></span> <span class='ocrx_word' id='word_1_225' title='bbox 3283 1722 3455 1793; x_wconf 83' lang='lat' dir='ltr'><strong><em>facile</em></strong></span> <span class='ocrx_word' id='word_1_226' title='bbox 3484 1729 3799 1798; x_wconf 85' lang='lat' dir='ltr'><strong><em>conquiescit</em></strong></span> <span class='ocrx_word' id='word_1_227' title='bbox 3826 1730 3852 1784; x_wconf 68' lang='grc'><em>9</em></span> 
     </span>
    </p>
   </div>
   <div class='ocr_carea' id='block_1_35' title="bbox 541 1821 2147 1883">
    <p class='ocr_par' dir='ltr' id='par_1_35' title="bbox 541 1821 2147 1883">
     <span class='ocr_line' id='line_1_35' title="bbox 541 1821 2147 1883; baseline 0.007 -11"><span class='ocrx_word' id='word_1_228' title='bbox 541 1821 716 1874; x_wconf 84' lang='lat' dir='ltr'><strong><em>torum</em></strong></span> <span class='ocrx_word' id='word_1_229' title='bbox 751 1821 969 1875; x_wconf 87' lang='lat' dir='ltr'><strong><em>salutem</em></strong></span> <span class='ocrx_word' id='word_1_230' title='bbox 1021 1821 1324 1877; x_wconf 87' lang='lat' dir='ltr'><strong><em>esurientes.</em></strong></span> <span class='ocrx_word' id='word_1_231' title='bbox 1375 1825 1498 1879; x_wconf 68' lang='lat' dir='ltr'><strong><em>Hac</em></strong></span> <span class='ocrx_word' id='word_1_232' title='bbox 1532 1824 1740 1879; x_wconf 87' lang='lat' dir='ltr'><strong><em>volatus</em></strong></span> <span class='ocrx_word' id='word_1_233' title='bbox 1782 1825 1945 1880; x_wconf 89' lang='lat' dir='ltr'><strong><em>Pauli</em></strong></span> <span class='ocrx_word' id='word_1_234' title='bbox 1971 1827 2147 1883; x_wconf 89' lang='lat' dir='ltr'><strong><em>orbem</em></strong></span> 
     </span>
    </p>
   </div>
   <div class='ocr_carea' id='block_1_36' title="bbox 533 1909 2144 1988">
    <p class='ocr_par' dir='ltr' id='par_1_36' title="bbox 533 1909 2144 1988">
     <span class='ocr_line' id='line_1_36' title="bbox 533 1909 2144 1988; baseline 0.007 -27"><span class='ocrx_word' id='word_1_235' title='bbox 533 1909 876 1980; x_wconf 83' lang='lat' dir='ltr'><strong><em>peragrantis</em></strong></span> <span class='ocrx_word' id='word_1_236' title='bbox 902 1925 1084 1967; x_wconf 88' lang='lat' dir='ltr'><strong><em>causa.</em></strong></span> <span class='ocrx_word' id='word_1_237' title='bbox 1106 1940 1177 1953; x_wconf 93' lang='lat'><strong><em>-—</em></strong></span> <span class='ocrx_word' id='word_1_238' title='bbox 1203 1910 1310 1968; x_wconf 92' lang='lat' dir='ltr'><strong><em>Sed</em></strong></span> <span class='ocrx_word' id='word_1_239' title='bbox 1339 1911 1446 1970; x_wconf 90' lang='lat' dir='ltr'><strong><em>hoc</em></strong></span> <span class='ocrx_word' id='word_1_240' title='bbox 1467 1913 1616 1986; x_wconf 92' lang='lat' dir='ltr'><strong><em>quod</em></strong></span> <span class='ocrx_word' id='word_1_241' title='bbox 1646 1913 1712 1971; x_wconf 87' lang='lat' dir='ltr'><strong><em>de</em></strong></span> <span class='ocrx_word' id='word_1_242' title='bbox 1743 1913 1846 1972; x_wconf 88' lang='lat' dir='ltr'><strong><em>hac</em></strong></span> <span class='ocrx_word' id='word_1_243' title='bbox 1859 1916 2046 1988; x_wconf 90' lang='lat' dir='ltr'><strong><em>aquila</em></strong></span> <span class='ocrx_word' id='word_1_244' title='bbox 2065 1917 2144 1973; x_wconf 90' lang='lat' dir='ltr'><strong><em>di-</em></strong></span> 
     </span>
    </p>
   </div>
   <div class='ocr_carea' id='block_1_37' title="bbox 538 1996 2143 2079">
    <p class='ocr_par' dir='ltr' id='par_1_37' title="bbox 538 1996 2143 2079">
     <span class='ocr_line' id='line_1_37' title="bbox 538 1996 2143 2079; baseline 0.006 -27"><span class='ocrx_word' id='word_1_245' title='bbox 538 1996 686 2053; x_wconf 86' lang='lat' dir='ltr'><strong><em>citur</em></strong></span> <span class='ocrx_word' id='word_1_246' title='bbox 709 2015 720 2053; x_wconf 92' lang='lat'>:</span> <span class='ocrx_word' id='word_1_247' title='bbox 759 1998 1056 2070; x_wconf 87' lang='lat' dir='ltr'><strong><em>Ubicunque</em></strong></span> <span class='ocrx_word' id='word_1_248' title='bbox 1082 1999 1249 2070; x_wconf 85' lang='lat' dir='ltr'><strong><em>fuerit</em></strong></span> <span class='ocrx_word' id='word_1_249' title='bbox 1276 2002 1503 2058; x_wconf 88' lang='lat' dir='ltr'><strong><em>cadaver</em></strong></span> <span class='ocrx_word' id='word_1_250' title='bbox 1521 2002 1701 2059; x_wconf 88' lang='lat' dir='ltr'><strong><em>statim</em></strong></span> <span class='ocrx_word' id='word_1_251' title='bbox 1719 2005 1885 2073; x_wconf 86' lang='lat' dir='ltr'><strong><em>adest,</em></strong></span> <span class='ocrx_word' id='word_1_252' title='bbox 1908 2005 2143 2079; x_wconf 89' lang='lat' dir='ltr'><strong><em>intelligi</em></strong></span> 
     </span>
    </p>
   </div>
   <div class='ocr_carea' id='block_1_38' title="bbox 539 2088 2142 2167">
    <p class='ocr_par' dir='ltr' id='par_1_38' title="bbox 539 2088 2142 2167">
     <span class='ocr_line' id='line_1_38' title="bbox 539 2088 2142 2167; baseline 0.007 -24"><span class='ocrx_word' id='word_1_253' title='bbox 539 2094 595 2142; x_wconf 89' lang='lat' dir='ltr'><strong><em>et</em></strong></span> <span class='ocrx_word' id='word_1_254' title='bbox 623 2088 784 2144; x_wconf 87' lang='lat' dir='ltr'><strong><em>aliter</em></strong></span> <span class='ocrx_word' id='word_1_255' title='bbox 810 2097 1009 2160; x_wconf 88' lang='lat' dir='ltr'><strong><em>potest.</em></strong></span> <span class='ocrx_word' id='word_1_256' title='bbox 1039 2091 1235 2147; x_wconf 88' lang='lat' dir='ltr'><strong><em>Omnis</em></strong></span> <span class='ocrx_word' id='word_1_257' title='bbox 1263 2093 1411 2148; x_wconf 89' lang='lat' dir='ltr'><strong><em>enim</em></strong></span> <span class='ocrx_word' id='word_1_258' title='bbox 1442 2095 1539 2166; x_wconf 89' lang='lat' dir='ltr'><strong><em>qui</em></strong></span> <span class='ocrx_word' id='word_1_259' title='bbox 1586 2095 1644 2150; x_wconf 93' lang='lat' dir='ltr'><strong><em>in</em></strong></span> <span class='ocrx_word' id='word_1_260' title='bbox 1674 2096 1881 2167; x_wconf 86' lang='lat' dir='ltr'><strong><em>peccati</em></strong></span> <span class='ocrx_word' id='word_1_261' title='bbox 1911 2105 2142 2155; x_wconf 90' lang='lat' dir='ltr'><strong><em>mortem</em></strong></span> 
     </span>
    </p>
   </div>
   <div class='ocr_carea' id='block_1_39' title="bbox 539 2179 2139 2257">
    <p class='ocr_par' dir='ltr' id='par_1_39' title="bbox 539 2179 2139 2257">
     <span class='ocr_line' id='line_1_39' title="bbox 539 2179 2139 2257; baseline 0.008 -23"><span class='ocrx_word' id='word_1_262' title='bbox 539 2179 820 2248; x_wconf 87' lang='lat' dir='ltr'><strong><em>ceciderit,</em></strong></span> <span class='ocrx_word' id='word_1_263' title='bbox 843 2197 955 2237; x_wconf 91' lang='lat' dir='ltr'><strong><em>non</em></strong></span> <span class='ocrx_word' id='word_1_264' title='bbox 986 2182 1443 2240; x_wconf 90' lang='lat' dir='ltr'><strong><em>inconvenienter</em></strong></span> <span class='ocrx_word' id='word_1_265' title='bbox 1461 2187 1663 2257; x_wconf 88' lang='lat' dir='ltr'><strong><em>poterit</em></strong></span> <span class='ocrx_word' id='word_1_266' title='bbox 1682 2186 1915 2243; x_wconf 85' lang='lat' dir='ltr'><strong><em>cadaver</em></strong></span> <span class='ocrx_word' id='word_1_267' title='bbox 1935 2189 2139 2246; x_wconf 89' lang='lat' dir='ltr'><strong><em>vocari.</em></strong></span> 
     </span>
    </p>
   </div>
   <div class='ocr_carea' id='block_1_40' title="bbox 537 2267 2140 2346">
    <p class='ocr_par' dir='ltr' id='par_1_40' title="bbox 537 2267 2140 2346">
     <span class='ocr_line' id='line_1_40' title="bbox 537 2267 2140 2346; baseline 0.008 -25"><span class='ocrx_word' id='word_1_268' title='bbox 537 2267 706 2334; x_wconf 86' lang='lat' dir='ltr'><strong><em>Quasi</em></strong></span> <span class='ocrx_word' id='word_1_269' title='bbox 736 2270 1008 2326; x_wconf 83' lang='lat' dir='ltr'><strong><em>exanimis</em></strong></span> <span class='ocrx_word' id='word_1_270' title='bbox 1041 2286 1281 2344; x_wconf 90' lang='lat' dir='ltr'><strong><em>namque</em></strong></span> <span class='ocrx_word' id='word_1_271' title='bbox 1303 2273 1468 2345; x_wconf 88' lang='lat' dir='ltr'><strong><em>jacet,</em></strong></span> <span class='ocrx_word' id='word_1_272' title='bbox 1494 2275 1587 2346; x_wconf 90' lang='lat' dir='ltr'><strong><em>qui</em></strong></span> <span class='ocrx_word' id='word_1_273' title='bbox 1599 2273 1834 2346; x_wconf 66' lang='lat' dir='ltr'><strong><em>justitiaa</em></strong></span> <span class='ocrx_word' id='word_1_274' title='bbox 1855 2275 2140 2334; x_wconf 85' lang='lat' dir='ltr'><strong><em>viviﬁcan-</em></strong></span> 
     </span>
    </p>
   </div>
   <div class='ocr_carea' id='block_1_41' title="bbox 537 2353 2142 2438">
    <p class='ocr_par' dir='ltr' id='par_1_41' title="bbox 537 2353 2142 2438">
     <span class='ocr_line' id='line_1_41' title="bbox 537 2353 2142 2438; baseline 0.009 -31"><span class='ocrx_word' id='word_1_275' title='bbox 537 2358 652 2408; x_wconf 87' lang='lat' dir='ltr'><strong><em>tem</em></strong></span> <span class='ocrx_word' id='word_1_276' title='bbox 681 2353 942 2426; x_wconf 89' lang='lat' dir='ltr'><strong><em>spiritum</em></strong></span> <span class='ocrx_word' id='word_1_277' title='bbox 972 2373 1084 2412; x_wconf 92' lang='lat' dir='ltr'><strong><em>non</em></strong></span> <span class='ocrx_word' id='word_1_278' title='bbox 1118 2357 1302 2415; x_wconf 87' lang='lat' dir='ltr'><strong><em>habet.</em></strong></span> <span class='ocrx_word' id='word_1_279' title='bbox 1338 2360 1480 2427; x_wconf 88' lang='lat' dir='ltr'><strong><em>Quia</em></strong></span> <span class='ocrx_word' id='word_1_280' title='bbox 1509 2377 1639 2435; x_wconf 89' lang='lat' dir='ltr'><strong><em>ergo</em></strong></span> <span class='ocrx_word' id='word_1_281' title='bbox 1660 2371 1880 2421; x_wconf 87' lang='lat' dir='ltr'><strong><em>sanctus</em></strong></span> <span class='ocrx_word' id='word_1_282' title='bbox 1909 2365 2142 2438; x_wconf 89' lang='lat' dir='ltr'><strong><em>quisque</em></strong></span> 
     </span>
    </p>
   </div>
   <div class='ocr_carea' id='block_1_42' title="bbox 542 2442 2144 2521">
    <p class='ocr_par' dir='ltr' id='par_1_42' title="bbox 542 2442 2144 2521">
     <span class='ocr_line' id='line_1_42' title="bbox 542 2442 2144 2521; baseline 0.009 -24"><span class='ocrx_word' id='word_1_283' title='bbox 542 2442 872 2514; x_wconf 70' lang='lat' dir='ltr'><strong><em>praedicator</em></strong></span> <span class='ocrx_word' id='word_1_284' title='bbox 897 2445 994 2502; x_wconf 88' lang='lat' dir='ltr'><strong><em>ubi</em></strong></span> <span class='ocrx_word' id='word_1_285' title='bbox 1015 2455 1326 2520; x_wconf 86' lang='lat' dir='ltr'><strong><em>peccatores</em></strong></span> <span class='ocrx_word' id='word_1_286' title='bbox 1347 2465 1462 2506; x_wconf 90' lang='lat' dir='ltr'><strong><em>esse</em></strong></span> <span class='ocrx_word' id='word_1_287' title='bbox 1479 2450 1810 2521; x_wconf 89' lang='lat' dir='ltr'><strong><em>considerat,</em></strong></span> <span class='ocrx_word' id='word_1_288' title='bbox 1832 2452 1966 2509; x_wconf 90' lang='lat' dir='ltr'><strong><em>illuc</em></strong></span> <span class='ocrx_word' id='word_1_289' title='bbox 1979 2455 2144 2510; x_wconf 85' lang='lat' dir='ltr'><strong><em>anxie</em></strong></span> 
     </span>
    </p>
   </div>
   <div class='ocr_carea' id='block_1_43' title="bbox 546 2532 2143 2610">
    <p class='ocr_par' dir='ltr' id='par_1_43' title="bbox 546 2532 2143 2610">
     <span class='ocr_line' id='line_1_43' title="bbox 546 2532 2143 2610; baseline 0.006 -23"><span class='ocrx_word' id='word_1_290' title='bbox 546 2532 817 2604; x_wconf 80' lang='lat' dir='ltr'><strong><em>pervolat,</em></strong></span> <span class='ocrx_word' id='word_1_291' title='bbox 840 2541 901 2588; x_wconf 91' lang='lat' dir='ltr'><strong><em>ut</em></strong></span> <span class='ocrx_word' id='word_1_292' title='bbox 931 2534 990 2589; x_wconf 92' lang='lat' dir='ltr'><strong><em>in</em></strong></span> <span class='ocrx_word' id='word_1_293' title='bbox 1013 2536 1222 2606; x_wconf 87' lang='lat' dir='ltr'><strong><em>peccati</em></strong></span> <span class='ocrx_word' id='word_1_294' title='bbox 1252 2545 1429 2594; x_wconf 90' lang='lat' dir='ltr'><strong><em>morte</em></strong></span> <span class='ocrx_word' id='word_1_295' title='bbox 1454 2538 1766 2610; x_wconf 87' lang='lat' dir='ltr'><strong><em>jacentibus</em></strong></span> <span class='ocrx_word' id='word_1_296' title='bbox 1795 2540 1972 2596; x_wconf 91' lang='lat' dir='ltr'><strong><em>lucem</em></strong></span> <span class='ocrx_word' id='word_1_297' title='bbox 2001 2542 2143 2597; x_wconf 86' lang='lat' dir='ltr'><strong><em>vivi-</em></strong></span> 
     </span>
    </p>
   </div>
   <div class='ocr_carea' id='block_1_44' title="bbox 542 2619 2144 2700">
    <p class='ocr_par' dir='ltr' id='par_1_44' title="bbox 542 2619 2144 2700">
     <span class='ocr_line' id='line_1_44' title="bbox 542 2619 2144 2700; baseline 0.005 -24"><span class='ocrx_word' id='word_1_298' title='bbox 542 2619 819 2678; x_wconf 84' lang='lat' dir='ltr'><strong><em>ﬁcationis</em></strong></span> <span class='ocrx_word' id='word_1_299' title='bbox 847 2622 1118 2693; x_wconf 91' lang='lat' dir='ltr'><strong><em>ostendat,</em></strong></span> <span class='ocrx_word' id='word_1_300' title='bbox 1149 2625 1288 2681; x_wconf 91' lang='lat' dir='ltr'><strong><em>bene</em></strong></span> <span class='ocrx_word' id='word_1_301' title='bbox 1313 2626 1379 2682; x_wconf 92' lang='lat' dir='ltr'><strong><em>de</em></strong></span> <span class='ocrx_word' id='word_1_302' title='bbox 1409 2627 1512 2686; x_wconf 89' lang='lat' dir='ltr'><strong><em>hac</em></strong></span> <span class='ocrx_word' id='word_1_303' title='bbox 1542 2628 1726 2700; x_wconf 89' lang='lat' dir='ltr'><strong><em>aquila</em></strong></span> <span class='ocrx_word' id='word_1_304' title='bbox 1743 2628 1976 2685; x_wconf 90' lang='lat' dir='ltr'><strong><em>dicitur:</em></strong></span> <span class='ocrx_word' id='word_1_305' title='bbox 2007 2630 2144 2686; x_wconf 89' lang='lat' dir='ltr'><strong><em>Ubi-</em></strong></span> 
     </span>
    </p>
   </div>
   <div class='ocr_carea' id='block_1_45' title="bbox 539 2712 2142 2787">
    <p class='ocr_par' dir='ltr' id='par_1_45' title="bbox 539 2712 2142 2787">
     <span class='ocr_line' id='line_1_45' title="bbox 539 2712 2142 2787; baseline 0.006 -21"><span class='ocrx_word' id='word_1_306' title='bbox 539 2728 742 2782; x_wconf 87' lang='lat' dir='ltr'><strong><em>cunque</em></strong></span> <span class='ocrx_word' id='word_1_307' title='bbox 760 2712 985 2768; x_wconf 87' lang='lat' dir='ltr'><strong><em>cadaver</em></strong></span> <span class='ocrx_word' id='word_1_308' title='bbox 1006 2713 1192 2784; x_wconf 79' lang='lat' dir='ltr'><strong><em>fuerit,</em></strong></span> <span class='ocrx_word' id='word_1_309' title='bbox 1209 2716 1386 2772; x_wconf 88' lang='lat' dir='ltr'><strong><em>statim</em></strong></span> <span class='ocrx_word' id='word_1_310' title='bbox 1413 2717 1578 2773; x_wconf 88' lang='lat' dir='ltr'><strong><em>adest.</em></strong></span> <span class='ocrx_word' id='word_1_311' title='bbox 1612 2717 1674 2774; x_wconf 94' lang='lat' dir='ltr'><strong><em>Id</em></strong></span> <span class='ocrx_word' id='word_1_312' title='bbox 1703 2726 1804 2787; x_wconf 90' lang='lat' dir='ltr'><strong><em>est,</em></strong></span> <span class='ocrx_word' id='word_1_313' title='bbox 1829 2721 1845 2752; x_wconf 76' lang='grc' dir='ltr'>ί</span> <span class='ocrx_word' id='word_1_314' title='bbox 1879 2718 2013 2775; x_wconf 92' lang='lat' dir='ltr'><strong><em>illuc</em></strong></span> <span class='ocrx_word' id='word_1_315' title='bbox 2029 2727 2142 2775; x_wconf 87' lang='lat' dir='ltr'><strong><em>ten-</em></strong></span> 
     </span>
    </p>
   </div>
   <div class='ocr_carea' id='block_1_46' title="bbox 539 2801 2143 2879">
    <p class='ocr_par' dir='ltr' id='par_1_46' title="bbox 539 2801 2143 2879">
     <span class='ocr_line' id='line_1_46' title="bbox 539 2801 2143 2879; baseline 0.002 -19"><span class='ocrx_word' id='word_1_316' title='bbox 539 2801 648 2868; x_wconf 87' lang='lat' dir='ltr'><strong><em>dit,</em></strong></span> <span class='ocrx_word' id='word_1_317' title='bbox 678 2801 774 2858; x_wconf 91' lang='lat' dir='ltr'><strong><em>ubi</em></strong></span> <span class='ocrx_word' id='word_1_318' title='bbox 801 2801 1100 2860; x_wconf 88' lang='lat' dir='ltr'><strong><em>utilitatem</em></strong></span> <span class='ocrx_word' id='word_1_319' title='bbox 1131 2805 1537 2876; x_wconf 67' lang='lat' dir='ltr'><strong><em>praedicationis</em></strong></span> <span class='ocrx_word' id='word_1_320' title='bbox 1577 2807 1862 2879; x_wconf 87' lang='lat' dir='ltr'><strong><em>prospicit,</em></strong></span> <span class='ocrx_word' id='word_1_321' title='bbox 1892 2814 1954 2864; x_wconf 87' lang='lat' dir='ltr'><strong><em>ut</em></strong></span> <span class='ocrx_word' id='word_1_322' title='bbox 1981 2824 2050 2864; x_wconf 84' lang='lat' dir='ltr'><strong><em>ex</em></strong></span> <span class='ocrx_word' id='word_1_323' title='bbox 2079 2825 2143 2864; x_wconf 90' lang='lat' dir='ltr'><strong><em>eo</em></strong></span> 
     </span>
    </p>
   </div>
   <div class='ocr_carea' id='block_1_47' title="bbox 544 2890 2142 2969">
    <p class='ocr_par' dir='ltr' id='par_1_47' title="bbox 544 2890 2142 2969">
     <span class='ocr_line' id='line_1_47' title="bbox 544 2890 2142 2969; baseline 0.003 -21"><span class='ocrx_word' id='word_1_324' title='bbox 544 2890 692 2964; x_wconf 88' lang='lat' dir='ltr'><strong><em>quod</em></strong></span> <span class='ocrx_word' id='word_1_325' title='bbox 717 2891 832 2964; x_wconf 90' lang='lat' dir='ltr'><strong><em>jam</em></strong></span> <span class='ocrx_word' id='word_1_326' title='bbox 864 2893 1189 2966; x_wconf 86' lang='lat' dir='ltr'><strong><em>spiritaliter</em></strong></span> <span class='ocrx_word' id='word_1_327' title='bbox 1217 2894 1382 2960; x_wconf 84' lang='lat' dir='ltr'><strong><em>vivit,</em></strong></span> <span class='ocrx_word' id='word_1_328' title='bbox 1417 2895 1617 2952; x_wconf 87' lang='lat' dir='ltr'><strong><em>aliisin</em></strong></span> <span class='ocrx_word' id='word_1_329' title='bbox 1646 2903 1822 2952; x_wconf 90' lang='lat' dir='ltr'><strong><em>morte</em></strong></span> <span class='ocrx_word' id='word_1_330' title='bbox 1849 2913 1947 2952; x_wconf 89' lang='lat' dir='ltr'><strong><em>sua</em></strong></span> <span class='ocrx_word' id='word_1_331' title='bbox 1961 2896 2142 2969; x_wconf 86' lang='lat' dir='ltr'><strong><em>jacen-</em></strong></span> 
     </span>
    </p>
   </div>
   <div class='ocr_carea' id='block_1_48' title="bbox 540 2982 2143 3056">
    <p class='ocr_par' dir='ltr' id='par_1_48' title="bbox 540 2982 2143 3056">
     <span class='ocr_line' id='line_1_48' title="bbox 540 2982 2143 3056; baseline 0.001 -17"><span class='ocrx_word' id='word_1_332' title='bbox 540 2982 694 3040; x_wconf 91' lang='lat' dir='ltr'><strong><em>tibus</em></strong></span> <span class='ocrx_word' id='word_1_333' title='bbox 721 2983 917 3056; x_wconf 82' lang='lat' dir='ltr'><strong><em>prosit,</em></strong></span> <span class='ocrx_word' id='word_1_334' title='bbox 935 2999 1072 3056; x_wconf 89' lang='lat' dir='ltr'><strong><em>quos</em></strong></span> <span class='ocrx_word' id='word_1_335' title='bbox 1100 2982 1452 3055; x_wconf 91' lang='lat' dir='ltr'><strong><em>corripiendo</em></strong></span> <span class='ocrx_word' id='word_1_336' title='bbox 1473 2984 1627 3056; x_wconf 90' lang='lat' dir='ltr'><strong><em>quasi</em></strong></span> <span class='ocrx_word' id='word_1_337' title='bbox 1654 2983 1790 3054; x_wconf 89' lang='lat' dir='ltr'><strong><em>edit,</em></strong></span> <span class='ocrx_word' id='word_1_338' title='bbox 1811 2984 1907 3041; x_wconf 90' lang='lat' dir='ltr'><strong><em>sed</em></strong></span> <span class='ocrx_word' id='word_1_339' title='bbox 1925 2985 1993 3041; x_wconf 92' lang='lat' dir='ltr'><strong><em>ab</em></strong></span> <span class='ocrx_word' id='word_1_340' title='bbox 2022 2985 2143 3041; x_wconf 92' lang='lat' dir='ltr'><strong><em>ini-</em></strong></span> 
     </span>
    </p>
   </div>
   <div class='ocr_carea' id='block_1_49' title="bbox 547 3072 2216 3152">
    <p class='ocr_par' dir='ltr' id='par_1_49' title="bbox 547 3072 2216 3152">
     <span class='ocr_line' id='line_1_49' title="bbox 547 3072 2216 3152; baseline 0.001 -24"><span class='ocrx_word' id='word_1_341' title='bbox 547 3073 756 3145; x_wconf 89' lang='lat' dir='ltr'><strong><em>quitate</em></strong></span> <span class='ocrx_word' id='word_1_342' title='bbox 785 3073 854 3129; x_wconf 91' lang='lat' dir='ltr'><strong><em>ad</em></strong></span> <span class='ocrx_word' id='word_1_343' title='bbox 883 3072 1258 3130; x_wconf 87' lang='lat' dir='ltr'><strong><em>innocentiam</em></strong></span> <span class='ocrx_word' id='word_1_344' title='bbox 1288 3073 1653 3145; x_wconf 87' lang='lat' dir='ltr'><strong><em>permutando</em></strong></span> <span class='ocrx_word' id='word_1_345' title='bbox 1682 3073 1740 3130; x_wconf 88' lang='lat' dir='ltr'><strong><em>in</em></strong></span> <span class='ocrx_word' id='word_1_346' title='bbox 1769 3091 1867 3130; x_wconf 90' lang='lat' dir='ltr'><strong><em>sua</em></strong></span> <span class='ocrx_word' id='word_1_347' title='bbox 1897 3075 2141 3130; x_wconf 89' lang='lat' dir='ltr'><strong><em>membra</em></strong></span> <span class='ocrx_word' id='word_1_348' title='bbox 2172 3092 2216 3152; x_wconf 72' lang='grc' dir='ltr'>α</span> 
     </span>
    </p>
   </div>
   <div class='ocr_carea' id='block_1_50' title="bbox 541 3161 2137 3236">
    <p class='ocr_par' dir='ltr' id='par_1_50' title="bbox 541 3161 2137 3236">
     <span class='ocr_line' id='line_1_50' title="bbox 541 3161 2137 3236; baseline 0 -19"><span class='ocrx_word' id='word_1_349' title='bbox 541 3163 696 3234; x_wconf 88' lang='lat' dir='ltr'><strong><em>quasi</em></strong></span> <span class='ocrx_word' id='word_1_350' title='bbox 725 3161 938 3219; x_wconf 92' lang='lat' dir='ltr'><strong><em>edendo</em></strong></span> <span class='ocrx_word' id='word_1_351' title='bbox 985 3163 1280 3218; x_wconf 86' lang='lat' dir='ltr'><strong><em>convertit.</em></strong></span> <span class='ocrx_word' id='word_1_352' title='bbox 1331 3163 1471 3218; x_wconf 91' lang='lat' dir='ltr'><strong><em>Ecce</em></strong></span> <span class='ocrx_word' id='word_1_353' title='bbox 1523 3163 1657 3236; x_wconf 89' lang='lat' dir='ltr'><strong><em>ipse,</em></strong></span> <span class='ocrx_word' id='word_1_354' title='bbox 1703 3179 1865 3236; x_wconf 89' lang='lat' dir='ltr'><strong><em>quem</em></strong></span> <span class='ocrx_word' id='word_1_355' title='bbox 1895 3163 1963 3219; x_wconf 91' lang='lat' dir='ltr'><strong><em>ad</em></strong></span> <span class='ocrx_word' id='word_1_356' title='bbox 1991 3164 2137 3220; x_wconf 86' lang='lat' dir='ltr'><strong><em>testi-</em></strong></span> 
     </span>
    </p>
   </div>
   <div class='ocr_carea' id='block_1_51' title="bbox 545 3248 2142 3323">
    <p class='ocr_par' dir='ltr' id='par_1_51' title="bbox 545 3248 2142 3323">
     <span class='ocr_line' id='line_1_51' title="bbox 545 3248 2142 3323; baseline 0 -16"><span class='ocrx_word' id='word_1_357' title='bbox 545 3251 796 3307; x_wconf 89' lang='lat' dir='ltr'><strong><em>monium</em></strong></span> <span class='ocrx_word' id='word_1_358' title='bbox 823 3250 938 3321; x_wconf 85' lang='lat' dir='ltr'><strong><em>jam</em></strong></span> <span class='ocrx_word' id='word_1_359' title='bbox 959 3267 1100 3323; x_wconf 64' lang='lat' dir='ltr'><strong><em>saepe</em></strong></span> <span class='ocrx_word' id='word_1_360' title='bbox 1121 3248 1475 3320; x_wconf 84' lang='lat' dir='ltr'><strong><em>deduximus,</em></strong></span> <span class='ocrx_word' id='word_1_361' title='bbox 1501 3252 1703 3308; x_wconf 90' lang='lat' dir='ltr'><strong><em>Paulus</em></strong></span> <span class='ocrx_word' id='word_1_362' title='bbox 1730 3269 1854 3309; x_wconf 89' lang='lat' dir='ltr'><strong><em>cum</em></strong></span> <span class='ocrx_word' id='word_1_363' title='bbox 1883 3268 2031 3309; x_wconf 89' lang='lat' dir='ltr'><strong><em>nunc</em></strong></span> <span class='ocrx_word' id='word_1_364' title='bbox 2049 3253 2142 3308; x_wconf 87' lang='lat' dir='ltr'><strong><em>Ju-</em></strong></span> 
     </span>
    </p>
   </div>
   <div class='ocr_carea' id='block_1_52' title="bbox 543 3338 2142 3412">
    <p class='ocr_par' dir='ltr' id='par_1_52' title="bbox 543 3338 2142 3412">
     <span class='ocr_line' id='line_1_52' title="bbox 543 3338 2142 3412; baseline 0 -15"><span class='ocrx_word' id='word_1_365' title='bbox 543 3339 741 3408; x_wconf 86' lang='lat' dir='ltr'><strong><em>daeam,</em></strong></span> <span class='ocrx_word' id='word_1_366' title='bbox 773 3355 923 3396; x_wconf 91' lang='lat' dir='ltr'><strong><em>nunc</em></strong></span> <span class='ocrx_word' id='word_1_367' title='bbox 951 3338 1303 3408; x_wconf 88' lang='lat' dir='ltr'><strong><em>Corinthum,</em></strong></span> <span class='ocrx_word' id='word_1_368' title='bbox 1338 3356 1486 3398; x_wconf 89' lang='lat' dir='ltr'><strong><em>nunc</em></strong></span> <span class='ocrx_word' id='word_1_369' title='bbox 1512 3340 1814 3412; x_wconf 85' lang='lat' dir='ltr'><strong><em>Ephesum,</em></strong></span> <span class='ocrx_word' id='word_1_370' title='bbox 1846 3357 1995 3397; x_wconf 91' lang='lat' dir='ltr'><strong><em>nunc</em></strong></span> <span class='ocrx_word' id='word_1_371' title='bbox 2023 3341 2142 3397; x_wconf 83' lang='lat' dir='ltr'><strong><em>Ro-</em></strong></span> 
     </span>
    </p>
   </div>
   <div class='ocr_carea' id='block_1_53' title="bbox 541 3429 2142 3502">
    <p class='ocr_par' dir='ltr' id='par_1_53' title="bbox 541 3429 2142 3502">
     <span class='ocr_line' id='line_1_53' title="bbox 541 3429 2142 3502; baseline -0.001 -16"><span class='ocrx_word' id='word_1_372' title='bbox 541 3446 712 3498; x_wconf 88' lang='lat' dir='ltr'><strong><em>mam,</em></strong></span> <span class='ocrx_word' id='word_1_373' title='bbox 745 3445 894 3486; x_wconf 91' lang='lat' dir='ltr'><strong><em>nunc</em></strong></span> <span class='ocrx_word' id='word_1_374' title='bbox 923 3429 1216 3501; x_wconf 88' lang='lat' dir='ltr'><strong><em>Hispanias</em></strong></span> <span class='ocrx_word' id='word_1_375' title='bbox 1264 3436 1494 3501; x_wconf 89' lang='lat' dir='ltr'><strong><em>peteret,</em></strong></span> <span class='ocrx_word' id='word_1_376' title='bbox 1536 3437 1598 3485; x_wconf 93' lang='lat' dir='ltr'><strong><em>ut</em></strong></span> <span class='ocrx_word' id='word_1_377' title='bbox 1628 3430 1684 3484; x_wconf 91' lang='lat' dir='ltr'><strong><em>in</em></strong></span> <span class='ocrx_word' id='word_1_378' title='bbox 1715 3430 1922 3502; x_wconf 90' lang='lat' dir='ltr'><strong><em>peccati</em></strong></span> <span class='ocrx_word' id='word_1_379' title='bbox 1968 3437 2142 3484; x_wconf 89' lang='lat' dir='ltr'><strong><em>morte</em></strong></span> 
     </span>
    </p>
   </div>
   <div class='ocr_carea' id='block_1_54' title="bbox 535 3517 2144 3592">
    <p class='ocr_par' dir='ltr' id='par_1_54' title="bbox 535 3517 2144 3592">
     <span class='ocr_line' id='line_1_54' title="bbox 535 3517 2144 3592; baseline -0.001 -18"><span class='ocrx_word' id='word_1_380' title='bbox 535 3517 872 3591; x_wconf 87' lang='lat' dir='ltr'><strong><em>jacentibus,</em></strong></span> <span class='ocrx_word' id='word_1_381' title='bbox 904 3525 1120 3574; x_wconf 63' lang='lat' dir='ltr'><strong><em>aeterna</em></strong></span> <span class='ocrx_word' id='word_1_382' title='bbox 1150 3519 1280 3574; x_wconf 84' lang='lat' dir='ltr'><strong><em>vitae</em></strong></span> <span class='ocrx_word' id='word_1_383' title='bbox 1325 3519 1555 3591; x_wconf 87' lang='lat' dir='ltr'><strong><em>gratiam</em></strong></span> <span class='ocrx_word' id='word_1_384' title='bbox 1598 3518 1896 3586; x_wconf 89' lang='lat' dir='ltr'><strong><em>nuntiaret,</em></strong></span> <span class='ocrx_word' id='word_1_385' title='bbox 1929 3517 2060 3592; x_wconf 90' lang='lat' dir='ltr'><strong><em>quid</em></strong></span> <span class='ocrx_word' id='word_1_386' title='bbox 2088 3534 2144 3573; x_wconf 90' lang='lat' dir='ltr'><strong><em>se</em></strong></span> 
     </span>
    </p>
   </div>
   <div class='ocr_carea' id='block_1_55' title="bbox 546 3606 2145 3681">
    <p class='ocr_par' dir='ltr' id='par_1_55' title="bbox 546 3606 2145 3681">
     <span class='ocr_line' id='line_1_55' title="bbox 546 3606 2145 3681; baseline -0.001 -18"><span class='ocrx_word' id='word_1_387' title='bbox 546 3606 699 3663; x_wconf 89' lang='lat' dir='ltr'><strong><em>aliud</em></strong></span> <span class='ocrx_word' id='word_1_388' title='bbox 727 3623 893 3680; x_wconf 91' lang='lat' dir='ltr'><strong><em>quam</em></strong></span> <span class='ocrx_word' id='word_1_389' title='bbox 922 3623 1040 3663; x_wconf 92' lang='lat' dir='ltr'><strong><em>esse</em></strong></span> <span class='ocrx_word' id='word_1_390' title='bbox 1056 3607 1296 3681; x_wconf 86' lang='lat' dir='ltr'><strong><em>aquilam</em></strong></span> <span class='ocrx_word' id='word_1_391' title='bbox 1326 3607 1773 3675; x_wconf 86' lang='lat' dir='ltr'><strong><em>demonstrabat;</em></strong></span> <span class='ocrx_word' id='word_1_392' title='bbox 1808 3623 1927 3680; x_wconf 70' lang='lat' dir='ltr'><strong><em>quae</em></strong></span> <span class='ocrx_word' id='word_1_393' title='bbox 1944 3607 2145 3663; x_wconf 85' lang='lat' dir='ltr'><strong><em>veloci-</em></strong></span> 
     </span>
    </p>
   </div>
   <div class='ocr_carea' id='block_1_56' title="bbox 541 3695 2147 3772">
    <p class='ocr_par' dir='ltr' id='par_1_56' title="bbox 541 3695 2147 3772">
     <span class='ocr_line' id='line_1_56' title="bbox 541 3695 2147 3772; baseline -0.002 -18"><span class='ocrx_word' id='word_1_394' title='bbox 541 3704 626 3754; x_wconf 87' lang='lat' dir='ltr'><strong><em>ter</em></strong></span> <span class='ocrx_word' id='word_1_395' title='bbox 642 3698 831 3754; x_wconf 91' lang='lat' dir='ltr'><strong><em>omnia</em></strong></span> <span class='ocrx_word' id='word_1_396' title='bbox 843 3698 1209 3768; x_wconf 87' lang='lat' dir='ltr'><strong><em>transvolans,</em></strong></span> <span class='ocrx_word' id='word_1_397' title='bbox 1222 3698 1541 3772; x_wconf 90' lang='lat' dir='ltr'><strong><em>ubicunque</em></strong></span> <span class='ocrx_word' id='word_1_398' title='bbox 1551 3697 1739 3770; x_wconf 81' lang='lat' dir='ltr'><strong><em>jacens</em></strong></span> <span class='ocrx_word' id='word_1_399' title='bbox 1753 3695 1983 3755; x_wconf 88' lang='lat' dir='ltr'><strong><em>cadaver</em></strong></span> <span class='ocrx_word' id='word_1_400' title='bbox 2003 3713 2147 3770; x_wconf 64' lang='lat' dir='ltr'><strong><em>quae-</em></strong></span> 
     </span>
    </p>
   </div>
   <div class='ocr_carea' id='block_1_57' title="bbox 551 3785 2148 3859">
    <p class='ocr_par' dir='ltr' id='par_1_57' title="bbox 551 3785 2148 3859">
     <span class='ocr_line' id='line_1_57' title="bbox 551 3785 2148 3859; baseline -0.002 -15"><span class='ocrx_word' id='word_1_401' title='bbox 551 3785 727 3856; x_wconf 89' lang='lat' dir='ltr'><strong><em>rebat,</em></strong></span> <span class='ocrx_word' id='word_1_402' title='bbox 759 3795 821 3844; x_wconf 91' lang='lat' dir='ltr'><strong><em>ut</em></strong></span> <span class='ocrx_word' id='word_1_403' title='bbox 851 3786 985 3845; x_wconf 91' lang='lat' dir='ltr'><strong><em>dum</em></strong></span> <span class='ocrx_word' id='word_1_404' title='bbox 1015 3790 1357 3846; x_wconf 86' lang='lat' dir='ltr'><strong><em>voluntatem</em></strong></span> <span class='ocrx_word' id='word_1_405' title='bbox 1387 3787 1488 3844; x_wconf 92' lang='lat' dir='ltr'><strong><em>Dei</em></strong></span> <span class='ocrx_word' id='word_1_406' title='bbox 1519 3787 1745 3844; x_wconf 88' lang='lat' dir='ltr'><strong><em>lucratis</em></strong></span> <span class='ocrx_word' id='word_1_407' title='bbox 1771 3787 2148 3859; x_wconf 88' lang='lat' dir='ltr'><strong><em>peccatoribus</em></strong></span> 
     </span>
    </p>
   </div>
   <div class='ocr_carea' id='block_1_58' title="bbox 545 3875 2149 3950">
    <p class='ocr_par' dir='ltr' id='par_1_58' title="bbox 545 3875 2149 3950">
     <span class='ocr_line' id='line_1_58' title="bbox 545 3875 2149 3950; baseline -0.002 -18"><span class='ocrx_word' id='word_1_408' title='bbox 545 3876 776 3947; x_wconf 85' lang='lat' dir='ltr'><strong><em>faceret,</em></strong></span> <span class='ocrx_word' id='word_1_409' title='bbox 809 3877 965 3950; x_wconf 89' lang='lat' dir='ltr'><strong><em>quasi</em></strong></span> <span class='ocrx_word' id='word_1_410' title='bbox 1007 3895 1184 3935; x_wconf 88' lang='lat' dir='ltr'><strong><em>escam</em></strong></span> <span class='ocrx_word' id='word_1_411' title='bbox 1234 3894 1391 3935; x_wconf 89' lang='lat' dir='ltr'><strong><em>suam</em></strong></span> <span class='ocrx_word' id='word_1_412' title='bbox 1434 3877 1493 3933; x_wconf 91' lang='lat' dir='ltr'><strong><em>in</em></strong></span> <span class='ocrx_word' id='word_1_413' title='bbox 1540 3877 1802 3934; x_wconf 86' lang='lat' dir='ltr'><strong><em>cadavere</em></strong></span> <span class='ocrx_word' id='word_1_414' title='bbox 1840 3875 2149 3948; x_wconf 81' lang='lat' dir='ltr'><strong><em>reperiret?</em></strong></span> 
     </span>
    </p>
   </div>
   <div class='ocr_carea' id='block_1_59' title="bbox 543 3964 2148 4040">
    <p class='ocr_par' dir='ltr' id='par_1_59' title="bbox 543 3964 2148 4040">
     <span class='ocr_line' id='line_1_59' title="bbox 543 3964 2148 4040; baseline -0.002 -17"><span class='ocrx_word' id='word_1_415' title='bbox 543 3966 690 4024; x_wconf 86' lang='lat' dir='ltr'><strong><em>Esca</em></strong></span> <span class='ocrx_word' id='word_1_416' title='bbox 709 3969 913 4040; x_wconf 90' lang='lat' dir='ltr'><strong><em>quippe</em></strong></span> <span class='ocrx_word' id='word_1_417' title='bbox 937 3968 1218 4040; x_wconf 88' lang='lat' dir='ltr'><strong><em>justorum</em></strong></span> <span class='ocrx_word' id='word_1_418' title='bbox 1250 3976 1332 4024; x_wconf 89' lang='lat' dir='ltr'><strong><em>est</em></strong></span> <span class='ocrx_word' id='word_1_419' title='bbox 1351 3968 1639 4024; x_wconf 89' lang='lat' dir='ltr'><strong><em>conversio</em></strong></span> <span class='ocrx_word' id='word_1_420' title='bbox 1659 3983 2059 4039; x_wconf 84' lang='lat' dir='ltr'><strong><em>perversorum,</em></strong></span> <span class='ocrx_word' id='word_1_421' title='bbox 2081 3964 2148 4019; x_wconf 89' lang='lat' dir='ltr'><strong><em>de</em></strong></span> 
     </span>
    </p>
   </div>
   <div class='ocr_carea' id='block_1_60' title="bbox 545 4054 2152 4127">
    <p class='ocr_par' dir='ltr' id='par_1_60' title="bbox 545 4054 2152 4127">
     <span class='ocr_line' id='line_1_60' title="bbox 545 4054 2152 4127; baseline -0.001 -17"><span class='ocrx_word' id='word_1_422' title='bbox 545 4071 653 4127; x_wconf 86' lang='lat' dir='ltr'><strong><em>qua</em></strong></span> <span class='ocrx_word' id='word_1_423' title='bbox 686 4056 928 4111; x_wconf 89' lang='lat' dir='ltr'><strong><em>dicitur:</em></strong></span> <span class='ocrx_word' id='word_1_424' title='bbox 967 4058 1277 4126; x_wconf 86' lang='lat' dir='ltr'><strong><em>Operamini</em></strong></span> <span class='ocrx_word' id='word_1_425' title='bbox 1304 4073 1409 4111; x_wconf 88' lang='lat' dir='ltr'><strong><em>no-n</em></strong></span> <span class='ocrx_word' id='word_1_426' title='bbox 1438 4056 1606 4110; x_wconf 88' lang='lat' dir='ltr'><strong><em>cibum</em></strong></span> <span class='ocrx_word' id='word_1_427' title='bbox 1635 4056 1728 4125; x_wconf 86' lang='lat' dir='ltr'><strong><em>qui</em></strong></span> <span class='ocrx_word' id='word_1_428' title='bbox 1750 4056 1912 4125; x_wconf 86' lang='lat' dir='ltr'><strong><em>perit,</em></strong></span> <span class='ocrx_word' id='word_1_429' title='bbox 1942 4055 2029 4109; x_wconf 89' lang='lat' dir='ltr'><strong><em>sed</em></strong></span> <span class='ocrx_word' id='word_1_430' title='bbox 2058 4054 2152 4123; x_wconf 89' lang='lat' dir='ltr'><strong><em>qui</em></strong></span> 
     </span>
    </p>
   </div>
   <div class='ocr_carea' id='block_1_61' title="bbox 539 4142 2152 4215">
    <p class='ocr_par' dir='ltr' id='par_1_61' title="bbox 539 4142 2152 4215">
     <span class='ocr_line' id='line_1_61' title="bbox 539 4142 2152 4215; baseline 0 -17"><span class='ocrx_word' id='word_1_431' title='bbox 539 4149 820 4215; x_wconf 85' lang='lat' dir='ltr'><strong><em>permanet</em></strong></span> <span class='ocrx_word' id='word_1_432' title='bbox 856 4143 913 4197; x_wconf 90' lang='lat' dir='ltr'><strong><em>in</em></strong></span> <span class='ocrx_word' id='word_1_433' title='bbox 954 4144 1118 4198; x_wconf 88' lang='lat' dir='ltr'><strong><em>vitam</em></strong></span> <span class='ocrx_word' id='word_1_434' title='bbox 1161 4150 1412 4200; x_wconf 71' lang='lat' dir='ltr'><strong><em>aeternam</em></strong></span> <span class='ocrx_word' id='word_1_435' title='bbox 1459 4144 1640 4214; x_wconf 86' lang='lat' dir='ltr'><strong><em>(Joan.</em></strong></span> <span class='ocrx_word' id='word_1_436' title='bbox 1674 4161 1753 4212; x_wconf 82' lang='lat' dir='ltr'><strong><em>v1,</em></strong></span> <span class='ocrx_word' id='word_1_437' title='bbox 1783 4143 1898 4215; x_wconf 80' lang='grc'><strong><em>27).</em></strong></span> <span class='ocrx_word' id='word_1_438' title='bbox 1931 4142 2152 4198; x_wconf 87' lang='lat' dir='ltr'><strong><em>Auditis</em></strong></span> 
     </span>
    </p>
   </div>
   <div class='ocr_carea' id='block_1_62' title="bbox 2261 1805 3850 1884">
    <p class='ocr_par' dir='ltr' id='par_1_62' title="bbox 2261 1805 3850 1884">
     <span class='ocr_line' id='line_1_62' title="bbox 2261 1805 3850 1884; baseline 0.006 -23"><span class='ocrx_word' id='word_1_439' title='bbox 2261 1805 2444 1875; x_wconf 87' lang='lat' dir='ltr'><strong><em>Utique</em></strong></span> <span class='ocrx_word' id='word_1_440' title='bbox 2469 1806 2562 1877; x_wconf 88' lang='lat' dir='ltr'><strong><em>qui</em></strong></span> <span class='ocrx_word' id='word_1_441' title='bbox 2587 1807 2770 1879; x_wconf 86' lang='lat' dir='ltr'><strong><em>arguit</em></strong></span> <span class='ocrx_word' id='word_1_442' title='bbox 2793 1807 2961 1862; x_wconf 90' lang='lat' dir='ltr'><strong><em>Deum</em></strong></span> <span class='ocrx_word' id='word_1_443' title='bbox 2989 1809 3132 1864; x_wconf 91' lang='lat' dir='ltr'><strong><em>debet</em></strong></span> <span class='ocrx_word' id='word_1_444' title='bbox 3156 1817 3203 1864; x_wconf 89' lang='lat' dir='ltr'><strong><em>et</em></strong></span> <span class='ocrx_word' id='word_1_445' title='bbox 3222 1815 3540 1884; x_wconf 87' lang='lat' dir='ltr'><strong><em>respondere</em></strong></span> <span class='ocrx_word' id='word_1_446' title='bbox 3563 1817 3669 1872; x_wconf 84' lang='lat' dir='ltr'><strong><em>illi.</em></strong></span> <span class='ocrx_word' id='word_1_447' title='bbox 3703 1817 3784 1873; x_wconf 81' lang='lat' dir='ltr'><strong><em>Ac</em></strong></span> <span class='ocrx_word' id='word_1_448' title='bbox 3807 1816 3850 1872; x_wconf 90' lang='lat' dir='ltr'><strong><em>si</em></strong></span> 
     </span>
    </p>
   </div>
   <div class='ocr_carea' id='block_1_63' title="bbox 2255 1894 3851 1973">
    <p class='ocr_par' dir='ltr' id='par_1_63' title="bbox 2255 1894 3851 1973">
     <span class='ocr_line' id='line_1_63' title="bbox 2255 1894 3851 1973; baseline 0.009 -27"><span class='ocrx_word' id='word_1_449' title='bbox 2255 1894 2496 1965; x_wconf 88' lang='lat' dir='ltr'><strong><em>apertius</em></strong></span> <span class='ocrx_word' id='word_1_450' title='bbox 2522 1894 2763 1951; x_wconf 90' lang='lat' dir='ltr'><strong><em>diceret:</em></strong></span> <span class='ocrx_word' id='word_1_451' title='bbox 2795 1895 2901 1963; x_wconf 90' lang='lat' dir='ltr'><strong><em>Qui</em></strong></span> <span class='ocrx_word' id='word_1_452' title='bbox 2930 1903 3080 1952; x_wconf 90' lang='lat' dir='ltr'><strong><em>tanta</em></strong></span> <span class='ocrx_word' id='word_1_453' title='bbox 3095 1897 3162 1954; x_wconf 92' lang='lat' dir='ltr'><strong><em>de</em></strong></span> <span class='ocrx_word' id='word_1_454' title='bbox 3181 1906 3277 1955; x_wconf 89' lang='lat' dir='ltr'><strong><em>tua</em></strong></span> <span class='ocrx_word' id='word_1_455' title='bbox 3301 1903 3518 1959; x_wconf 89' lang='lat' dir='ltr'><strong><em>actione</em></strong></span> <span class='ocrx_word' id='word_1_456' title='bbox 3538 1904 3758 1962; x_wconf 88' lang='lat' dir='ltr'><strong><em>locutus</em></strong></span> <span class='ocrx_word' id='word_1_457' title='bbox 3773 1921 3851 1973; x_wconf 89' lang='lat' dir='ltr'><strong><em>es,</em></strong></span> 
     </span>
    </p>
   </div>
   <div class='ocr_carea' id='block_1_64' title="bbox 2254 1984 3853 2052">
    <p class='ocr_par' dir='ltr' id='par_1_64' title="bbox 2254 1984 3853 2052">
     <span class='ocr_line' id='line_1_64' title="bbox 2254 1984 3853 2052; baseline 0.007 -11"><span class='ocrx_word' id='word_1_458' title='bbox 2254 2001 2354 2042; x_wconf 87' lang='lat' dir='ltr'><strong><em>cur</em></strong></span> <span class='ocrx_word' id='word_1_459' title='bbox 2379 1984 2567 2041; x_wconf 88' lang='lat' dir='ltr'><strong><em>audita</em></strong></span> <span class='ocrx_word' id='word_1_460' title='bbox 2593 1994 2906 2042; x_wconf 89' lang='lat' dir='ltr'><strong><em>sanctorum</em></strong></span> <span class='ocrx_word' id='word_1_461' title='bbox 2937 1988 3054 2044; x_wconf 88' lang='lat' dir='ltr'><strong><em>vita</em></strong></span> <span class='ocrx_word' id='word_1_462' title='bbox 3083 1989 3287 2047; x_wconf 87' lang='lat' dir='ltr'><strong><em>siluisti</em></strong></span> <span class='ocrx_word' id='word_1_463' title='bbox 3312 1993 3340 2048; x_wconf 76' lang='lat'><strong>?</strong></span> <span class='ocrx_word' id='word_1_464' title='bbox 3358 1994 3444 2050; x_wconf 89' lang='lat' dir='ltr'><strong><em>Me</em></strong></span> <span class='ocrx_word' id='word_1_465' title='bbox 3462 1995 3611 2051; x_wconf 89' lang='lat' dir='ltr'><strong><em>enim</em></strong></span> <span class='ocrx_word' id='word_1_466' title='bbox 3640 1997 3753 2052; x_wconf 87' lang='lat' dir='ltr'><strong><em>fuit</em></strong></span> <span class='ocrx_word' id='word_1_467' title='bbox 3773 2013 3853 2051; x_wconf 87' lang='lat' dir='ltr'><strong><em>ar-</em></strong></span> 
     </span>
    </p>
   </div>
   <div class='ocr_carea' id='block_1_65' title="bbox 2256 2073 3850 2153">
    <p class='ocr_par' dir='ltr' id='par_1_65' title="bbox 2256 2073 3850 2153">
     <span class='ocr_line' id='line_1_65' title="bbox 2256 2073 3850 2153; baseline 0.009 -26"><span class='ocrx_word' id='word_1_468' title='bbox 2256 2088 2436 2146; x_wconf 90' lang='lat' dir='ltr'><strong><em>guere,</em></strong></span> <span class='ocrx_word' id='word_1_469' title='bbox 2464 2073 2531 2128; x_wconf 89' lang='lat' dir='ltr'><strong><em>de</em></strong></span> <span class='ocrx_word' id='word_1_470' title='bbox 2559 2075 2908 2145; x_wconf 89' lang='lat' dir='ltr'><strong><em>percussione</em></strong></span> <span class='ocrx_word' id='word_1_471' title='bbox 2950 2091 3072 2132; x_wconf 87' lang='lat' dir='ltr'><strong><em>mea</em></strong></span> <span class='ocrx_word' id='word_1_472' title='bbox 3099 2093 3169 2133; x_wconf 89' lang='lat' dir='ltr'><strong><em>an</em></strong></span> <span class='ocrx_word' id='word_1_473' title='bbox 3198 2078 3368 2135; x_wconf 86' lang='lat' dir='ltr'><strong><em>fuerit</em></strong></span> <span class='ocrx_word' id='word_1_474' title='bbox 3389 2081 3540 2153; x_wconf 88' lang='lat' dir='ltr'><strong><em>justa</em></strong></span> <span class='ocrx_word' id='word_1_475' title='bbox 3567 2083 3850 2141; x_wconf 84' lang='lat' dir='ltr'><strong><em>dubitare.</em></strong></span> 
     </span>
    </p>
   </div>
   <div class='ocr_carea' id='block_1_66' title="bbox 2251 2163 3854 2246">
    <p class='ocr_par' dir='ltr' id='par_1_66' title="bbox 2251 2163 3854 2246">
     <span class='ocr_line' id='line_1_66' title="bbox 2251 2163 3854 2246; baseline 0.007 -27"><span class='ocrx_word' id='word_1_476' title='bbox 2251 2164 2323 2219; x_wconf 90' lang='lat' dir='ltr'><strong><em>Et</em></strong></span> <span class='ocrx_word' id='word_1_477' title='bbox 2350 2164 2494 2220; x_wconf 90' lang='lat' dir='ltr'><strong><em>bona</em></strong></span> <span class='ocrx_word' id='word_1_478' title='bbox 2513 2163 2732 2236; x_wconf 89' lang='lat' dir='ltr'><strong><em>quidem</em></strong></span> <span class='ocrx_word' id='word_1_479' title='bbox 2749 2171 2846 2220; x_wconf 89' lang='lat' dir='ltr'><strong><em>tua</em></strong></span> <span class='ocrx_word' id='word_1_480' title='bbox 2864 2166 3135 2222; x_wconf 88' lang='lat' dir='ltr'><strong><em>veraciter</em></strong></span> <span class='ocrx_word' id='word_1_481' title='bbox 3161 2170 3465 2240; x_wconf 87' lang='lat' dir='ltr'><strong><em>protulisti,</em></strong></span> <span class='ocrx_word' id='word_1_482' title='bbox 3486 2171 3582 2228; x_wconf 89' lang='lat' dir='ltr'><strong><em>sed</em></strong></span> <span class='ocrx_word' id='word_1_483' title='bbox 3602 2172 3723 2230; x_wconf 85' lang='lat' dir='ltr'><strong><em>haec</em></strong></span> <span class='ocrx_word' id='word_1_484' title='bbox 3739 2191 3854 2246; x_wconf 89' lang='lat' dir='ltr'><strong><em>quo</em></strong></span> 
     </span>
    </p>
   </div>
   <div class='ocr_carea' id='block_1_67' title="bbox 2253 2251 3854 2334">
    <p class='ocr_par' dir='ltr' id='par_1_67' title="bbox 2253 2251 3854 2334">
     <span class='ocr_line' id='line_1_67' title="bbox 2253 2251 3854 2334; baseline 0.007 -27"><span class='ocrx_word' id='word_1_485' title='bbox 2253 2251 2539 2308; x_wconf 89' lang='lat' dir='ltr'><strong><em>tenderent</em></strong></span> <span class='ocrx_word' id='word_1_486' title='bbox 2579 2251 2791 2324; x_wconf 86' lang='lat' dir='ltr'><strong><em>ﬂagella</em></strong></span> <span class='ocrx_word' id='word_1_487' title='bbox 2820 2253 3066 2323; x_wconf 89' lang='lat' dir='ltr'><strong><em>nescisti,</em></strong></span> <span class='ocrx_word' id='word_1_488' title='bbox 3099 2255 3229 2328; x_wconf 90' lang='lat' dir='ltr'><strong><em>quia</em></strong></span> <span class='ocrx_word' id='word_1_489' title='bbox 3257 2258 3360 2314; x_wconf 88' lang='lat' dir='ltr'><strong><em>etsi</em></strong></span> <span class='ocrx_word' id='word_1_490' title='bbox 3397 2275 3507 2315; x_wconf 91' lang='lat' dir='ltr'><strong><em>non</em></strong></span> <span class='ocrx_word' id='word_1_491' title='bbox 3538 2259 3710 2317; x_wconf 88' lang='lat' dir='ltr'><strong><em>habes</em></strong></span> <span class='ocrx_word' id='word_1_492' title='bbox 3735 2261 3854 2334; x_wconf 89' lang='lat' dir='ltr'><strong><em>jam</em></strong></span> 
     </span>
    </p>
   </div>
   <div class='ocr_carea' id='block_1_68' title="bbox 2252 2340 3852 2421">
    <p class='ocr_par' dir='ltr' id='par_1_68' title="bbox 2252 2340 3852 2421">
     <span class='ocr_line' id='line_1_68' title="bbox 2252 2340 3852 2421; baseline 0.008 -27"><span class='ocrx_word' id='word_1_493' title='bbox 2252 2340 2400 2414; x_wconf 91' lang='lat' dir='ltr'><strong><em>quod</em></strong></span> <span class='ocrx_word' id='word_1_494' title='bbox 2429 2341 2693 2412; x_wconf 89' lang='lat' dir='ltr'><strong><em>corrigas,</em></strong></span> <span class='ocrx_word' id='word_1_495' title='bbox 2743 2340 2912 2398; x_wconf 89' lang='lat' dir='ltr'><strong><em>habes</em></strong></span> <span class='ocrx_word' id='word_1_496' title='bbox 2940 2342 3123 2401; x_wconf 90' lang='lat' dir='ltr'><strong><em>adhuc</em></strong></span> <span class='ocrx_word' id='word_1_497' title='bbox 3158 2352 3341 2402; x_wconf 89' lang='lat' dir='ltr'><strong><em>tamen</em></strong></span> <span class='ocrx_word' id='word_1_498' title='bbox 3371 2363 3480 2421; x_wconf 92' lang='lat' dir='ltr'><strong><em>quo</em></strong></span> <span class='ocrx_word' id='word_1_499' title='bbox 3521 2365 3757 2406; x_wconf 88' lang='lat' dir='ltr'><strong><em>crescas.</em></strong></span> <span class='ocrx_word' id='word_1_500' title='bbox 3792 2353 3852 2407; x_wconf 91' lang='lat' dir='ltr'><strong><em>In</em></strong></span> 
     </span>
    </p>
   </div>
   <div class='ocr_carea' id='block_1_69' title="bbox 2252 2431 3852 2510">
    <p class='ocr_par' dir='ltr' id='par_1_69' title="bbox 2252 2431 3852 2510">
     <span class='ocr_line' id='line_1_69' title="bbox 2252 2431 3852 2510; baseline 0.008 -25"><span class='ocrx_word' id='word_1_501' title='bbox 2252 2437 2512 2504; x_wconf 85' lang='lat' dir='ltr'><strong><em>quantam</em></strong></span> <span class='ocrx_word' id='word_1_502' title='bbox 2541 2446 2671 2486; x_wconf 90' lang='lat' dir='ltr'><strong><em>vero</em></strong></span> <span class='ocrx_word' id='word_1_503' title='bbox 2701 2431 2929 2488; x_wconf 88' lang='lat' dir='ltr'><strong><em>virtutis</em></strong></span> <span class='ocrx_word' id='word_1_504' title='bbox 2952 2449 3132 2490; x_wconf 88' lang='lat' dir='ltr'><strong><em>arcem</em></strong></span> <span class='ocrx_word' id='word_1_505' title='bbox 3163 2451 3328 2508; x_wconf 90' lang='lat' dir='ltr'><strong><em>quam</em></strong></span> <span class='ocrx_word' id='word_1_506' title='bbox 3358 2437 3628 2510; x_wconf 87' lang='lat' dir='ltr'><strong><em>plurimos</em></strong></span> <span class='ocrx_word' id='word_1_507' title='bbox 3657 2441 3852 2497; x_wconf 83' lang='lat' dir='ltr'><strong><em>suble-</em></strong></span> 
     </span>
    </p>
   </div>
   <div class='ocr_carea' id='block_1_70' title="bbox 2251 2525 3852 2600">
    <p class='ocr_par' dir='ltr' id='par_1_70' title="bbox 2251 2525 3852 2600">
     <span class='ocr_line' id='line_1_70' title="bbox 2251 2525 3852 2600; baseline 0.008 -26"><span class='ocrx_word' id='word_1_508' title='bbox 2251 2535 2398 2588; x_wconf 87' lang='lat' dir='ltr'><strong><em>vem,</em></strong></span> <span class='ocrx_word' id='word_1_509' title='bbox 2443 2536 2531 2576; x_wconf 88' lang='lat' dir='ltr'><strong><em>me</em></strong></span> <span class='ocrx_word' id='word_1_510' title='bbox 2561 2536 2684 2576; x_wconf 92' lang='lat' dir='ltr'><strong><em>ecce</em></strong></span> <span class='ocrx_word' id='word_1_511' title='bbox 2713 2530 2971 2577; x_wconf 85' lang='lat' dir='ltr'><strong><em>narrante</em></strong></span> <span class='ocrx_word' id='word_1_512' title='bbox 3017 2525 3344 2596; x_wconf 87' lang='lat' dir='ltr'><strong><em>cognovisti.</em></strong></span> <span class='ocrx_word' id='word_1_513' title='bbox 3375 2527 3496 2600; x_wconf 91' lang='lat' dir='ltr'><strong><em>Ipse</em></strong></span> <span class='ocrx_word' id='word_1_514' title='bbox 3523 2530 3852 2586; x_wconf 89' lang='lat' dir='ltr'><strong><em>considera-</em></strong></span> 
     </span>
    </p>
   </div>
   <div class='ocr_carea' id='block_1_71' title="bbox 2251 2606 3853 2677">
    <p class='ocr_par' dir='ltr' id='par_1_71' title="bbox 2251 2606 3853 2677">
     <span class='ocr_line' id='line_1_71' title="bbox 2251 2606 3853 2677; baseline 0.007 -13"><span class='ocrx_word' id='word_1_515' title='bbox 2251 2606 2349 2665; x_wconf 88' lang='lat' dir='ltr'><strong><em>bas</em></strong></span> <span class='ocrx_word' id='word_1_516' title='bbox 2376 2617 2554 2677; x_wconf 89' lang='lat' dir='ltr'><strong><em>tuam,</em></strong></span> <span class='ocrx_word' id='word_1_517' title='bbox 2585 2609 2681 2666; x_wconf 88' lang='lat' dir='ltr'><strong><em>sed</em></strong></span> <span class='ocrx_word' id='word_1_518' title='bbox 2710 2610 2946 2666; x_wconf 87' lang='lat' dir='ltr'><strong><em>aliorum</em></strong></span> <span class='ocrx_word' id='word_1_519' title='bbox 2977 2613 3360 2672; x_wconf 88' lang='lat' dir='ltr'><strong><em>celsitudinem</em></strong></span> <span class='ocrx_word' id='word_1_520' title='bbox 3391 2617 3693 2675; x_wconf 89' lang='lat' dir='ltr'><strong><em>nesciebas.</em></strong></span> <span class='ocrx_word' id='word_1_521' title='bbox 3728 2621 3853 2676; x_wconf 89' lang='lat' dir='ltr'><strong><em>Au-</em></strong></span> 
     </span>
    </p>
   </div>
   <div class='ocr_carea' id='block_1_72' title="bbox 2251 2698 3853 2779">
    <p class='ocr_par' dir='ltr' id='par_1_72' title="bbox 2251 2698 3853 2779">
     <span class='ocr_line' id='line_1_72' title="bbox 2251 2698 3853 2779; baseline 0.007 -25"><span class='ocrx_word' id='word_1_522' title='bbox 2251 2698 2385 2755; x_wconf 88' lang='lat' dir='ltr'><strong><em>ditis</em></strong></span> <span class='ocrx_word' id='word_1_523' title='bbox 2414 2699 2586 2772; x_wconf 88' lang='lat' dir='ltr'><strong><em>igitur</em></strong></span> <span class='ocrx_word' id='word_1_524' title='bbox 2629 2700 2865 2756; x_wconf 89' lang='lat' dir='ltr'><strong><em>aliorum</em></strong></span> <span class='ocrx_word' id='word_1_525' title='bbox 2916 2701 3240 2771; x_wconf 86' lang='lat' dir='ltr'><strong><em>virtutibus,</em></strong></span> <span class='ocrx_word' id='word_1_526' title='bbox 3282 2705 3326 2760; x_wconf 91' lang='lat' dir='ltr'><strong><em>si</em></strong></span> <span class='ocrx_word' id='word_1_527' title='bbox 3361 2706 3496 2779; x_wconf 88' lang='lat' dir='ltr'><strong><em>quid</em></strong></span> <span class='ocrx_word' id='word_1_528' title='bbox 3525 2708 3696 2775; x_wconf 88' lang='lat' dir='ltr'><strong><em>vales,</em></strong></span> <span class='ocrx_word' id='word_1_529' title='bbox 3729 2725 3853 2765; x_wconf 86' lang='lat' dir='ltr'><strong><em>res—</em></strong></span> 
     </span>
    </p>
   </div>
   <div class='ocr_carea' id='block_1_73' title="bbox 2253 2787 3854 2863">
    <p class='ocr_par' dir='ltr' id='par_1_73' title="bbox 2253 2787 3854 2863">
     <span class='ocr_line' id='line_1_73' title="bbox 2253 2787 3854 2863; baseline 0.005 -19"><span class='ocrx_word' id='word_1_530' title='bbox 2253 2789 2432 2861; x_wconf 91' lang='lat' dir='ltr'><strong><em>ponde</em></strong></span> <span class='ocrx_word' id='word_1_531' title='bbox 2472 2787 2541 2842; x_wconf 90' lang='lat' dir='ltr'><strong><em>de</em></strong></span> <span class='ocrx_word' id='word_1_532' title='bbox 2568 2788 2698 2842; x_wconf 89' lang='lat' dir='ltr'><strong><em>tuis.</em></strong></span> <span class='ocrx_word' id='word_1_533' title='bbox 2735 2789 2952 2845; x_wconf 90' lang='lat' dir='ltr'><strong><em>Scimus</em></strong></span> <span class='ocrx_word' id='word_1_534' title='bbox 2979 2798 3160 2846; x_wconf 86' lang='lat' dir='ltr'><strong><em>autem</em></strong></span> <span class='ocrx_word' id='word_1_535' title='bbox 3191 2793 3337 2863; x_wconf 91' lang='lat' dir='ltr'><strong><em>quod</em></strong></span> <span class='ocrx_word' id='word_1_536' title='bbox 3366 2795 3548 2850; x_wconf 90' lang='lat' dir='ltr'><strong><em>cordis</em></strong></span> <span class='ocrx_word' id='word_1_537' title='bbox 3587 2795 3674 2851; x_wconf 89' lang='lat' dir='ltr'><strong><em>sui</em></strong></span> <span class='ocrx_word' id='word_1_538' title='bbox 3724 2815 3854 2855; x_wconf 87' lang='lat' dir='ltr'><strong><em>ocu-</em></strong></span> 
     </span>
    </p>
   </div>
   <div class='ocr_carea' id='block_1_74' title="bbox 2253 2876 3856 2952">
    <p class='ocr_par' dir='ltr' id='par_1_74' title="bbox 2253 2876 3856 2952">
     <span class='ocr_line' id='line_1_74' title="bbox 2253 2876 3856 2952; baseline 0.007 -20"><span class='ocrx_word' id='word_1_539' title='bbox 2253 2878 2365 2932; x_wconf 91' lang='lat' dir='ltr'><strong><em>lum</em></strong></span> <span class='ocrx_word' id='word_1_540' title='bbox 2398 2893 2494 2948; x_wconf 90' lang='lat' dir='ltr'><strong><em>per</em></strong></span> <span class='ocrx_word' id='word_1_541' title='bbox 2519 2876 2774 2932; x_wconf 89' lang='lat' dir='ltr'><strong><em>elationis</em></strong></span> <span class='ocrx_word' id='word_1_542' title='bbox 2800 2877 3058 2932; x_wconf 90' lang='lat' dir='ltr'><strong><em>tenebras</em></strong></span> <span class='ocrx_word' id='word_1_543' title='bbox 3084 2880 3408 2950; x_wconf 83' lang='lat' dir='ltr'><strong><em>exstinguit,</em></strong></span> <span class='ocrx_word' id='word_1_544' title='bbox 3428 2883 3684 2952; x_wconf 86' lang='lat' dir='ltr'><strong><em>qui,cum</em></strong></span> <span class='ocrx_word' id='word_1_545' title='bbox 3700 2895 3856 2942; x_wconf 86' lang='lat' dir='ltr'><strong><em>recta</em></strong></span> 
     </span>
    </p>
   </div>
   <div class='ocr_carea' id='block_1_75' title="bbox 2251 2965 3855 3042">
    <p class='ocr_par' dir='ltr' id='par_1_75' title="bbox 2251 2965 3855 3042">
     <span class='ocr_line' id='line_1_75' title="bbox 2251 2965 3855 3042; baseline 0.003 -20"><span class='ocrx_word' id='word_1_546' title='bbox 2251 2965 2381 3038; x_wconf 85' lang='lat' dir='ltr'><strong><em>agit,</em></strong></span> <span class='ocrx_word' id='word_1_547' title='bbox 2423 2965 2770 3022; x_wconf 89' lang='lat' dir='ltr'><strong><em>considerare</em></strong></span> <span class='ocrx_word' id='word_1_548' title='bbox 2804 2965 3095 3020; x_wconf 90' lang='lat' dir='ltr'><strong><em>meliorum</em></strong></span> <span class='ocrx_word' id='word_1_549' title='bbox 3135 2968 3331 3022; x_wconf 86' lang='lat' dir='ltr'><strong><em>merita</em></strong></span> <span class='ocrx_word' id='word_1_550' title='bbox 3372 2970 3617 3042; x_wconf 88' lang='lat' dir='ltr'><strong><em>negligit.</em></strong></span> <span class='ocrx_word' id='word_1_551' title='bbox 3653 2980 3855 3037; x_wconf 81' lang='lat'><strong><em>1045</em></strong></span> 
     </span>
    </p>
   </div>
   <div class='ocr_carea' id='block_1_76' title="bbox 2252 3062 3852 3139">
    <p class='ocr_par' dir='ltr' id='par_1_76' title="bbox 2252 3062 3852 3139">
     <span class='ocr_line' id='line_1_76' title="bbox 2252 3062 3852 3139; baseline 0.003 -17"><span class='ocrx_word' id='word_1_552' title='bbox 2252 3067 2325 3122; x_wconf 85' lang='lat' dir='ltr'><strong><em>At</em></strong></span> <span class='ocrx_word' id='word_1_553' title='bbox 2341 3073 2532 3123; x_wconf 87' lang='lat' dir='ltr'><strong><em>contra</em></strong></span> <span class='ocrx_word' id='word_1_554' title='bbox 2546 3081 2746 3137; x_wconf 89' lang='lat' dir='ltr'><strong><em>magno</em></strong></span> <span class='ocrx_word' id='word_1_555' title='bbox 2761 3062 3094 3120; x_wconf 89' lang='lat' dir='ltr'><strong><em>humilitatis</em></strong></span> <span class='ocrx_word' id='word_1_556' title='bbox 3114 3063 3266 3120; x_wconf 92' lang='lat' dir='ltr'><strong><em>radio</em></strong></span> <span class='ocrx_word' id='word_1_557' title='bbox 3286 3082 3384 3122; x_wconf 89' lang='lat' dir='ltr'><strong><em>sua</em></strong></span> <span class='ocrx_word' id='word_1_558' title='bbox 3401 3083 3562 3138; x_wconf 88' lang='lat' dir='ltr'><strong><em>opera</em></strong></span> <span class='ocrx_word' id='word_1_559' title='bbox 3582 3069 3852 3139; x_wconf 88' lang='lat' dir='ltr'><strong><em>illustrat,</em></strong></span> 
     </span>
    </p>
   </div>
   <div class='ocr_carea' id='block_1_77' title="bbox 2249 3152 3853 3231">
    <p class='ocr_par' dir='ltr' id='par_1_77' title="bbox 2249 3152 3853 3231">
     <span class='ocr_line' id='line_1_77' title="bbox 2249 3152 3853 3231; baseline 0.003 -22"><span class='ocrx_word' id='word_1_560' title='bbox 2249 3152 2345 3227; x_wconf 91' lang='lat' dir='ltr'><strong><em>qui</em></strong></span> <span class='ocrx_word' id='word_1_561' title='bbox 2373 3155 2609 3210; x_wconf 90' lang='lat' dir='ltr'><strong><em>aliorum</em></strong></span> <span class='ocrx_word' id='word_1_562' title='bbox 2629 3153 2775 3208; x_wconf 88' lang='lat' dir='ltr'><strong><em>bona</em></strong></span> <span class='ocrx_word' id='word_1_563' title='bbox 2801 3152 3080 3209; x_wconf 86' lang='lat' dir='ltr'><strong><em>subtiliter</em></strong></span> <span class='ocrx_word' id='word_1_564' title='bbox 3108 3162 3319 3225; x_wconf 87' lang='lat' dir='ltr'><strong><em>pensat,</em></strong></span> <span class='ocrx_word' id='word_1_565' title='bbox 3339 3154 3469 3226; x_wconf 88' lang='lat' dir='ltr'><strong><em>quia</em></strong></span> <span class='ocrx_word' id='word_1_566' title='bbox 3489 3155 3621 3211; x_wconf 89' lang='lat' dir='ltr'><strong><em>dum</em></strong></span> <span class='ocrx_word' id='word_1_567' title='bbox 3641 3173 3706 3213; x_wconf 88' lang='lat' dir='ltr'><strong><em>ea</em></strong></span> <span class='ocrx_word' id='word_1_568' title='bbox 3728 3174 3853 3231; x_wconf 70' lang='lat' dir='ltr'><strong><em>qum</em></strong></span> 
     </span>
    </p>
   </div>
   <div class='ocr_carea' id='block_1_78' title="bbox 2249 3240 3852 3317">
    <p class='ocr_par' dir='ltr' id='par_1_78' title="bbox 2249 3240 3852 3317">
     <span class='ocr_line' id='line_1_78' title="bbox 2249 3240 3852 3317; baseline 0.002 -20"><span class='ocrx_word' id='word_1_569' title='bbox 2249 3243 2362 3314; x_wconf 91' lang='lat' dir='ltr'><strong><em>ipse</em></strong></span> <span class='ocrx_word' id='word_1_570' title='bbox 2393 3242 2586 3299; x_wconf 82' lang='lat' dir='ltr'><strong><em>fecerit</em></strong></span> <span class='ocrx_word' id='word_1_571' title='bbox 2615 3241 2760 3296; x_wconf 85' lang='lat' dir='ltr'><strong><em>facta</em></strong></span> <span class='ocrx_word' id='word_1_572' title='bbox 2787 3240 2921 3296; x_wconf 85' lang='lat' dir='ltr'><strong><em>foris</em></strong></span> <span class='ocrx_word' id='word_1_573' title='bbox 2949 3248 3004 3297; x_wconf 91' lang='lat' dir='ltr'><strong><em>et</em></strong></span> <span class='ocrx_word' id='word_1_574' title='bbox 3033 3240 3100 3296; x_wconf 87' lang='lat' dir='ltr'><strong><em>ab</em></strong></span> <span class='ocrx_word' id='word_1_575' title='bbox 3127 3240 3250 3297; x_wconf 89' lang='lat' dir='ltr'><strong><em>aliis</em></strong></span> <span class='ocrx_word' id='word_1_576' title='bbox 3270 3241 3563 3314; x_wconf 90' lang='lat' dir='ltr'><strong><em>conspicit,</em></strong></span> <span class='ocrx_word' id='word_1_577' title='bbox 3594 3259 3726 3299; x_wconf 89' lang='lat' dir='ltr'><strong><em>eum</em></strong></span> <span class='ocrx_word' id='word_1_578' title='bbox 3757 3245 3852 3317; x_wconf 90' lang='lat' dir='ltr'><strong><em>qui</em></strong></span> 
     </span>
    </p>
   </div>
   <div class='ocr_carea' id='block_1_79' title="bbox 2249 3330 3851 3404">
    <p class='ocr_par' dir='ltr' id='par_1_79' title="bbox 2249 3330 3851 3404">
     <span class='ocr_line' id='line_1_79' title="bbox 2249 3330 3851 3404; baseline 0.001 -16"><span class='ocrx_word' id='word_1_579' title='bbox 2249 3332 2316 3388; x_wconf 90' lang='lat' dir='ltr'><strong><em>de</em></strong></span> <span class='ocrx_word' id='word_1_580' title='bbox 2339 3331 2716 3404; x_wconf 85' lang='lat' dir='ltr'><strong><em>singularitate</em></strong></span> <span class='ocrx_word' id='word_1_581' title='bbox 2746 3330 2894 3386; x_wconf 88' lang='lat' dir='ltr'><strong><em>intus</em></strong></span> <span class='ocrx_word' id='word_1_582' title='bbox 2919 3346 3203 3402; x_wconf 88' lang='lat' dir='ltr'><strong><em>erumpere</em></strong></span> <span class='ocrx_word' id='word_1_583' title='bbox 3232 3332 3434 3388; x_wconf 88' lang='lat' dir='ltr'><strong><em>nititur</em></strong></span> <span class='ocrx_word' id='word_1_584' title='bbox 3463 3333 3738 3403; x_wconf 63' lang='lat' dir='ltr'><strong><em>superbiae</em></strong></span> <span class='ocrx_word' id='word_1_585' title='bbox 3769 3342 3851 3390; x_wconf 84' lang='lat' dir='ltr'><strong><em>tu-</em></strong></span> 
     </span>
    </p>
   </div>
   <div class='ocr_carea' id='block_1_80' title="bbox 2250 3418 3851 3492">
    <p class='ocr_par' dir='ltr' id='par_1_80' title="bbox 2250 3418 3851 3492">
     <span class='ocr_line' id='line_1_80' title="bbox 2250 3418 3851 3492; baseline 0 -16"><span class='ocrx_word' id='word_1_586' title='bbox 2250 3436 2457 3476; x_wconf 90' lang='lat' dir='ltr'><strong><em>morem</em></strong></span> <span class='ocrx_word' id='word_1_587' title='bbox 2486 3419 2708 3492; x_wconf 88' lang='lat' dir='ltr'><strong><em>premit.</em></strong></span> <span class='ocrx_word' id='word_1_588' title='bbox 2741 3418 2883 3474; x_wconf 86' lang='lat' dir='ltr'><strong><em>Hinc</em></strong></span> <span class='ocrx_word' id='word_1_589' title='bbox 2910 3426 2991 3474; x_wconf 88' lang='lat' dir='ltr'><strong><em>est</em></strong></span> <span class='ocrx_word' id='word_1_590' title='bbox 3022 3419 3169 3492; x_wconf 88' lang='lat' dir='ltr'><strong><em>quod</em></strong></span> <span class='ocrx_word' id='word_1_591' title='bbox 3197 3437 3330 3476; x_wconf 92' lang='lat' dir='ltr'><strong><em>voce</em></strong></span> <span class='ocrx_word' id='word_1_592' title='bbox 3346 3421 3446 3477; x_wconf 88' lang='lat' dir='ltr'><strong><em>Dei</em></strong></span> <span class='ocrx_word' id='word_1_593' title='bbox 3477 3421 3544 3476; x_wconf 90' lang='lat' dir='ltr'><strong><em>ad</em></strong></span> <span class='ocrx_word' id='word_1_594' title='bbox 3566 3421 3754 3478; x_wconf 90' lang='lat' dir='ltr'><strong><em>Eliam</em></strong></span> <span class='ocrx_word' id='word_1_595' title='bbox 3773 3439 3851 3478; x_wconf 87' lang='lat' dir='ltr'><strong><em>so-</em></strong></span> 
     </span>
    </p>
   </div>
   <div class='ocr_carea' id='block_1_81' title="bbox 2252 3506 3851 3581">
    <p class='ocr_par' dir='ltr' id='par_1_81' title="bbox 2252 3506 3851 3581">
     <span class='ocr_line' id='line_1_81' title="bbox 2252 3506 3851 3581; baseline -0.001 -16"><span class='ocrx_word' id='word_1_596' title='bbox 2252 3510 2366 3565; x_wconf 90' lang='lat' dir='ltr'><strong><em>lum</em></strong></span> <span class='ocrx_word' id='word_1_597' title='bbox 2389 3526 2444 3565; x_wconf 90' lang='lat' dir='ltr'><strong><em>se</em></strong></span> <span class='ocrx_word' id='word_1_598' title='bbox 2471 3508 2833 3564; x_wconf 84' lang='lat' dir='ltr'><strong><em>eestimantem</em></strong></span> <span class='ocrx_word' id='word_1_599' title='bbox 2855 3506 3092 3564; x_wconf 89' lang='lat' dir='ltr'><strong><em>dicitur:</em></strong></span> <span class='ocrx_word' id='word_1_600' title='bbox 3129 3509 3340 3579; x_wconf 85' lang='lat' dir='ltr'><strong><em>Reliqui</em></strong></span> <span class='ocrx_word' id='word_1_601' title='bbox 3364 3508 3498 3564; x_wconf 86' lang='lat' dir='ltr'><strong><em>mihi</em></strong></span> <span class='ocrx_word' id='word_1_602' title='bbox 3524 3515 3718 3581; x_wconf 87' lang='lat' dir='ltr'><strong><em>septem</em></strong></span> <span class='ocrx_word' id='word_1_603' title='bbox 3739 3510 3851 3564; x_wconf 89' lang='lat' dir='ltr'><strong><em>mil-</em></strong></span> 
     </span>
    </p>
   </div>
   <div class='ocr_carea' id='block_1_82' title="bbox 2255 3598 3854 3670">
    <p class='ocr_par' dir='ltr' id='par_1_82' title="bbox 2255 3598 3854 3670">
     <span class='ocr_line' id='line_1_82' title="bbox 2255 3598 3854 3670; baseline -0.003 -15"><span class='ocrx_word' id='word_1_604' title='bbox 2255 3599 2330 3655; x_wconf 87' lang='lat' dir='ltr'><strong><em>lia</em></strong></span> <span class='ocrx_word' id='word_1_605' title='bbox 2361 3599 2601 3654; x_wconf 87' lang='lat' dir='ltr'><strong><em>v-irorum</em></strong></span> <span class='ocrx_word' id='word_1_606' title='bbox 2641 3598 2736 3668; x_wconf 90' lang='lat' dir='ltr'><strong><em>qui</em></strong></span> <span class='ocrx_word' id='word_1_607' title='bbox 2778 3601 2968 3659; x_wconf 81' lang='lat'><strong><em>1046</em></strong></span> <span class='ocrx_word' id='word_1_608' title='bbox 3015 3614 3121 3652; x_wconf 90' lang='lat' dir='ltr'><strong><em>non</em></strong></span> <span class='ocrx_word' id='word_1_609' title='bbox 3157 3605 3513 3654; x_wconf 77' lang='lat' dir='ltr'><strong><em>curvaverant</em></strong></span> <span class='ocrx_word' id='word_1_610' title='bbox 3537 3617 3712 3670; x_wconf 88' lang='lat' dir='ltr'><strong><em>genua</em></strong></span> <span class='ocrx_word' id='word_1_611' title='bbox 3739 3605 3854 3654; x_wconf 79' lang='lat' dir='ltr'><strong><em>ante</em></strong></span> 
     </span>
    </p>
   </div>
   <div class='ocr_carea' id='block_1_83' title="bbox 2254 3694 3852 3768">
    <p class='ocr_par' dir='ltr' id='par_1_83' title="bbox 2254 3694 3852 3768">
     <span class='ocr_line' id='line_1_83' title="bbox 2254 3694 3852 3768; baseline -0.001 -16"><span class='ocrx_word' id='word_1_612' title='bbox 2254 3696 2397 3752; x_wconf 88' lang='lat' dir='ltr'><strong><em>Baal</em></strong></span> <span class='ocrx_word' id='word_1_613' title='bbox 2428 3695 2549 3768; x_wconf 90' lang='lat' dir='ltr'><strong><em>(III</em></strong></span> <span class='ocrx_word' id='word_1_614' title='bbox 2573 3697 2699 3766; x_wconf 87' lang='lat' dir='ltr'><strong><em>Reg.</em></strong></span> <span class='ocrx_word' id='word_1_615' title='bbox 2743 3711 2865 3763; x_wconf 85' lang='lat' dir='ltr'><strong><em>xIx,</em></strong></span> <span class='ocrx_word' id='word_1_616' title='bbox 2900 3695 3015 3767; x_wconf 88' lang='grc'><strong><em>18),</em></strong></span> <span class='ocrx_word' id='word_1_617' title='bbox 3055 3702 3118 3750; x_wconf 91' lang='lat' dir='ltr'><strong><em>ut</em></strong></span> <span class='ocrx_word' id='word_1_618' title='bbox 3150 3694 3284 3751; x_wconf 90' lang='lat' dir='ltr'><strong><em>dum</em></strong></span> <span class='ocrx_word' id='word_1_619' title='bbox 3314 3711 3425 3750; x_wconf 92' lang='lat' dir='ltr'><strong><em>non</em></strong></span> <span class='ocrx_word' id='word_1_620' title='bbox 3454 3695 3638 3751; x_wconf 88' lang='lat' dir='ltr'><strong><em>solum</em></strong></span> <span class='ocrx_word' id='word_1_621' title='bbox 3679 3712 3735 3752; x_wconf 89' lang='lat' dir='ltr'><strong><em>se</em></strong></span> <span class='ocrx_word' id='word_1_622' title='bbox 3762 3712 3852 3751; x_wconf 88' lang='lat' dir='ltr'><strong><em>re-</em></strong></span> 
     </span>
    </p>
   </div>
   <div class='ocr_carea' id='block_1_84' title="bbox 2255 3783 3852 3858">
    <p class='ocr_par' dir='ltr' id='par_1_84' title="bbox 2255 3783 3852 3858">
     <span class='ocr_line' id='line_1_84' title="bbox 2255 3783 3852 3858; baseline -0.002 -18"><span class='ocrx_word' id='word_1_623' title='bbox 2255 3785 2521 3842; x_wconf 87' lang='lat' dir='ltr'><strong><em>mansisse</em></strong></span> <span class='ocrx_word' id='word_1_624' title='bbox 2559 3791 2930 3858; x_wconf 88' lang='lat' dir='ltr'><strong><em>cognosceret,</em></strong></span> <span class='ocrx_word' id='word_1_625' title='bbox 2978 3784 3231 3840; x_wconf 90' lang='lat' dir='ltr'><strong><em>elationis</em></strong></span> <span class='ocrx_word' id='word_1_626' title='bbox 3261 3783 3516 3857; x_wconf 88' lang='lat' dir='ltr'><strong><em>gloriam,</em></strong></span> <span class='ocrx_word' id='word_1_627' title='bbox 3549 3800 3675 3856; x_wconf 64' lang='lat' dir='ltr'><strong><em>qua;</em></strong></span> <span class='ocrx_word' id='word_1_628' title='bbox 3705 3784 3754 3842; x_wconf 90' lang='lat' dir='ltr'><strong><em>ei</em></strong></span> <span class='ocrx_word' id='word_1_629' title='bbox 3790 3785 3852 3839; x_wconf 90' lang='lat' dir='ltr'><strong><em>de</em></strong></span> 
     </span>
    </p>
   </div>
   <div class='ocr_carea' id='block_1_85' title="bbox 2256 3875 3854 3947">
    <p class='ocr_par' dir='ltr' id='par_1_85' title="bbox 2256 3875 3854 3947">
     <span class='ocr_line' id='line_1_85' title="bbox 2256 3875 3854 3947; baseline -0.001 -17"><span class='ocrx_word' id='word_1_630' title='bbox 2256 3876 2636 3947; x_wconf 88' lang='lat' dir='ltr'><strong><em>singularitate</em></strong></span> <span class='ocrx_word' id='word_1_631' title='bbox 2665 3890 2885 3946; x_wconf 88' lang='lat' dir='ltr'><strong><em>surgere</em></strong></span> <span class='ocrx_word' id='word_1_632' title='bbox 2919 3882 3154 3946; x_wconf 88' lang='lat' dir='ltr'><strong><em>poterat,</em></strong></span> <span class='ocrx_word' id='word_1_633' title='bbox 3186 3875 3391 3931; x_wconf 88' lang='lat' dir='ltr'><strong><em>evitare</em></strong></span> <span class='ocrx_word' id='word_1_634' title='bbox 3419 3882 3623 3946; x_wconf 88' lang='lat' dir='ltr'><strong><em>posset.</em></strong></span> <span class='ocrx_word' id='word_1_635' title='bbox 3663 3876 3854 3930; x_wconf 87' lang='lat' dir='ltr'><strong><em>Beatus</em></strong></span> 
     </span>
    </p>
   </div>
   <div class='ocr_carea' id='block_1_86' title="bbox 2257 3962 3852 4036">
    <p class='ocr_par' dir='ltr' id='par_1_86' title="bbox 2257 3962 3852 4036">
     <span class='ocr_line' id='line_1_86' title="bbox 2257 3962 3852 4036; baseline 0 -18"><span class='ocrx_word' id='word_1_636' title='bbox 2257 3964 2442 4035; x_wconf 89' lang='lat' dir='ltr'><strong><em>itaque</em></strong></span> <span class='ocrx_word' id='word_1_637' title='bbox 2469 3963 2570 4019; x_wconf 86' lang='lat' dir='ltr'><strong><em>Job</em></strong></span> <span class='ocrx_word' id='word_1_638' title='bbox 2600 3963 2744 4018; x_wconf 90' lang='lat' dir='ltr'><strong><em>nihil</em></strong></span> <span class='ocrx_word' id='word_1_639' title='bbox 2774 3978 3025 4034; x_wconf 90' lang='lat' dir='ltr'><strong><em>perverse</em></strong></span> <span class='ocrx_word' id='word_1_640' title='bbox 3052 3963 3223 4035; x_wconf 88' lang='lat' dir='ltr'><strong><em>egisse</em></strong></span> <span class='ocrx_word' id='word_1_641' title='bbox 3245 3964 3267 3998; x_wconf 81' lang='grc'>³</span> <span class='ocrx_word' id='word_1_642' title='bbox 3296 3963 3741 4036; x_wconf 89' lang='lat' dir='ltr'><strong><em>reprehenditur,</em></strong></span> <span class='ocrx_word' id='word_1_643' title='bbox 3762 3962 3852 4018; x_wconf 90' lang='lat' dir='ltr'><strong><em>sed</em></strong></span> 
     </span>
    </p>
   </div>
   <div class='ocr_carea' id='block_1_87' title="bbox 2257 4050 3851 4122">
    <p class='ocr_par' dir='ltr' id='par_1_87' title="bbox 2257 4050 3851 4122">
     <span class='ocr_line' id='line_1_87' title="bbox 2257 4050 3851 4122; baseline -0.001 -15"><span class='ocrx_word' id='word_1_644' title='bbox 2257 4051 2324 4107; x_wconf 90' lang='lat' dir='ltr'><strong><em>de</em></strong></span> <span class='ocrx_word' id='word_1_645' title='bbox 2354 4051 2589 4106; x_wconf 88' lang='lat' dir='ltr'><strong><em>aliorum</em></strong></span> <span class='ocrx_word' id='word_1_646' title='bbox 2631 4051 2800 4105; x_wconf 90' lang='lat' dir='ltr'><strong><em>etiam</em></strong></span> <span class='ocrx_word' id='word_1_647' title='bbox 2839 4050 2979 4106; x_wconf 89' lang='lat' dir='ltr'><strong><em>bene</em></strong></span> <span class='ocrx_word' id='word_1_648' title='bbox 3026 4051 3190 4122; x_wconf 88' lang='lat' dir='ltr'><strong><em>gestis</em></strong></span> <span class='ocrx_word' id='word_1_649' title='bbox 3234 4051 3482 4120; x_wconf 88' lang='lat' dir='ltr'><strong><em>docetur,</em></strong></span> <span class='ocrx_word' id='word_1_650' title='bbox 3526 4059 3585 4106; x_wconf 92' lang='lat' dir='ltr'><strong><em>ut</em></strong></span> <span class='ocrx_word' id='word_1_651' title='bbox 3631 4051 3762 4106; x_wconf 89' lang='lat' dir='ltr'><strong><em>dum</em></strong></span> <span class='ocrx_word' id='word_1_652' title='bbox 3795 4065 3851 4105; x_wconf 85' lang='lat' dir='ltr'><strong><em>se</em></strong></span> 
     </span>
    </p>
   </div>
   <div class='ocr_carea' id='block_1_88' title="bbox 2260 4137 3851 4214">
    <p class='ocr_par' dir='ltr' id='par_1_88' title="bbox 2260 4137 3851 4214">
     <span class='ocr_line' id='line_1_88' title="bbox 2260 4137 3851 4214; baseline -0.002 -18"><span class='ocrx_word' id='word_1_653' title='bbox 2260 4141 2493 4212; x_wconf 67' lang='lat' dir='ltr'><strong><em>aaquales</em></strong></span> <span class='ocrx_word' id='word_1_654' title='bbox 2523 4145 2579 4211; x_wconf 85' lang='lat' dir='ltr'><strong><em>et</em></strong></span> <span class='ocrx_word' id='word_1_655' title='bbox 2605 4137 2743 4194; x_wconf 90' lang='lat' dir='ltr'><strong><em>alios</em></strong></span> <span class='ocrx_word' id='word_1_656' title='bbox 2773 4137 2974 4194; x_wconf 89' lang='lat' dir='ltr'><strong><em>habere</em></strong></span> <span class='ocrx_word' id='word_1_657' title='bbox 3002 4139 3332 4208; x_wconf 90' lang='lat' dir='ltr'><strong><em>considerat,</em></strong></span> <span class='ocrx_word' id='word_1_658' title='bbox 3361 4139 3411 4195; x_wconf 91' lang='lat' dir='ltr'><strong><em>ei</em></strong></span> <span class='ocrx_word' id='word_1_659' title='bbox 3441 4140 3534 4213; x_wconf 88' lang='lat' dir='ltr'><strong><em>qui</em></strong></span> <span class='ocrx_word' id='word_1_660' title='bbox 3562 4137 3851 4214; x_wconf 85' lang='lat' dir='ltr'><strong><em>singulari-</em></strong></span> 
     </span>
    </p>
   </div>
   <div class='ocr_carea' id='block_1_89' title="bbox 546 4226 3403 4305">
    <p class='ocr_par' dir='ltr' id='par_1_89' title="bbox 546 4226 3403 4305">
     <span class='ocr_line' id='line_1_89' title="bbox 546 4226 3403 4305; baseline -0.001 -17"><span class='ocrx_word' id='word_1_661' title='bbox 546 4231 731 4305; x_wconf 90' lang='lat' dir='ltr'><strong><em>itaque</em></strong></span> <span class='ocrx_word' id='word_1_662' title='bbox 761 4239 845 4287; x_wconf 92' lang='lat' dir='ltr'><strong><em>tot</em></strong></span> <span class='ocrx_word' id='word_1_663' title='bbox 872 4239 1194 4290; x_wconf 87' lang='lat' dir='ltr'><strong><em>sanctorum</em></strong></span> <span class='ocrx_word' id='word_1_664' title='bbox 1223 4233 1549 4302; x_wconf 88' lang='lat' dir='ltr'><strong><em>virtutibus,</em></strong></span> <span class='ocrx_word' id='word_1_665' title='bbox 1587 4233 1780 4290; x_wconf 90' lang='lat' dir='ltr'><strong><em>beatus</em></strong></span> <span class='ocrx_word' id='word_1_666' title='bbox 1819 4233 1920 4289; x_wconf 90' lang='lat' dir='ltr'><strong><em>Job</em></strong></span> <span class='ocrx_word' id='word_1_667' title='bbox 1951 4233 2150 4290; x_wconf 83' lang='lat' dir='ltr'><strong><em>obstu—</em></strong></span> <span class='ocrx_word' id='word_1_668' title='bbox 2177 4233 2226 4293; x_wconf 93' lang='lat' dir='ltr'><strong><em>D</em></strong></span> <span class='ocrx_word' id='word_1_669' title='bbox 2260 4236 2344 4286; x_wconf 89' lang='lat' dir='ltr'><strong><em>ter</em></strong></span> <span class='ocrx_word' id='word_1_670' title='bbox 2372 4243 2622 4285; x_wconf 87' lang='lat' dir='ltr'><strong><em>summus</em></strong></span> <span class='ocrx_word' id='word_1_671' title='bbox 2649 4233 2752 4297; x_wconf 90' lang='lat' dir='ltr'><strong><em>est,</em></strong></span> <span class='ocrx_word' id='word_1_672' title='bbox 2783 4243 2840 4284; x_wconf 88' lang='lat' dir='ltr'><strong><em>se</em></strong></span> <span class='ocrx_word' id='word_1_673' title='bbox 2869 4226 3156 4284; x_wconf 86' lang='lat' dir='ltr'><strong><em>humiliter</em></strong></span> <span class='ocrx_word' id='word_1_674' title='bbox 3183 4227 3403 4285; x_wconf 89' lang='lat' dir='ltr'><strong><em>subdat.</em></strong></span> 
     </span>
    </p>
   </div>
   <div class='ocr_carea' id='block_1_90' title="bbox 622 4405 2146 4479">
    <p class='ocr_par' dir='ltr' id='par_1_90' title="bbox 622 4405 2146 4479">
     <span class='ocr_line' id='line_1_90' title="bbox 622 4405 2146 4479; baseline 0.002 -16"><span class='ocrx_word' id='word_1_675' title='bbox 622 4408 638 4442; x_wconf 80' lang='grc' dir='ltr'>ί</span> <span class='ocrx_word' id='word_1_676' title='bbox 669 4405 866 4474; x_wconf 90' lang='lat' dir='ltr'><strong><em>Laud.,</em></strong></span> <span class='ocrx_word' id='word_1_677' title='bbox 897 4405 1020 4464; x_wconf 78' lang='lat' dir='ltr'><strong><em>Val.</em></strong></span> <span class='ocrx_word' id='word_1_678' title='bbox 1069 4405 1180 4478; x_wconf 87' lang='lat' dir='ltr'><strong><em>CL,</em></strong></span> <span class='ocrx_word' id='word_1_679' title='bbox 1212 4407 1396 4466; x_wconf 89' lang='lat' dir='ltr'><strong><em>Germ.</em></strong></span> <span class='ocrx_word' id='word_1_680' title='bbox 1447 4417 1503 4466; x_wconf 92' lang='lat' dir='ltr'><strong><em>et</em></strong></span> <span class='ocrx_word' id='word_1_681' title='bbox 1545 4408 1808 4479; x_wconf 87' lang='lat' dir='ltr'><strong><em>Vindoc.,</em></strong></span> <span class='ocrx_word' id='word_1_682' title='bbox 1838 4408 1934 4466; x_wconf 88' lang='lat' dir='ltr'><strong><em>illo</em></strong></span> <span class='ocrx_word' id='word_1_683' title='bbox 1967 4409 2146 4466; x_wconf 84' lang='lat' dir='ltr'><strong><em>tendit.</em></strong></span> 
     </span>
    </p>
   </div>
   <div class='ocr_carea' id='block_1_91' title="bbox 2333 4407 3644 4484">
    <p class='ocr_par' dir='ltr' id='par_1_91' title="bbox 2333 4407 3644 4484">
     <span class='ocr_line' id='line_1_91' title="bbox 2333 4407 3644 4484; baseline 0.002 -19"><span class='ocrx_word' id='word_1_684' title='bbox 2333 4409 2356 4444; x_wconf 79' lang='grc'>³</span> <span class='ocrx_word' id='word_1_685' title='bbox 2385 4407 2588 4479; x_wconf 86' lang='lat' dir='ltr'><strong><em>Laud.,</em></strong></span> <span class='ocrx_word' id='word_1_686' title='bbox 2619 4409 2804 4467; x_wconf 87' lang='lat' dir='ltr'><strong><em>Germ.</em></strong></span> <span class='ocrx_word' id='word_1_687' title='bbox 2839 4415 2894 4466; x_wconf 92' lang='lat' dir='ltr'><strong><em>et</em></strong></span> <span class='ocrx_word' id='word_1_688' title='bbox 2919 4408 3044 4468; x_wconf 80' lang='lat' dir='ltr'><strong><em>Val.</em></strong></span> <span class='ocrx_word' id='word_1_689' title='bbox 3077 4409 3185 4479; x_wconf 83' lang='lat' dir='ltr'><strong><em>CL,</em></strong></span> <span class='ocrx_word' id='word_1_690' title='bbox 3216 4409 3644 4484; x_wconf 81' lang='lat' dir='ltr'><strong><em>deprehenditur.</em></strong></span> 
     </span>
    </p>
   </div>
   <div class='ocr_carea' id='block_1_92' title="bbox 1270 4689 3130 4778">
    <p class='ocr_par' dir='ltr' id='par_1_92' title="bbox 1270 4689 3130 4778">
     <span class='ocr_line' id='line_1_92' title="bbox 1270 4689 3130 4778; baseline -0.002 0"><span class='ocrx_word' id='word_1_691' title='bbox 1270 4689 1609 4778; x_wconf 83' lang='lat' dir='ltr'><strong>LIBER</strong></span> <span class='ocrx_word' id='word_1_692' title='bbox 1713 4689 2395 4776; x_wconf 83' lang='lat' dir='ltr'><strong><em>TRIGESIMUS</em></strong></span> <span class='ocrx_word' id='word_1_693' title='bbox 2509 4689 3130 4777; x_wconf 90' lang='lat' dir='ltr'><strong><em>SECUNDUS.</em></strong></span> 
     </span>
    </p>
   </div>
   <div class='ocr_carea' id='block_1_93' title="bbox 550 4847 3853 4935">
    <p class='ocr_par' dir='ltr' id='par_1_93' title="bbox 550 4847 3853 4935">
     <span class='ocr_line' id='line_1_93' title="bbox 550 4847 3853 4935; baseline 0.001 -22"><span class='ocrx_word' id='word_1_694' title='bbox 550 4850 803 4926; x_wconf 84' lang='lat' dir='ltr'><strong><em>Duobus</em></strong></span> <span class='ocrx_word' id='word_1_695' title='bbox 844 4848 1099 4913; x_wconf 89' lang='lat' dir='ltr'><strong><em>ultimis</em></strong></span> <span class='ocrx_word' id='word_1_696' title='bbox 1141 4849 1478 4935; x_wconf 77' lang='lat' dir='ltr'><strong><em>versiculis</em></strong></span> <span class='ocrx_word' id='word_1_697' title='bbox 1523 4848 1756 4935; x_wconf 75' lang='lat' dir='ltr'><strong><em>capitis</em></strong></span> <span class='ocrx_word' id='word_1_698' title='bbox 1793 4867 1989 4935; x_wconf 50' lang='lat' dir='ltr'><strong><em>axina</em></strong></span> <span class='ocrx_word' id='word_1_699' title='bbox 2028 4847 2395 4935; x_wconf 72' lang='lat' dir='ltr'><strong><em>explicatis,</em></strong></span> <span class='ocrx_word' id='word_1_700' title='bbox 2442 4856 2728 4935; x_wconf 82' lang='lat' dir='ltr'><strong><em>quatuor</em></strong></span> <span class='ocrx_word' id='word_1_701' title='bbox 2771 4866 2979 4935; x_wconf 60' lang='lat' dir='ltr'><strong><em>supfa</em></strong></span> <span class='ocrx_word' id='word_1_702' title='bbox 3022 4849 3238 4913; x_wconf 88' lang='lat' dir='ltr'><strong><em>decem</em></strong></span> <span class='ocrx_word' id='word_1_703' title='bbox 3283 4853 3536 4935; x_wconf 81' lang='lat' dir='ltr'><strong><em>priores</em></strong></span> <span class='ocrx_word' id='word_1_704' title='bbox 3571 4869 3733 4935; x_wconf 76' lang='lat' dir='ltr'><strong><em>cap,</em></strong></span> <span class='ocrx_word' id='word_1_705' title='bbox 3780 4870 3853 4917; x_wconf 74' lang='lat' dir='ltr'><strong><em>xx.</em></strong></span> 
     </span>
    </p>
   </div>
   <div class='ocr_carea' id='block_1_94' title="bbox 628 4928 3852 5013">
    <p class='ocr_par' dir='ltr' id='par_1_94' title="bbox 628 4928 3852 5013">
     <span class='ocr_line' id='line_1_94' title="bbox 628 4928 3852 5013; baseline 0.001 -20"><span class='ocrx_word' id='word_1_706' title='bbox 628 4937 1095 5013; x_wconf 76' lang='lat' dir='ltr'><strong><em>exponuntur;</em></strong></span> <span class='ocrx_word' id='word_1_707' title='bbox 1126 4930 1474 5012; x_wconf 86' lang='lat' dir='ltr'><strong><em>multaque</em></strong></span> <span class='ocrx_word' id='word_1_708' title='bbox 1505 4928 1645 4992; x_wconf 82' lang='lat' dir='ltr'><strong><em>tum</em></strong></span> <span class='ocrx_word' id='word_1_709' title='bbox 1677 4929 1757 4992; x_wconf 89' lang='lat' dir='ltr'><strong><em>de</em></strong></span> <span class='ocrx_word' id='word_1_710' title='bbox 1787 4928 2064 5008; x_wconf 82' lang='lat' dir='ltr'><strong><em>infinita</em></strong></span> <span class='ocrx_word' id='word_1_711' title='bbox 2102 4928 2211 4992; x_wconf 89' lang='lat' dir='ltr'><strong><em>Dei</em></strong></span> <span class='ocrx_word' id='word_1_712' title='bbox 2244 4928 2539 5009; x_wconf 82' lang='lat' dir='ltr'><strong><em>potentia</em></strong></span> <span class='ocrx_word' id='word_1_713' title='bbox 2586 4935 2727 4991; x_wconf 87' lang='lat' dir='ltr'><strong><em>tum</em></strong></span> <span class='ocrx_word' id='word_1_714' title='bbox 2768 4928 2864 4991; x_wconf 80' lang='lat' dir='ltr'><strong><em>de</em></strong></span> <span class='ocrx_word' id='word_1_715' title='bbox 2886 4928 3157 4992; x_wconf 75' lang='lat' dir='ltr'><strong><em>Satanae</em></strong></span> <span class='ocrx_word' id='word_1_716' title='bbox 3188 4928 3409 4995; x_wconf 65' lang='lat' dir='ltr'><strong><em>noéci-is</em></strong></span> <span class='ocrx_word' id='word_1_717' title='bbox 3441 4935 3517 4995; x_wconf 88' lang='lat' dir='ltr'><strong><em>in</em></strong></span> <span class='ocrx_word' id='word_1_718' title='bbox 3561 4928 3852 4996; x_wconf 76' lang='lat' dir='ltr'><strong><em>homines</em></strong></span> 
     </span>
    </p>
   </div>
   <div class='ocr_carea' id='block_1_95' title="bbox 629 5012 1286 5108">
    <p class='ocr_par' dir='ltr' id='par_1_95' title="bbox 629 5012 1286 5108">
     <span class='ocr_line' id='line_1_95' title="bbox 629 5012 1286 5108; baseline -0.002 -34"><span class='ocrx_word' id='word_1_719' title='bbox 629 5012 921 5075; x_wconf 83' lang='lat' dir='ltr'><strong><em>consiliis</em></strong></span> <span class='ocrx_word' id='word_1_720' title='bbox 949 5012 1286 5108; x_wconf 64' lang='lat' dir='ltr'><strong><em>doogntur.</em></strong></span> 
     </span>
    </p>
   </div>
   <div class='ocr_carea' id='block_1_96' title="bbox 1079 5145 1629 5205">
    <p class='ocr_par' dir='ltr' id='par_1_96' title="bbox 1079 5145 1629 5205">
     <span class='ocr_line' id='line_1_96' title="bbox 1079 5145 1629 5205; baseline -0.004 0"><span class='ocrx_word' id='word_1_721' title='bbox 1079 5145 1308 5205; x_wconf 84' lang='lat' dir='ltr'><strong><em>CAPUT</em></strong></span> <span class='ocrx_word' id='word_1_722' title='bbox 1336 5145 1629 5204; x_wconf 81' lang='lat' dir='ltr'><strong><em>PRIMUM.</em></strong></span> 
     </span>
    </p>
   </div>
   <div class='ocr_carea' id='block_1_97' title="bbox 627 5233 2152 5308">
    <p class='ocr_par' dir='ltr' id='par_1_97' title="bbox 627 5233 2152 5308">
     <span class='ocr_line' id='line_1_97' title="bbox 627 5233 2152 5308; baseline 0.001 -19"><span class='ocrx_word' id='word_1_723' title='bbox 627 5233 677 5290; x_wconf 91' lang='grc'><strong><em>1.</em></strong></span> <span class='ocrx_word' id='word_1_724' title='bbox 716 5233 898 5291; x_wconf 87' lang='lat' dir='ltr'><strong><em>Sancti</em></strong></span> <span class='ocrx_word' id='word_1_725' title='bbox 925 5235 1064 5290; x_wconf 90' lang='lat' dir='ltr'><strong><em>unde</em></strong></span> <span class='ocrx_word' id='word_1_726' title='bbox 1091 5235 1357 5307; x_wconf 86' lang='lat' dir='ltr'><strong><em>digniores</em></strong></span> <span class='ocrx_word' id='word_1_727' title='bbox 1389 5236 1699 5308; x_wconf 67' lang='lat' dir='ltr'><strong><em>eﬂiciuntur,</em></strong></span> <span class='ocrx_word' id='word_1_728' title='bbox 1744 5234 1866 5291; x_wconf 80' lang='lat' dir='ltr'><strong><em>inde</em></strong></span> <span class='ocrx_word' id='word_1_729' title='bbox 1913 5234 2014 5291; x_wconf 87' lang='lat' dir='ltr'><strong><em>sibi</em></strong></span> <span class='ocrx_word' id='word_1_730' title='bbox 2043 5252 2152 5291; x_wconf 87' lang='lat' dir='ltr'><strong><em>ma-</em></strong></span> 
     </span>
    </p>
   </div>
   <div class='ocr_carea' id='block_1_98' title="bbox 551 5320 2152 5398">
    <p class='ocr_par' dir='ltr' id='par_1_98' title="bbox 551 5320 2152 5398">
     <span class='ocr_line' id='line_1_98' title="bbox 551 5320 2152 5398; baseline 0.002 -22"><span class='ocrx_word' id='word_1_731' title='bbox 551 5320 632 5393; x_wconf 90' lang='lat' dir='ltr'><strong><em>gis</em></strong></span> <span class='ocrx_word' id='word_1_732' title='bbox 657 5321 906 5379; x_wconf 86' lang='lat' dir='ltr'><strong><em>videntur</em></strong></span> <span class='ocrx_word' id='word_1_733' title='bbox 945 5323 1170 5396; x_wconf 86' lang='lat' dir='ltr'><strong><em>indigni.</em></strong></span> <span class='ocrx_word' id='word_1_734' title='bbox 1202 5353 1274 5366; x_wconf 89' lang='lat'><em>-</em></span> <span class='ocrx_word' id='word_1_735' title='bbox 1310 5324 1495 5381; x_wconf 87' lang='lat' dir='ltr'><strong><em>Sancti</em></strong></span> <span class='ocrx_word' id='word_1_736' title='bbox 1525 5324 1633 5380; x_wconf 86' lang='lat' dir='ltr'><strong><em>viri</em></strong></span> <span class='ocrx_word' id='word_1_737' title='bbox 1674 5341 1782 5398; x_wconf 89' lang='lat' dir='ltr'><strong><em>quo</em></strong></span> <span class='ocrx_word' id='word_1_738' title='bbox 1811 5323 1954 5397; x_wconf 90' lang='lat' dir='ltr'><strong><em>apud</em></strong></span> <span class='ocrx_word' id='word_1_739' title='bbox 1979 5326 2152 5380; x_wconf 90' lang='lat' dir='ltr'><strong><em>Deum</em></strong></span> 
     </span>
    </p>
   </div>
   <div class='ocr_carea' id='block_1_99' title="bbox 554 5408 2153 5486">
    <p class='ocr_par' dir='ltr' id='par_1_99' title="bbox 554 5408 2153 5486">
     <span class='ocr_line' id='line_1_99' title="bbox 554 5408 2153 5486; baseline 0.004 -22"><span class='ocrx_word' id='word_1_740' title='bbox 554 5408 725 5465; x_wconf 88' lang='lat' dir='ltr'><strong><em>altius</em></strong></span> <span class='ocrx_word' id='word_1_741' title='bbox 752 5411 1026 5468; x_wconf 88' lang='lat' dir='ltr'><strong><em>virtutum</em></strong></span> <span class='ocrx_word' id='word_1_742' title='bbox 1057 5412 1325 5486; x_wconf 90' lang='lat' dir='ltr'><strong><em>dignitate</em></strong></span> <span class='ocrx_word' id='word_1_743' title='bbox 1353 5414 1668 5486; x_wconf 86' lang='lat' dir='ltr'><strong><em>proﬁciunt,</em></strong></span> <span class='ocrx_word' id='word_1_744' title='bbox 1693 5430 1756 5470; x_wconf 90' lang='lat' dir='ltr'><strong><em>eo</em></strong></span> <span class='ocrx_word' id='word_1_745' title='bbox 1785 5414 2044 5470; x_wconf 89' lang='lat' dir='ltr'><strong><em>subtilius</em></strong></span> <span class='ocrx_word' id='word_1_746' title='bbox 2073 5415 2153 5470; x_wconf 88' lang='lat' dir='ltr'><strong><em>in-</em></strong></span> 
     </span>
    </p>
   </div>
   <div class='ocr_carea' id='block_1_100' title="bbox 631 5577 2157 5658">
    <p class='ocr_par' dir='ltr' id='par_1_100' title="bbox 631 5577 2157 5658">
     <span class='ocr_line' id='line_1_100' title="bbox 631 5577 2157 5658; baseline 0.003 -24"><span class='ocrx_word' id='word_1_747' title='bbox 631 5579 652 5658; x_wconf 61' lang='grc' dir='ltr'><strong>ξ</strong></span> <span class='ocrx_word' id='word_1_748' title='bbox 678 5577 834 5658; x_wconf 68' lang='grc' dir='ltr'><strong><em>ῌάὶῑί</em></strong></span> <span class='ocrx_word' id='word_1_749' title='bbox 860 5587 973 5658; x_wconf 57' lang='lat' dir='ltr'><strong><em>tam</em></strong></span> <span class='ocrx_word' id='word_1_750' title='bbox 1017 5592 1126 5640; x_wconf 87' lang='lat' dir='ltr'><strong><em>vet.</em></strong></span> <span class='ocrx_word' id='word_1_751' title='bbox 1179 5601 1342 5658; x_wconf 84' lang='lat' dir='ltr'><strong><em>quam</em></strong></span> <span class='ocrx_word' id='word_1_752' title='bbox 1373 5587 1723 5654; x_wconf 89' lang='lat' dir='ltr'><strong><em>recentiores,</em></strong></span> <span class='ocrx_word' id='word_1_753' title='bbox 1754 5592 1953 5658; x_wconf 86' lang='lat' dir='ltr'><strong><em>quanto</em></strong></span> <span class='ocrx_word' id='word_1_754' title='bbox 1981 5585 2157 5658; x_wconf 87' lang='lat' dir='ltr'><strong><em>minus</em></strong></span> 
     </span>
    </p>
   </div>
   <div class='ocr_carea' id='block_1_101' title="bbox 551 5651 2159 5730">
    <p class='ocr_par' dir='ltr' id='par_1_101' title="bbox 551 5651 2159 5730">
     <span class='ocr_line' id='line_1_101' title="bbox 551 5651 2159 5730; baseline 0.003 -24"><span class='ocrx_word' id='word_1_755' title='bbox 551 5651 858 5730; x_wconf 85' lang='lat' dir='ltr'><strong><em>pulchrum.</em></strong></span> <span class='ocrx_word' id='word_1_756' title='bbox 888 5651 1087 5730; x_wconf 65' lang='lat' dir='ltr'><strong><em>Errare</em></strong></span> <span class='ocrx_word' id='word_1_757' title='bbox 1117 5651 1464 5730; x_wconf 71' lang='lat' dir='ltr'><strong><em>gravissimo,</em></strong></span> <span class='ocrx_word' id='word_1_758' title='bbox 1496 5675 1603 5730; x_wconf 90' lang='lat' dir='ltr'><strong><em>quo</em></strong></span> <span class='ocrx_word' id='word_1_759' title='bbox 1633 5651 1848 5730; x_wconf 47' lang='lat' dir='ltr'><strong><em>tentum</em></strong></span> <span class='ocrx_word' id='word_1_760' title='bbox 1889 5656 2159 5730; x_wconf 66' lang='lat' dir='ltr'><strong><em>purgavi—</em></strong></span> 
     </span>
    </p>
   </div>
   <div class='ocr_carea' id='block_1_102' title="bbox 558 5721 2155 5801">
    <p class='ocr_par' dir='ltr' id='par_1_102' title="bbox 558 5721 2155 5801">
     <span class='ocr_line' id='line_1_102' title="bbox 558 5721 2155 5801; baseline 0.001 -19"><span class='ocrx_word' id='word_1_761' title='bbox 558 5721 702 5796; x_wconf 74' lang='lat' dir='ltr'><strong><em>inus,</em></strong></span> <span class='ocrx_word' id='word_1_762' title='bbox 745 5721 1077 5781; x_wconf 86' lang='lat' dir='ltr'><strong><em>attendendo</em></strong></span> <span class='ocrx_word' id='word_1_763' title='bbox 1119 5721 1188 5782; x_wconf 77' lang='lat' dir='ltr'><strong><em>ad</em></strong></span> <span class='ocrx_word' id='word_1_764' title='bbox 1234 5726 1363 5783; x_wconf 88' lang='lat' dir='ltr'><strong><em>Mss.</em></strong></span> <span class='ocrx_word' id='word_1_765' title='bbox 1399 5721 1639 5786; x_wconf 53' lang='lat' dir='ltr'><strong><em>maxime</em></strong></span> <span class='ocrx_word' id='word_1_766' title='bbox 1668 5721 2155 5801; x_wconf 51' lang='lat' dir='ltr'><strong><em>Norm.,’Tu&#39;ron.,</em></strong></span> 
     </span>
    </p>
   </div>
   <div class='ocr_carea' id='block_1_103' title="bbox 2265 5142 3850 5220">
    <p class='ocr_par' dir='ltr' id='par_1_103' title="bbox 2265 5142 3850 5220">
     <span class='ocr_line' id='line_1_103' title="bbox 2265 5142 3850 5220; baseline 0.001 -20"><span class='ocrx_word' id='word_1_767' title='bbox 2265 5143 2462 5218; x_wconf 90' lang='lat' dir='ltr'><strong><em>dignos</em></strong></span> <span class='ocrx_word' id='word_1_768' title='bbox 2491 5159 2547 5199; x_wconf 91' lang='lat' dir='ltr'><strong><em>se</em></strong></span> <span class='ocrx_word' id='word_1_769' title='bbox 2575 5159 2691 5200; x_wconf 91' lang='lat' dir='ltr'><strong><em>esse</em></strong></span> <span class='ocrx_word' id='word_1_770' title='bbox 2720 5142 3156 5217; x_wconf 90' lang='lat' dir='ltr'><strong><em>deprehendunt,</em></strong></span> <span class='ocrx_word' id='word_1_771' title='bbox 3180 5148 3310 5220; x_wconf 85' lang='lat' dir='ltr'><strong><em>quia</em></strong></span> <span class='ocrx_word' id='word_1_772' title='bbox 3325 5145 3457 5204; x_wconf 89' lang='lat' dir='ltr'><strong><em>dum</em></strong></span> <span class='ocrx_word' id='word_1_773' title='bbox 3478 5147 3722 5220; x_wconf 82' lang='lat' dir='ltr'><strong><em>proximi</em></strong></span> <span class='ocrx_word' id='word_1_774' title='bbox 3742 5144 3850 5202; x_wconf 87' lang='lat' dir='ltr'><strong><em>luci</em></strong></span> 
     </span>
    </p>
   </div>
   <div class='ocr_carea' id='block_1_104' title="bbox 2263 5233 3851 5309">
    <p class='ocr_par' dir='ltr' id='par_1_104' title="bbox 2263 5233 3851 5309">
     <span class='ocr_line' id='line_1_104' title="bbox 2263 5233 3851 5309; baseline -0.002 -18"><span class='ocrx_word' id='word_1_775' title='bbox 2263 5233 2427 5304; x_wconf 85' lang='lat' dir='ltr'><strong><em>ﬁunt,</em></strong></span> <span class='ocrx_word' id='word_1_776' title='bbox 2460 5233 2733 5308; x_wconf 89' lang='lat' dir='ltr'><strong><em>quidquid</em></strong></span> <span class='ocrx_word' id='word_1_777' title='bbox 2761 5250 2854 5290; x_wconf 91' lang='lat' dir='ltr'><strong><em>eos</em></strong></span> <span class='ocrx_word' id='word_1_778' title='bbox 2884 5235 2943 5291; x_wconf 91' lang='lat' dir='ltr'><strong><em>in</em></strong></span> <span class='ocrx_word' id='word_1_779' title='bbox 2973 5235 3165 5309; x_wconf 90' lang='lat' dir='ltr'><strong><em>seipsis</em></strong></span> <span class='ocrx_word' id='word_1_780' title='bbox 3189 5237 3393 5294; x_wconf 88' lang='lat' dir='ltr'><strong><em>latebat</em></strong></span> <span class='ocrx_word' id='word_1_781' title='bbox 3422 5237 3752 5304; x_wconf 83' lang='lat' dir='ltr'><strong><em>inveniunt;</em></strong></span> <span class='ocrx_word' id='word_1_782' title='bbox 3800 5239 3851 5289; x_wconf 89' lang='lat' dir='ltr'><strong><em>et</em></strong></span> 
     </span>
    </p>
   </div>
   <div class='ocr_carea' id='block_1_105' title="bbox 2264 5324 3849 5401">
    <p class='ocr_par' dir='ltr' id='par_1_105' title="bbox 2264 5324 3849 5401">
     <span class='ocr_line' id='line_1_105' title="bbox 2264 5324 3849 5401; baseline -0.002 -19"><span class='ocrx_word' id='word_1_783' title='bbox 2264 5333 2417 5382; x_wconf 87' lang='lat' dir='ltr'><strong><em>tanto</em></strong></span> <span class='ocrx_word' id='word_1_784' title='bbox 2445 5325 2621 5398; x_wconf 89' lang='lat' dir='ltr'><strong><em>magis</em></strong></span> <span class='ocrx_word' id='word_1_785' title='bbox 2667 5325 2802 5381; x_wconf 80' lang='lat' dir='ltr'><strong><em>{oris</em></strong></span> <span class='ocrx_word' id='word_1_786' title='bbox 2828 5324 2956 5395; x_wconf 80' lang='lat' dir='ltr'><strong><em>sibi</em></strong></span> <span class='ocrx_word' id='word_1_787' title='bbox 2985 5325 3256 5383; x_wconf 83' lang='lat' dir='ltr'><strong><em>deformes</em></strong></span> <span class='ocrx_word' id='word_1_788' title='bbox 3283 5334 3569 5398; x_wconf 86' lang='lat' dir='ltr'><strong><em>apparent,</em></strong></span> <span class='ocrx_word' id='word_1_789' title='bbox 3603 5330 3618 5363; x_wconf 75' lang='grc'>⁸</span> <span class='ocrx_word' id='word_1_790' title='bbox 3652 5330 3849 5401; x_wconf 87' lang='lat' dir='ltr'><strong><em>quanto</em></strong></span> 
     </span>
    </p>
   </div>
   <div class='ocr_carea' id='block_1_106' title="bbox 2264 5412 3851 5489">
    <p class='ocr_par' dir='ltr' id='par_1_106' title="bbox 2264 5412 3851 5489">
     <span class='ocr_line' id='line_1_106' title="bbox 2264 5412 3851 5489; baseline -0.001 -19"><span class='ocrx_word' id='word_1_791' title='bbox 2264 5414 2434 5471; x_wconf 90' lang='lat' dir='ltr'><strong><em>nimis</em></strong></span> <span class='ocrx_word' id='word_1_792' title='bbox 2461 5412 2756 5487; x_wconf 88' lang='lat' dir='ltr'><strong><em>pulchrum</em></strong></span> <span class='ocrx_word' id='word_1_793' title='bbox 2785 5421 2867 5470; x_wconf 89' lang='lat' dir='ltr'><strong><em>est</em></strong></span> <span class='ocrx_word' id='word_1_794' title='bbox 2886 5413 3031 5486; x_wconf 90' lang='lat' dir='ltr'><strong><em>quod</em></strong></span> <span class='ocrx_word' id='word_1_795' title='bbox 3057 5414 3206 5472; x_wconf 88' lang='lat' dir='ltr'><strong><em>intus</em></strong></span> <span class='ocrx_word' id='word_1_796' title='bbox 3234 5414 3447 5472; x_wconf 89' lang='lat' dir='ltr'><strong><em>vident.</em></strong></span> <span class='ocrx_word' id='word_1_797' title='bbox 3472 5415 3851 5489; x_wconf 81' lang='lat' dir='ltr'><strong><em>Unusquisque</em></strong></span> 
     </span>
    </p>
   </div>
   <div class='ocr_carea' id='block_1_107' title="bbox 2266 5584 3851 5653">
    <p class='ocr_par' dir='ltr' id='par_1_107' title="bbox 2266 5584 3851 5653">
     <span class='ocr_line' id='line_1_107' title="bbox 2266 5584 3851 5653; baseline -0.002 -11"><span class='ocrx_word' id='word_1_798' title='bbox 2266 5584 2464 5653; x_wconf 88' lang='lat' dir='ltr'><strong><em>Laud.,</em></strong></span> <span class='ocrx_word' id='word_1_799' title='bbox 2499 5585 2638 5642; x_wconf 90' lang='lat' dir='ltr'><strong><em>duos</em></strong></span> <span class='ocrx_word' id='word_1_800' title='bbox 2667 5585 2876 5651; x_wconf 84' lang='lat' dir='ltr'><strong><em>Germ.,</em></strong></span> <span class='ocrx_word' id='word_1_801' title='bbox 2907 5592 2961 5642; x_wconf 88' lang='lat' dir='ltr'><strong><em>et</em></strong></span> <span class='ocrx_word' id='word_1_802' title='bbox 2994 5585 3060 5641; x_wconf 91' lang='lat' dir='ltr'><strong><em>ad</em></strong></span> <span class='ocrx_word' id='word_1_803' title='bbox 3089 5604 3309 5644; x_wconf 88' lang='lat' dir='ltr'><strong><em>sensum</em></strong></span> <span class='ocrx_word' id='word_1_804' title='bbox 3340 5605 3372 5644; x_wconf 92' lang='lat' dir='ltr'><strong><em>a</em></strong></span> <span class='ocrx_word' id='word_1_805' title='bbox 3405 5596 3597 5645; x_wconf 83' lang='lat' dir='ltr'><strong><em>sancto</em></strong></span> <span class='ocrx_word' id='word_1_806' title='bbox 3625 5589 3851 5644; x_wconf 88' lang='lat' dir='ltr'><strong><em>Doctore</em></strong></span> 
     </span>
    </p>
   </div>
   <div class='ocr_carea' id='block_1_108' title="bbox 2269 5654 3850 5784">
    <p class='ocr_par' dir='ltr' id='par_1_108' title="bbox 2269 5654 3850 5784">
     <span class='ocr_line' id='line_1_108' title="bbox 2269 5654 3850 5784; baseline -0.001 -73"><span class='ocrx_word' id='word_1_807' title='bbox 2269 5656 2871 5784; x_wconf 53' lang='lat' dir='ltr'><strong><em>intpqltpgis.9Loquitur</em></strong></span> <span class='ocrx_word' id='word_1_808' title='bbox 2898 5657 3045 5714; x_wconf 89' lang='lat' dir='ltr'><strong><em>enim</em></strong></span> <span class='ocrx_word' id='word_1_809' title='bbox 3075 5658 3142 5717; x_wconf 88' lang='lat' dir='ltr'><strong><em>de</em></strong></span> <span class='ocrx_word' id='word_1_810' title='bbox 3171 5658 3366 5716; x_wconf 88' lang='lat' dir='ltr'><strong><em>divina</em></strong></span> <span class='ocrx_word' id='word_1_811' title='bbox 3396 5660 3539 5728; x_wconf 87' lang='lat' dir='ltr'><strong><em>luce,</em></strong></span> <span class='ocrx_word' id='word_1_812' title='bbox 3588 5676 3693 5734; x_wconf 89' lang='lat' dir='ltr'><strong><em>qua</em></strong></span> <span class='ocrx_word' id='word_1_813' title='bbox 3721 5654 3850 5734; x_wconf 88' lang='lat' dir='ltr'><strong><em>quid</em></strong></span> 
     </span>
     <span class='ocr_line' id='line_1_109' title="bbox 2269 5745 2593 5784; baseline 0 0"><span class='ocrx_word' id='word_1_814' title='bbox 2269 5745 2339 5784; x_wconf 86' lang='lat' dir='ltr'><strong><em>nu</em></strong></span> <span class='ocrx_word' id='word_1_815' title='bbox 2365 5745 2396 5784; x_wconf 96' lang='lat' dir='ltr'><strong><em>c</em></strong></span> <span class='ocrx_word' id='word_1_816' title='bbox 2469 5746 2485 5784; x_wconf 85' lang='grc' dir='ltr'>ι</span> <span class='ocrx_word' id='word_1_817' title='bbox 2583 5773 2593 5784; x_wconf 94' lang='grc'><strong><em>.</em></strong></span> 
     </span>
    </p>
   </div>
   <div class='ocr_carea' id='block_1_109' title="bbox 2268 5745 2593 5806">
    <p class='ocr_par' dir='ltr' id='par_1_109' title="bbox 2268 5745 2593 5806">
     <span class='ocr_line' id='line_1_110' title="bbox 2268 5745 2593 5806; baseline 0.022 -24"><span class='ocrx_word' id='word_1_818' title='bbox 2268 5745 2554 5806; x_wconf 76' lang='lat' dir='ltr'><strong><em>puicnrius</em></strong></span> <span class='ocrx_word' id='word_1_819' title='bbox 2575 5745 2593 5789; x_wconf 66' lang='lat'><strong><em>1</em></strong></span> 
     </span>
    </p>
   </div>
  </div>
