4156 6178
338 282 444 340 633

1059 288 1430 348 OMRALIUM
1469 291 1603 349 LIB.
1644 291 1879 351 XXXII.
1917 323 1988 336 —
2026 296 2099 352 IN
2134 296 2364 354 CAPUT
2403 297 2646 356 XXXIX
2685 299 2746 354 B.
2787 300 2929 356 JOB.

334 406 487 504 enim
517 407 644 476 sibi,
676 407 806 465 dum
835 417 985 468 tactu
1006 414 1121 469 veri
1151 413 1376 471 luminis
1405 415 1731 486 illustratur,
1755 425 1929 474 osten-
1957 437 2008 496 Α
2039 422 2310 491 sciuntur,
2342 439 2456 480 non
2483 423 2678 481 audaci
2718 441 2968 483 sermone
2989 427 3346 491 discutienda
3373 442 3521 504 sunt,
3551 435 3647 492 sed

335 495 526 564 ditur;
560 505 613 554 et
641 499 786 555 unde
815 502 1060 572 agnoscit
1083 504 1218 576 quid
1238 512 1317 560 est
1332 503 1571 575 justitia,
1600 505 1730 562 inde
1758 506 1939 561 erudi-

336 595 450 656 tur,
489 595 554 644 ut
583 587 766 644 videat
799 591 932 662 quid
979 599 1061 648 est
1095 593 1276 665 culpa.
1329 594 1471 651 Hinc
1509 603 1591 650 est
1620 595 1766 667 quod
1799 613 1939 668 saepe

335 695 496 736 mens
520 687 706 736 nostra
753 682 1007 754 quamvis
1049 683 1248 755 frigida
1278 683 1336 739 in
1365 686 1797 743 conversationis
1826 687 1943 743 bu-

335 785 516 826 manae
546 769 761 826 actione
791 777 1080 842 torpescat,
1112 773 1364 846 quamvis
1396 774 1453 831 in
1480 775 1806 849 quibusdam
1835 776 1942 833 de-

337 860 558 933 linquat
599 865 654 915 et
695 861 923 930 nesciat,
956 863 1208 935 quamvis
1235 871 1454 936 peccata
1496 865 1753 939 quaedam
1785 867 1940 938 quasi

336 949 496 1005 nulla
525 950 826 1021 perpendat
855 969 868 1018 ;
897 968 1025 1008 cum
1053 959 1238 1009 tamen
1269 953 1338 1010 ad
1358 954 1665 1028 appetenda
1683 954 1944 1011 sublimia

338 1038 610 1094 orationis
633 1040 1060 1112 compunctione
1091 1059 1146 1098 se
1175 1042 1362 1116 erigit,
1399 1043 1518 1116 ipso
1541 1060 1651 1100 suae
1681 1060 1944 1116 compun-

338 1127 543 1184 ctionis
585 1128 750 1184 oculo
789 1129 1027 1186 excitata
1055 1131 1124 1187 ad
1153 1131 1707 1205 circumspiciendam
1738 1149 1794 1187 se
1822 1138 1945 1204 post

339 1215 533 1272 fletum
562 1216 887 1288 vigilantior
916 1219 1078 1274 redit.
1111 1221 1249 1276 Nam
1281 1237 1409 1283 cum
1439 1222 1740 1293 neglectam
1771 1235 1826 1276 se
1855 1219 1945 1275 de-

338 1307 494 1376 serit,
527 1315 581 1364 et
609 1309 780 1364 noxio
804 1317 986 1380 tepore
1013 1311 1293 1383 torpescit,
1326 1313 1412 1368 vel
1446 1313 1622 1368 otiosa
1651 1312 1835 1380 verba,
1859 1311 1945 1366 vel

339 1393 571 1453 inutiles
601 1397 960 1469 cogitationes
1002 1400 1235 1457 minoris
1275 1417 1390 1458 esse
1419 1409 1599 1456 reatus
1628 1399 1947 1457 omnimodo

342 1486 540 1545 credit.
573 1486 648 1542 At
687 1487 754 1555 si,
803 1487 928 1560 igne
974 1491 1424 1562 compunctionis
1471 1491 1824 1556 incalescens,
1861 1491 1876 1523 ¹
1918 1504 1951 1543 a

341 1583 529 1648 tepore
558 1592 680 1645 suo,
711 1583 853 1633 tacta
882 1578 1066 1635 subito
1095 1579 1280 1635 aﬁlatu
1308 1578 1811 1652 contemplationis,
1837 1576 1950 1632 evi-

345 1663 497 1736 gilet,
528 1664 625 1719 illa
655 1681 777 1737 quae
811 1664 954 1721 levia
985 1667 1152 1738 paulo
1177 1676 1302 1723 ante
1326 1667 1563 1723 credidit
1591 1684 1720 1723 mox
1750 1674 1812 1722 ut
1835 1682 1950 1736 gra-

344 1752 436 1808 via
465 1769 530 1810 ac
555 1752 842 1809 mortifera
883 1755 1271 1826 perhorrescit.
1325 1756 1533 1813 Cuncta
1586 1755 1733 1810 enim
1769 1755 1852 1809 vel
1892 1753 1950 1807 in

345 1841 595 1898 minimis
623 1842 813 1911 noxia,
845 1843 1000 1915 quasi
1029 1844 1368 1900 atrocissima
1396 1843 1619 1915 refugit,
1643 1842 1772 1915 quia
1801 1839 1951 1895 vide-

347 1931 482 1989 licet
511 1933 532 1968 ³
557 1949 651 2006 per
693 1935 1111 2006 conceptionem
1167 1935 1394 2007 spiritus
1442 1934 1688 2007 gravida,
1721 1932 1952 1987 introire

345 2021 416 2076 ad
446 2038 502 2078 se
522 2020 636 2094 jam
669 2022 858 2079 inania
887 2024 1043 2080 nulla
1075 2024 1369 2096 permittit.
1417 2025 1503 2080 Ex
1533 2039 1597 2079 eo
1626 2022 1772 2077 enim
1804 2019 1953 2092 quod

350 2111 501 2167 intus
531 2114 821 2185 conspicit,
853 2130 1014 2187 quam
1047 2114 1159 2170 sint
1189 2113 1464 2170 horrenda
1493 2113 1611 2168 haec
1640 2128 1760 2184 quae
1788 2117 1955 2165 exte-

349 2200 462 2256 rius
484 2209 838 2275 perstrepunt
858 2203 1025 2259 sentit
1049 2221 1062 2270 ;
1093 2211 1146 2259 et
1177 2210 1382 2275 quanto
1403 2203 1641 2274 amplius
1669 2199 1953 2256 sublevata

348 2290 666 2360 profecerit,
718 2299 872 2346 tanto
919 2291 1093 2363 magis
1141 2292 1345 2364 refugit
1388 2291 1599 2358 inﬁma,
1645 2288 1703 2345 in
1754 2287 1955 2360 quibus

350 2386 624 2449 prostrata
653 2378 873 2435 defecit.
908 2380 1060 2436 Nihil
1092 2380 1294 2453 quippe
1332 2397 1449 2436 eam
1481 2379 1588 2436 nisi
1614 2379 1670 2435 id
1701 2377 1848 2451 quod
1875 2376 1954 2431 in-

347 2469 521 2524 terius
551 2469 772 2524 viderat
799 2469 973 2541 pascit
1006 2487 1019 2536 ;
1061 2477 1223 2541 atque
1251 2487 1314 2525 eo
1337 2469 1556 2541 gravius
1575 2469 1773 2524 tolerat
1800 2464 1956 2538 quid-

348 2556 492 2628 quid
510 2573 566 2611 se
596 2555 648 2610 ei
678 2557 1022 2612 extrinsecus
1042 2557 1261 2628 ingerit,
1285 2573 1393 2628 quo
1415 2557 1554 2612 illud
1574 2571 1685 2610 non
1711 2561 1793 2610 est
1811 2553 1957 2626 quod

352 2643 697 2700 intrinsecus
727 2643 893 2709 vidit,
918 2643 1011 2698 sed
1029 2659 1097 2699 ex
1126 2644 1214 2700 his
1237 2643 1592 2700 interioribus
1614 2660 1732 2716 quae
1757 2642 1956 2714 raptim

348 2731 546 2787 videre
585 2732 792 2804 potuit,
824 2732 890 2788 ad
921 2733 1194 2788 exteriora
1216 2750 1335 2806 quae
1356 2734 1550 2788 tolerat
1564 2732 1849 2804 judicandi
1873 2747 1957 2786 re-

351 2821 540 2893 gulam
570 2820 762 2876 sumit.
812 2821 987 2893 Super
1013 2838 1070 2878 se
1099 2821 1248 2877 enim
1295 2822 1506 2892 rapitur
1535 2820 1666 2875 dum
1698 2819 1958 2873 sublimia

350 2909 764 2981 contemplatur
794 2927 808 2976 ;
847 2917 901 2965 et
938 2911 1285 2974 semetipsam
1318 2909 1434 2976 jam
1483 2904 1708 2960 liberius
1739 2906 1760 2940 ³
1786 2920 1958 2960 exce-

353 2997 534 3055 denda
561 2996 927 3060 conspiciens,
961 2989 1231 3064 quidquid
1260 2989 1310 3046 ei
1341 3007 1410 3047 ex
1434 2991 1610 3065 seipsa
1649 2993 1750 3049 sub
1783 2992 1959 3066 seipsa

357 3084 626 3146 remanet,
658 3077 921 3134 subtilius
962 3078 1398 3151 comprehendit.
1432 3081 1519 3136 Ex
1567 3097 1673 3153 qua
1718 3097 1775 3136 re
1813 3082 1955 3137 miro

2051 511 2410 567 formiduloso
2439 511 2660 568 silentio
2703 515 3034 584 veneranda,
3066 520 3196 591 quia
3220 529 3274 576 et
3302 539 3426 578 cum
3457 540 3648 582 causas

2053 617 2234 655 rerum
2264 600 2517 656 conditor
2546 601 2604 656 in
2636 601 2849 674 ﬂagello
2879 619 2988 658 non
3026 605 3223 676 aperit,
3253 623 3318 662 eo
3345 607 3524 680 justas
3551 611 3649 666 in-

2054 690 2222 760 dicat,
2244 707 2353 763 quo
2379 707 2435 746 se
2461 707 2550 746 eas
2571 691 2746 748 facere
2767 693 2860 764 qui
2882 709 3094 750 summe
3107 693 3293 766 justus
3319 705 3400 752 est
3429 699 3650 756 demon-

2054 789 2208 836 strat.
2259 779 2361 835 Vir
2397 795 2524 850 ergo
2571 788 2809 848 sanctus,
2861 789 2915 837 et
2956 781 3112 854 prius
3139 782 3207 840 de
3255 784 3552 855 locutione,
3597 797 3653 846 et

2054 878 2178 943 post
2205 871 2271 926 de
2298 869 2520 926 silentio
2550 870 2933 942 reprehensus,
2963 872 3097 945 quid
3119 872 3186 929 de
3205 875 3500 948 semetipso
3529 893 3649 933 seu-

2054 961 2156 1017 tiat
2190 960 2513 1018 innotescat.
2543 961 2639 1018 Ait
2667 961 2814 1017 enim
2851 979 2864 1018 :

2689 1083 2918 1143 CAPUT
2946 1087 3014 1142 II.

2128 1181 2258 1239 CAP.
2292 1198 2493 1251 χχχιχ,
2522 1181 2692 1240 Vsus.
2721 1183 2809 1239 34.
2837 1215 2908 1225 -
2941 1185 3045 1254 Qui
3075 1185 3256 1241 leviter
3285 1187 3486 1244 locutus
3515 1206 3651 1258 sum,

2057 1273 2371 1345 respondere
2393 1273 2523 1344 quid
2545 1290 2760 1344 possum
2790 1276 2818 1331 9

2130 1362 2182 1418 2.
2211 1363 2288 1418 De
2315 1362 2469 1417 verbo
2489 1363 2653 1418 otioso
2674 1380 2736 1418 ne
2751 1363 2918 1418 sancti
2932 1363 3140 1434 quidem
3159 1367 3405 1423 excusari
3411 1376 3653 1442 possunt.

2063 1451 2162 1508 Sed
2183 1452 2374 1524 linguae
2393 1454 2575 1524 culpas
2605 1453 2725 1507 vita:
2751 1453 2953 1508 meritis
2985 1460 3146 1526 tegere
3171 1463 3381 1512 curant.
3405 1489 3475 1499 —
3503 1458 3584 1514 Ac
3609 1458 3655 1514 si

2060 1539 2208 1596 dicat
2241 1558 2252 1596 :
2285 1541 2606 1597 Sermonem
2640 1557 2823 1598 meum
2851 1542 3223 1612 defenderem,
3270 1544 3316 1600 si
3355 1544 3504 1601 hunc
3531 1563 3654 1602 cum

2062 1629 2292 1686 rationis
2321 1630 2560 1702 pondere
2590 1631 2964 1703 protulissem.
3017 1633 3089 1687 At
3136 1642 3424 1707 postquam
3473 1635 3660 1706 lingua

2063 1717 2288 1772 levitate
2319 1735 2418 1773 usa
2437 1719 2810 1787 convincitur,
2829 1720 2962 1793 quid
2985 1729 3151 1777 restat
3174 1722 3282 1778 nisi
3305 1729 3365 1778 ut
3383 1723 3658 1780 conticen-

1978 1799 2024 1858 B
2059 1809 2130 1864 do
2160 1809 2466 1864 refrenetur
2496 1811 2522 1865 ‘I
2551 1811 2810 1882 Sequitur
2842 1829 2854 1866 :

2133 1898 2269 1952 Iun).
2304 1927 2369 1937 —
2391 1898 2610 1954 Manum
2641 1916 2806 1953 meam
2829 1917 3024 1971 ponam
3057 1918 3214 1972 super
3241 1918 3298 1956 os
3326 1918 3513 1958 meum.

2132 1985 2245 2041 Usu
2272 1985 2412 2041 sacri
2443 1985 2651 2057 eloquii
2681 1986 2738 2040 in
2762 2003 2929 2042 manu
2958 1987 3225 2059 operatio,
3247 1987 3304 2042 in
3336 2004 3428 2043 ore
3457 1987 3661 2044 locutio

2061 2075 2200 2130 solet
2228 2073 2482 2146 intelligi.
2511 2075 2730 2130 Manum
2762 2091 2888 2148 ergo
2917 2093 3080 2148 super
3108 2093 3168 2132 os
3197 2093 3398 2149 ponere
3426 2085 3506 2133 est
3535 2077 3660 2133 vir-

2064 2170 2180 2219 tute
2204 2161 2334 2218 boni
2368 2162 2548 2234 operis
2582 2165 2602 2197 ⁶
2641 2164 2830 2235 culpas
2859 2171 3039 2236 tegere
3068 2163 3300 2221 incautae
3345 2165 3658 2222 locutionis.

2063 2251 2198 2320 Quis
2225 2267 2356 2306 vero
2400 2250 2640 2306 inveniri
2683 2261 2859 2324 potest
2896 2253 3012 2326 qui,
3061 2253 3363 2326 quamlibet
3391 2254 3662 2326 perfectus

2064 2339 2156 2410 sit,
2206 2339 2273 2396 de
2319 2339 2495 2395 otioso
2529 2346 2714 2395 tamen
2757 2356 3006 2396 sermone
3047 2357 3162 2396 non
3192 2349 3376 2413 peccet
3406 2341 3434 2396 ‘P
3460 2341 3660 2398 Iacobo

2063 2436 2375 2498 attestante,
2394 2429 2487 2502 qui
2503 2429 2581 2485 ait
2613 2447 2624 2484 :
2657 2430 2832 2486 Nolite
2839 2431 3024 2501 plures
3042 2429 3285 2502 magistri
3299 2429 3435 2502 ﬁeri,
3458 2429 3513 2484 in
3531 2432 3660 2485 mul-

2067 2519 2134 2574 tis
2159 2517 2296 2572 enim
2324 2518 2633 2590 offendimus
2662 2535 2835 2574 omnes
2860 2519 3062 2590 (Iacob.
3095 2535 3178 2587 ιιι,
3213 2519 3289 2591 1).
3311 2519 3383 2573 Et
3403 2534 3617 2574 rursum
3645 2535 3658 2574 :

2066 2608 2328 2679 Linguam
2367 2608 2551 2662 nullus
2597 2607 2865 2662 hominum
2908 2608 3125 2661 domare
3152 2612 3324 2678 potest
3364 2606 3550 2678 (Ibid.,
3579 2606 3659 2678 8).

2065 2695 2237 2768 Cujus
2285 2696 2473 2766 culpas
2519 2695 2851 2765 redarguens
2897 2709 2994 2766 per
3027 2694 3372 2767 semetipsam
3422 2695 3660 2762 Veritas,

2066 2783 2202 2835 dicit
2233 2799 2244 2834 :
2276 2781 2408 2835 Dico
2423 2786 2597 2836 autem
2615 2781 2757 2836 vobis
2778 2781 3026 2853 quoniam
3042 2799 3192 2838 omne
3209 2783 3420 2838 verbum
3439 2782 3662 2838 otiosum

2065 2877 2206 2949 quod
2227 2879 2384 2934 locuti
2400 2877 2604 2949 fuerint
2621 2880 2874 2950 homines,
2894 2881 3112 2936 reddent
3131 2881 3192 2937 de
3209 2899 3266 2935 eo
3291 2878 3480 2935 1047
3498 2880 3662 2935 ratio-

2064 2983 2182 3022 nem
2210 2967 2266 3021 in
2294 2968 2377 3023 die
2396 2968 2593 3037 judicii
2634 2970 2856 3039 (Matth.
2904 2986 3008 3038 xu,
3056 2970 3172 3040 36).
3217 2968 3323 3025 Sed
3349 2970 3524 3025 sancti
3555 2967 3660 3025 viri

2066 3063 2191 3112 ante
2210 3055 2311 3112 Dei
2342 3057 2531 3112 oculos
2566 3057 2790 3113 student
2816 3058 3002 3131 culpas
3023 3057 3224 3131 lingua:
3253 3066 3430 3132 tegere
3450 3058 3662 3114 meritis

353 3165 515 3221 modo
544 3144 746 3238 agitur,
779 3173 861 3235 ut,
888 3165 1033 3223 sicut
1061 3144 1314 3240 superius
1338 3167 1549 3225 dictum
1572 3144 1672 3238 est,
1695 3169 1840 3226 unde
1868 3169 1948 3226 di-
1982 3145 2026 3206 Ο
2064 3144 2214 3240 γίίῆ
2255 3144 2488 3240 aude!“
2531 3145 3087 3240 Ῑῖοηοταωηθέθτῗιω
3134 3147 3374 3220 Pondere
3398 3163 3662 3240 ΔΡνῗδωθτθ

352 3253 512 3325 gnior
557 3253 815 3323 eﬂicitur,
865 3255 994 3311 inde
1032 3255 1258 3312 sibimet
1301 3255 1528 3329 indigna
1574 3257 1847 3327 videatur,
1897 3265 1952 3314 et

352 3349 486 3399 tunc
505 3343 826 3400 rectitudini
855 3361 912 3401 se
937 3345 1096 3417 longe
1123 3362 1239 3402 esse
1260 3345 1481 3415 sentiat,
1504 3363 1631 3404 cum
1661 3347 1952 3421 appropin-

352 3438 501 3504 quat.
531 3432 687 3488 Unde
707 3433 962 3489 Salomon
981 3433 1058 3489 ait
1090 3452 1102 3488 :
1141 3436 1341 3491 Cuncta
1373 3435 1567 3491 tentavi
1584 3437 1642 3490 in
1668 3436 1950 3508 sapientia,

354 3528 405 3577 et
423 3522 542 3577 dixi
572 3539 585 3576 :
623 3521 846 3594 Sapiens
875 3523 1088 3596 efﬁciar,
1121 3529 1168 3578 et
1194 3523 1312 3596 ipsa
1345 3525 1550 3596 longius
1581 3527 1791 3580 recessit
1815 3545 1850 3581 a
1874 3541 1954 3580 me

355 3612 557 3683 (Eccle.
603 3631 708 3682 vu,
753 3614 869 3686 24).
921 3613 1159 3681 Quaesita
1191 3613 1340 3669 enim
1373 3613 1642 3686 sapientia
1669 3614 1828 3686 longe
1857 3631 1954 3669 re-

354 3699 552 3756 cedere
581 3701 804 3771 dicitur,
835 3701 966 3775 quia
1007 3702 1474 3775 appropinquanti
1519 3702 1685 3758 altior
1711 3703 1949 3759 videtur.

355 3789 466 3857 Qui
497 3807 624 3846 vero
653 3791 796 3848 hanc
824 3807 1169 3865 nequaquam
1195 3799 1466 3865 quaerunt,
1493 3799 1649 3847 tanto
1677 3807 1733 3847 se
1762 3791 1812 3847 ei
1834 3807 1955 3864 pro-

353 3879 594 3953 pinquos
621 3881 915 3949 aestimant,
949 3889 1154 3954 quanto
1184 3888 1237 3936 et
1266 3879 1383 3952 ejus
1423 3880 1773 3938 rectitudinis
1801 3897 1955 3952 regu-

351 3966 462 4023 lam
494 3967 773 4040 ignorant,
802 3969 931 4042 quia
958 3969 1052 4026 siti
1082 3970 1140 4025 in
1170 3968 1410 4025 tenebris
1437 3969 1620 4026 mirati
1665 3969 1806 4026 lucis
1832 3970 1957 4026 cla-

350 4055 570 4113 ritatem
605 4058 881 4126 nesciunt,
899 4075 1060 4131 quam
1088 4075 1369 4132 nunquam
1390 4059 1686 4128 viderunt;
1719 4075 1954 4132 cumque

356 4145 417 4201 in
447 4145 682 4202 formam
703 4144 821 4218 ejus
841 4147 1274 4219 pulchritudinis
1302 4164 1414 4206 non
1435 4147 1756 4218 tenduntur,
1788 4149 1846 4204 in
1875 4164 1952 4204 se-

351 4237 602 4308 metipsis
653 4236 890 4292 libenter
935 4237 1184 4310 quotidie
1225 4237 1585 4296 deformiores
1624 4238 1784 4296 ﬁunt.
1815 4239 1952 4296 Nam

355 4324 614 4399 quisquis
642 4323 759 4397 ejus
779 4325 949 4383 radiis
967 4325 1234 4398 tangitur,
1264 4342 1362 4382 sua
1381 4326 1464 4383 illi
1484 4327 1828 4385 manifestius
1846 4328 1954 4384 for-

352 4413 536 4470 titudo
565 4421 942 4481 monstratur;
976 4423 1030 4470 et
1045 4431 1110 4470 eo
1131 4413 1318 4471 verius
1337 4413 1553 4472 invenit
1576 4423 1841 4488 quantum
1863 4416 1956 4473 ﬂe-

2061 3234 2422 3293 immoderata
2449 3235 2768 3293 verborum.
2803 3237 2959 3294 Unde
2989 3237 3048 3294 in
3069 3246 3255 3294 sancta
3282 3237 3529 3296 Ecclesia
3554 3255 3662 3296 ma-

2061 3341 2167 3380 nus
2195 3341 2360 3398 super
2387 3342 2448 3382 os
2475 3325 2727 3398 ponitur,
2758 3326 2891 3384 dum
2940 3328 2999 3384 in
3040 3328 3227 3386 electis
3271 3327 3388 3402 ejus
3416 3327 3663 3402 quotidie

2063 3414 2249 3471 otiosae
2280 3415 2576 3473 locutionis
2605 3416 2806 3474 vitium
2836 3416 2994 3475 bonae
3023 3418 3258 3476 actionis
3288 3419 3493 3476 virtute
3523 3435 3663 3491 ope—

2062 3511 2233 3559 ratur.
2267 3505 2545 3578 Scriptum
2573 3522 2811 3582 namque
2840 3516 2923 3565 est
2958 3525 2970 3565 :
3004 3509 3158 3566 Beati
3185 3527 3412 3582 quorum
3433 3510 3664 3566 remissa:

2061 3598 2184 3646 sunt
2215 3591 2536 3663 iniquitates,
2568 3600 2616 3649 et
2646 3612 2874 3666 quorum
2914 3603 3042 3653 tecta
3071 3605 3194 3654 sunt
3230 3605 3442 3671 peccata
3486 3597 3659 3670 (Psal.

2061 3694 2226 3748 χχχι,
2252 3680 2328 3752 1).
2358 3681 2463 3738 Sed
2485 3698 2704 3738 rursum
2725 3699 2851 3742 cum
2873 3685 3136 3758 scriptum
3158 3687 3231 3743 sit
3263 3704 3275 3743 :
3313 3686 3504 3745 Omnia
3518 3686 3662 3742 nuda

2062 3773 2110 3822 et
2141 3775 2328 3839 aperta
2365 3777 2489 3825 sunt
2527 3772 2694 3827 oculis
2731 3771 2844 3841 ejus
2880 3774 3071 3841 (Hebr.
3116 3791 3196 3844 ιν,
3243 3775 3357 3846 13),
3388 3773 3662 3847 quomodo

2068 3856 2174 3928 tegi
2204 3865 2435 3929 possunt
2475 3876 2594 3932 quae
2623 3857 2744 3932 ejus
2791 3860 2967 3917 oculis
2999 3861 3089 3918 cui
3125 3870 3324 3920 cuncta
3360 3861 3508 3917 nuda
3535 3870 3664 3918 sunt

2063 3945 2327 4004 abscondi
2375 3964 2719 4022 nequaquam
2766 3958 2995 4022 possunt
3025 3951 3052 4008 ?
3081 3951 3187 4008 Sed
3225 3950 3353 4024 quia
3383 3949 3488 4008 hoc
3516 3951 3662 4024 quod

2063 4035 2320 4109 tegimus,
2351 4037 2583 4094 inferius
2612 4039 2890 4112 ponimus,
2923 4048 3085 4114 atque
3115 4040 3219 4098 hoc
3247 4040 3393 4098 unde
3427 4041 3664 4114 tegimus

2062 4130 2330 4188 nimirum
2359 4131 2804 4206 superducimus,
2853 4141 2916 4190 ut
2947 4134 3094 4209 quod
3121 4143 3204 4191 est
3233 4133 3663 4207 subterpositum

2062 4228 2329 4294 tegamus,
2361 4231 2541 4297 tegere
2579 4231 2801 4298 peccata
2827 4223 3066 4282 dicimur
3101 4242 3220 4300 quae
3252 4225 3408 4300 quasi
3441 4225 3666 4283 subter—

2063 4311 2322 4382 ponimus
2341 4312 2474 4370 dum
2496 4313 2838 4383 abdicamus,
2855 4313 3039 4388 eisque
3056 4313 3208 4371 aliud
3224 4315 3663 4401 superducimus,

2063 4399 2197 4457 dum
2242 4400 2401 4458 bona
2430 4403 2666 4460 actionis
2713 4420 2850 4477 opus
2896 4403 2964 4460 ad
3007 4404 3114 4462 hoc
3158 4414 3278 4478 post
3326 4405 3581 4480 eligimus
3607 4399 3669 4463 ut

352 4510 536 4561 statur
565 4504 626 4560 in
656 4502 818 4573 vitio,
862 4519 992 4576 quo,
1037 4502 1284 4575 sagacius
1323 4519 1540 4560 summa
1584 4505 1958 4575 considerans,
1991 4504 2040 4563 D
2069 4493 2447 4564 meeramus-
2480 4496 2588 4564 Qui
2615 4512 2743 4570 θτεο
2790 4496 2975 4570 Priora
3018 4499 3164 4555 mala
3190 4497 3413 4570 deserit»
3443 4509 3497 4558 θῐ
3523 4501 3667 4558 δοηό

355 4592 636 4667 conspicit
666 4601 934 4667 quantum
975 4591 1144 4648 distat
1171 4608 1199 4648 a
1229 4600 1398 4649 recto.
1441 4592 1596 4650 Unde
1629 4593 1822 4652 beatus
1857 4595 1960 4651 Job

352 4682 669 4740 humanum
690 4699 861 4757 genus
881 4681 1182 4739 virtutibus
1201 4681 1493 4751 transiens,
1511 4683 1718 4741 amicos
1736 4684 1959 4756 loquen-

356 4773 429 4831 do
460 4773 788 4848 superavit;
819 4772 916 4830 sed
945 4773 1204 4846 loquente
1222 4774 1355 4842 Deo,
1377 4771 1672 4830 sublimius
1690 4773 1957 4846 eruditus,

354 4864 714 4937 semetipsum
746 4863 1126 4936 cognoscendo
1155 4863 1397 4921 reticuit.
1430 4864 1560 4920 Illos
1595 4878 1831 4936 namque
1861 4862 1960 4918 in-

349 4952 502 5026 juste
529 4954 819 5026 loquentes
847 4952 1116 5023 subdidit,
1147 4952 1242 5009 sed
1274 4951 1344 5008 ad
1369 4952 1535 5010 verba
1564 4952 1858 5010 locutionis
1879 4952 1958 5009 in-

358 5042 510 5100 timae
543 5059 698 5099 reum
727 5058 783 5100 se
808 5041 957 5115 juste
979 5042 1260 5116 cognovit.
1290 5043 1364 5099 Et
1391 5042 1614 5116 quidem
1638 5059 1738 5101 cur
1766 5041 1961 5114 ﬂagel-

355 5133 502 5190 latus
530 5133 605 5190 sit
628 5133 826 5202 nescit,
855 5131 949 5189 sed
970 5140 1154 5190 tamen
1175 5149 1274 5190 cur
1302 5131 1514 5205 ﬂagella
1535 5139 1824 5188 veneratus
1849 5147 1960 5188 non

355 5219 450 5290 sit,
480 5219 695 5278 silendo
724 5219 1024 5292 redarguit.
1056 5218 1261 5276 Divina
1287 5219 1437 5276 enim
1461 5217 1675 5292 judicia
1703 5237 1829 5279 cum
1850 5236 1948 5278 ne-

434 5415 450 5450 ¹
479 5415 563 5472 Ita
589 5415 717 5473 Mss.
748 5413 967 5485 Anglic.
1004 5420 1058 5470 et
1087 5413 1274 5470 Norm.
1309 5412 1553 5487 Vulgati,
1584 5429 1711 5472 cum
1741 5415 1955 5475 duobus

356 5485 568 5558 Germ.,
591 5505 626 5543 a
649 5493 878 5558 torpore.

432 5557 454 5592 ²
480 5556 644 5616 Corb.
678 5555 863 5614 Germ.
887 5564 942 5614 et
971 5555 1364 5614 Gemeticensis
1381 5557 1514 5616 Cod.
1547 5558 1958 5619 vetustissimus

357 5635 595 5707 quatuor
623 5628 850 5686 ultimos
879 5629 1071 5690 Moral.
1105 5627 1278 5692 libros
1305 5630 1692 5705 complectens,
1715 5649 1816 5707 per
1839 5649 1957 5693 cono

357 5700 764 5779 temptationem.

2068 4583 2341 4654 posterius
2371 4584 2523 4654 facit,
2568 4602 2664 4659 per
2692 4585 2799 4642 hoc
2825 4586 2973 4660 quod
3002 4586 3177 4656 addit,
3209 4595 3532 4647 transactam
3561 4607 3665 4647 ne—

2069 4672 2301 4745 quitiam
2348 4675 2507 4749 tegit,
2558 4675 2648 4734 cui
2695 4675 2829 4732 boni
2871 4676 3051 4750 operis
3098 4679 3294 4735 merita
3326 4679 3662 4752 superducit.

2068 4762 2269 4822 Beatus
2296 4766 2472 4840 igitur
2499 4767 2602 4824 Job
2630 4776 2832 4827 sanctae
2859 4768 3118 4827 Ecclesiae
3147 4778 3340 4842 typum
3372 4778 3580 4838 tenens,
3611 4777 3666 4826 et

2069 4852 2128 4910 in
2158 4855 2341 4912 verbis
2370 4856 2484 4914 suis
2505 4873 2603 4914 sua
2632 4859 2652 4894 ⁵
2680 4858 2942 4931 allegans,
2963 4867 3150 4916 nostra
3176 4858 3486 4929 designans,
3519 4858 3666 4914 dicat

2068 4963 2137 5004 ex
2166 4964 2243 5018 se,
2265 4948 2412 5007 dicat
2439 4965 2509 5006 ex
2535 4949 2696 5008 nobis
2731 4968 2744 5006 :
2775 4952 2997 5008 Manum
3020 4967 3189 5006 meam
3205 4965 3404 5019 ponam
3431 4965 3588 5020 super
3607 4967 3664 5005 os

2066 5053 2239 5092 meum
2266 5055 2289 5103 ;
2318 5037 2374 5093 id
2404 5046 2504 5106 est,
2536 5039 2644 5097 hoc
2671 5038 2818 5114 quod
2838 5039 3091 5096 districto
3115 5037 3292 5110 judici
3321 5037 3388 5093 de
3415 5053 3663 5095 sermone

2069 5141 2191 5182 meo
2221 5125 2279 5180 in
2309 5142 2395 5182 me
2424 5126 2771 5202 displicuisse
2818 5127 3129 5195 considero,
3176 5133 3302 5183 ante
3329 5127 3448 5200 ejus
3475 5127 3663 5188 oculos

2058 5215 2160 5275 sub
2193 5215 2470 5274 velamine
2497 5217 2634 5275 recti
2663 5217 2844 5292 operis
2887 5215 3181 5283 abscondo.
3214 5217 3473 5292 Sequitur
3503 5235 3515 5275 :

2139 5418 2161 5454 ³
2195 5417 2407 5475 Gemet.
2431 5424 2486 5474 et
2514 5416 2678 5476 Corb.
2701 5417 2913 5487 Germ.,
2944 5417 3285 5474 ascendendo.

2141 5489 2162 5563 ἒ
2192 5488 2390 5563 Laud,
2418 5491 2601 5563 culpas
2633 5497 2843 5563 tergere.

2136 5562 2158 5596 ⁸
2180 5561 2427 5637 _Gemet.,
2459 5560 2643 5618 Germ.
2684 5560 2748 5617 ac
2791 5560 2988 5637 Laud.,
3026 5561 3276 5635 alligans.
3325 5561 3406 5618 Ita
3443 5577 3660 5637 quoque

2069 5631 2236 5692 Corb.
2265 5632 2450 5692 Germ.
2481 5639 2612 5691 ante
2640 5632 3059 5692 correctionem.

3537 308 3643 366 est.
3745 293 3747 296 ‘
