4156 6178
567 296 673 358 635

1187 423 1418 483 CAPUT
1450 427 1545 484 Ill.

634 521 804 579 Vnus.
837 521 924 581 35.
955 553 1027 568 -
1059 523 1232 582 Unum
1260 526 1461 582 locutus
1491 542 1627 596 sum,
1663 527 1803 598 quod
1832 528 2038 585 uti-nam
2065 547 2169 586 non

562 609 814 668 dixissem
836 633 858 680 ;
891 621 941 670 et
964 616 1214 683 alterum,
1243 616 1432 688 quibus
1461 619 1608 674 ultra
1634 635 1745 674 non
1772 619 1988 676 addam.

633 700 686 758 3.
719 702 816 758 Job
854 704 963 760 Deo
999 704 1295 777 increpanti
1339 705 1610 762 humiliter
1637 723 1689 761 se
1728 723 1964 778 peccasse
1995 710 2170 782 conﬁ-

565 793 721 848 tetur.
755 822 825 834 —
845 792 903 848 Si
932 799 1205 851 transacta
1232 793 1379 850 beati
1400 792 1503 851 Job
1526 793 1691 851 verba
1711 793 2063 867 discutimus,
2087 799 2168 855 ni-

564 878 645 935 hil
675 896 802 937 eum
847 883 1103 956 nequiter
1144 882 1352 941 dixisse
1396 884 1720 957 reperimus.
1771 885 1828 942 Si
1857 903 1990 942 vero
2019 888 2168 945 dicta

563 967 702 1042 ejus,
733 986 853 1044 quae
882 987 1009 1027 cum
1050 972 1280 1028 veritate
1309 990 1373 1030 ac
1399 972 1649 1029 libertate
1677 973 1890 1046 prolata
1917 983 2068 1045 sunt,
2109 976 2167 1032 in

563 1058 784 1132 aliquod
803 1061 1070 1132 superbiai
1098 1062 1298 1118 vitium
1328 1062 1618 1132 ﬂectimus,
1655 1063 1765 1118 duo
1790 1063 1905 1135 jam
1942 1067 2163 1122 solum-

564 1148 728 1207 modo
757 1166 866 1206 non
895 1159 1074 1219 erunt,
1107 1152 1238 1225 quia
1267 1153 1441 1208 multa
1476 1160 1656 1210 erunt.
1709 1153 1815 1210 Sed
1848 1155 1979 1227 quia
2014 1156 2165 1229 loqui

564 1246 810 1296 nostrum
842 1247 924 1296 est
952 1239 1275 1296 hominibus
1296 1243 1574 1298 occultum
1595 1258 1814 1298 sensum
1836 1242 2021 1300 verbis
2043 1259 2166 1315 ape-

562 1327 694 1396 rire,
722 1328 875 1400 loqui
906 1344 1037 1385 vero
1066 1336 1316 1386 nostrum
1346 1329 1416 1387 ad
1445 1330 1662 1387 divinas
1682 1347 1838 1388 aures
1855 1339 1936 1388 est
1953 1341 2165 1389 motum

561 1416 764 1474 mentis
794 1417 962 1474 etiam
993 1417 1343 1491 expressione
1367 1420 1602 1477 actionis
1631 1420 1938 1490 ostendere,
1975 1421 2166 1478 beatus

560 1506 663 1563 Job
687 1507 756 1564 ad
782 1507 980 1564 libram
1009 1524 1067 1565 se
1093 1509 1446 1566 subtilissimi
1475 1511 1751 1567 examinis
1780 1527 2036 1583 pensans,
2073 1513 2166 1568 lo-

561 1597 783 1653 cutione
813 1614 910 1654 sua
939 1598 1180 1656 secundo
1209 1615 1265 1655 se
1310 1598 1609 1672 deliquisse
1637 1598 1950 1657 conﬁtetur.
1985 1601 2165 1657 Unum

561 1687 708 1745 enim
729 1688 881 1762 loqui
902 1689 1099 1747 illicite
1129 1698 1214 1747 est
1240 1705 1325 1747 res
1354 1689 1568 1762 ﬂagello
1596 1687 1790 1761 dignas
1819 1704 1995 1761 agere,
2013 1690 2165 1746 aliud

1770 300 2021 362 SANCTI
2059 303 2395 367 GREGORII
2437 311 2675 370 MAGNI

2196 438 2246 496 A
2277 437 2407 534 quia
2440 441 2625 534 nullus
2654 443 2713 499 in
2740 443 2841 502 hac
2873 447 2986 502 vita
3017 447 3094 505 ita
3123 451 3395 523 perfectus
3424 465 3524 526 est,
3573 467 3631 515 ut
3672 477 3858 534 quam-

3760 334 3856 393 636

2279 524 2413 625 libet
2440 530 2551 586 Deo
2585 531 2814 590 devotus
2842 535 2934 605 sit,
2967 537 3112 594 inter
3141 540 3257 613 ipsa
3285 545 3304 578 ⁴
3326 524 3859 625 quantulumcunque

2279 615 2369 711 pia
2397 625 2524 711 vota
2549 636 2658 676 non
2682 633 2888 694 peccet,
2920 642 3018 697 pro
3042 638 3264 700 peccato
3293 615 3429 705 agna
3459 636 3642 693 offerri
3672 638 3737 696 de
3758 615 3860 711 gre-

2279 708 2436 800 gibus
2456 709 2572 765 sive
2601 728 2763 782 capra
2792 715 3129 787 praecipitur.
3170 720 3314 787 Quid
3366 725 3514 780 enim
3557 743 3652 798 per
3681 708 3862 800 agnam

2278 797 2385 864 nisi
2415 800 2607 892 activae
2628 801 2755 858 vitae
2777 803 3110 877 innocentia,
3135 810 3267 882 quid
3290 828 3384 883 per
3402 797 3642 886 capram,
3668 797 3783 892 quae
3810 819 3864 875 in

2277 890 2508 946 summis
2537 907 2678 964 saepe
2705 895 3074 969 extremisque
3103 898 3335 970 rupibus
3351 904 3590 974 pendens
3612 890 3862 978 pascitur,

2276 981 2384 1036 nisi
2415 985 2843 1057 contemplativa
2872 986 2988 1042 vita
3016 988 3262 1061 signatur
3285 991 3312 1046 ‘I
3343 991 3448 1060 Qui
3483 1009 3610 1067 ergo
3647 1012 3702 1052 se
3730 1014 3866 1054 con-

2277 1073 2439 1146 spicit
2469 1077 2735 1148 promissa
2765 1095 2827 1135 ac
2856 1082 3133 1153 proposita
3162 1100 3271 1140 non
3303 1085 3577 1158 implesse,
3611 1090 3682 1146 ad
3711 1092 3865 1148 sacri-

2277 1163 2464 1220 ficium
2491 1167 2588 1223 Dei
2621 1184 2734 1226 sese
2765 1169 3064 1228 studiosius
3093 1173 3252 1231 debet
3282 1178 3367 1233 vel
3400 1179 3716 1238 innocentia
3742 1181 3868 1240 boui

2276 1255 2475 1343 operis,
2507 1257 2595 1312 vel
2624 1257 2850 1314 sublimi
2880 1269 3038 1332 pastu
3065 1265 3546 1338 contemplationis
3567 1271 3864 1343 accingere.

2372 1342 2510 1399 bene
2539 1361 2675 1418 agna
2701 1346 2768 1403 de
2797 1349 3071 1420 gregibus,
3103 1369 3265 1426 capra
3294 1370 3425 1410 vero
3454 1357 3642 1414 offerri
3673 1342 3744 1416 de?
3761 1375 3871 1432 gre-

2277 1430 2435 1502 gibus
2464 1449 2574 1489 non
2599 1433 2844 1507 jubetur,
2877 1439 3005 1510 quia
3035 1441 3216 1496 activa
3254 1441 3368 1497 vita
3419 1445 3724 1504 multorum
3769 1430 3868 1518 est,

2276 1523 2703 1610 contemplativa
2742 1543 3059 1598 paucorum.
3105 1531 3177 1587 Et
3209 1547 3336 1587 cum
3367 1530 3484 1590 haec
3513 1535 3727 1606 agimus
3755 1553 3870 1610 quae

2276 1609 2480 1665 multos
2527 1628 2682 1684 agere
2733 1623 2786 1670 et
2821 1615 2992 1688 egisse
3039 1619 3428 1693 conspicimus,
3480 1624 3633 1694 quasi
3681 1609 3873 1697 agnam

2275 1697 2341 1754 de
2385 1701 2638 1773 gregibus
2675 1705 2889 1763 damus.
2930 1707 3035 1764 Sed
3069 1726 3195 1766 cum
3227 1711 3508 1769 offerentis
3549 1713 3724 1769 virtus
3754 1716 3775 1748 ⁵
3805 1713 3874 1770 ad

562 1778 711 1876 ξοφιί
732 1779 996 1878 θδῑσθῐίδῐη
1027 1779 1094 1878 (ξε
1125 1780 1338 1878 ΠξιξθῙῙο
1352 1795 1712 1878 ῐιξιπῐηυΐέτθο
1747 1779 1857 1878 Qui
1882 1796 2009 1878 9’89
2037 1787 2166 1878 ante
2194 1794 2239 1855 Β
2275 1805 2467 1862 agnam
2493 1807 2820 1867 capramque
2850 1812 2962 1851 non
3004 1798 3228 1870 sufﬁcit,
3268 1800 3328 1857 in
3359 1803 3662 1860 remedium
3686 1802 3876 1878 poeni-

561 1865 990 1940 increpationem
1023 1868 1361 1926 dominicam
1384 1869 1442 1924 in
1469 1869 1619 1924 omni
1651 1884 1812 1940 opere
1843 1868 2165 1926 hominibus

561 1956 818 2028 praelatus
845 1956 952 2013 fuit
979 1956 1099 2030 ipsa
1124 1957 1181 2013 in
1220 1958 1394 2014 altum
1427 1957 1803 2030 increpatione
1851 1956 2163 2029 proﬁciens,

560 2051 616 2101 et
643 2043 828 2102 minus
854 2061 911 2102 se
939 2053 1152 2103 rectum
1183 2046 1336 2117 prius
1365 2046 1421 2101 in
1452 2061 1632 2118 opere,
1674 2051 1730 2101 et
1763 2045 1948 2102 minus
1975 2061 2033 2102 se
2061 2063 2165 2119 pa-

560 2133 787 2190 tientem
821 2143 944 2206 post
973 2135 1031 2191 in
1062 2135 1290 2191 verbere
1329 2135 1572 2207 agnovit.
1610 2133 1762 2190 Unde
1811 2134 2165 2207 semetipsum

561 2223 862 2296 redarguit,
896 2223 1085 2281 dicens
1119 2243 1129 2281 :
1188 2226 1354 2283 Unum
1398 2226 1599 2281 locutus
1626 2241 1762 2293 sum,
1793 2224 1934 2296 quod
1961 2225 2167 2281 utinam

561 2329 670 2370 non
697 2311 990 2381 dia-issem;
1018 2321 1066 2370 et
1093 2315 1342 2384 alterum,
1374 2314 1564 2387 quibus
1592 2315 1742 2369 ult-ra
1775 2315 1790 2348 ¹
1815 2330 1921 2369 ηοη
1947 2313 2162 2370 addam.

558 2402 641 2460 Ac
663 2403 712 2460 si
740 2402 925 2460 dicat:
954 2404 1182 2462 Rectum
1212 2420 1300 2460 me
1327 2403 1549 2479 quidem
1577 2403 1722 2460 inter
1753 2401 2007 2460 homines
2035 2419 2164 2460 cre-

562 2492 724 2551 didi:
765 2494 882 2562 sed,
911 2502 965 2550 te
993 2495 1272 2567 loquente,
1321 2501 1375 2550 et
1402 2501 1527 2550 ante
1554 2493 1770 2565 ﬂagella
1815 2509 2066 2566 pravum,
2111 2503 2165 2550 et

559 2590 682 2654 post
722 2583 936 2655 ﬂagella
965 2600 1052 2640 me
1081 2583 1322 2655 rigidum
1355 2584 1566 2639 inveni.
1617 2584 1817 2650 Quibus
1866 2587 2011 2641 ultra
2058 2601 2166 2640 non

558 2672 772 2739 addam,
802 2669 932 2743 quia
954 2669 1070 2741 jam
1101 2676 1306 2742 quanto
1325 2686 1474 2726 nunc
1491 2678 1544 2726 te
1564 2672 1878 2743 loquentem
1904 2673 2164 2732 subtilius

560 2759 830 2832 intelligo,
863 2766 1016 2817 tanto
1046 2759 1320 2833 meipsum
1349 2756 1620 2815 humilius
1648 2756 1938 2829 investigo.

631 2902 770 2979 [Vet.
802 2905 880 2972 II,
912 2905 1032 2961 Rec.
1052 2901 1176 2978 Ν]
1195 2903 1248 2960 4.
1264 2902 1591 2961 Pamitentire
1603 2899 1856 2971 objectum
1879 2906 2002 2956 sunt
2031 2899 2166 2956 bona

558 2996 807 3067 neglecta,
825 3001 873 3050 et
898 2997 1044 3051 mala
1067 3001 1396 3068 perpetrata.
1415 2993 1603 3050 Activa
1618 2991 1729 3048 vita
1757 2993 2046 3049 multorum
2069 2996 2161 3059 est,

557 3085 960 3156 contemplativa
974 3102 1288 3157 paucorum.
1311 3115 1382 3125 —
1401 3085 1474 3140 Et
1493 3083 1623 3157 quia
1640 3081 1829 3139 beatus
1849 3082 1876 3138 1
1880 3082 1950 3139 ob
1967 3091 2166 3139 sanctae

556 3172 816 3230 Ecclesia:
829 3181 1026 3245 typum
1041 3179 1444 3246 tenet,possunt
1455 3171 1911 3228 electisomnibus
1922 3169 2041 3227 haec
2050 3168 2095 3240 ej
2103 3187 2168 3228 us

559 3261 727 3318 verba
741 3263 1161 3337 congruere,qui
1176 3271 1566 3336 cognoscentes
1579 3264 1897 3332 Dominum,
1917 3265 1976 3320 in
1988 3280 2100 3319 uno
2113 3272 2167 3320 et

561 3349 670 3407 alio
689 3350 986 3424 deliquisse
998 3368 1052 3406 se
1065 3351 1331 3420 sentiunt,
1349 3352 1480 3424 quia
1494 3367 1550 3408 se
1566 3351 1885 3424 intelligunt
1900 3353 1985 3409 vel
2004 3353 2062 3410 in
2077 3371 2165 3411 co-

562 3440 828 3512 gitatione
849 3447 903 3496 et
921 3456 1102 3513 opere,
1128 3441 1213 3496 vel
1236 3441 1294 3497 in
1321 3441 1420 3497 Dei
1437 3456 1500 3497 ac
1525 3439 1764 3513 proximi
1794 3443 2039 3514 neglecta
2069 3443 2165 3500 di-

560 3529 798 3586 lectione
823 3545 1094 3603 peccasse.
1117 3529 1328 3598 Quibus
1346 3545 1404 3585 se
1426 3528 1758 3602 promittunt
1783 3531 1928 3586 ultra
1956 3533 2036 3587 nil
2057 3533 2164 3588 ad-

559 3615 706 3685 dere,
726 3616 855 3689 quia
876 3632 972 3689 per
990 3615 1366 3673 conversionis
1391 3616 1619 3689 gratiam
1639 3617 1660 3652 ²
1681 3624 1877 3673 curant
1897 3619 2161 3690 poeniten-

560 3706 632 3763 do
653 3705 904 3782 quotidie
933 3705 1100 3762 etiam
1130 3713 1403 3763 transacta
1435 3721 1686 3780 purgare.
1718 3706 1822 3762 Per
1849 3706 1954 3764 hoc
1980 3715 2162 3764 tamen

559 3799 705 3871 quod
741 3795 935 3854 beatus
961 3795 1063 3853 Job
1092 3795 1159 3853 de
1188 3794 1407 3854 duobus
1435 3813 1491 3854 se
1521 3797 1837 3870 pamitendo
1864 3797 2161 3870 redarguit,

561 3887 775 3962 liquido
795 3887 1037 3944 ostendit
1057 3886 1205 3962 quod
1230 3892 1418 3952 1048
1450 3896 1702 3961 peccator
1716 3889 1896 3947 omnis
1914 3889 1971 3946 in
1992 3889 2164 3963 poeni-

558 3985 731 4042 tentia
751 3985 1030 4058 duplicem
1049 3984 1248 4042 habere
1271 3985 1534 4058 gemitum
1552 3985 1730 4053 debet,
1754 3987 2020 4042 nimirum
2037 3986 2167 4059 quia

558 4082 612 4130 et
630 4074 838 4131 bonum
855 4073 1001 4145 quod
1021 4073 1269 4145 oportuit
1290 4090 1400 4130 non
1419 4074 1569 4140 fecit,
1591 4084 1644 4131 et
1660 4076 1867 4130 malum
1886 4075 2032 4148 quod
2054 4092 2164 4131 non

558 4161 804 4234 oportuit
822 4160 975 4217 fecit.
1005 4161 1151 4218 Hinc
1169 4169 1251 4218 est
1274 4162 1424 4217 enim
1454 4161 1602 4234 quod
1629 4178 1723 4234 per
1750 4164 1976 4235 Moysen
2007 4163 2074 4219 de
2101 4181 2166 4221 eo

559 4253 653 4326 qui
670 4251 1049 4325 juramentum
1070 4251 1323 4322 protulit,
1343 4258 1406 4306 ut
1423 4251 1511 4305 vel
1533 4252 1674 4307 male
1698 4252 1830 4322 quid
1848 4253 1933 4309 vel
1950 4253 2166 4310 benefa-

557 4346 723 4408 ceret,
739 4348 792 4396 et
807 4338 914 4396 hoc
933 4338 1113 4411 ipsum
1129 4337 1414 4396 oblivione
1435 4339 1775 4397 transcendit
1780 4364 1795 4410 ,-
1813 4339 2019 4398 dicitur
2037 4359 2049 4398 :
2074 4343 2166 4414 0f-

557 4427 702 4500 ferat
719 4443 912 4499 agnam
938 4427 1000 4483 de
1017 4427 1258 4500 gregibus
1278 4427 1385 4483 sive
1413 4445 1650 4500 capram,
1683 4431 1956 4502 orabitque
1977 4450 2080 4505 pro
2109 4451 2166 4490 eo

558 4518 819 4586 sacerdos,
843 4523 893 4572 et
912 4533 1016 4589 pro
1026 4524 1236 4589 peccato
1251 4516 1383 4588 ejus.
1409 4518 1507 4574 Sin
1524 4525 1698 4575 autem
1721 4537 1827 4575 non
1841 4522 2164 4593 potueritof-
2198 4515 2247 4572 D

557 4610 702 4682 ferre
709 4626 886 4683 pecus,
909 4610 1098 4682 o/ferat
1115 4610 1252 4666 duos
1274 4612 1616 4678 turtures,vel
1631 4612 1762 4667 duos
1776 4613 1956 4684 pullos
1975 4615 2168 4670 colum-

560 4702 766 4770 barum,
812 4717 977 4757 unum
1014 4718 1118 4774 pro
1147 4707 1377 4773 peccato,
1405 4701 1697 4757 etalterum
1724 4702 1783 4756 in
1810 4703 2170 4759 holocaustum

558 4794 752 4867 (Leuit.
785 4813 844 4864 v,
871 4793 924 4862 6,
949 4795 1028 4866 7).
1104 4793 1485 4849 Juramentum
1527 4808 1767 4864 namque
1799 4793 2044 4864 proferre
2087 4804 2167 4852 est

562 4892 696 4942 voto
725 4900 825 4942 nos
847 4885 867 4920 ³
891 4882 1096 4940 divinae
1130 4880 1415 4939 servitutis
1441 4879 1686 4953 alligare.
1733 4881 1807 4937 Et
1851 4897 1978 4938 cum
2024 4881 2169 4939 bona

561 4993 725 5050 opera
745 4974 1143 5049 promittimus,
1165 4971 1304 5029 bene
1327 4987 1426 5028 nos
1444 4971 1620 5028 facere
1641 4970 1992 5044 spondemus.
2027 4970 2166 5030 Cum

560 5081 692 5122 vero
714 5062 1103 5121 abstinentiam
1132 5060 1547 5134 cruciatumque
1573 5060 1754 5118 carnis
1770 5068 1969 5118 nostra:
1989 5077 2169 5118 vove—

562 5169 707 5224 mus,
726 5155 868 5211 male
898 5153 966 5211 ad
988 5168 1226 5227 prasens
1246 5167 1347 5208 nos
1367 5149 1529 5208 nobis
1558 5149 1735 5209 facere
1758 5148 2030 5224 juramus.
2061 5151 2168 5209 Sed

638 5356 654 5390 ¹
687 5357 898 5413 Gemet.
929 5365 984 5412 et
1012 5356 1220 5425 Germ.,
1247 5371 1354 5410 non
1372 5354 1533 5411 addo.

636 5426 658 5498 ἒ
688 5427 923 5498 Gemet.,
955 5435 1184 5482 currunt
1203 5426 1524 5498 pamitendo.

637 5497 658 5570 ἒ
689 5497 811 5570 Yal.
853 5499 937 5555 Cl.
970 5505 1023 5555 et
1048 5497 1283 5567 Gemet.,
1315 5498 1508 5554 divina:
1535 5499 1776 5555 servituti
1793 5499 2038 5570 alligare.

639 5569 659 5603 ⁸
689 5569 793 5644 Ed.
826 5584 960 5638 rec.,
987 5577 1465 5644 quantumcunque,
1489 5570 1636 5644 quod
1654 5569 2102 5644 meliusv’idetur,
2118 5569 2167 5644 si

564 5641 637 5698 ad
657 5639 756 5714 pia
797 5645 933 5707 vota,
967 5639 1082 5714 non
1103 5658 1238 5714 vero
1270 5641 1322 5714 ‘si
1355 5639 1424 5698 ad
1452 5639 1559 5698 ηᾱη
1582 5649 1753 5714 peccet
1778 5643 2064 5699 referatur.
2095 5641 2169 5699 At

566 5715 625 5771 in
653 5711 783 5770 Mss.
815 5719 871 5768 et
897 5717 1008 5768 vet.
1037 5711 1144 5769 Ed.
1177 5711 1409 5784 legimus
1436 5711 1972 5788 quantulumcunque.

638 5788 660 5823 ⁸
691 5781 865 5843 Laud.
872 5825 891 5856 ,
923 5797 1184 5858 agnam...
1205 5783 1397 5856 offerre
1424 5800 1531 5842 non
1557 5784 1764 5858 sumcit.

736 5799 891 5856 auu.,
923 5799 1184 5856 agnam...
1205 5799 1397 5856 θηεῖτο
1424 5800 1531 5842 non
1557 5799 1764 5856 sumcu.

2275 1879 2438 1935 tentis
2454 1879 2791 1952 adiungitur,
2824 1892 2886 1940 ut
2915 1885 3024 1942 duo
3052 1889 3190 1959 pulli
3219 1890 3620 1960 columbarum,
3644 1892 3732 1948 vel
3755 1890 3863 1947 duo

2273 1972 2512 2024 turtures
2550 1971 2869 2029 offerantur.
2912 1976 3128 2032 Scimus
3158 1979 3288 2051 quia
3321 1982 3705 2038 columbarum
3737 1981 3877 2054 pulli

2273 2056 2358 2111 vel
2402 2063 2643 2114 turtures
2671 2076 2770 2132 pro
2799 2069 2963 2119 cantu
2991 2066 3225 2135 gemitus
3271 2067 3496 2124 habent.
3548 2070 3692 2138 Quid
3748 2087 3877 2142 ergo

2273 2165 2368 2220 per
2396 2149 2533 2206 duos
2560 2153 2942 2210 columbarum
2971 2157 3169 2229 pullos,
3194 2159 3282 2214 vel
3312 2159 3450 2216 duos
3479 2167 3745 2229 turtures,
3765 2160 3880 2218 nisi

2273 2239 2477 2312 duplex
2518 2243 2852 2313 paenitentiae
2901 2253 3099 2302 nostrai
3145 2248 3378 2319 gemitus
3427 2249 3770 2322 designatur,
3819 2257 3882 2306 ut

2271 2346 2397 2386 cum
2428 2330 2496 2386 ad
2525 2331 2800 2388 offerenda
2833 2333 2978 2390 bona
3004 2351 3166 2407 opera
3194 2352 3308 2394 non
3337 2339 3695 2412 assurgimus,
3738 2354 3880 2394 nos-

2273 2417 2534 2492 metipsos
2591 2421 2888 2495 dupliciter
2933 2423 3250 2496 deﬂeamus,
3299 2429 3430 2500 quia
3472 2436 3526 2484 et
3570 2437 3720 2486 recta
3765 2444 3878 2485 non

2273 2506 2525 2580 fecimus,
2556 2518 2610 2566 et
2639 2528 2809 2584 prava
2837 2515 3044 2586 operati
3074 2517 3304 2574 sumus?
3332 2519 3486 2576 Unde
3509 2528 3564 2576 et
3592 2535 3737 2577 unus
3767 2526 3879 2576 tur.

2273 2606 2364 2656 tur
2395 2617 2494 2674 pro
2523 2613 2768 2676 peccato,
2802 2605 2939 2662 alter
2977 2621 3109 2663 vero
3155 2607 3342 2664 oﬂ‘erri
3395 2609 3452 2665 in
3494 2608 3877 2668 holocaustum

2267 2689 2514 2763 jubetur.
2569 2693 2964 2752 Holocaustum
2991 2713 3228 2770 namque
3259 2705 3436 2756 totum
3466 2698 3754 2757 incensum
3783 2698 3880 2756 di-

2273 2782 2438 2836 citur.
2474 2782 2654 2838 Unum
2685 2798 2814 2854 ergo
2843 2792 3111 2840 turturem
3161 2802 3260 2856 pro
3303 2797 3528 2859 peccato
3569 2789 3878 2856 offerimus,

2274 2881 2400 2922 cum
2429 2881 2527 2938 pro
2557 2870 2718 2937 culpa
2747 2871 3008 2937 gemitum
3036 2873 3261 2940 damus;
3313 2873 3379 2930 de
3406 2875 3578 2931 altero
3607 2895 3742 2934 vero
3775 2877 3879 2934 ho-

2275 2956 2578 3013 locaustum
2607 2955 2861 3023 facimus,
2895 2971 3021 3011 cum
3052 2969 3149 3026 pro
3177 2977 3241 3009 eo
3270 2962 3414 3026 quod
3442 2963 3584 3018 bona
3612 2969 3884 3038 neglexi...

2276 3061 2417 3112 mus,
2449 3045 2810 3117 nosmetipsos
2835 3044 3086 3101 funditus
3116 3045 3137 3079 ⁵
3167 3041 3577 3113 succendentes,
3611 3044 3738 3118 igne
3767 3054 3886 3102 do-

2199 3152 2242 3212 c
2279 3134 2409 3190 loris
2457 3133 2730 3189 ardemus.
2781 3134 2920 3202 Quia
2968 3134 3137 3206 igitur
3192 3132 3399 3206 duplex
3449 3132 3506 3188 in
3550 3133 3888 3206 poenitentia

2275 3223 2508 3294 gemitus
2539 3222 2788 3292 debetur,
2820 3223 3012 3279 beatus
3045 3222 3147 3280 Job
3180 3222 3385 3280 divinae
3428 3223 3581 3279 vocis
3629 3223 3882 3298 increpa-

2274 3313 2422 3369 tione
2450 3311 2762 3385 proficiens,
2795 3321 2954 3386 atque
2985 3313 3044 3369 in
3071 3329 3170 3369 sua
3198 3312 3622 3386 reprehensione
3643 3330 3882 3373 succre—

2272 3419 2445 3472 scens,
2477 3402 2683 3459 dixisse
2707 3418 2764 3458 se
2805 3418 2978 3458 unum
3009 3410 3063 3458 et
3089 3404 3320 3460 alterum
3351 3403 3623 3476 pcenitens
3649 3403 3878 3471 fatetur,

2273 3509 2334 3551 ac
2362 3493 2409 3550 si
2439 3501 2620 3566 aperte
2648 3492 2832 3551 dicat:
2877 3494 2949 3550 Et
2981 3509 3106 3567 erga
3152 3493 3296 3550 bona
3340 3510 3437 3567 per
3483 3495 3880 3568 negligentiam

2273 3586 2478 3656 torpui,
2510 3592 2562 3642 et
2589 3584 2658 3641 ad
2683 3587 2828 3641 mala
2855 3600 2952 3657 per
2981 3584 3265 3641 audaciam
3295 3584 3521 3656 prorupi
3546 3602 3558 3640 :

2345 3672 2478 3732 Car.
2515 3691 2608 3742 XL,
2641 3674 2812 3732 Vnus.
2849 3675 2898 3742 1,
2931 3674 2984 3730 2.
3012 3704 3084 3716 -
3110 3674 3443 3746 Respondeas
3479 3679 3652 3729 autem
3677 3675 3881 3731 Domi—

2271 3779 2372 3818 nus
2401 3763 2498 3819 Job
2523 3763 2584 3818 de
2622 3763 2848 3829 turbine,
2877 3763 3019 3819 dixit
3050 3780 3062 3818 :
3109 3763 3330 3835 Accinge
3365 3762 3498 3818 sicut
3541 3763 3628 3818 vir
3675 3764 3880 3820 lumbos

2276 3858 2412 3919 tuos,
2443 3852 2776 3924 interrogabo
2809 3858 2872 3920 te,
2903 3858 2950 3908 et
2979 3852 3153 3907 indica
3179 3851 3328 3907 mihi.
3640 3844 3644 3847 ’

2347 3938 2486 4013 [νει.
2519 3940 2629 4007 III,
2664 3941 2784 3996 Rec.
2826 3939 2912 4014 V.]
2951 3939 3096 4007 Quid
3127 3941 3201 3996 sit
3227 3927 3527 3996 Dominum
3557 3938 3624 3997 de
3652 3939 3882 3998 turbine

2275 4029 2618 4102 respondere,
2643 4029 2777 4102 quid
2801 4029 3023 4086 beatum
3052 4029 3154 4086 Job
3176 4031 3394 4088 lumbos
3415 4029 3714 4103 accingere,
3741 4028 3880 4105 quid

2275 4120 2610 4192 interrogare
2633 4119 2755 4188 Dei,
2787 4118 2921 4192 quid
2949 4117 3194 4175 hominis
3230 4120 3492 4189 indicare,
3537 4121 3717 4194 primo
3758 4120 3878 4193 jam

2275 4209 2496 4267 Domini
2524 4225 2772 4265 sermone
2797 4216 3086 4266 tractatum
3107 4218 3187 4266 est
3214 4211 3376 4284 (Sup.
3403 4212 3493 4267 lib.
3526 4226 3726 4280 xxvm,
3760 4228 3818 4268 η.
3846 4212 3874 4267 1

2274 4307 2320 4357 et
2347 4317 2452 4371 seq.
2457 4300 2505 4372 ).
2537 4299 2678 4368 Quia
2701 4315 2827 4372 ergo
2853 4299 3074 4358 lectoris
3101 4299 3266 4356 taedio
3294 4301 3589 4374 parcimus,
3613 4316 3878 4360 curamus

2274 4405 2618 4464 summopere
2646 4405 2715 4446 ne
2743 4389 2893 4449 dicta
2918 4392 3264 4464 replicemus.
3288 4390 3582 4465 Sequitur:

2890 4489 3116 4548 CAPUT
3153 4491 3249 4548 IV.

2349 4589 2520 4647 Vnus.
2553 4589 2604 4646 3.
2628 4619 2700 4631 -
2725 4589 2981 4662 Nunquid
2996 4590 3211 4646 irritum
3225 4589 3387 4661 facies
3396 4588 3662 4660 judicium
3678 4603 3876 4655 meum,

2277 4690 2325 4741 et
2350 4685 2713 4742 condemnabis
2733 4702 2830 4756 me,
2862 4691 2922 4740 ut
2951 4691 3005 4741 tu
3023 4683 3332 4758 justiﬁceris
3347 4687 3375 4743 Ϋ

2361 4782 2551 4841 1049
2578 4785 2632 4843 5.
2681 4785 2778 4842 Job
2816 4783 2961 4855 juste
2999 4790 3288 4856 correptus,
3330 4790 3388 4839 ut
3423 4784 3639 4842 occultis
3665 4783 3767 4842 Dei
3785 4783 3878 4855 ju-

2277 4878 2428 4934 diciis
2454 4877 2612 4933 etiam
2640 4876 2866 4930 nesciens
2894 4875 3221 4930 subderetur.
3265 4905 3336 4916 —
3376 4874 3637 4948 Quisquis
3681 4881 3882 4931 contra

2275 4965 2499 5024 Domini
2521 4964 2736 5037 ﬂagella
2762 4963 3115 5035 semetipsum
3137 4963 3429 5021 defendere
3451 4964 3671 5032 nititur,
3693 4961 3878 5036 ﬂagel-

2277 5055 2439 5111 lantis
2461 5052 2736 5125 judicium
2768 5068 3031 5110 evacuare
3057 5059 3307 5110 conatur.
3340 5055 3360 5088 ⁷
3391 5054 3528 5110 Nam
3558 5069 3682 5110 cum
3711 5053 3881 5124 culpa

2275 5161 2372 5204 sua
2401 5145 2553 5203 feriri
2583 5160 2640 5202 se
2669 5143 2919 5220 denegat,
2949 5145 3083 5218 quid
3112 5145 3264 5202 aliud
3295 5145 3316 5179 ⁸
3345 5161 3508 5219 quam
3541 5143 3877 5216 injustitiam

2348 5351 2371 5386 ⁸
2400 5350 2515 5420 AL,
2546 5350 2893 5407 accendentes.

2346 5423 2367 5457 ⁷
2399 5419 2662 5492 Vindoc.,
2691 5422 2913 5480 Ebroic.
2962 5421 3175 5495 aliique
3206 5423 3421 5495 Norm.,
3460 5419 3652 5477 eodem
3683 5432 3874 5475 sensu.

2275 5510 2396 5549 nam
2426 5511 2543 5566 cum
2573 5512 2676 5550 non
2704 5512 2802 5550 sua
2831 5495 2986 5566 culpa
3016 5493 3180 5566 feriri
3196 5511 3256 5566 se
3284 5493 3444 5566 dicat.

2349 5565 2370 5600 ³
2399 5565 2490 5622 Sic
2516 5567 2643 5640 _Mss.
2676 5559 3136 5640 ῘΙῚιιόῃηίΙιειίιᾴἋ
3165 5565 3287 5640 γειιῖ
3318 5564 3400 5621 Cl.
3434 5564 3508 5621 At
3534 5579 3661 5620 cum
3697 5559 3875 5640 duob.

2276 5636 2486 5766 :‘gp‘rmq
2516 5637 2716 5698 Pratel.
2747 5645 2802 5697 et
2839 5638 3005 5708 Utic.,
3034 5636 3188 5694 Editi
3217 5635 3384 5693 etiam
3415 5643 3524 5693 vet.
3557 5651 3718 5707 quam
3737 5635 3883 5704 jus-

2301 5725 2318 5765 t
2344 5725 2471 5766 iam.

2301 5714 2471 5768 itiam.
