4156 6178
305 343 408 400 637

1095 339 1467 398 MORALIUM
1505 339 1637 397 LIB.
1680 339 1915 398 XXXII.
1957 369 2023 382 -
2064 340 2137 398 IN
2173 337 2402 399 CAPUT
2441 341 2537 398 XL
2576 341 2637 398 Β.
2679 341 2821 400 JOB.

3503 350 3606 408 638

305 465 554 528 ferientis
600 465 862 525 accusat?
889 465 1113 523 Beatum
1155 465 1338 540 itaque
1382 467 1484 524 Job
1530 483 1641 523 non
1688 466 1896 525 idcirco
1923 469 1975 530 Α
2004 484 2069 526 eo
2098 483 2251 527 mens
2278 485 2599 542 corporeum
2629 469 2954 543 suspicetur.
2976 470 3039 527 In
3054 471 3608 548 AnthrOpomorphi-

306 557 522 631 ﬂagella
541 556 783 614 cmlestia
814 564 1224 629 percusserunt,
1245 556 1384 613 utin
1405 573 1470 613 eo
1490 557 1680 630 culpas
1700 556 1905 614 exstin-

305 653 557 720 guerent,
587 645 681 702 sed
711 645 894 718 potius
921 652 985 702 ut
1015 647 1212 702 merita
1226 655 1508 719 augerent,
1525 655 1793 720 quatenus
1811 645 1908 719 qui

305 735 727 809 tranquillitatis
758 741 1002 808 tempore
1032 735 1091 792 in
1121 744 1274 793 tanta
1300 737 1590 795 sanctitate
1615 737 1906 804 claruerat,

308 833 364 884 et
391 840 461 881 ex
489 823 839 897 percussione
869 831 1170 897 patesceret
1189 841 1310 898 quae
1340 825 1398 881 in
1419 841 1485 881 eo
1514 824 1679 881 etiam
1701 823 1909 896 patien-

309 916 402 973 tiae
433 913 611 970 virtus
639 911 861 969 latebat.
892 913 1001 982 Qui
1031 913 1258 988 quidem
1287 915 1506 988 culpam
1560 931 1714 972 suam
1762 914 1912 971 inter

310 1003 527 1078 ﬂagella
555 1017 668 1060 non
685 1001 996 1072 inveniens,
1020 1019 1120 1061 nec
1137 1012 1321 1061 tamen
1343 1004 1557 1076 ﬂagella
1571 1004 1760 1061 eadem
1782 1021 1908 1063 cau-

310 1109 427 1150 sam
458 1091 566 1148 sibi
594 1106 709 1148 esse
736 1090 971 1164 augendi
1018 1092 1202 1148 meriti
1245 1092 1679 1166 deprehendens,
1710 1091 1913 1166 injuste

310 1200 368 1241 se
395 1180 550 1239 feriri
579 1180 836 1250 credidit,
869 1198 996 1239 cum
1027 1181 1162 1255 quid
1191 1182 1250 1238 in
1278 1198 1335 1238 se
1383 1182 1666 1240 debuisset
1707 1181 1912 1256 corrigi

312 1289 425 1330 non
445 1269 680 1327 invenit.
704 1270 812 1328 Sed
839 1287 908 1327 ne
936 1270 1055 1344 ipsa
1075 1271 1394 1350 innocentia
1422 1273 1481 1328 in
1502 1280 1774 1329 tumorem
1804 1273 1916 1329 ela-

310 1359 481 1417 tionis
510 1357 754 1427 inﬂetur,
787 1357 979 1415 divina
1006 1375 1141 1416 voce
1172 1360 1490 1432 corripitur,
1514 1369 1568 1418 et
1597 1377 1753 1418 mens
1797 1359 1916 1433 ejus

311 1450 382 1506 ab
397 1448 693 1522 iniquitate
714 1446 904 1517 libera,
935 1448 1031 1506 sed
1052 1447 1374 1506 verberibus
1395 1465 1595 1522 pressa,
1613 1451 1681 1506 ad
1705 1449 1918 1522 judicia

310 1537 531 1596 occulta
556 1544 865 1605 revocatur,
897 1543 960 1594 ut
987 1553 1225 1610 superna
1253 1539 1546 1608 sententia,
1565 1540 1668 1595 etsi
1701 1555 1816 1595 non
1837 1546 1918 1595 est

309 1628 554 1702 cognita,
586 1643 695 1684 non
727 1634 913 1684 tamen
938 1626 1197 1686 credatur
1225 1627 1466 1701 injusta;
1501 1629 1596 1686 sed
1625 1645 1690 1685 eo
1720 1629 1917 1685 saltem

304 1718 522 1792 justum
549 1715 738 1775 credat
763 1733 926 1774 omne
955 1717 1103 1791 quod
1123 1718 1350 1790 patitur,
1373 1735 1482 1792 quo
1509 1719 1774 1774 nimirum
1790 1733 1916 1774 con-

2013 566 2198 616 tarum
2228 575 2464 634 namque
2495 557 2748 615 haeresim
2778 559 2970 616 cadere
3000 567 3101 630 est,
3134 577 3260 618 eum
3294 564 3388 636 qui
3427 563 3610 621 incir-

2015 648 2346 721 cumscripte
2363 648 2555 720 implet
2573 655 2627 704 et
2642 647 3115 721 circumplectitur
3131 649 3317 706 omnia
3333 651 3476 707 intra
3494 669 3609 710 cor-

2017 737 2225 810 poralia
2254 737 2584 796 lineamenta
2613 738 2959 796 concludere.
2979 738 3083 797 Sed
3104 739 3450 812 omnipotens
3467 740 3611 798 Deus

2017 827 2087 884 ad
2137 843 2236 884 sua
2283 845 2384 886 nos
2429 829 2672 897 trahens,
2722 845 2894 902 usque
2935 828 3003 885 ad
3030 835 3218 885 nostra
3243 844 3299 885 se
3331 827 3610 899 humiliat,

2018 924 2180 991 atque
2208 926 2269 974 ut
2298 918 2408 974 alta
2437 918 2700 988 insinuet,
2723 917 3030 974 humilibus
3049 917 3462 986 condescendit,
3481 933 3610 990 qua-

2019 1013 2179 1065 tenus
2198 1010 2553 1082 parvulorum
2570 1010 2788 1066 animus
2803 1009 2966 1067 rebus
2983 1008 3217 1084 cognitis
3231 1008 3524 1079 enutritus,
3546 1007 3616 1064 ad

2020 1093 2349 1168 inquirenda
2400 1103 2656 1170 exsurgat
2702 1097 2998 1170 incognita,
3032 1104 3194 1170 atque
3227 1101 3408 1160 l050
3454 1095 3522 1153 ab
3550 1111 3616 1154 eo

2021 1195 2118 1270 qui
2147 1196 2304 1266 longe
2333 1210 2496 1266 super
2522 1195 2702 1267 ipsum
2732 1203 2814 1252 est
2840 1196 3088 1270 quaedam
3108 1195 3272 1268 juxta
3289 1213 3346 1253 se
3361 1195 3614 1266 audiens,

2024 1285 2178 1358 quasi
2208 1283 2534 1359 quibusdam
2564 1285 2632 1341 ad
2661 1285 2820 1342 illum
2850 1285 3099 1358 passibus
3128 1293 3434 1343 moveatur.
3459 1284 3616 1342 Unde

2025 1375 2088 1431 ﬁt
2116 1383 2176 1432 ut
2205 1391 2300 1448 per
2326 1375 2663 1448 Scripturam
2693 1393 2847 1433 suam
2871 1375 3169 1451 aliquando
3213 1393 3247 1432 a
3292 1375 3618 1449 corporibus

2023 1464 2336 1533 hominum,
2367 1465 2661 1540 aliquando
2681 1483 2713 1522 a
2739 1465 3038 1535 mentibus,
3059 1465 3358 1540 aliquando
3387 1481 3518 1521 vero
3550 1465 3618 1521 ab

2025 1553 2242 1625 avibus,
2265 1553 2562 1628 aliquando
2582 1555 2747 1612 etiam
2769 1555 2836 1612 ab
2866 1556 3158 1612 insensatis
3176 1553 3337 1612 rebus
3357 1553 3621 1628 quasdam

2026 1643 2186 1716 longe
2202 1643 2497 1700 dissimiles
2516 1644 2574 1700 in
2595 1661 2651 1701 se
2671 1645 3064 1702 similitudines
3075 1645 3275 1700 trahat.
3294 1644 3622 1715 Plerumque

2027 1732 2174 1788 enim
2196 1749 2227 1787 a
2254 1732 2576 1805 corporibus
2606 1734 2896 1791 hominum
2914 1734 2971 1792 in
2991 1751 3047 1792 se
3067 1733 3490 1791 similitudinem
3513 1741 3620 1788 tra-

309 1815 425 1866 stat
438 1807 568 1898 quia
584 1808 698 1898 D90
713 1813 935 1898 autem9
955 1806 1218 1898 patiatur-
1235 1807 1428 1898 Magna
1438 1807 1591 1898 sui!!!
1613 1807 1917 1898 satisfactio
1953 1830 1998 1891 Β
2030 1821 2135 1894 hit,
2153 1823 2298 1881 sicut
2321 1825 2390 1881 de
2408 1842 2472 1881 eo
2489 1825 2753 1898 propheta
2773 1827 2843 1882 ad
2859 1827 3132 1883 Israelitas
3147 1826 3285 1883 dicit
3306 1844 3318 1882 ;
3345 1825 3486 1895 Quid
3514 1823 3621 1879 teti-

313 1895 688 1972 percussionis
715 1903 800 1952 est
831 1895 1089 1952 voluntas
1111 1893 1261 1968 justa
1288 1894 1614 1952 conditoris.
1639 1895 1770 1963 Quae
1789 1911 1919 1953 cum

313 1987 587 2062 injustam
617 1986 794 2044 facere
822 1985 967 2042 nihil
996 1986 1155 2055 solet,
1171 1985 1323 2058 justa
1351 1985 1670 2059 agnoscitur
1685 1985 1851 2042 etiam
1873 1985 1919 2042 si

315 2078 473 2134 latet.
489 2077 626 2134 Nam
656 2092 780 2133 cum
811 2090 912 2150 pro
938 2073 1225 2148 injustitize
1245 2083 1467 2148 peccato
1487 2074 1851 2149 percutimur,
1874 2071 1921 2128 si

317 2167 380 2225 in
402 2166 753 2241 percussione
766 2173 955 2224 nostra
973 2165 1179 2223 divinae
1205 2166 1480 2223 voluntati
1501 2165 1626 2238 conj
1636 2165 1918 2238 ungimur,

316 2273 455 2313 mox
484 2272 516 2312 a
542 2263 730 2312 nostra
757 2253 1033 2328 injustitia
1062 2253 1178 2326 ipsa
1191 2253 1585 2327 conjunctione
1600 2253 1919 2311 liberamur.

316 2345 584 2420 Quisquis
610 2343 760 2401 enim
779 2343 893 2416 jam
927 2343 1335 2416 percussionem
1366 2344 1581 2412 tolerat,
1609 2343 1707 2400 sed
1735 2341 1921 2400 adhuc

316 2451 515 2494 causas
540 2433 908 2510 percussionis
937 2433 1173 2506 ignorat,
1202 2433 1248 2491 si
1291 2432 1504 2505 justum
1550 2433 1782 2491 credens
1818 2431 1926 2488 hoc

318 2528 512 2600 ipsum
540 2532 732 2582 contra
758 2541 815 2582 se
829 2523 1106 2596 judicium
1135 2525 1506 2596 amplectitur,
1528 2541 1592 2582 eo
1613 2524 1734 2598 ipso
1755 2523 1824 2580 ab
1845 2523 1924 2580 in-

323 2614 555 2687 justitia
569 2630 666 2670 sua
687 2612 803 2686 jam
833 2619 1109 2670 correctus
1123 2619 1223 2680 est,
1247 2628 1358 2686 quo
1377 2629 1694 2686 percussum
1710 2629 1766 2670 se
1779 2611 1927 2684 juste

321 2703 659 2776 gratulatur.
683 2703 746 2759 In
765 2701 1014 2759 vindicta
1033 2701 1177 2758 enim
1209 2718 1310 2758 sua
1331 2704 1445 2758 Deo
1473 2719 1530 2758 se
1557 2701 1790 2770 socians,
1813 2715 1929 2758 sese

317 2800 522 2850 contra
547 2809 606 2848 se
634 2790 824 2864 erigit;
857 2798 912 2848 et
940 2807 1134 2862 magna
1165 2798 1246 2846 est
1271 2789 1385 2861 jam
1409 2790 1646 2862 justitia,
1668 2790 1814 2864 quod
1836 2807 1928 2848 vo-

320 2879 530 2938 luntati
554 2879 764 2952 judicis
791 2878 1091 2936 concordat
1112 2878 1170 2934 in
1197 2895 1378 2952 pmna,
1399 2879 1489 2936 cui
1519 2879 1851 2953 discrepavit
1871 2879 1928 2936 in

325 2970 515 3044 culpa.
540 2968 643 3026 Vir
671 2967 842 3042 igitur
869 2974 1111 3035 sanctus,
1143 2967 1272 3040 quia
1303 2970 1319 3004 ¹
1353 2967 1411 3025 in
1447 2969 1600 3026 nulla
1627 2971 1740 3026 Deo
1769 2971 1931 3043 culpa

321 3059 754 3133 discrepaverat,
774 3056 930 3132 quasi
949 3072 1076 3113 cum
1093 3054 1418 3116 difﬁcultate
1432 3058 1482 3115 ei
1503 3059 1647 3116 inter
1661 3058 1932 3132 supplicia

323 3148 718 3211 concordabat.
741 3148 926 3220 Neque
945 3145 1095 3202 enim
1116 3147 1355 3204 credidit
1385 3147 1534 3222 quod
1564 3147 1778 3222 ﬂagella
1805 3165 1926 3222 quae

324 3239 510 3295 solent
537 3235 676 3292 vitia
702 3233 1053 3306 exstinguere
1075 3233 1133 3289 in
1154 3232 1251 3290 illo
1279 3235 1395 3290 sola
1424 3236 1620 3292 merita
1646 3244 1924 3309 augerent.

323 3327 487 3386 Unde
517 3343 666 3385 nunc
688 3324 836 3398 juste
881 3323 1198 3396 corripitur,
1231 3331 1294 3380 ut
1337 3324 1569 3382 occultis
1602 3324 1831 3398 judiciis
1876 3334 1932 3382 et

325 3418 583 3476 nesciens
611 3415 958 3482 subderetur,
981 3413 1143 3487 eique
1171 3412 1412 3470 dicitur:
1436 3414 1694 3485 Nunquid
1713 3415 1933 3470 irritum

323 3508 494 3579 facies
519 3505 782 3576 iudicium
805 3521 1000 3570 meum,
1023 3511 1070 3560 et
1098 3504 1467 3560 condemnabis
1489 3523 1570 3561 me
1589 3512 1648 3560 ut
1665 3512 1720 3560 tu
1732 3505 1932 3578 justiﬁ-

326 3599 466 3654 ceris
486 3598 516 3655 τ
547 3599 629 3655 Ac
651 3597 699 3653 si
727 3601 914 3668 aperte
938 3593 1244 3652 diceretur:
1278 3595 1395 3650 Tua
1408 3594 1630 3668 quidem
1650 3594 1788 3651 bene
1814 3603 1934 3653 acta

329 3685 671 3754 consideras,
697 3683 793 3741 sed
822 3698 945 3738 mea
975 3683 1191 3739 occulta
1212 3681 1426 3754 judicia
1455 3683 1694 3755 ignoras.
1731 3683 1788 3740 Si
1807 3700 1934 3755 ergo

327 3792 403 3831 ex
446 3773 555 3831 tuis
602 3773 816 3830 meritis
867 3779 1058 3830 contra
1100 3787 1221 3828 mea
1263 3770 1475 3844 ﬂagella
1503 3771 1771 3843 disputas,
1801 3770 1935 3844 quid

326 3862 487 3920 aliud
517 3881 678 3938 quam
698 3878 787 3919 me
806 3861 873 3919 de
895 3858 971 3934 inj
980 3859 1172 3917 ustitia
1187 3860 1209 3894 ³
1223 3859 1480 3918 addicere
1508 3867 1562 3916 te
1571 3859 1934 3932 justiﬁcando

324 3953 560 4010 festinas
574 3953 604 4011 ?
631 3952 892 4026 Sequitur
917 3967 929 4007 :

659 4068 887 4127 CAPUT
926 4068 977 4126 ν
1015 4066 1154 4142 [νει.
1187 4068 1220 4124 Ι
1229 4067 1286 4134 γ,
1329 4067 1452 4124 Rec.
1493 4064 1609 4140 VI].

399 4159 578 4218 Vnus.
609 4157 662 4216 4.
685 4188 756 4201 -
786 4158 843 4216 Si
871 4156 1026 4214 habes
1058 4155 1328 4214 brachium
1356 4157 1491 4213 sicut
1508 4156 1670 4226 Deus,
1691 4154 1804 4212 etsi
1822 4169 1939 4211 voce

325 4249 498 4308 simili
530 4255 704 4306 tonas.

396 4342 460 4400 6.
496 4340 862 4413 Contemplata
879 4336 978 4395 Dei
1009 4336 1305 4405 sanctitate,
1324 4335 1397 4393 ad
1425 4335 1774 4392 humilitatem
1791 4352 1938 4410 pro-

325 4436 591 4488 vocantur
618 4429 778 4486 etiam
807 4425 1116 4483 sanctiores.
1145 4454 1219 4468 —
1243 4425 1385 4494 Quia
1428 4423 1734 4480 humanum
1763 4440 1938 4499 genus

324 4521 527 4581 beatus
554 4520 656 4578 Job
684 4517 897 4576 meritis
911 4514 1352 4584 transcendebat,
1382 4531 1508 4572 eum
1537 4515 1659 4588 pius
1680 4515 1936 4572 conditor

327 4626 383 4674 et
433 4614 688 4675 eruditor
745 4611 813 4670 ad
857 4609 1313 4670 considerandam
1362 4609 1788 4667 similitudinem
1831 4628 1942 4668 suae

327 4703 738 4780 magnitudinis
765 4707 1049 4776 provocat,
1070 4706 1132 4756 ut
1160 4698 1379 4772 cognita
1403 4704 1560 4754 tanta
1587 4696 1936 4755 dissimilitu-

327 4795 487 4865 dine,
516 4796 576 4853 in
608 4792 924 4852 humilitate
951 4808 1011 4848 se
1039 4796 1271 4864 premat.

401 4888 461 4956 7,
491 4887 656 4954 Deus,
687 4885 783 4941 etsi
825 4882 1068 4956 corporis
1097 4897 1304 4952 expers,
1336 4894 1454 4934 cum
1489 4877 1644 4934 rebus
1671 4878 1939 4952 corporeis

327 4953 699 5053 comparatur.
727 4953 1402 5046 Anthropomorphitarum
1443 4969 1676 5028 haresis.
1705 4969 1815 5027 Deo
1843 4987 1939 5025 cur

328 5068 479 5125 oculi
504 5073 553 5125 et
582 5067 815 5140 scapulas
844 5063 1169 5120 tribuantur.
1199 5059 1494 5120 Recordari
1513 5075 1614 5132 quo
1631 5074 1786 5116 sensu
1813 5058 1938 5114 dicio

332 5165 446 5215 tur.
472 5157 612 5227 Quid
632 5156 733 5215 Dei
758 5156 881 5212 alae.
912 5183 984 5196 —
1011 5151 1119 5211 Sed
1147 5167 1275 5209 cum
1313 5151 1374 5206 in
1411 5150 1524 5206 Deo
1568 5166 1680 5206 vox
1704 5157 1760 5206 et
1804 5149 1941 5206 bra-

330 5246 526 5306 chium
545 5245 773 5315 dicitur,
806 5241 1113 5303 cavendum
1141 5254 1491 5313 summopere
1510 5245 1614 5309 est,
1635 5254 1702 5294 ne
1721 5238 1856 5311 quid
1874 5238 1932 5295 in

412 5471 428 5504 ³
467 5469 676 5526 Gemet.
709 5475 764 5524 et
789 5465 951 5524 Corb.
987 5464 1195 5530 Germ.,
1226 5461 1283 5516 in
1312 5461 1467 5517 nulla
1493 5477 1527 5516 a
1545 5459 1656 5516 Deo
1683 5459 1860 5530 culpa.

406 5541 430 5577 ³
462 5541 562 5615 Vel
585 5557 654 5596 ex
682 5540 790 5615 hoc
818 5538 936 5594 solo
965 5537 1089 5615 luco
1115 5529 1306 5615 sensus
1324 5532 1564 5615 habetur
1597 5529 1936 5615 verbiaddi-

331 5629 474 5677 eere,
499 5611 565 5669 de
590 5628 700 5685 quo
731 5611 769 5667 ι.
803 5627 866 5678 ιι,
896 5625 952 5666 n.
987 5607 1074 5674 15,
1105 5605 1487 5673 disseruimus,
1517 5610 1571 5661 et
1599 5603 1753 5661 alibi.

405 5686 428 5719 ³
461 5683 581 5741 Val.
615 5683 724 5741 CL.
753 5682 1011 5737 miserans
1037 5677 1398 5734 adolescentia:
1427 5682 1548 5732 tum.

407 5700 428 5719 '
472 5700 581 5741 val.
615 5700 724 5752 ω..
753 5700 1011 5737 miserans
1037 5700 1398 5734 aaowsccuuw
1427 5700 1548 5732 tum.

407 5756 432 5830 ξ
472 5753 688 5828 Frigide
716 5769 845 5830 cum
871 5750 1036 5808 duob.
1077 5750 1264 5830 Germ.
1298 5747 1534 5830 Vulgati_
1565 5747 1732 5830 etiam
1783 5744 1928 5830 anti:

331 5818 592 5901 quiores:
626 5824 880 5883 memoria
924 5821 1268 5878 essentialiter
1309 5818 1614 5876 concordat.
1672 5818 1930 5896 Gregorii

2029 1914 2105 1986 git
2150 1930 2262 1979 vos,
2299 1913 2466 1986 tangit
2488 1914 2756 1986 pupillam
2803 1915 2943 1969 oculi
2974 1914 3086 1984 ejus
3139 1914 3326 1985 (Zach.
3349 1931 3412 1982 ιι,
3443 1913 3523 1985 8).
3553 1913 3625 1970 Et

2030 2002 2174 2060 sicut
2219 2001 2285 2058 de
2321 2019 2385 2058 eo
2415 2018 2632 2059 rursum
2664 2003 2904 2076 speranti
2932 2003 3145 2059 homini
3173 2019 3268 2075 per
3295 1999 3622 2074 Prophetam

2031 2092 2236 2150 dicitur
2260 2111 2272 2148 :
2298 2094 2363 2150 In
2383 2095 2614 2166 scapulis
2631 2094 2741 2148 suis
2756 2093 3087 2149 obumbrabit
3105 2092 3197 2148 tibi
3227 2092 3400 2164 (Psal.
3431 2108 3521 2159 xc,
3540 2090 3621 2164 4).

2033 2182 2260 2241 Constat
2306 2182 2573 2239 nimirum
2615 2182 2764 2256 quod
2816 2182 2874 2239 in
2927 2189 3123 2238 natura
3150 2198 3248 2238 sua
3271 2197 3373 2238 nec
3401 2180 3624 2238 oculum

2032 2275 2198 2343 Deus,
2228 2289 2330 2331 nec
2357 2275 2604 2347 scapulas
2634 2273 2849 2343 habeat,
2881 2273 2975 2331 sed
3003 2274 3134 2346 quia
3161 2289 3261 2329 nos
3282 2288 3375 2346 per
3401 2271 3625 2329 oculum

2033 2363 2332 2433 cernimus,
2363 2363 2422 2420 in
2447 2363 2686 2437 scapulis
2716 2379 2846 2420 vero
2889 2379 3055 2420 onera
3099 2363 3451 2419 sustinemus.
3481 2361 3627 2416 Deus

2035 2451 2182 2526 quod
2211 2453 2396 2509 omnia
2425 2453 2593 2521 videt,
2625 2453 2848 2510 oculum
2876 2451 3074 2509 habere
3104 2449 3445 2524 perhibetur;
3479 2448 3626 2522 quod

2036 2556 2167 2597 vero
2196 2557 2298 2596 nos
2333 2540 2552 2610 tolerat,
2593 2549 2756 2614 atque
2808 2556 2872 2597 eo
2919 2539 3036 2612 ipso
3063 2555 3171 2613 quo
3199 2539 3397 2595 tolerat
3423 2545 3623 2606 servat,

2036 2629 2364 2688 obumbrare
2393 2631 2552 2688 nobis
2580 2631 2639 2687 in
2667 2631 2907 2704 scapulis
2935 2631 3158 2688 dicitur.
3192 2629 3287 2687 Ait
3327 2629 3475 2686 enim
3515 2646 3527 2685 :
3562 2629 3628 2684 In

2036 2720 2268 2792 scapulis
2295 2720 2406 2776 suis
2431 2720 2762 2777 obumbrabit
2791 2720 2903 2777 tibi.
2935 2722 3017 2776 Ac
3044 2719 3091 2776 si
3115 2718 3323 2777 diceret
3349 2716 3628 2792 peccatori

2038 2809 2273 2878 homini,
2305 2820 2359 2868 et
2404 2819 2527 2884 post
2572 2821 2852 2885 peccatum
2906 2811 3124 2868 veniam
3155 2809 3469 2882 deprecanti
3504 2826 3516 2864 :
3548 2808 3629 2864 Ea

2038 2899 2238 2972 pietate
2266 2901 2536 2957 Dominus
2567 2909 2618 2957 te
2648 2907 2904 2974 protegit,
2922 2907 3096 2972 quate
3116 2899 3316 2971 pietate
3346 2894 3625 2954 toleravit.

2041 2989 2347 3046 Obumbrat
2359 2992 2507 3046 enim
2525 2990 2582 3046 in
2600 2990 2839 3062 scapulis
2868 2989 3002 3057 suis,
3025 2989 3153 3061 quia
3169 2988 3299 3044 dum
3319 2993 3520 3058 portat,
3537 2984 3628 3041 de-

2039 3078 2236 3136 tendit.
2271 3077 2411 3152 [Vet.
2453 3077 2538 3154 V.]
2567 3077 2881 3151 Aliquando
2923 3092 3054 3132 vero
3101 3093 3133 3132 a
3181 3074 3458 3131 mentibus
3484 3073 3542 3130 in
3571 3089 3629 3129 se

2039 3167 2462 3225 similitudinem
2490 3166 2680 3235 trahit,
2711 3166 2855 3224 sicut
2884 3182 2980 3240 per
3015 3164 3338 3239 prophetam
3367 3163 3435 3220 ad
3464 3162 3630 3219 Israel

2039 3256 2176 3314 dicit
2205 3275 2216 3313 :
2247 3259 2570 3316 Recordatus
2597 3275 2715 3314 sum
2744 3257 2842 3323 tui,
2873 3258 2894 3293 ³
2933 3257 3190 3312 miserans
3234 3253 3634 3311 adolescentiam

2042 3354 2187 3404 tuam
2215 3348 2430 3421 (larem.
2453 3365 2516 3417 ιι,
2543 3348 2622 3421 2).
2653 3349 2726 3404 Et
2753 3363 2970 3404 rursum
2993 3361 3089 3419 per
3116 3359 3328 3419 sponsae
3355 3358 3632 3416 compara-

2040 3439 2247 3496 tionem
2277 3439 2506 3512 loquens
2533 3437 2612 3494 ait
2643 3455 2655 3494 :
2684 3439 2758 3494 Et
2775 3436 2823 3492 si
2845 3436 2940 3493 illa
2962 3436 3124 3492 oblita
3141 3434 3307 3505 fuerit
3320 3449 3428 3506 ,ego
3451 3439 3624 3488 tamen

2039 3542 2147 3580 non
2174 3525 2458 3582 obliviscar
2489 3525 2564 3580 tui
2597 3523 2752 3594 (Isai.
2771 3539 2926 3590 χιιι,
2953 3521 3066 3593 15).
3088 3517 3225 3589 Quis
3249 3518 3398 3576 enim
3426 3515 3633 3574 nesciat

2043 3612 2173 3685 quia
2199 3613 2298 3668 Dei
2321 3612 2582 3669 memoria
2600 3627 2700 3667 nec
2715 3610 2996 3667 oblivione
3015 3608 3312 3681 rumpitur,
3333 3621 3435 3663 nec
3454 3618 3632 3661 recor-

2043 3700 2265 3758 datione
2291 3699 2524 3757 sarcitur
2543 3699 2572 3756 ?
2617 3698 2722 3756 Sed
2750 3697 2884 3754 dum
2912 3697 3096 3770 aliqua
3136 3695 3388 3752 deserens
3416 3699 3634 3766 praetcr-

2047 3790 2237 3858 mittit,
2258 3805 2408 3845 more
2439 3788 2708 3845 mentium
2738 3786 2990 3843 oblivisci
3020 3785 3262 3850 dicitur;
3293 3790 3350 3840 et
3367 3797 3494 3840 cum
3516 3785 3638 3852 post

2045 3881 2270 3954 longum
2290 3887 2507 3952 tempus
2533 3895 2655 3952 quas
2685 3875 2924 3933 voluerit
2953 3873 3159 3941 visitat,
3179 3878 3376 3928 nostrae
3395 3867 3632 3926 mutabi-

2045 3979 2220 4036 litatis
2244 3976 2640 4036 consuetudine
2671 3973 2986 4032 recordatus
3037 3977 3285 4028 vocatur.
3319 3968 3438 4037 Quo
3486 3964 3636 4023 enim

2047 4076 2204 4142 pacto
2229 4066 2542 4125 divinitatis
2571 4065 2688 4139 ejus
2718 4065 2834 4120 vim
2862 4062 3072 4122 oblivio
3118 4060 3368 4132 dissipat,
3398 4056 3490 4116 cui
3521 4055 3639 4128 ipsa

2047 4173 2264 4232 quoque
2283 4153 2579 4214 laudabilis
2606 4157 2627 4191 ι
2648 4154 2914 4210 memoria
2940 4150 3300 4210 essentialiter
3347 4164 3459 4205 non
3497 4161 3640 4204 con-

2047 4247 2237 4305 cordat
2255 4247 2284 4304 ?
2311 4245 2474 4304 Nulla
2499 4260 2735 4320 namque
2764 4242 2872 4300 nisi
2899 4249 2995 4300 aut
3022 4241 3316 4316 praeterita,
3338 4245 3434 4296 aut
3451 4236 3642 4294 absen-

2047 4337 2126 4393 tia
2154 4335 2531 4394 recordantur.
2565 4333 2851 4404 Quomodo
2880 4349 3009 4404 ergo
3049 4333 3194 4389 Deus
3233 4329 3634 4404 praeteritorum

2053 4426 2446 4494 reminiscitur,
2464 4442 2590 4482 cum
2611 4425 2729 4499 ipsa
2750 4441 2870 4500 quae
2901 4423 2960 4479 in
2977 4421 3286 4494 semetipsis
3311 4423 3642 4494 praetereunt

2049 4516 2167 4590 ejus
2195 4516 2357 4572 nutui
2375 4531 2589 4588 semper
2604 4516 2892 4588 praesentia
2908 4513 3216 4571 assistunt?
3235 4512 3348 4570 Aut
3367 4507 3642 4585 quomodo

2049 4607 2359 4665 absentium
2389 4606 2726 4674 recordatur,
2759 4605 2891 4662 dum
2933 4621 3096 4662 omne
3137 4601 3285 4678 quod
3313 4609 3395 4659 est
3418 4617 3512 4676 per
3538 4599 3644 4656 hoc

2045 4700 2131 4759 illi
2153 4705 2350 4772 praesto
2377 4704 2478 4766 est,
2512 4694 2660 4770 quod
2687 4695 2746 4752 in
2776 4696 2894 4770 ipso
2934 4695 3057 4753 est?
3093 4692 3251 4764 Quod
3281 4691 3329 4749 si
3359 4692 3410 4749 ei
3439 4695 3638 4764 praesto

2046 4807 2159 4847 non
2201 4795 2362 4858 esset,
2391 4786 2622 4845 omnino
2673 4802 2784 4843 non
2829 4791 3008 4854 esset;
3051 4800 3179 4842 nam
3208 4798 3319 4839 non
3347 4776 3643 4837 existentia

2045 4878 2286 4938 videndo
2314 4884 2480 4947 creat,
2502 4875 2797 4935 existentia
2810 4873 3050 4932 videndo
3069 4871 3335 4930 continet.
3358 4863 3639 4938 Quidquid

2047 4986 2174 5042 ergo
2215 4975 2427 5027 creator
2471 4983 2584 5024 non
2625 4967 2799 5034 videt,
2829 4963 3065 5021 essentia
3101 4956 3434 5018 subsistendi
3465 4963 3632 5013 caret.

2047 5057 2362 5132 Aliquando
2380 5063 2562 5113 autem
2577 5055 2646 5112 ab
2668 5054 2864 5112 avibus
2883 5053 2941 5109 in
2961 5052 3119 5109 illum
3144 5045 3453 5104 similitudo
3468 5044 3638 5102 trahi-

2047 5152 2158 5213 tur,
2191 5145 2334 5202 sicut
2363 5160 2458 5218 per
2480 5145 2708 5218 Moysen
2734 5143 2938 5200 dicitur
2971 5158 2982 5197 :
3015 5137 3295 5211 Expendit
3327 5137 3447 5193 alas
3489 5152 3638 5201 suas,

2047 5236 2069 5270 ⁸
2098 5241 2147 5291 et
2174 5233 2458 5308 assumpsit
2484 5249 2568 5290 eos
2599 5235 2778 5308 (Deut.
2802 5247 2985 5301 χχχιι,
3019 5230 3131 5302 11).
3153 5229 3226 5285 Et
3245 5226 3515 5302 propheta
3537 5225 3632 5282 ait:

2048 5473 2204 5514 mens
2232 5463 2332 5524 est,
2364 5456 2477 5527 Deo
2507 5469 2682 5527 neque
2701 5454 3002 5527 oblivionis
3027 5467 3203 5527 neque
3234 5448 3513 5527 memoriae
3543 5463 3640 5504 no-

2051 5545 2176 5586 men
2207 5521 2424 5601 proprie
2448 5521 2762 5601 convenire.
2795 5521 3638 5601 Proindequé__legend_u_r_u,_non

2039 5591 2348 5674 remorant,
2381 5605 2442 5654 ut
2468 5597 2652 5654 ferunt
2671 5613 2861 5654 omnes
2879 5591 3122 5670 Anglic,
3142 5591 3356 5666 Nor'm.,
3373 5591 3637 5660 Yiudoc.,

2049 5671 2522 5826 La§%:§u$lt.c,.Val.
2555 5739 2664 5811 CL,
2707 5738 2818 5798 duo
2863 5740 3047 5800 Germ.
3080 5746 3134 5800 et
3174 5740 3311 5815 pler.
3342 5739 3558 5808 Norm.,
3591 5740 3641 5793 et

2050 5822 2244 5871 accemt
2271 5833 2373 5871 eos.
3251 5842 3254 5846 '

2050 5833 2244 5894 accepit
2271 5833 2373 5873 808.
3251 5842 3254 5846 ’
