4156 6178
534 280 642 340 639

1752 295 2001 353 SANCTI
2037 297 2377 359 GREGORII
2415 304 2642 365 MAGNI

3740 329 3840 388 640

537 404 642 527 iub
672 405 859 463 umbra
887 409 1098 465 alarum
1129 416 1344 468 tuarum
1372 420 1581 488 protege
1612 433 1692 473 me
1723 417 2022 490 (Psal.xv1,
2040 422 2123 494 8).
2151 425 2202 486 Α
2233 427 2318 482 sui
2372 428 2585 487 decoris
2626 437 2939 508 assumpsit,
2983 446 3037 495 et
3081 441 3233 497 velut
3275 445 3570 516 quamdam
3623 461 3840 527 vestem,

585 497 671 527 ης..
705 499 849 527 Αηζιν.
883 515 978 527 νυ...
1012 501 1264 527 ηΑ-ινιιιΑη
1299 503 1421 527 .1“...
1449 507 1683 527 ___4x__'.
1716 517 1810 527 --μι
1852 511 1887 527 ι.
1979 519 1990 527 .
2275 517 2288 527 .
2366 517 2376 527 .
2595 521 2626 527 η
2656 523 2665 527 -
2703 524 2743 527 _
2817 526 2824 527 ,

535 494 676 563 Quia
704 499 852 554 enim
883 515 981 554 nos
1010 501 1267 571 parvulos
1295 503 1426 558 dum
1449 507 1685 578 protegit
1715 511 1909 578 nutrit,
1943 519 1996 566 et
2017 529 2128 569 non

535 585 685 657 gravi
717 593 879 659 atque
909 603 1156 655 onerosa,
1189 589 1283 645 sed
1314 591 1423 646 levi
1454 601 1508 649 et
1535 593 1739 652 blanda
1790 599 2130 669 protectione

445 741 456 747 _
534 690 634 730 nos
663 675 892 742 refovet,
925 675 1053 730 dum
1084 692 1210 732 suas
1237 677 1295 733 in
1343 696 1443 738 nos
1492 684 1896 743 misericordias
1930 688 2128 757 exerit,

533 762 685 835 quasi
719 780 865 818 more
894 764 1079 820 avium
1111 783 1273 838 super
1303 786 1402 825 nos
1430 771 1542 828 alas
1572 773 1769 830 tendit.
1804 777 2119 851 Aliquando

531 850 691 906 etiam
716 852 1002 908 insensatis
1021 853 1204 923 rebus,
1249 866 1469 930 propter
1485 860 1861 919 infirmitatem
1886 875 2126 923 nostram

535 940 551 973 ¹
582 939 690 994 alta
733 939 1193 998 condescensione
1237 962 1292 1000 se
1333 958 1632 1020 comparat,
1682 951 1826 1009 sicut
1867 970 1962 1025 per
2008 973 2128 1028 pro-

531 1026 748 1099 phetam
779 1029 949 1085 dicit:
975 1033 1106 1088 Ecce
1123 1049 1210 1105 ego
1235 1035 1462 1092 stridebo
1494 1055 1652 1110 super
1681 1058 1791 1107 vos,
1826 1043 1964 1098 sicut
1991 1026 2132 1100 stri-

530 1117 613 1171 det
635 1119 941 1188 plaustrum
968 1128 1212 1176 onustum
1239 1123 1360 1193 feno
1381 1125 1584 1198 (Amos.
1610 1147 1671 1196 ιι,
1697 1129 1804 1203 13).
1824 1133 1964 1200 Quia
1984 1137 2130 1192 enim

453 1279 462 1287 ’
538 1205 726 1262 fenum
758 1217 840 1264 est
868 1209 982 1265 vita
1011 1213 1335 1282 carnalium,
1355 1216 1501 1274 sicut
1529 1218 1792 1292 scriptum
1811 1233 1924 1280 est:
1953 1226 2134 1281 Omnis

529 1312 654 1351 caro
682 1296 861 1366 fenum
885 1299 1046 1367 (Isai.
1079 1318 1172 1367 XL,
1197 1302 1278 1373 6),
1310 1303 1366 1359 in
1397 1322 1460 1361 eo
1485 1307 1632 1379 quod
1663 1311 1930 1367 Dominus
1960 1314 2131 1369 vitam

530 1385 832 1441 carnalium
864 1388 1088 1459 patitur,
1122 1407 1272 1446 more
1302 1394 1536 1464 plaustri
1568 1397 1755 1453 fenum
1803 1417 1859 1455 se
1908 1410 2122 1471 portare

529 1480 777 1531 testatur.
798 1475 895 1532 Cui
927 1478 1027 1533 sub
1059 1478 1169 1535 feni
1201 1497 1364 1537 onere
1393 1482 1624 1541 stridere
1672 1495 1752 1542 est
1799 1489 2047 1560 pondera
2075 1499 2130 1546 et

531 1563 848 1637 iniquitates
870 1568 1213 1637 peccantium
1259 1587 1385 1626 cum
1436 1573 1656 1643 querela
1705 1576 1956 1632 tolerare.
1993 1576 2131 1634 Cum

531 1668 656 1724 ergo
677 1653 835 1724 longe
854 1653 1150 1712 dissimiles
1180 1657 1238 1712 in
1266 1673 1322 1713 se
1350 1658 1749 1719 similitudines
1796 1664 2000 1733 trahat,
2033 1684 2133 1722 so-

531 1745 696 1801 lerter
723 1746 1048 1804 intuendum
1080 1756 1161 1804 est
1189 1749 1334 1821 quod
1365 1752 1612 1823 quiedam
1644 1755 1774 1810 talia
1827 1757 2130 1831 aliquando

529 1834 783 1892 dicantur
810 1837 867 1892 in
897 1839 1009 1894 Deo
1041 1846 1262 1910 prepter
1296 1847 1478 1903 1051
1515 1843 1769 1900 effectum
1807 1847 2009 1918 operis,
2032 1848 2128 1903 ali-

531 1931 750 2006 quando
775 1941 956 1989 autem
989 1934 1056 1989 ad
1085 1935 1435 1993 indicandam
1468 1937 1585 2010 ejus
1610 1939 1970 1997 substantiam
2003 1961 2129 1998 ma—

525 2019 756 2092 jestatis.
807 2023 943 2078 Nam
991 2040 1117 2080 cum
1167 2025 1224 2079 in
1272 2027 1384 2082 Deo
1432 2027 1645 2096 oculus,
1686 2031 1940 2102 scapulae,
1976 2032 1996 2065 ³
2039 2049 2130 2104 pes

529 2115 691 2182 atque
719 2110 818 2166 alae
846 2112 1223 2182 nominantur,
1251 2114 1476 2172 effectus
1525 2117 1748 2189 quidem
1796 2120 2133 2190 operationis

530 2196 860 2253 ostenditur.
884 2197 1022 2254 Cum
1039 2215 1169 2254 vero
1199 2216 1413 2268 manus,
1449 2201 1758 2273 brachium,
1783 2205 2011 2263 dextera
2039 2211 2130 2265 vel

530 2301 641 2341 vox
670 2286 728 2341 in
757 2288 870 2342 Deo
896 2287 1120 2357 dicitur,
1148 2306 1244 2362 per
1267 2289 1384 2346 haec
1407 2292 1673 2348 vocabula
1695 2295 2129 2353 consubstantia-

531 2373 600 2428 lis
630 2373 678 2430 ei
707 2373 883 2430 Filius
910 2376 1338 2434 demonstratur.
1369 2381 1490 2451 Ipse
1523 2381 1724 2454 quippe
1745 2391 1827 2438 est
1849 2391 1902 2439 et
1933 2401 2129 2443 manus

529 2471 584 2519 et
611 2463 859 2532 dextera,
893 2463 959 2520 de
988 2464 1144 2537 cujus
1175 2467 1494 2524 ascensione
1515 2486 1610 2542 per
1623 2471 1850 2544 Moysen
1872 2473 2033 2530 Pater
2054 2476 2130 2531 lo-

531 2553 740 2624 quitur,
771 2553 1000 2610 dicens:
1047 2556 1251 2611 Toltam
1275 2557 1334 2610 in
1373 2561 1556 2614 ciet-um
1596 2577 1814 2616 manum
1854 2579 2042 2629 meam,
2086 2571 2135 2620 et

520 2639 719 2725 iurabo
761 2642 1177 2725 peridemteram
1223 2662 1390 2699 meam
1437 2647 1616 2717 (Deut.
1652 2665 1835 2718 xxxu,
1865 2650 1980 2724 40).
2013 2654 2132 2725 Ipse

529 2723 839 2791 brachium,
861 2724 928 2780 de
958 2741 1066 2798 quo
1095 2727 1360 2800 propheta
1377 2729 1456 2785 ait
1481 2749 1492 2786 :
1519 2733 1590 2787 Et
1609 2732 1895 2789 brachium
1911 2723 2130 2794 Domini

530 2811 617 2867 cui
642 2814 929 2868 revelatum
957 2821 1031 2869 est
1060 2815 1215 2887 (Isai.
1249 2833 1367 2883 Lm,
1403 2818 1456 2890 1)
1481 2819 1509 2876 Ῡ
1535 2821 1654 2892 Ipse
1683 2838 1816 2891 vox,
1849 2825 1976 2897 quia
2005 2841 2130 2883 eum

530 2902 689 2959 Pater
715 2901 988 2975 gignendo
1017 2903 1204 2962 dixit:
1264 2907 1440 2963 Filius
1479 2927 1622 2965 meus
1665 2929 1717 2965 es
1761 2917 1816 2968 tu
1844 2931 1931 2985 ego
1979 2915 2132 2971 hodie

529 2991 682 3064 genui
738 2998 782 3048 te
830 2993 1009 3061 (Psal.
1043 3011 1106 3063 ιι,
1159 2995 1235 3068 7).
1269 2996 1341 3052 Et
1371 2997 1437 3054 de
1467 3015 1574 3072 quo
1605 3002 1871 3074 scriptum
1902 3010 1984 3060 est
2017 3022 2029 3061 :
2065 3007 2133 3062 In

525 3080 791 3154 principio
820 3088 934 3138 erat
961 3083 1198 3153 Verbum,
1231 3092 1279 3141 et
1314 3087 1535 3145 Verbum
1562 3096 1677 3145 erat
1717 3093 1862 3163 apud
1878 3093 2067 3162 Deum,
2085 3101 2135 3149 et

529 3169 673 3226 Deus
719 3177 836 3226 erat
896 3173 1116 3230 Verbum
1156 3176 1345 3244 (Joan.
1394 3193 1433 3244 ι,
1479 3178 1554 3248 1).
1618 3178 1720 3233 Per
1749 3179 1854 3236 hoc
1884 3181 2127 3239 Verbum

531 3257 725 3315 fecisse
752 3259 966 3315 Patrem
999 3261 1186 3317 omnia
1213 3262 1391 3319 David
1419 3264 1634 3333 asserit,
1680 3265 1868 3323 dicens
1901 3285 1914 3323 :
1949 3270 2127 3338 Dixit,

531 3351 580 3401 et
600 3344 744 3417 facta
781 3353 904 3402 sunt
933 3347 1106 3418 (Psal.
1129 3367 1314 3418 χχχιι,
1343 3352 1425 3424 9).
1457 3354 1633 3409 Deum
1668 3370 1794 3426 ergo
1837 3356 2126 3416 brachium

531 3435 732 3492 habere
759 3443 841 3492 est
860 3444 1174 3509 operantem
1196 3439 1400 3496 Filium
1423 3442 1659 3515 gignere,
1683 3460 1817 3501 voce
1839 3454 2028 3505 tonare
2049 3460 2129 3508 est

532 3525 1055 3582 consubstantialem
1085 3528 1191 3584 sibi
1229 3528 1435 3586 Filium
1466 3532 1674 3588 mundo
1694 3535 2021 3593 terribiliter
2039 3539 2129 3595 (le-

533 3624 857 3674 monstrare.
886 3618 1052 3675 Beato
1080 3618 1251 3692 igitur
1277 3619 1381 3677 Iob
1413 3638 1538 3678 cum
1569 3623 1707 3680 dicit
1734 3626 2008 3684 Dominus
2032 3646 2043 3684 :
2074 3630 2132 3686 Si

531 3706 684 3763 habes
711 3708 980 3764 brachium
1007 3709 1144 3764 sicut
1169 3710 1331 3778 Deus,
1353 3711 1460 3766 etsi
1475 3729 1592 3768 voce
1611 3713 1780 3771 simili
1799 3721 1966 3787 tonas,
1993 3718 2132 3775 mira

532 3795 938 3869 dispensatione
982 3797 1203 3870 pietatis
1251 3815 1376 3855 eum
1424 3801 1558 3857 dum
1605 3803 1853 3877 increpat
1902 3807 2128 3878 exaltat,

533 3886 660 3960 quia
710 3903 835 3944 eum
880 3904 1042 3962 quem
1089 3906 1187 3946 sua
1233 3893 1642 3964 comparatione
1685 3903 1907 3967 superat
1955 3914 2134 3970 supe-

534 3979 736 4036 riorem
765 3981 980 4039 cunctis
1006 3981 1365 4040 demonstrat.
1400 3983 1501 4043 Cui
1533 3986 1590 4043 in
1620 3986 1723 4044 hac
1751 3990 2131 4062 propositione

533 4072 652 4146 subj
662 4075 822 4144 ungit
853 4092 864 4129 :

998 4219 1225 4276 CAPUT
1254 4220 1329 4277 VI
1360 4220 1665 4296 fRec.VII].

606 4342 777 4400 Vens.
820 4342 876 4399 5.
903 4373 974 4384 —
1006 4343 1290 4402 Circumda
1316 4345 1408 4401 tibi
1437 4345 1690 4414 decorem,
1721 4351 1767 4401 et
1817 4345 1875 4402 in
1918 4346 2136 4408 sublime

534 4432 749 4504 erigere,
796 4438 844 4489 et
887 4439 991 4490 esto
1034 4435 1321 4506 gloriosus,
1352 4440 1400 4491 et
1438 4437 1682 4508 speciosis
1723 4437 1944 4494 induere
1970 4438 2136 4492 vesti-

539 4521 652 4578 bus.

606 4610 660 4666 8.
704 4610 894 4682 Angeli
933 4617 982 4666 et
1015 4611 1271 4681 Ecclesia,
1313 4613 1414 4670 Dei
1462 4615 1616 4671 decor
1667 4623 1715 4672 et
1769 4620 2139 4671 ornamentum

538 4705 677 4756 sunt.
707 4730 778 4742 —
802 4699 1095 4769 Subaudis,
1136 4709 1197 4757 ut
1225 4716 1342 4774 ego.
1367 4703 1486 4774 Ipse
1512 4703 1660 4759 enim
1690 4703 1796 4760 sibi
1826 4702 2139 4760 circumdat

538 4791 812 4861 decorem,
844 4791 912 4847 de
957 4807 1068 4864 quo
1115 4791 1383 4864 scriptum
1411 4784 1493 4848 est
1530 4811 1542 4848 :
1583 4793 1846 4849 Dominus
1875 4793 2132 4863 regnavit,

539 4881 770 4937 decorem
795 4880 970 4935 induit
995 4880 1175 4952 (Psal.
1208 4896 1342 4949 xcn,
1379 4881 1455 4953 1).
1491 4882 1609 4954 Ipse
1637 4879 1783 4953 apud
1814 4896 1915 4937 nos
1943 4881 2000 4936 in
2031 4897 2138 4936 su-

537 4969 708 5027 blime
733 4970 981 5043 erigitur,
1014 4985 1139 5026 cum
1170 4970 1374 5026 nostris
1424 4970 1702 5026 mentibus
1731 4970 1789 5026 in
1819 4977 2013 5026 natura
2041 4986 2139 5026 sua

540 5075 656 5115 esse
670 5057 1105 5132 impenetrabilis
1127 5059 1552 5117 demonstratur.
1581 5061 1702 5133 Ipse
1721 5076 1851 5117 vero
1867 5058 2138 5132 gloriosus

542 5156 643 5217 est,
676 5151 770 5221 qui
789 5150 920 5206 dum
949 5151 1127 5223 seipse
1155 5149 1477 5224 perfruitur,
1503 5150 1810 5208 accedentis
1831 5149 2012 5206 laudis
2035 5149 2134 5204 in-

543 5236 734 5310 digens
762 5255 871 5295 non
893 5248 991 5296 est.
1023 5241 1140 5313 Ipse
1168 5240 1427 5312 speciosis
1451 5240 1700 5297 induitur
1715 5237 1983 5307 vestibus,
2007 5236 2136 5311 quia

545 5333 838 5384 sanctorun
860 5329 1178 5401 angelorum
1199 5329 1419 5400 choros,
1437 5344 1575 5405 quos
1593 5329 1865 5399 condidit,
1889 5328 1947 5386 in
1972 5343 2134 5385 usum

625 5527 638 5561 ί
671 5527 833 5582 Deest
861 5530 973 5585 alta
1005 5531 1062 5586 in
1083 5531 1254 5588 Laud.
1287 5539 1341 5589 et
1366 5533 1488 5590 Val.
1523 5533 1604 5591 Cl.

621 5597 642 5631 ³
669 5596 1046 5674 Omittuntpes
1059 5602 1115 5674 in
1134 5603 1237 5674 Ed.
1253 5603 1324 5674 Su
1333 5605 1641 5674 pplevimus
1655 5619 1724 5660 ex
1742 5600 2143 5674 Mss.Yindoc.,

547 5669 738 5797 Nlorm.
769 5676 825 5727 et
863 5669 1030 5727 aLIn
1068 5671 1229 5730 Corb.
1262 5669 1445 5732 Ge'r'm.
1479 5693 1577 5749 pro
1624 5681 1676 5733 et
1723 5676 1826 5731 alte
1870 5673 2071 5749 legitur
2097 5677 2148 5731 et

549 5759 683 5797 aia.
992 5777 997 5783 ι

549 5759 683 5798 ana.
992 5777 997 5783 ί

2241 517 2531 586 gloriosam
2562 521 2668 578 sibi
2701 524 3004 582 Ecclesiam
3035 529 3273 588 exhibet
3302 549 3411 589 non
3443 535 3732 596 habentem
3760 517 3843 600 ru:

2239 621 2382 702 gam,
2414 613 2797 702 autmaculam
2825 615 3055 686 (Ephes.
3089 634 3146 684 v,
3179 619 3294 692 27).
3326 622 3481 679 Unde
3511 626 3560 682 ei
3592 644 3687 700 per
3715 647 3844 702 pro-

2239 695 2460 767 phetam
2507 699 2712 757 dicitur
2767 723 2778 758 :
2831 705 3223 775 Confessionem
3257 718 3303 765 et
3341 695 3844 791 decorcm'induisti,

2239 787 2462 842 amictus
2493 791 2690 846 lumine
2731 793 2864 848 sicut
2911 797 3213 854 vestimento
3261 801 3435 872 (Psal.
3479 822 3598 875 cm,
3631 808 3712 881 2).
3752 787 3846 868 Hic

2239 882 2441 956 quippe
2469 886 2869 945 confessionem
2899 891 3102 961 induit,
3129 895 3252 951 illic
3270 896 3543 969 decorem,
3569 903 3698 975 quia
3716 921 3848 977 quos

2241 972 2334 1028 hic
2360 990 2454 1046 per
2483 977 2868 1046 paenitentiam
2901 981 3227 1042 conﬁtentes
3257 986 3470 1055 fecerit,
3494 972 3620 1047 illic
3645 972 3848 1066 fulgen-

2240 1069 2320 1120 tes
2349 1081 2445 1138 per
2473 1065 2724 1123 decorem
2750 1067 2984 1139 justitire
3015 1075 3288 1132 ostendet.
3325 1078 3472 1136 Luce
3524 1097 3653 1156 ergo
3708 1065 3847 1143 sicut

2242 1155 2570 1212 vestimento
2599 1159 2832 1215 amictus
2855 1169 2956 1228 est,
2975 1163 3104 1235 quia
3124 1167 3334 1223 sanctis
3355 1155 3634 1242 omnibus,
3653 1175 3848 1247 quibus

2240 1241 2448 1298 dictum
2496 1253 2618 1301 est:
2662 1249 2758 1305 Vos
2803 1250 2927 1304 estis
2948 1253 3044 1306 tua:
3081 1256 3268 1309 mundi
3313 1256 3524 1329 (Matth.
3557 1241 3624 1328 v,
3651 1241 3760 1336 14),
3790 1264 3848 1321 in

2240 1334 2339 1390 illa
2366 1343 2568 1392 aeterna
2598 1339 2769 1410 gloria
2799 1343 3087 1400 vestietur.
3109 1346 3262 1404 Unde
3283 1357 3336 1405 et
3357 1367 3454 1423 per
3485 1334 3846 1427 Evangelium

2241 1423 2466 1494 dicitur,
2504 1428 2655 1498 quia,
2688 1431 3074 1504 transfigurata
3103 1435 3159 1490 in
3191 1446 3376 1495 monte
3401 1423 3847 1501 Domino‘vesti-

2243 1524 2430 1570 menta
2446 1515 2562 1588 ejus
2584 1517 2727 1574 facta
2750 1537 2814 1575 su
2837 1529 2900 1576 nt
2931 1523 3168 1580 candida
3211 1527 3356 1583 sicut
3381 1531 3477 1585 nix
3502 1532 3712 1601 (Matth.
3729 1551 3848 1591 xvu

2243 1603 2322 1672 2).
2357 1606 2420 1661 In
2449 1623 2557 1679 qua
2591 1611 2781 1666 transﬁ
2795 1615 3080 1684 guratione
3111 1617 3244 1690 quid
3271 1620 3424 1676 aliud
3472 1639 3630 1695 quam
3660 1641 3848 1680 resur—

2242 1695 2503 1752 rectionis
2534 1698 2744 1755 ultimae
2775 1703 2951 1772 gloria
2979 1707 3311 1764 nuntiatur?
3359 1711 3422 1766 In
3468 1723 3655 1770 monte
3702 1714 3846 1770 enim

2163 1784 2208 1844 Β
2238 1785 2567 1840 vestimenta
2596 1786 2716 1858 ejus
2742 1789 2889 1846 sicus
2919 1792 3019 1848 nix
3050 1794 3191 1852 facta
3210 1807 3360 1866 sunt,
3379 1799 3582 1872 quiain
3599 1818 3848 1874 supernae

2239 1873 2503 1931 claritatis
2528 1877 2771 1936 culmine
2799 1883 2975 1938 sancti
3007 1900 3199 1940 omnes
3232 1885 3283 1940 ei
3315 1887 3436 1945 luce
3459 1873 3693 1960 justitiae
3724 1893 3846 1949 ful-
3924 1889 3929 1894 ’

2240 1971 2423 2034 gentes
2453 1964 2831 2025 adhaerebunt.
2857 1969 2995 2043 [Vet.
3041 1973 3159 2048 VL]
3183 1975 3288 2031 Sed
3319 1977 3448 2049 quia
3477 1982 3848 2050 speciosarum

2241 2053 2474 2108 vestium
2497 2054 2718 2112 nomine
2743 2055 2921 2128 justos
2951 2059 3058 2114 sibi
3092 2064 3370 2133 quomodo
3399 2065 3662 2139 adjungat
3697 2070 3851 2125 insi-

2241 2147 2392 2206 nuat,
2425 2139 2659 2214 injustos
2693 2145 2856 2202 etiam
2887 2149 3164 2221 quomodo
3193 2168 3224 2208 a
3252 2167 3308 2208 se
3337 2151 3618 2228 disjungat
3646 2166 3847 2215 osten—

2241 2227 2345 2284 dit.
2377 2229 2637 2304 Sequitur
2664 2250 2675 2288 :

2861 2355 3088 2414 CAPUT
3119 2359 3239 2417 VII.

2313 2441 2483 2499 Vnus.
2515 2443 2567 2500 6.
2599 2474 2669 2485 —
2696 2445 2949 2519 Disperge
2974 2450 3222 2520 superbos
3253 2450 3310 2507 in
3337 2452 3525 2522 furore
3548 2460 3654 2511 tuo.

2309 2531 2363 2588 9.
2393 2531 2531 2587 Deus
2551 2534 2846 2604 tranquille
2863 2536 3215 2594 irascitur.—
3239 2539 3512 2600 Subaudis
3533 2551 3594 2600 ut
3611 2561 3732 2617 ego,
3751 2547 3849 2619 qui

2240 2635 2331 2675 eos
2365 2629 2419 2676 et
2443 2622 2863 2695 tranquillitatis
2891 2631 3138 2699 tempore
3172 2629 3360 2685 unitos
3398 2640 3592 2689 contra
3612 2650 3700 2689 me
3717 2633 3849 2690 tole-

2241 2724 2323 2776 ro,
2355 2717 2409 2765 et
2438 2709 2724 2768 districtus
2753 2713 3082 2787 quandoque
3113 2717 3360 2786 veniens,
3394 2720 3450 2775 in
3481 2738 3603 2778 meo
3633 2740 3727 2780 eos
3756 2723 3840 2779 fu-

2241 2812 2364 2852 rore
2393 2797 2664 2869 disperge.
2694 2800 2800 2854 Sed
2829 2801 2972 2856 inter
2993 2802 3109 2860 haec
3138 2804 3366 2859 solerter
3398 2807 3731 2867 intuendum
3765 2819 3846 2868 est

2241 2885 2385 2958 quod
2405 2888 2584 2958 gravis
2607 2888 2847 2958 perfidiae
2869 2905 3020 2944 error
3035 2890 3364 2959 admittitur,
3385 2894 3428 2948 si
3453 2895 3682 2953 fortasse
3709 2901 3840 2972 quis

2240 2976 2471 3032 aestimet
2500 2978 2646 3050 quod
2677 2978 2735 3034 in
2767 2978 2861 3034 illa
2891 2978 3201 3037 divinitatis
3229 2981 3537 3040 substantia
3580 2985 3738 3044 furor
3778 2998 3837 3046 et

2239 3067 2613 3139 tranquillitas
2642 3068 2901 3124 varietur.
2931 3067 3157 3126 Creator
3203 3087 3440 3145 namque
3492 3076 3746 3133 omnium
3779 3094 3846 3134 eo

2240 3172 2451 3212 summe
2483 3157 2810 3214 immortalis
2825 3166 2925 3228 est,
2950 3176 3057 3232 quo
3086 3170 3352 3219 creatura
3374 3179 3524 3220 more
3555 3167 3844 3225 mutabilis

2245 3251 2435 3308 1052
2471 3264 2580 3304 non
2610 3255 2710 3305 est.
2744 3249 2886 3305 Hinc
2915 3248 2982 3305 de
3012 3250 3110 3306 illo
3139 3267 3239 3324 per
3277 3252 3539 3310 Iacobum
3582 3255 3794 3312 dicitur
3826 3275 3838 3313 :

2240 3343 2401 3414 Apud
2428 3360 2580 3413 quem
2619 3360 2725 3398 non
2766 3349 2842 3398 est
2885 3346 3280 3412 transmutatio,
3327 3365 3418 3402 nec
3461 3350 3846 3406 vicissitudinis

2241 3431 2568 3486 obumbratio
2601 3431 2784 3503 (Jac.1,
2820 3431 2933 3505 17).
2967 3433 3110 3491 Hinc
3157 3451 3376 3491 rursum
3415 3437 3689 3508 scriptum
3719 3446 3799 3495 est
3829 3456 3841 3494 :

2250 3523 2327 3577 Tu
2346 3521 2784 3589 autem,Domine,
2801 3539 2918 3577 cum
2939 3524 3328 3594 tranquillitate
3338 3524 3554 3596 judicas
3567 3528 3839 3601 (Sap.xu,

2245 3611 2357 3684 18).
2383 3611 2524 3668 Hinc
2547 3612 2810 3684 propheta
2830 3613 2908 3668 ait
2928 3630 2940 3668 :
2964 3613 3183 3668 Deserta
3201 3613 3348 3684 facta
3363 3621 3437 3670 est
3469 3622 3616 3671 terra
3647 3636 3684 3673 a
3713 3617 3844 3688 facie

2241 3701 2340 3756 ira:
2357 3701 2624 3770 columba,
2647 3720 2681 3757 a
2695 3701 2832 3772 facie
2847 3701 3057 3772 furoris
3077 3703 3290 3759 Domini
3316 3705 3536 3771 (Jerem.
3561 3721 3704 3775 xxv,
3727 3707 3842 3778 38).

2245 3792 2265 3825 ³
2286 3790 2444 3858 Quod
2465 3792 2611 3848 enim
2639 3791 2776 3847 iram
2806 3791 3074 3848 columbae
3097 3791 3445 3864 praedixerat,
3467 3793 3573 3851 hoc
3601 3795 3843 3853 furorem

2243 3880 2469 3936 Domini
2497 3879 2804 3951 subjunxit.
2841 3878 3108 3937 Columba
3137 3897 3372 3954 namque
3401 3883 3560 3940 valde
3607 3885 3844 3956 simplex

2243 3985 2324 4033 est
2343 3978 2572 4043 animal;
2593 3985 2644 4032 et
2671 3977 2800 4049 quia
2819 3977 2876 4031 in
2897 3977 3072 4032 Deum
3096 3979 3246 4034 nulla
3267 3979 3471 4036 furoris
3492 3981 3845 4054 inaequalitas

2245 4066 2432 4138 serpit,
2463 4066 2706 4121 furorem
2734 4064 2957 4121 Domini
2980 4066 3115 4121 iram
3137 4067 3406 4124 columbae
3432 4069 3840 4127 nominavit.Ut

2245 4156 2392 4212 enim
2419 4154 2623 4211 divina
2652 4153 3011 4211 districtionis
3041 4155 3156 4211 vim
3184 4155 3701 4230 imperturbabilem
3732 4159 3837 4216 de-

2245 4257 2592 4318 monstraret,
2616 4257 2670 4305 et
2702 4250 2838 4305 iram
2869 4249 3036 4318 dixit,
3059 4257 3113 4305 et
3127 4251 3419 4322 columbae,
3441 4269 3506 4311 ac
3525 4253 3567 4309 si
3597 4251 3842 4326 apertius

2245 4339 2802 4397 diceretzDistrictum
2826 4337 3103 4410 judicium
3138 4339 3500 4398 inconcussus
3527 4343 3727 4412 exerit,
3747 4340 3841 4416 qui

2246 4446 2571 4504 permanens
2599 4435 2918 4486 monsuetus
2950 4430 2971 4464 ⁴
3002 4426 3236 4500 injustos
3281 4431 3462 4502 punit.
3493 4431 3648 4488 Unde
3693 4440 3746 4488 et
3791 4431 3846 4488 in

2246 4528 2495 4578 extremo
2517 4519 2751 4592 judicio,
2785 4519 2842 4574 in
2873 4518 3167 4592 semetipso
3214 4519 3692 4580 incommutabilis
3722 4539 3844 4579 ma-

2246 4627 2402 4680 nens,
2433 4611 2587 4668 nulla
2617 4609 2998 4669 vicissitudine
3043 4627 3106 4667 ac
3162 4611 3530 4669 mutabilitate
3576 4613 3843 4680 variatur,

2247 4701 2341 4758 sed
2370 4709 2553 4758 tamen
2582 4699 2770 4757 electis
2790 4715 2852 4756 ac
2879 4698 3125 4772 reprobis
3155 4715 3497 4774 nequaquam
3529 4701 3632 4759 sub
3667 4701 3843 4776 specie

2246 4790 2490 4863 ejusdem
2521 4786 3096 4846 incommutabilitatis
3116 4789 3446 4858 ostenditur,
3465 4790 3596 4864 quia
3616 4799 3673 4847 et
3704 4799 3846 4846 tran-

2246 4879 2648 4954 quillusjustis,
2667 4886 2721 4934 et
2737 4877 2907 4934 iratus
2936 4877 3221 4949 apparebit
3250 4878 3494 4952 injustis.
3525 4881 3685 4937 Teste
3702 4881 3844 4938 enim

2245 4967 2582 5026 conscientia
2607 4965 2753 5022 intra
2801 4966 3119 5039 semetipsos
3167 4965 3445 5038 deferunt,
3468 4968 3616 5026 unde
3655 4982 3842 5025 eorum

2247 5070 2456 5118 mentes
2485 5074 2638 5131 aeque
2687 5073 2860 5114 unum
2912 5058 3228 5130 respiciant,
3262 5059 3356 5116 sed
3408 5076 3519 5116 non
3568 5059 3848 5133 mqualiter

2243 5149 2651 5217 modiﬁcentur,
2680 5148 2808 5221 quia
2854 5155 2908 5204 et
2938 5149 3058 5204 istis
3079 5166 3203 5205 eum
3247 5151 3549 5224 benignum
3603 5147 3844 5206 ostendit

2243 5249 2489 5302 anteacta
2512 5239 2752 5313 justitia,
2785 5246 2838 5296 et
2866 5238 2980 5296 illis
3031 5240 3339 5298 terribilem
3375 5243 3556 5315 culpa.
3592 5241 3836 5312 Quorum

2244 5346 2504 5406 pavorem
2532 5329 2655 5403 quis
2682 5327 2939 5401 explicet,
2972 5343 3099 5384 cum
3120 5329 3415 5402 contigerit
3435 5328 3652 5386 miseris
3684 5336 3739 5384 et
3761 5327 3840 5382 in-

2321 5530 2343 5563 ³
2391 5525 2723 5584 Addidimus
2769 5524 2933 5580 etiam
2980 5525 3139 5592 enim,
3187 5540 3256 5581 ex
3305 5523 3570 5593 Vindoc.,
3610 5523 3841 5587 Gemet.,

2252 5597 2417 5656 Corb.
2449 5598 2723 5668 Germ.et
2751 5597 2826 5668 pl.
2857 5596 3050 5668 Norm.

2325 5672 2346 5706 ‘
2375 5671 2538 5727 Deest
2577 5663 2803 5739 injustbs
2850 5667 2908 5727 in
2957 5666 3126 5726 duob.
3156 5667 3365 5738 Germ.,
3396 5667 3630 5737 Turon.,
3663 5663 3842 5725 Laud.

2254 5749 2309 5802 et
2334 5741 2470 5817 pler.
2504 5740 2693 5801 Norm.
