4156 6178
383 491 514 548 dere
536 492 565 548 7
596 493 713 550 Hoc
754 496 1020 553 nimirum
1051 500 1298 572 quotidie
1319 501 1376 557 in
1407 519 1509 559 usu
1545 503 1672 560 vitae
1704 507 1984 576 praesentis

381 582 588 653 agitur,
617 590 679 638 ut
707 583 775 640 de
791 587 1053 658 qualitate
1071 589 1289 646 venturi
1306 589 1514 662 judicis
1535 595 1850 651 mortalium
1868 613 1984 654 cor-

382 673 453 729 da
481 673 810 729 doceantur.
841 676 977 731 Nam
1006 693 1130 733 cum
1163 677 1276 735 duo
1305 681 1368 736 ad
1413 681 1688 752 judicium
1730 694 1980 757 pergunt,

380 765 527 819 alius
561 764 899 822 innocentiae
919 768 1024 824 sibi
1049 770 1326 836 conscius,
1348 773 1490 828 alius
1509 775 1704 845 culpae,
1727 783 1854 830 ante
1865 793 1984 848 pro-

382 851 553 907 latam
587 855 918 910 sententiam
964 856 1146 914 adhuc
1188 867 1457 915 tacentem
1485 859 1728 932 judicem
1766 863 1984 936 utrique

381 940 760 1012 conspiciunt,
793 951 846 998 et
882 951 1064 1000 tamen
1097 948 1270 1018 culpm
1304 947 1522 1004 debitor
1550 968 1768 1022 gravem
1797 962 1988 1010 contra

382 1044 439 1085 se
462 1028 598 1084 iram
615 1028 720 1091 hoc
742 1030 918 1102 ipsum
937 1031 1144 1103 judicis
1157 1035 1439 1091 silentium
1459 1037 1785 1108 suspicatur.
1810 1039 1983 1108 Quam

383 1117 520 1174 iram
554 1117 663 1173 sibi
697 1135 809 1174 non
837 1120 1131 1179 denuntiat
1161 1123 1506 1195 perturbacio
1533 1124 1760 1196 judicis,
1780 1127 1872 1183 sed
1889 1145 1985 1184 re-

381 1208 636 1265 cordatio
666 1210 978 1280 pravitatis,
1007 1213 1137 1284 quia
1163 1214 1264 1269 etsi
1293 1215 1475 1273 adhuc
1504 1215 1639 1272 foris
1667 1234 1820 1273 reum
1851 1236 1986 1275 sen—

383 1297 556 1352 tentia
584 1314 698 1353 non
730 1298 951 1368 clamat,
986 1301 1138 1358 intus
1169 1311 1350 1359 tamen
1382 1306 1622 1376 graviter
1649 1309 1988 1364 conscientia

381 1393 620 1442 accusat.
665 1389 741 1442 At
770 1396 964 1444 contra
988 1388 1225 1461 justitiar
1255 1394 1466 1450 amicus
1495 1395 1840 1453 decernentis
1868 1398 1988 1452 vul-

383 1480 499 1529 tum
523 1475 822 1546 conspicit,
852 1476 945 1532 sed
978 1478 1130 1535 intus
1159 1479 1224 1536 de
1267 1482 1586 1539 testimonio
1615 1483 1772 1540 bona;
1798 1501 1989 1542 recor-

383 1560 627 1618 dationis
655 1562 961 1634 hilarescit,
991 1575 1046 1622 et
1076 1585 1184 1641 quo
1214 1570 1358 1642 apud
1387 1587 1444 1626 se
1466 1571 1611 1644 quod
1640 1581 1848 1629 metuat
1877 1591 1988 1631 non

363 1651 572 1719 habet,
596 1667 660 1706 eo
691 1667 854 1708 omne
885 1655 1033 1726 quod
1064 1673 1189 1729 erga
1216 1661 1572 1732 semetipsum
1608 1669 1692 1717 est
1724 1661 1989 1718 blandum

383 1739 552 1796 videt.
587 1740 702 1796 Hoc
724 1741 909 1813 itaque
933 1743 1054 1800 loco
1081 1745 1236 1802 furor
1261 1747 1486 1803 Domini
1515 1747 1722 1804 dicitur
1737 1765 1846 1805 non
1871 1767 1986 1822 per-

383 1831 626 1889 turbatio
642 1831 849 1888 divinaa
869 1834 1207 1906 substantiae,
1227 1839 1320 1895 sed
1336 1855 1498 1911 super
1515 1845 1824 1911 peccatores
1844 1842 1986 1896 male

387 1921 495 1978 sibi
531 1922 779 1979 conscios
813 1925 1155 1982 examinatio
1195 1926 1358 1998 justaa
1410 1927 1694 1984 vindictae.
1728 1929 1990 1996 Quamvis

385 2012 532 2066 enim
549 2027 671 2068 eum
698 2013 1059 2087 tranquillum
1087 2015 1145 2071 in
1160 2014 1377 2088 judicio
1395 2018 1637 2086 videant,
1657 2027 1840 2074 tamen
1861 2019 1990 2092 quia

385 2099 662 2159 feriendos
691 2119 748 2160 se
778 2103 846 2159 ab
877 2105 977 2160 illo
1004 2121 1115 2161 non
1141 2105 1420 2174 dubitant,
1451 2124 1578 2165 eum
1600 2110 1614 2142 ¹
1636 2108 1693 2164 in
1724 2108 1840 2163 suis
1869 2125 1988 2165 mo-

384 2189 530 2248 tibus
558 2193 941 2266 perturbatum
972 2203 1186 2268 putant.
1220 2197 1514 2272 Sequitur:

965 2310 1193 2369 CAPUT
1232 2313 1379 2371 VIII.

452 2428 587 2483 Iam.
610 2458 682 2468 —
710 2429 783 2483 Et
806 2426 1094 2497 respiciam
1139 2445 1341 2483 onmem
1367 2436 1710 2500 arrogantem
1737 2429 1984 2485 humilia.

458 2515 546 2570 10.
577 2515 763 2571 Omnis
802 2532 1068 2585 arrogans
1111 2522 1206 2569 aut
1241 2516 1537 2586 paenitendo
1583 2519 1844 2588 cognoscit
1883 2521 1989 2573 cul-

380 2620 532 2673 pam,
566 2609 662 2656 aut
686 2603 956 2673 pereundo
991 2603 1221 2672 precipit
1242 2620 1474 2674 pcenam.
1497 2634 1567 2644 —
1588 2605 1668 2661 Ac
1693 2605 1738 2660 si
1769 2605 1915 2662 dicat
1933 2616 1991 2662 ut

391 2708 512 2762 ego.
549 2692 690 2764 Apte
712 2699 893 2747 autem
933 2691 1000 2747 ad
1032 2692 1291 2748 vindictae
1335 2693 1582 2750 ordinem
1613 2696 1994 2767 arrogantibus

382 2780 745 2850 superborum
778 2781 939 2851 culpa
959 2781 1330 2852 praeponitur,
1348 2783 1477 2854 quia
1492 2783 1757 2839 nimirum
1777 2800 1886 2840 non
1904 2802 1991 2840 su-

383 2868 572 2942 perbia
600 2869 668 2923 de
694 2871 1022 2942 arrogantia,
1057 2871 1150 2926 sed
1169 2880 1466 2944 generatur
1487 2876 1797 2946 arrogantia
1819 2875 1886 2933 de
1904 2894 1991 2934 su-

385 2958 591 3032 perbia.
651 2958 875 3015 Duobus
917 2967 1101 3015 autem
1146 2961 1335 3016 modis
1391 2978 1422 3017 a
1460 2964 1696 3020 Domino
1740 2976 1992 3037 peccator

386 3049 764 3122 unusquisque
794 3049 1108 3122 respicitur,
1148 3068 1275 3108 cum
1295 3060 1388 3108 aut
1412 3069 1443 3109 a
1472 3062 1693 3125 peccato
1721 3057 1992 3112 converti-

389 3147 496 3206 tur,
529 3145 624 3194 aut
650 3155 717 3194 ex
748 3147 968 3211 peccato
1008 3141 1256 3212 punitur.
1291 3143 1368 3197 De
1402 3149 1653 3214 respectu
1680 3144 1826 3200 enim
1858 3163 2001 3202 con-
2035 3149 2078 3209 Ο

391 3227 656 3284 versionis
685 3228 923 3284 dicitur:
960 3229 1099 3296 Quia
1125 3231 1356 3300 respexit
1385 3232 1644 3287 Dominus
1674 3235 1914 3304 Petrum,
1946 3243 1994 3293 et

391 3318 698 3372 recordatus
727 3319 916 3373 Petrus
947 3317 968 3352 ³
997 3318 1142 3372 verbi
1169 3319 1642 3389 Jesuﬂevitamare
1665 3324 1815 3395 (Luc.
1847 3341 1991 3393 xxrr,

397 3407 510 3479 61).
546 3408 623 3462 De
655 3413 903 3478 respectu
926 3405 1155 3461 ultionis
1187 3424 1375 3464 rursus
1413 3409 1642 3467 dicitur:
1687 3414 1872 3470 Vultus
1899 3432 1994 3470 au-

393 3500 492 3550 tem
520 3494 737 3551 Domini
764 3512 922 3566 super
948 3494 1197 3565 facientes
1225 3499 1391 3566 mala,
1424 3505 1482 3552 ut
1530 3501 1723 3570 perdat
1759 3504 1821 3558 de
1852 3509 1994 3559 terra

393 3586 699 3640 memoriam
729 3601 909 3639 eorum
952 3585 1125 3655 (Psat.
1159 3603 1364 3656 χχχιιι,
1400 3589 1512 3659 17).
1539 3588 1792 3663 Utrisque
1812 3600 1994 3647 autem

398 3673 580 3730 modis
610 3676 664 3730 in
698 3673 1014 3729 humilitate
1035 3691 1294 3746 arrogans
1309 3677 1596 3745 sternitur,
1620 3678 1748 3750 quia
1767 3689 1860 3735 aut
1882 3698 1996 3753 pce-

400 3762 631 3818 nitendo
677 3761 958 3836 cognoscit
995 3763 1235 3834 culpam,
1297 3771 1391 3821 aut
1435 3764 1712 3837 pereundo
1767 3769 1999 3843 percipit

397 3867 610 3924 poenam
637 3869 650 3908 :

855 3966 1084 4027 CAPUT
1115 3968 1195 4025 rx
1225 3967 1365 4043 [Vet.
1408 3966 1553 4042 VII].

471 4083 642 4143 Vnus.
675 4087 726 4142 7.
759 4117 828 4129 —
857 4087 1071 4158 Respice
1112 4091 1321 4141 cunctos
1349 4084 1618 4158 superbos,
1667 4092 1716 4141 et
1741 4088 2002 4160 con/unde

401 4192 504 4243 eos,
539 4180 590 4230 et
615 4182 816 4231 contere
852 4177 1045 4248 impios
1073 4177 1130 4232 in
1161 4179 1271 4233 loco
1299 4195 1414 4234 suo.

485 4270 699 4328 1053,
735 4264 820 4322 11.
859 4266 1084 4337 Superbi
1112 4266 1239 4322 dum
1266 4269 1503 4323 elevatur
1517 4269 1751 4340 dejectio.
1775 4299 1846 4312 —
1868 4269 2003 4326 Sub-

402 4361 560 4418 audis
591 4372 654 4419 ut
675 4379 793 4435 ego.
827 4362 1057 4435 Superbi
1075 4363 1226 4418 enim
1256 4379 1325 4418 ex
1347 4371 1594 4436 respectu
1623 4366 2005 4424 Dominicon-

403 4450 731 4519 funduntur,
764 4459 860 4507 aut
889 4450 980 4508 hic
1008 4451 1080 4507 de
1109 4451 1311 4523 pietate
1349 4460 1740 4524 cognoscentes
1769 4461 1824 4509 et
1852 4453 2003 4511 dam-

407 4550 602 4596 nantes
631 4541 893 4606 crimina,
924 4549 1018 4597 aut
1071 4541 1189 4597 illic
1235 4541 1506 4612 supplicia
1550 4541 1616 4597 de
1641 4541 1858 4613 justitia
1885 4560 2004 4600 sen-

407 4631 626 4685 tientes.
663 4630 965 4701 lmpiorum
997 4645 1126 4685 vero
1156 4627 1443 4700 locusipsa
1473 4629 1727 4702 superbia
1755 4639 1855 4699 est,
1882 4633 2011 4704 quia

407 4734 532 4774 cum
563 4719 826 4791 scriptum
877 4717 984 4774 sit:
1039 4718 1259 4774 Initium
1302 4719 1473 4773 omnis
1523 4720 1721 4790 peccati
1765 4721 2011 4790 superbia

412 4808 603 4878 (Eccli.
635 4824 694 4875 x,
728 4809 846 4880 15),
878 4807 1025 4863 unde
1046 4807 1224 4863 oritur
1254 4807 1528 4880 impietas,
1562 4807 1639 4863 ibi
1671 4808 2009 4880 continetur,

412 4898 667 4969 quamvis
699 4913 801 4954 nec
829 4897 1128 4970 quidquam
1176 4913 1207 4952 a
1236 4897 1492 4970 superbia
1529 4895 1698 4954 distat
1732 4897 2006 4970 impietas.

413 4985 587 5043 Valde
614 4985 760 5041 enim
796 4985 1080 5056 superbire
1109 4992 1191 5042 est
1219 4985 1388 5057 impia
1431 4985 1498 5042 de
1527 4993 1754 5043 auctore
1783 4985 2005 5043 sentire.

413 5079 621 5151 Impius
649 5095 776 5151 ergo
807 5080 1006 5136 inloco
1035 5097 1136 5136 suo
1161 5081 1485 5149 conteritur,
1519 5082 1649 5154 quia
1678 5081 1798 5154 ipsa
1826 5098 2012 5153 super-

413 5170 507 5227 bia
531 5189 639 5245 qua
669 5173 918 5229 elevatur
948 5173 1310 5246 opprimitur;
1354 5189 1610 5247 cumque,
1649 5173 1926 5230 efferendo
1953 5189 2010 5229 se

417 5261 474 5316 in
504 5261 931 5336 cogitationibus
958 5262 1357 5336 erigit,:lumen
1375 5263 1480 5320 sibi
1489 5263 1722 5336 justitize
1737 5263 1885 5336 quod
1915 5264 2011 5319 in-

493 5490 510 5527 ¹
539 5487 691 5548 Editi
719 5508 845 5549 cum
874 5489 1082 5556 Germ.,
1111 5483 1221 5543 suis
1240 5487 1493 5556 moribus,
1516 5488 1603 5545 vel
1635 5486 1690 5544 in
1710 5487 1819 5543 suis
1838 5487 2015 5544 mori-

421 5557 532 5618 bus.
557 5562 718 5619 Corb.
765 5563 974 5629 Germ.,
1020 5562 1075 5616 in
1104 5560 1214 5614 suis
1269 5560 1522 5616 moribus.
1572 5562 1825 5618 Nostram
1884 5562 2009 5617 lect.

421 5633 808 5691 ministrarunt
831 5634 1062 5702 Turon.,
1106 5630 1366 5698 Vindoc.,
1411 5631 1534 5688 Val.
1559 5632 1668 5701 CL,
1714 5633 1916 5689 Pratel.
1950 5649 2015 5690 ac

422 5705 846 5834 pl3Nlcitrmduob.
895 5778 1077 5834 Germ.
1119 5783 1174 5834 et
1222 5775 1277 5832 in
1313 5775 1524 5833 Gemet.
1557 5775 1839 5835 omittitur
1871 5776 2016 5833 verbi

1178 277 1551 343 MORALIUM
1592 283 1722 344 LIB.
1764 282 1999 348 XXXII.
2039 321 2110 334 —-
2156 287 2228 350 IN
2267 289 2494 353 CAPUT
2533 292 2627 354 XL
2666 298 2726 354 Β.
2767 295 2910 356 JOB.

2030 4507 2082 4567 D

2097 528 2271 585 Deum
2299 529 2437 587 falsa
2457 533 2631 604 gloria
2659 534 2902 590 exterius
2933 534 3170 606 proﬁcit,
3204 554 3332 595 vera
3362 542 3582 598 miseria
3610 544 3692 598 in-

2100 618 2269 674 terius
2316 619 2604 678 inanescit.
2657 621 2809 678 Unde
2839 622 3114 695 Propheta
3168 626 3276 680 ait:
3325 628 3570 698 Dejecisti
3609 649 3694 686 eos

2099 707 2224 761 dum
2246 709 2266 742 ‘
2294 710 2656 765 allevarentur
2687 712 2860 782 (Psal.
2910 729 3086 780 Lxxn,
3122 714 3233 784 18).
3266 716 3386 771 Non
3417 719 3563 773 enim
3594 719 3689 776 ait.

2097 795 2352 867 Dejecisti
2381 815 2472 855 eos
2501 808 2786 874 postquam
2830 802 3025 857 clevati
3048 810 3197 871 sunt,
3217 805 3310 860 sed
3326 804 3458 862 dum
3475 808 3692 865 alleva-

2100 893 2310 954 rentur,
2346 887 2476 959 quia
2508 887 2611 944 hoc
2642 890 2822 961 ipsum
2853 891 2924 945 sit
2969 891 3219 963 superbis
3249 893 3482 950 interius
3509 895 3695 968 dejici,

2099 975 2246 1048 quod
2276 976 2355 1031 eis
2385 976 2521 1032 falsa
2541 978 2814 1050 contingit
2834 978 3009 1049 gloria
3029 980 3274 1037 exterius
3294 983 3514 1039 elevari.
3539 985 3696 1041 Ordi-

2099 1069 2265 1117 nante
2295 1064 2441 1119 enim
2465 1065 2660 1121 divino
2685 1065 2925 1137 judicio,
2957 1084 3068 1123 non
3111 1068 3189 1124 eis
3236 1069 3327 1127 hic
3355 1071 3504 1127 aliud
3535 1073 3696 1146 culpa

2100 1158 2201 1220 est,
2233 1160 2395 1226 atque
2416 1154 2566 1210 aliud
2591 1171 2770 1227 poena,
2801 1156 2896 1212 sed
2928 1174 3027 1212 sua
3056 1157 3167 1214 illis
3198 1160 3256 1213 in
3286 1176 3498 1231 poenam
3533 1163 3695 1218 verti-

2101 1245 2192 1294 tur
2220 1242 2400 1313 culpa,
2430 1250 2490 1297 ut
2511 1243 2670 1298 elatis
2699 1244 2843 1300 fastu
2864 1246 3132 1316 superbiae
3154 1246 3260 1304 hoc
3280 1248 3459 1320 ipsum
3476 1249 3548 1304 sit
3571 1266 3696 1305 vere

2101 1328 2251 1386 intus
2273 1330 2466 1387 cadere
2496 1333 2644 1406 quod
2674 1333 2809 1390 foris
2840 1334 3152 1392 ostenditur
3180 1337 3695 1414 profecisse.Sequi-

2100 1426 2192 1475 tur
2209 1439 2220 1476 :

2719 1567 2947 1625 CAPUT
2994 1569 3065 1626 Χ.

2173 1683 2344 1740 Vens.
2377 1683 2430 1740 8.
2449 1715 2520 1726 —
2545 1683 2814 1742 Absconde
2833 1704 2916 1743 eos
2946 1689 3000 1744 in
3023 1689 3261 1760 put-vere,
3291 1690 3452 1746 simul
3471 1695 3518 1744 et
3535 1688 3699 1760 facies

2018 1791 2064 1851 Β
2099 1786 2279 1826 eorum
2307 1773 2540 1845 demerge
2566 1775 2622 1828 in
2650 1775 2874 1845 foveam.

2173 1859 2258 1914 I2.
2294 1861 2436 1915 Deus
2465 1863 2626 1918 corda
2647 1865 3017 1934 superborum,
3043 1867 3263 1921 terrenis
3278 1868 3494 1938 negotiis
3507 1874 3554 1923 et
3570 1867 3700 1923 desi-

2099 1947 2262 2002 deriis
2293 1951 2526 2022 opprimi
2545 1954 2827 2024 permittit.
2862 1985 2932 1995 —
2961 1955 3098 2010 Acsi
3111 1955 3257 2011 dicat
3278 1963 3339 2010 ut
3357 1972 3474 2027 ego.
3507 1956 3700 2028 Super-

2098 2035 2197 2092 bos
2225 2038 2370 2094 enim
2409 2047 2572 2114 atque
2598 2041 2798 2114 impios
2821 2041 2972 2114 justo
2993 2041 3209 2114 judicio
3226 2045 3493 2100 Dominus
3510 2045 3566 2100 in
3584 2045 3700 2118 pul-

2100 2142 2227 2182 vere
2259 2127 2573 2194 abscondit,
2604 2132 2733 2203 quia
2763 2148 2951 2188 eorum
2981 2133 3144 2189 corda
3184 2134 3315 2204 ipsis
3345 2151 3486 2207 quae,
3517 2134 3702 2206 despe-

2100 2224 2190 2273 cto
2212 2233 2398 2273 amore
2427 2221 2710 2288 creatoris,
2757 2223 2966 2294 eligunt
2997 2224 3227 2279 terrenis
3254 2225 3493 2296 opprimi
3522 2241 3699 2296 nego-

2101 2304 2194 2360 tiis
2225 2306 2514 2377 permittit.
2547 2309 2699 2364 Unde
2728 2317 2780 2365 et
2807 2311 3028 2366 illorum
3050 2310 3219 2366 vitam
3233 2328 3359 2368 cum
3378 2311 3435 2366 in
3451 2319 3700 2368 extremo

2096 2391 2313 2464 judicio
2331 2394 2582 2464 discutit,
2605 2404 2696 2453 tan
2707 2415 2868 2472 quam
2899 2399 3005 2454 sibi
3019 2398 3396 2455 absconditam
3416 2417 3525 2455 non
3543 2411 3704 2472 agno-

2101 2485 2224 2552 scit,
2259 2485 2480 2542 dicens:
2529 2487 2717 2542 Nescio
2764 2488 2856 2558 qui
2903 2489 3024 2543 estis
3072 2489 3222 2559 (Luc.
3268 2507 3392 2558 xm,
3425 2491 3539 2564 27).
3575 2491 3705 2549 Vita

2103 2589 2402 2644 pravorum
2436 2575 2539 2631 sub
2559 2577 2787 2648 pulvere
2827 2577 3204 2646 absconditur,
3241 2580 3370 2652 quia
3395 2580 3622 2653 abjectis
3650 2589 3703 2636 et

2101 2661 2312 2719 intimis
2341 2663 2631 2721 desideriis
2659 2674 2935 2738 gravatur.
2969 2667 3229 2740 Quisquis
3256 2668 3400 2724 enim
3433 2668 3614 2726 adhuc
3641 2685 3704 2727 ea

2103 2768 2224 2824 quae
2256 2753 2448 2808 mundi
2472 2763 2601 2810 sunt
2633 2755 2863 2828 appetit,
2897 2757 3050 2829 quasi
3082 2766 3206 2812 ante
3237 2756 3431 2815 faciem
3463 2758 3580 2814 veri
3609 2758 3704 2814 lu-

2103 2841 2270 2897 minis
2300 2859 2411 2898 non
2440 2853 2682 2915 apparet,
2717 2845 2846 2917 quia
2901 2845 3167 2901 nimirum
3210 2845 3312 2902 sub
3346 2847 3570 2918 pulvere
3602 2853 3704 2903 ter-

2103 2945 2246 2985 renae
2267 2932 2621 3002 cogitationis
2642 2934 2790 2989 latet.
2822 2934 2981 2990 Hunc
2998 2951 3286 3006 pravarum
3307 2935 3700 3005 cogitationum

2106 3017 2390 3088 pulverem
2422 3035 2679 3090 oppressa
2726 3037 2880 3076 mens
2926 3023 3142 3091 tolerat,
3180 3038 3339 3095 quem
3373 3031 3570 3077 ventus
3599 3039 3706 3079 ne-

2106 3106 2386 3178 quissimaa
2410 3107 2728 3164 temtationis
2755 3117 3025 3182 apportat.
3062 3109 3200 3183 [Vet.
3242 3108 3422 3184 VIII.]
3455 3110 3596 3167 Ilinc
3624 3119 3704 3166 est

2107 3195 2254 3251 enim
2285 3195 2438 3269 quod
2467 3195 2534 3252 de
2555 3214 2882 3272 unaquaque
2925 3199 3108 3256 anima
3152 3201 3382 3257 terrenis
3420 3199 3706 3257 desideriis

2103 3295 2395 3359 aggravata
2424 3287 2530 3344 sub
2569 3289 2834 3362 Ephraim
2869 3291 3049 3363 specie
3074 3307 3169 3363 per
3199 3289 3518 3364 prophetam
3558 3289 3710 3346 dici-

2102 3385 2227 3432 tur:
2262 3377 2456 3434 Factus
2485 3384 2560 3433 est
2587 3380 2852 3451 Ephraim
2880 3381 3036 3452 panis
3065 3380 3460 3446 subcinericius,
3487 3379 3581 3451 qui
3600 3395 3706 3434 non

2104 3472 2417 3521 reversatur
2457 3468 2626 3540 (Osee.
2675 3485 2776 3536 vn,
2816 3469 2897 3542 8).
2942 3471 3028 3526 Ex
3068 3476 3264 3524 natura
3318 3469 3518 3541 quippe
3571 3463 3708 3524 bene

2106 3555 2331 3612 condita
2361 3563 2442 3612 est
2473 3556 2634 3613 nobis
2666 3558 2920 3627 intentio,
2945 3575 3067 3632 quae
3087 3567 3272 3632 surgat
3298 3559 3357 3615 in
3371 3560 3547 3614 Deum
3571 3576 3584 3625 ;
3613 3557 3707 3614 sed

2105 3659 2175 3698 ex
2204 3645 2626 3701 conversatione
2658 3649 2910 3720 nequiter
2951 3656 3166 3704 assueta
3195 3651 3216 3684 δ
3248 3648 3389 3704 inest
3434 3648 3707 3720 voluptas,

2107 3748 2227 3804 quae
2258 3750 2497 3805 praesens
2526 3743 2739 3806 premat
2768 3735 2825 3790 in
2865 3736 3147 3791 saeculum.
3180 3735 3344 3792 Panis
3372 3743 3554 3793 autem
3583 3735 3708 3791 sub-

2107 3821 2408 3877 cinericius
2437 3838 2505 3876 ex
2537 3840 2600 3877 ea
2640 3833 2798 3895 parte
2841 3832 2921 3880 est
2961 3822 3241 3891 mundior,
3273 3838 3435 3895 quam
3480 3823 3708 3880 inferius

2108 3910 2369 3978 occultat,
2424 3919 2588 3983 atque
2618 3928 2689 3967 ex
2717 3929 2779 3967 ea
2824 3919 2976 3985 parte
3014 3912 3310 3979 sordidior,
3341 3928 3448 3984 qua
3477 3912 3710 3984 desuper

2109 3999 2349 4058 cinerem
2373 4000 2592 4057 tolerat.
2612 4001 2874 4075 Quisquis
2885 4017 3011 4075 ergo
3027 4000 3386 4058 intentionem
3411 4016 3517 4074 qua
3536 4001 3708 4057 Deum

2111 4088 2389 4147 debuisset
2407 4107 2655 4165 quaerere
2686 4091 2935 4164 negligit,
2968 4090 3124 4164 quasi
3153 4105 3304 4147 more
3333 4090 3489 4163 panis
3516 4089 3711 4148 subci-

2111 4179 2308 4236 nericii
2336 4179 2685 4236 mundiorem
2722 4188 2931 4252 partem
2980 4179 3212 4236 inferius
3256 4179 3475 4252 premit,
3504 4187 3555 4236 et
3583 4196 3708 4235 cum

2112 4286 2270 4326 curas
2298 4271 2488 4328 saeculi
2520 4270 2756 4328 libenter
2783 4272 3001 4339 tolerat,
3043 4269 3197 4343 quasi
3227 4276 3540 4341 congestum
3567 4270 3710 4326 cine-

2113 4376 2228 4416 rem
2261 4361 2516 4432 superius
2546 4369 2746 4434 portat.
2778 4364 3167 4420 Reversaretur
3194 4369 3374 4417 autem
3404 4361 3559 4432 panis
3586 4360 3712 4416 sub-

2120 4451 2443 4518 cinericius,
2490 4450 2534 4506 si
2574 4450 2974 4506 desideriorum
3023 4449 3324 4506 carnalium
3359 4450 3596 4506 cinerem
3630 4466 3711 4507 re-

2119 4541 2370 4612 pelleret,
2401 4548 2453 4596 et
2474 4540 2837 4596 intentionem
2873 4537 3097 4607 bonam,
3131 4554 3293 4612 quam
3329 4537 3386 4594 in
3417 4556 3473 4597 se
3501 4538 3709 4595 dudum

2119 4628 2474 4702 despiciendo
2517 4637 2876 4700 oppresserat,
2934 4629 3186 4702 superius
3235 4635 3552 4686 ostentaret.
3607 4628 3711 4685 Sed

2118 4719 2384 4780 reversari
2415 4720 2618 4788 renuit,
2643 4735 2768 4776 cum
2811 4734 2988 4788 meus,
3030 4735 3216 4775 amore
3261 4735 3517 4776 curarum
3547 4732 3712 4773 saecu-

2119 4810 2316 4866 larium
2350 4825 2553 4882 pressa,
2614 4809 2815 4865 molem
2865 4807 3196 4880 superpositi
3239 4807 3440 4862 cineris
3476 4804 3712 4875 abjicere

2118 4899 2366 4972 negligit,
2415 4900 2656 4972 dumque
2704 4914 2984 4970 assurgere
3021 4898 3076 4952 in
3113 4895 3470 4952 intentionem
3513 4891 3711 4948 bonam

2119 5005 2230 5044 non
2259 4988 2490 5060 appetit,
2515 4987 2668 5060 quasi
2699 4985 3049 5041 mundiorem
3068 4983 3262 5039 faciem
3284 4981 3472 5038 subter
3489 4981 3709 5054 premit.

2191 5077 2276 5132 I3.
2306 5078 2448 5132 Dum
2476 5076 2820 5146 superbiendo
2861 5073 3065 5129 altiora
3086 5077 3292 5142 petunt,
3335 5070 3408 5125 ad
3453 5067 3713 5140 inferiora

2117 5167 2492 5222 retruduntur.
2522 5196 2594 5207 —
2622 5167 2763 5236 Apte
2791 5170 2973 5219 autem
3021 5158 3374 5232 subjungitur
3395 5176 3414 5214 :
3455 5159 3628 5217 Simul
3667 5166 3715 5216 et

2117 5256 2280 5329 facies
2311 5274 2493 5315 eorum
2521 5258 2750 5328 demerge
2777 5257 2833 5311 in
2861 5253 3087 5325 foveam.
3119 5255 3202 5311 Ac
3228 5252 3275 5309 si
3303 5253 3470 5320 dicat,
3493 5251 3563 5310 Ut
3591 5268 3709 5324 ego.

2119 5481 2464 5631 legulibroic.
2495 5549 2699 5631 aliique
2726 5549 2937 5631 Νοειῃη
2968 5548 3381 5631 elevarentur.“
3589 5616 3600 5631 ο

2197 5628 2217 5661 ⁸
2248 5624 2512 5693 Vindoc.,
2554 5619 2762 5693 Germ.,
2813 5619 3034 5680 Ebroic.
3082 5630 3136 5679 et
3190 5621 3285 5678 alii
3333 5619 3548 5690 Norm.,
3578 5619 3715 5677 inest

2124 5699 2386 5757 voluntas.
2421 5692 2582 5754 Corb.
2618 5692 2802 5751 Germ.
2837 5695 3121 5768 sequimur
3147 5701 3201 5751 et
3229 5693 3383 5751 alios.
