4156 6178
415 201 577 264 ’643

1696 159 1949 266 8ΑέΟΤΙ
1987 208 2322 268 GREGOBII
2357 207 2584 268 MAGNI

3674 205 3784 266 644

474 333 503 388 J
510 341 629 389 usto
658 348 894 406 namque
908 329 1123 405 judicio
1147 331 1510 406 superborum
1527 332 1694 391 facies
1707 334 1976 390 Dominus
2005 333 2063 389 in
2091 338 2141 398 Α
2170 333 2445 408 diligeret,
2468 343 2543 405 et,
2569 337 2790 409 cognita
2819 343 2945 409 post
2969 333 3284 393 calliditate
3299 333 3528 402 diaboli,
3552 333 3786 393 disceret

475 420 689 478 foveam
721 422 936 494 mergit,
969 421 1100 495 quia
1120 421 1486 479 intentionem
1517 421 1701 480 cordis
1729 438 1918 480 eorum
1951 436 2067 479 sese

477 510 623 566 ultra
650 509 904 568 homines
929 507 1228 584 erigentem
1266 511 1499 569 inferius
1528 511 1737 584 dejicit.
1772 513 1887 568 Ima
1918 511 2064 567 enim

481 605 674 663 1054
714 600 960 672 respicit,
999 599 1157 674 cujus
1205 602 1372 660 facies
1419 602 1635 660 foveam
1687 602 1940 660 attendit.
1996 602 2068 657 Et

477 697 614 754 bene
645 698 711 755 de
742 698 991 772 superbis
1021 698 1230 756 dicitur
1271 700 1418 774 quod
1460 717 1650 756 eorum
1709 699 1876 756 facies
1906 699 1962 754 in
1989 698 2066 754 fo-

477 809 633 850 veam
662 793 1077 865 demerguntur,
1121 793 1252 865 quia
1285 793 1396 849 ima
1443 801 1658 866 petunt,
1699 794 1829 850 dum
1885 809 2068 864 super-

478 881 680 939 biendo
709 882 907 938 altiora
936 889 1231 954 appetunt;
1268 889 1322 938 et
1340 899 1448 955 quo
1479 883 1651 955 magis
1670 883 1986 940 extollendo
2014 898 2069 938 se

478 971 718 1043 erigunt,
749 989 812 1028 eo
855 973 1027 1044 magis
1065 971 1274 1027 ruendo
1323 972 1555 1028 inferius
1598 972 1851 1029 tendunt.
1887 974 2070 1029 Terre-

479 1077 604 1117 nam
635 1061 837 1134 quippe
866 1061 1093 1133 gloriam
1128 1071 1403 1133 quaerunt,
1446 1069 1500 1116 et
1539 1062 1732 1118 inﬁma
1780 1073 1909 1120 sunt
1951 1080 2071 1137 qua

479 1151 844 1223 prospiciunt,
871 1149 1002 1204 dum
1033 1148 1400 1221 superbiendo
1444 1150 1554 1206 alta
1589 1158 1886 1208 sectantur.
1920 1150 2074 1208 Unde

481 1239 622 1294 miro
649 1246 701 1294 et
729 1237 951 1293 diverso
971 1237 1137 1294 modo
1166 1253 1251 1293 res
1279 1238 1480 1310 agitur,
1510 1246 1572 1294 ut
1601 1239 1839 1296 humiles
1869 1241 2072 1296 coelum

480 1335 689 1398 petant,
721 1325 854 1382 dum
900 1343 956 1383 se
991 1325 1222 1383 inferius
1282 1325 1577 1399 dejiciunt;
1636 1329 1858 1402 superbi
1886 1329 2078 1386 inﬁma

481 1424 759 1488 appetant,
790 1417 922 1473 dum
954 1416 1307 1489 despiciendo
1345 1426 1569 1474 caeteros
1598 1419 1755 1491 quasi
1787 1419 1844 1474 in
1873 1419 2080 1475 altiori-

480 1503 584 1560 bus
607 1506 970 1561 extolluntur.
1003 1506 1100 1561 Isti
1129 1521 1205 1574 se,
1238 1505 1370 1561 dum
1400 1505 1732 1578 despiciunt,
1767 1507 2081 1564 ccnlestibus

476 1590 819 1664 junguntur;
855 1594 962 1663 illi,
985 1594 1117 1650 dum
1150 1611 1206 1650 se
1231 1595 1473 1667 erigunt,
1492 1612 1523 1651 a
1542 1595 1919 1668 superioribus
1941 1596 2082 1652 divi-

2176 432 2443 496 quantum
2467 425 2706 483 timeret.
2739 425 2894 482 Unde
2919 424 3062 481 bene
3091 441 3186 496 per
3217 422 3542 496 prophetam
3557 422 3782 483 dicitur:

2175 516 2278 572 Leo
2306 515 2496 588 rugiet,
2537 517 2656 588 quis
2687 534 2796 572 non
2825 516 3062 572 timebit?
3101 515 3376 573 Dominus
3409 515 3552 571 Deus
3586 515 3788 571 locutus

2177 611 2270 675 est,
2290 605 2407 676 quis
2426 623 2532 662 non
2541 605 2876 679 prophetabit
2890 606 3084 676 (Amos
3105 621 3188 671 ιιι,
3208 604 3243 660 8
3245 604 3302 675 )7
3318 604 3612 676 Postquam
3631 605 3783 661 enim

2178 694 2357 751 virtus
2375 695 2425 751 ei
2463 697 2551 752 sui
2580 694 2889 752 conditoris
2925 694 3189 761 innotuit,
3237 709 3584 766 nequaquam
3623 693 3784 750 illum

2180 784 2326 840 vires
2353 785 2656 841 adversarii
2680 785 2848 840 latere
2871 783 3202 850 debuerunt,
3226 791 3287 838 ut
3314 798 3379 838 eo
3409 782 3584 854 magis
3603 781 3788 839 defen-

2179 874 2291 930 sori
2317 891 2419 930 suo
2448 891 2506 930 se
2521 872 2792 930 humilius
2807 873 2979 930 subde
2989 881 3072 930 ret
3093 889 3202 946 quo
3218 870 3394 928 hostis
3409 871 3498 928 sui
3513 872 3790 944 nequitias

2182 962 2443 1019 subtilius
2459 964 2794 1036 agnovisset,
2825 970 3302 1036 protectoremque
3330 977 3495 1018 suum
3525 969 3678 1017 tanto
3706 977 3789 1018 ar-

2183 1052 2408 1110 dentius
2423 1062 2709 1126 quaereret,
2727 1063 2937 1127 quanto
2951 1053 3341 1110 terribiliorem
3355 1050 3570 1108 hostem
3591 1067 3787 1124 cogno-

2183 1152 2358 1203 sceret
2383 1161 2544 1218 quem
2566 1146 2785 1202 vitaret.
2817 1143 3042 1200 Certum
3078 1143 3250 1217 quipp
3266 1158 3295 1198 e
3342 1149 3424 1198 est
3451 1143 3584 1214 quia
3605 1141 3789 1198 minus

2186 1233 2373 1306 diligit
2393 1243 2698 1306 ereptorem
2715 1251 2876 1291 suum
2893 1232 2988 1307 qui
3001 1232 3186 1288 minus
3201 1231 3464 1304 intelligit
3482 1232 3787 1304 periculum

2190 1322 2338 1396 quod
2359 1324 2556 1394 evasit,
2587 1333 2643 1381 et
2677 1323 2787 1380 vile
2815 1323 3072 1380 solatium
3104 1321 3332 1394 deputat
3359 1321 3660 1378 defensoris
3689 1321 3789 1394 qui

2192 1410 2455 1467 virtutem
2489 1410 2790 1469 adversarii
2830 1410 3068 1468 debilem
3109 1418 3290 1482 putat.
3325 1407 3478 1465 Unde
3505 1408 3642 1465 bene
3671 1423 3786 1465 ere-

2192 1499 2439 1571 ptionem
2471 1515 2627 1556 suam
2657 1497 2896 1556 Domino
2940 1497 3191 1554 tribuens
3236 1494 3501 1569 propheta
3527 1495 3782 1552 dicebat:

2191 1587 2430 1659 Diligam
2462 1594 2528 1653 te,
2558 1588 2801 1655 Domine,
2831 1587 3129 1642 virtusmea
3146 1585 3330 1657 (Psal.
3348 1584 3588 1658 xvn,2),
3610 1593 3789 1656 aperte

483 1679 714 1750 duntur,
745 1689 908 1756 atque
932 1692 993 1739 ut
1025 1673 1393 1751 ita'dixerim,
1424 1683 1507 1739 illi
1539 1700 1595 1740 se
1612 1685 1887 1740 elevantes
1907 1684 2085 1755 depri-
2111 1709 2159 1768 Β
2197 1678 2456 1734 Videlicet
2486 1677 2709 1734 dicens:
2734 1679 2820 1768 Eo
2847 1687 2901 1734 te
2930 1677 3106 1768 magis
3134 1675 3326 1768 diligo,
3359 1692 3468 1748 quo
3489 1675 3792 1731 inﬁrmita-

486 1779 665 1840 munt,
699 1771 791 1828 isti
822 1772 1193 1844 deprimentes
1223 1773 1462 1828 elevant.
1507 1773 1578 1828 Et
1604 1772 1743 1828 bene
1785 1772 1853 1828 de
1882 1786 2079 1842 super-

485 1859 768 1917 bientibus
789 1878 885 1934 per
912 1862 1258 1917 Psalmistam
1301 1861 1541 1917 dicitur:
1590 1861 1854 1916 Humiliat
1907 1866 2083 1917 autem

477 1956 774 2022 peccato-res
805 1967 966 2020 usque
983 1950 1056 2005 ad
1083 1956 1282 2005 terram
1331 1949 1503 2021 (Psal.
1535 1966 1720 2019 cxnvr,
1753 1950 1838 2021 6),
1871 1951 2001 2024 quia
2021 1966 2085 2006 ea

485 2053 604 2111 quae
632 2038 777 2094 infra
797 2046 926 2095 sunt
939 2038 1266 2110 ambientes,
1280 2039 1409 2096 dum
1432 2039 1750 2096 extollendo
1772 2055 1826 2096 se
1843 2040 2083 2112 erigunt,

488 2127 689 2184 amisso
721 2128 858 2185 caelo
879 2128 1013 2200 quid
1042 2128 1194 2184 aliud
1214 2145 1377 2202 quam
1399 2138 1598 2185 terram
1627 2129 1861 2200 petunt?
1877 2127 2088 2196 Quibus

488 2216 594 2274 hoc
619 2217 803 2289 ipsum
837 2218 853 2251 ¹
881 2214 998 2288 jam
1030 2216 1089 2275 in
1111 2215 1239 2274 imis
1271 2217 1532 2274 cecidisse
1567 2225 1648 2274 est
1681 2218 1890 2274 relictis
1917 2234 2091 2290 supe-

488 2304 733 2362 rioribus
764 2306 877 2361 ima
915 2305 1194 2379 quaesisse.
1244 2306 1409 2363 Recte
1441 2321 1568 2378 ergo
1619 2321 1807 2363 eorum
1838 2305 2005 2362 facies
2031 2306 2088 2362 in

490 2396 706 2452 foveam
741 2397 983 2469 demergi
1015 2396 1396 2471 perhibentur,
1419 2397 1548 2471 quia
1573 2406 1859 2470 sequentes
1879 2396 2089 2465 inﬁma,

491 2486 559 2543 ad
595 2486 800 2542 inferni
842 2486 1167 2542 barathrum
1213 2485 1464 2544 tendunt.
1511 2487 1666 2544 Justo
1709 2489 1853 2544 enim
1880 2485 2094 2558 judicio

492 2575 694 2648 agitur,
725 2583 786 2630 ut
816 2591 954 2647 quos
984 2575 1079 2631 hic
1108 2576 1424 2631 voluntaria
1452 2578 1665 2631 aversio
1695 2584 1953 2644 excaecat,
1979 2576 2095 2632 illic

493 2663 560 2718 ab
591 2662 802 2717 intuitu
827 2663 946 2718 veri
975 2663 1204 2718 luminis
1221 2663 1387 2734 digna
1415 2662 1671 2735 supplicii
1697 2665 1854 2721 fovea
1868 2665 2094 2722 abscon-

494 2750 605 2807 dat.
644 2751 819 2822 Igitur
849 2749 977 2824 quia
1022 2752 1111 2807 vir
1157 2759 1378 2808 sanctus
1407 2759 1560 2806 tanto
1603 2753 1809 2809 divina:
1836 2754 2092 2825 potentiae

494 2849 705 2898 terrore
736 2839 1017 2898 discussus
1045 2849 1146 2912 est,
1176 2848 1238 2898 ut
1266 2842 1317 2898 ei
1338 2843 1612 2899 diceretur
1638 2861 1649 2899 :
1686 2843 1744 2900 Si
1785 2844 1940 2899 habes
1973 2843 2094 2899 bra-

496 2931 670 2988 chium
698 2936 759 2986 ut
784 2933 949 3002 Deus,
979 2939 1026 2988 et
1055 2931 1103 2987 si
1125 2948 1243 2987 voce
1271 2932 1435 2988 simili
1460 2938 1629 3002 tonas,
1655 2932 1892 3005 disperge
1915 2949 2095 3004 super-

498 3021 586 3078 bos
617 3023 674 3078 in
693 3021 883 3094 furore
913 3030 1025 3090 tuo,
1062 3029 1111 3079 et
1139 3023 1419 3096 respiciens
1433 3040 1635 3078 omnem
1651 3029 1989 3096 arrogantem
2003 3023 2095 3078 hu-
2128 3062 2172 3123 Ο

499 3111 677 3176 milia,
709 3119 762 3166 et
790 3121 985 3168 caetera
1013 3128 1133 3184 quae
1161 3114 1307 3168 Deus
1338 3113 1558 3184 quidem
1585 3112 1782 3181 facere,
1807 3113 1902 3169 sed
1931 3111 2098 3168 homo

502 3199 600 3253 vix
625 3199 830 3256 suﬂicit
858 3200 1070 3268 audire,
1090 3200 1326 3256 ’cuncta
1355 3199 1472 3258 haec
1503 3216 1610 3272 qua
1637 3200 2097 3256 Dominusinten-

501 3285 655 3342 tione
679 3289 1026 3358 praemiserit,
1057 3287 1167 3344 ﬁne
1197 3286 1432 3345 subditae
1442 3287 1816 3346 conclusionis
1835 3289 2092 3363 ostendit,

501 3373 690 3433 dicens
713 3393 726 3433 :

796 3519 1025 3582 CAPUT
1053 3523 1133 3580 XI
1155 3519 1294 3598 [νει.
1326 3522 1427 3592 IX,
1456 3523 1576 3582 Rec.
1616 3521 1794 3600 νιιη.

574 3637 744 3700 Vnus.
766 3639 994 3699 9.—Et
1021 3657 1108 3714 ego
1138 3640 1420 3714 conﬁtebor
1447 3640 1588 3713 quod
1619 3641 1830 3698 sulcare
1859 3646 1904 3697 te
1928 3641 2099 3713 possit

500 3734 719 3791 dextera
750 3738 859 3790 tua.

573 3823 659 3881 14.
691 3823 1107 3896 Pelagianorum
1135 3839 1294 3879 error
1321 3822 1433 3879 suis
1477 3819 1681 3878 viribus
1708 3822 1916 3880 salvari
1939 3840 2091 3896 posse

500 3914 1050 3987 conﬁdentiam—Ac
1078 3914 1124 3970 si
1155 3921 1338 3986 aperte
1366 3911 1602 3970 diceret:
1635 3911 1692 3968 Si
1734 3920 1887 3985 potes
1919 3913 2088 3970 terri-

500 4001 636 4059 bilia
665 4002 784 4059 haec
814 4003 1012 4071 facere,
1044 4003 1161 4075 ipse
1191 4018 1311 4075 quae
1340 4001 1568 4074 protuli,
1598 4001 1702 4056 tibi
1737 4010 1790 4056 et
1817 4017 1928 4057 non
1957 4001 2097 4058 mibi

502 4090 706 4163 deputo
734 4089 880 4145 bona
911 4090 1102 4145 omnia
1131 4107 1252 4163 quae
1293 4089 1495 4146 fecisti.
1540 4088 1597 4144 Si
1634 4103 1764 4145 vero
1811 4098 2098 4162 peccantes

505 4183 643 4238 alios
671 4179 1024 4252 respiciendo
1071 4197 1182 4237 non
1223 4187 1376 4252 potes
1424 4178 1670 4251 perdere,
1730 4179 1902 4253 liquet
1950 4182 2096 4256 quod

502 4287 534 4328 a
565 4278 720 4327 reatu
748 4268 1012 4342 nequitia
1039 4276 1136 4326 tua
1166 4277 1218 4326 te
1259 4285 1370 4326 non
1415 4270 1565 4326 vales
1600 4268 1806 4327 virtute
1843 4270 2093 4330 liberare.

503 4360 646 4418 Ecce
669 4359 863 4415 divina
889 4374 1025 4415 voce
1053 4359 1122 4416 ad
1146 4359 1368 4417 beatum
1399 4358 1501 4415 Job
1533 4359 1741 4416 dicitur
1768 4360 1917 4435 quod
1944 4364 1965 4398 ³
2000 4379 2097 4420 sua

2193 1775 2304 1822 tem
2347 1771 2542 1829 1055
2586 1767 2866 1840 propriam
2909 1767 3174 1838 sentiens,
3222 1765 3487 1822 virtutem
3530 1781 3706 1822 meam
3739 1771 3793 1822 te

2193 1877 2308 1919 esse
2337 1879 2626 1936 cognosco.
2661 1863 2805 1920 Hinc
2834 1881 3054 1922 rursum
3084 1864 3198 1920 ait:
3231 1865 3466 1937 Miriﬁea
3500 1862 3813 1919 misericor--

2193 1952 2310 2008 dias
2332 1958 2470 2021 tuas,
2499 1952 2592 2024 qui
2610 1954 2785 2008 salvos
2795 1952 2932 2023 facis
2950 1958 3218 2025 sperantes
3236 1953 3294 2008 in
3311 1959 3356 2007 te
3373 1954 3544 2024 (Psal.
3571 1969 3690 2019 xvr,
3711 1952 3793 2023 7),

2196 2043 2326 2116 quia
2350 2049 2484 2098 tunc
2513 2042 2779 2099 nimirum
2808 2041 3202 2100 misericordiae
3231 2041 3625 2098 Dominimiraa
3645 2039 3791 2112 apud

2196 2130 2562 2203 nosmetipsos
2581 2131 2677 2204 qui
2705 2131 2974 2204 eripimur
3003 2130 3167 2200 ﬁunt,
3197 2145 3320 2187 cum
3343 2145 3439 2201 per
3451 2129 3672 2185 easdem
3691 2127 3793 2182 mi-

2199 2219 2524 2277 sericordias
2551 2236 2715 2293 quam
2748 2221 2936 2293 gravia
2962 2219 3172 2276 fuerint
3202 2218 3448 2291 pericula
3475 2233 3598 2290 quae
3622 2215 3796 2272 evasi-

2200 2326 2342 2379 mus,
2363 2316 2765 2381 agnoscuntur.

2275 2397 2362 2455 15.
2399 2398 2546 2456 Vires
2575 2395 2892 2467 fraudesque
2920 2395 3080 2450 hostis
3107 2393 3280 2450 nostri
3305 2391 3695 2448 describuntur.
3726 2423 3797 2436 —

2202 2489 2275 2544 Et
2303 2489 2434 2560 quia
2447 2503 2697 2544 sermone
2713 2484 3043 2558 praecedenti
3064 2485 3336 2541 Dominus
3354 2482 3516 2538 beato
3535 2481 3635 2538 Job
3657 2482 3794 2539 mira

2205 2594 2372 2651 opera
2396 2583 2712 2634 sanctorum
2730 2573 3075 2648 sequentium
3105 2572 3386 2646 patefecit,
3409 2579 3472 2628 ut
3490 2571 3577 2628 his
3597 2571 3798 2628 auditis

2205 2668 2440 2726 disceret
2466 2666 2534 2722 de
2562 2664 2831 2721 virtutum
2863 2680 3084 2722 suarum
3113 2662 3354 2719 culmine
3383 2678 3544 2734 quam
3568 2661 3800 2717 humilia

2205 2757 2408 2814 sentire
2436 2754 2735 2822 debuisset,
2768 2770 2918 2810 nunc
2965 2753 3015 2809 ei
3064 2769 3193 2809 cum
3233 2767 3339 2824 quo
3381 2749 3537 2806 hoste
3587 2750 3796 2806 bellum

2206 2855 2354 2918 gerat
2379 2843 2711 2912 ostenditur,
2750 2851 2804 2900 et
2834 2842 2980 2898 vires
3007 2841 3336 2915 fraudesque
3366 2840 3516 2896 illius
3530 2839 3796 2898 subtilius

2205 2935 2540 3002 indicantur,
2573 2941 2634 2989 ut
2662 2931 2758 3005 qui
2773 2931 2841 2987 ad
2869 2931 3209 3005 colloquium
3227 2930 3462 2988 auctoris
3481 2930 3565 2985 sui
3587 2927 3802 3002 perdu-

2206 3033 2328 3083 ctus
2370 3031 2472 3093 est,
2523 3029 2842 3094 argumenta
2893 3020 3196 3076 adversarii
3245 3027 3430 3093 aperte
3485 3027 3798 3092 cognoscat.

2205 3115 2403 3174 Verbis
2426 3112 2576 3169 enim
2606 3109 2964 3184 sequentibus
2980 3109 3132 3166 ﬁdeli
3149 3109 3358 3164 famulo
3373 3109 3644 3165 Dominus
3669 3125 3804 3166 cun-

2203 3212 2320 3263 ctas
2366 3201 2540 3258 hostis
2590 3199 2782 3258 callidi
2838 3198 3280 3256 machinationes
3335 3197 3602 3268 insinuat,
3640 3214 3804 3255 omne

2206 3295 2350 3371 quod
2371 3292 2733 3368 opprimendo
2762 3292 2927 3366 rapit,
2966 3308 3128 3348 omne
3155 3290 3302 3365 quod
3340 3290 3656 3347 insidiando
3683 3291 3805 3348 cir-

2205 3386 2510 3453 cumvolat,
2544 3399 2709 3440 omne
2737 3382 2884 3456 quod
2914 3381 3180 3438 minando
3213 3387 3402 3450 terret,
3446 3397 3611 3437 omne
3652 3379 3802 3454 quod

2205 3473 2484 3532 suadendo
2505 3471 2815 3538 blanditur,
2845 3487 3009 3527 omne
3039 3469 3187 3544 quod
3208 3469 3552 3543 desperando
3580 3470 3799 3542 frangit,

2205 3582 2368 3623 omne
2396 3562 2544 3638 quod
2572 3559 2942 3636 promittendo
2972 3559 3194 3632 decipit.
3226 3557 3440 3631 Cuncta
3469 3575 3598 3632 ergo
3623 3557 3805 3631 tergi-

2207 3655 2536 3730 versationis
2555 3653 2674 3727 ejus
2701 3651 3004 3710 certamina
3029 3649 3337 3719 exorditur,
3361 3650 3580 3709 dicens:

2535 3743 2761 3802 CAPUT
2799 3741 2905 3797 XII
2941 3739 3079 3815 [Vet.
3111 3741 3181 3809 Χ,
3202 3741 3322 3797 Hec.
3352 3739 3483 3814 IX].

2276 3828 2451 3893 Vnus.
2486 3832 2572 3890 10.
2590 3862 2662 3874 -
2687 3832 2823 3888 Ecce
2849 3831 2872 3866 ⁸
2895 3830 3196 3895 Behemoth,
3227 3846 3380 3900 quem
3414 3830 3516 3902 feci
3536 3837 3716 3887 tecum.

2280 3924 2367 3980 16.
2401 3923 2594 3980 Omnia
2619 3927 2799 3977 creata
2820 3921 3115 3978 suntsimul
3130 3921 3412 3978 secundum
3436 3920 3802 3977 substantiam.

2204 4029 2311 4069 non
2330 4012 2612 4068 secundum
2629 4011 3120 4084 speciem—Quem
3137 4011 3240 4069 sub
3253 4009 3559 4069 Bebemotb
3577 4010 3806 4066 nomine

2206 4103 2316 4160 nisi
2345 4103 2635 4176 antiquum
2665 4101 2881 4160 hostem
2911 4103 3180 4172 insinuat,
3209 4103 3305 4178 qui
3321 4102 3702 4175 interpretatus
3730 4115 3804 4156 ex

2206 4191 2434 4249 Hebraea
2464 4208 2620 4261 voce,
2645 4191 2704 4249 in
2735 4191 2934 4249 Latina
2962 4192 3154 4265 lingua
3180 4193 3386 4251 animal
3414 4191 3610 4250 sonat?
3630 4187 3806 4262 Cujus

2205 4281 2461 4350 inferius,
2533 4281 2666 4338 dum
2713 4281 2928 4338 malitia
2973 4281 3250 4350 subditur,
3295 4289 3541 4354 patenter
3578 4295 3811 4353 persona

2205 4379 2564 4430 monstratur.
2592 4371 2698 4430 Sed
2731 4388 2860 4430 cum
2889 4371 2957 4428 de
2975 4373 3087 4429 Deo
3116 4372 3384 4443 scriptum
3413 4371 3486 4428 sit
3513 4369 3646 4443 quia
3673 4368 3809 4426 fecit

503 4448 731 4506 dextera
758 4463 868 4504 non
897 4447 1158 4520 salvetur,
1191 4457 1245 4506 et
1285 4456 1468 4508 tamen
1496 4450 1751 4507 nonnulli
1781 4451 2088 4523 hominum,

2206 4462 2394 4519 omnia
2425 4461 2822 4536 simul_(Eceli.
2858 4479 3023 4532 xvm,
3072 4463 3154 4535 1),
3184 4477 3285 4519 cur
3313 4461 3420 4518 hoc
3436 4459 3644 4517 animal
3678 4475 3807 4516 cum

506 4539 602 4614 qui
634 4538 701 4596 ab
730 4536 898 4611 hujus
925 4539 1034 4595 viri
1063 4540 1276 4598 viribus
1320 4542 1479 4615 longe
1513 4549 1662 4610 sunt,
1712 4541 1966 4616 despecto
1999 4544 2099 4600 Dei

507 4628 802 4701 adjutorio,
833 4643 931 4684 sua
959 4644 1014 4684 se
1044 4629 1370 4686 fortitudine
1391 4629 1591 4686 salvari
1608 4647 1764 4703 posse
1792 4631 2097 4689 conﬁdunt.

505 4719 612 4777 Pro
643 4717 844 4793 quibus
872 4717 1006 4791 quid
1031 4717 1311 4792 deprecari
1339 4720 1488 4776 aliud
1520 4719 1800 4788 debemus,
1834 4721 1942 4778 nisi
1974 4731 2034 4778 ut
2053 4725 2098 4780 si

501 4807 618 4882 jam
639 4808 782 4865 dona
809 4806 1080 4864 bonorum
1112 4825 1336 4882 operum
1359 4817 1738 4883 perceperunt,
1760 4809 1865 4868 hoc
1881 4828 2098 4886 quoque

509 4897 717 4955 donum
746 4895 1041 4970 accipiant,
1073 4904 1135 4953 ut
1163 4913 1195 4953 a
1222 4914 1330 4971 quo
1356 4895 1474 4954 haec
1502 4899 1811 4970 acceperint
1837 4899 2098 4956 discant?

508 4988 652 5056 Quia
700 4995 882 5044 autem
935 4987 1234 5059 pramissis
1263 4986 1444 5044 verbis
1492 4987 1761 5045 Dominus
1793 4991 2094 5062 potentiam

508 5094 618 5134 suae
647 5076 1046 5150 magnitudinis
1093 5077 1300 5147 intulit,
1345 5093 1495 5135 nunc
1539 5077 1597 5133 in
1638 5077 2096 5152 subsequentibus

508 5168 815 5243 nequitiam
841 5170 1058 5243 antiqui
1080 5169 1256 5227 hostis
1283 5167 1543 5238 ostendit,
1571 5177 1632 5226 ut
1647 5166 1827 5226 bonus
1854 5169 2098 5228 famulus

509 5264 582 5328 et,
616 5258 820 5316 auditis
841 5261 993 5333 prius
1022 5259 1324 5316 virtutibus
1351 5258 1596 5330 Domini,
1635 5259 1801 5318 sciret
1828 5267 2096 5335 quantum

586 5448 610 5530 ξ
628 5447 874 5530 Ebroic,
905 5449 1090 5530 Germ.
1125 5460 1180 5510 et
1207 5458 1328 5510 cast.
1358 5452 1572 5523 Norm.,
1603 5451 1813 5523 Germ.,
1840 5451 2012 5511 Laud.
2045 5460 2100 5510 et

510 5519 634 5580 Val.
663 5520 770 5589 CL,
783 5521 903 5592 jam
929 5525 1105 5580 nimis.

515 5671 560 5721 te
581 5595 618 5722 ἰ
631 5592 796 5677 Corb.
828 5594 1011 5652 Germ.
1030 5602 1084 5653 et
1099 5595 1310 5653 Gemet.
1319 5636 1336 5666 ,
1356 5613 1474 5655 cum
1488 5615 1595 5671 qua
1614 5597 1720 5656 haec
1732 5597 1991 5656 Dominus
2004 5597 2101 5654 in-

563 5683 596 5721 n
622 5682 755 5722 tOM.

563 5682 755 5723 nuone.

2210 4551 2437 4609 homine
2465 4552 2660 4610 fecisse
2688 4568 2746 4610 se
2782 4552 3014 4623 indicat,
3063 4551 3195 4609 dum
3224 4558 3423 4610 cuncta
3465 4550 3597 4624 quia
3637 4549 3808 4605 simul

2209 4641 2404 4699 fecerit
2431 4642 2688 4700 constat?
2729 4643 2970 4700 Rursum
3007 4641 3365 4716 querendum
3397 4647 3502 4710 est,
3531 4637 3811 4713 quomodo

2207 4736 2356 4793 Deus
2383 4746 2583 4794 cuncta
2609 4736 2776 4792 simul
2795 4734 3064 4803 condidit,
3087 4734 3220 4791 dum
3241 4735 3455 4807 Moyses
3474 4749 3576 4790 sex
3592 4731 3808 4789 dierum

2207 4826 2514 4883 mutatione
2541 4827 2790 4882 variante
2818 4824 3079 4882 distincte
3093 4833 3272 4882 creata
3291 4823 3568 4881 describat
3591 4822 3804 4894 (Genes.

2205 4915 2343 4986 1,32,
2359 4916 2500 4988 seq.)
2511 4914 2690 4984 .Quod
2700 4922 2884 4971 tamen
2898 4914 3067 4982 citius
3077 4915 3443 4987 agnoscimus,
3463 4912 3509 4970 si
3521 4912 3671 4986 ipsas
3681 4926 3807 4968 can-

2204 5023 2292 5064 sas
2319 5005 2595 5077 originum
2625 5003 2906 5062 subtiliter
2943 5006 2964 5039 ⁵
2996 5004 3338 5078 indagamus.
3372 5004 3577 5063 Rerum
3605 5001 3810 5075 quippe

2203 5095 2512 5154 substantia
2539 5095 2705 5153 simul
2735 5103 2916 5152 creata
2945 5105 3048 5162 est,
3091 5094 3186 5153 sed
3222 5093 3390 5152 simul
3431 5092 3643 5166 species
3677 5089 3812 5148 for-

2206 5194 2352 5246 mata
2370 5202 2484 5245 non
2510 5193 2614 5254 est,
2642 5194 2697 5244 et
2723 5184 2872 5259 quod
2898 5185 3067 5242 simul
3086 5184 3302 5244 exstitit
3317 5199 3414 5258 per
3431 5178 3806 5240 substantiam

2281 5382 2300 5418 ³
2332 5378 2568 5438 Vindoc.
2601 5386 2656 5436 et
2683 5379 2896 5450 Norm.,
2928 5395 3026 5436 sua
3055 5377 3267 5436 virtute.

2279 5453 2302 5525 ἦ
2350 5454 2412 5508 In
2456 5453 2579 5525 Val.
2611 5451 2781 5525 CLet
2814 5443 2982 5525 duob.
3031 5451 3215 5509 Germ.
3256 5449 3464 5525 ubique
3518 5443 3804 5518 scribitur,

2218 5523 2509 5585 Vehemoth.
2540 5525 2622 5580 lta
2645 5523 2813 5580 etiam
2844 5524 2902 5579 in
2923 5522 3136 5582 Gemet.

2281 5597 2302 5633 ⁵
2334 5595 2568 5665 Gemet.,
2598 5594 2916 5654 indicamus.
