4156 6178
275 255 374 312 64“ὶ

1051 261 1423 321 MORALIUM
1470 264 1620 320 LIB.
1663 263 1900 321 XXXII.
1942 294 2006 307 -—
2050 265 2123 322 IN
2159 264 2387 323 CAPUT
2423 265 2518 323 XL
2557 267 2619 322 B.
2659 266 2803 324 JOB.

3479 273 3585 342 6&6

273 381 510 469 materiae
557 399 668 440 non
710 385 874 442 simul
921 389 1174 460 apparuit
1221 405 1316 460 per
1361 388 1600 460 speciem
1659 389 1882 456 forma,
1914 393 1964 453 Α
1991 387 2287 460 imaginem
2325 390 2628 462 sapientia,
2657 399 2712 447 et
2739 406 2850 447 non
2879 391 3046 448 simul
3092 409 3188 466 per
3225 395 3579 469 conjunctam

273 468 407 526 Cum
439 471 587 528 enim
607 473 773 529 simul
792 474 997 531 factum
1021 476 1222 533 calum
1243 484 1496 550 terraque
1512 477 1866 545 describitur,

273 560 437 616 simul
465 560 736 632 spiritalia
766 572 929 637 atque
953 567 1279 638 corporalia,
1305 567 1472 623 simul
1503 566 1772 640 quidquid
1803 567 1870 623 de

271 647 407 704 coelo
437 650 634 718 oritur,
659 651 824 707 simul
847 654 1052 710 factum
1073 655 1344 728 quidquid
1364 655 1431 712 de
1453 664 1598 712 terra
1619 655 1869 728 produci-

272 745 359 793 tur
391 736 689 803 indicatur.
724 740 816 795 Sol
847 742 1072 815 quippe,
1105 743 1235 798 luna
1263 753 1316 799 et
1346 744 1526 800 sidera
1557 753 1753 816 quarto
1782 743 1871 799 die

274 823 328 880 in
351 823 493 879 calo
509 824 652 882 facta
668 827 1048 899 perhibentur,
1067 831 1161 886 sed
1180 831 1326 905 quod
1343 843 1536 905 quarto
1552 833 1640 888 die
1661 848 1872 904 proces-

275 915 346 970 sit
375 914 433 969 in
465 914 645 986 specie
673 917 856 986 primo
877 918 966 974 die
997 919 1052 974 in
1070 921 1192 976 coeli
1215 922 1522 978 substantia
1542 922 1757 978 exstitit
1777 936 1872 992 per

275 1003 672 1060 conditionem.
707 1005 893 1062 Primo
914 1007 1002 1062 die
1027 1018 1208 1066 creata
1224 1019 1368 1066 terra
1388 1011 1612 1078 dicitur,
1636 1019 1688 1066 et
1710 1011 1872 1067 tertio

275 1093 496 1149 arbusta
524 1093 769 1163 condita,
804 1104 857 1152 et
885 1106 1083 1154 cuncta
1107 1108 1265 1157 terra
1291 1101 1527 1158 virentia
1556 1101 1873 1157 describun-

273 1190 398 1250 tur;
431 1181 528 1238 sed
560 1182 664 1239 hoc
695 1183 844 1256 quod
875 1184 964 1241 die
1013 1189 1175 1243 tertio
1204 1205 1259 1244 se
1309 1189 1366 1244 in
1399 1190 1577 1262 specie
1619 1190 1872 1262 protulit,

277 1272 548 1327 nimirum
580 1272 763 1344 primo
802 1273 890 1330 die
920 1275 976 1330 in
1022 1277 1138 1348 ipsa
1166 1277 1232 1333 de
1264 1295 1369 1352 qua
1399 1287 1578 1334 ortum
1609 1287 1692 1334 est
1717 1285 1874 1334 terra

273 1363 580 1419 substantia
606 1362 894 1420 conditum
931 1364 1058 1421 fuit.
1092 1367 1235 1423 Hinc
1264 1376 1346 1423 est
1376 1368 1523 1440 quod
1553 1369 1767 1440 Moyses
1795 1367 1875 1422 di-

274 1452 476 1508 stincte
504 1465 601 1523 per
629 1451 747 1508 dies
777 1453 1030 1525 singulos
1080 1456 1308 1511 condita
1351 1457 1538 1512 omnia
1577 1455 1792 1523 retulit,
1822 1464 1876 1510 et

274 1551 460 1598 tamen
494 1541 661 1596 simul
693 1543 882 1597 omnia
926 1551 1108 1599 creata
1139 1544 1451 1616 subjunxit,
1483 1545 1674 1602 dicens
1705 1562 1717 1600 :
1757 1545 1878 1600 Ista:

273 1638 396 1686 sunt
421 1631 780 1703 generationes
808 1633 923 1688 cali
950 1639 997 1687 et
1028 1639 1202 1700 terra,
1230 1635 1441 1704 quando
1470 1641 1657 1690 creatae
1681 1639 1803 1688 sunt
1821 1633 1879 1687 in

1979 479 2343 536 substantiam
2387 480 2597 537 forma.
2647 480 2922 553 Scriptum
2952 498 3190 556 namque
3237 485 3305 542 de
3350 486 3578 544 homine

1978 577 2060 624 est
2093 586 2104 624 :
2140 569 2418 625 Faciamus
2446 569 2703 625 hominem
2721 571 2792 626 ad
2811 570 3089 642 imaginem
3116 579 3164 628 et
3183 574 3587 632 similitudinem

1979 663 2217 712 nostram
2275 657 2480 729 (Genes.
2515 675 2555 726 ι,
2585 659 2700 731 26).
2732 660 2803 714 Et
2822 676 2917 731 per
2945 660 3292 717 Ezechielem
3325 663 3394 720 ad
3417 666 3585 721 Satan

1980 749 2184 806 dicitur
2208 767 2219 804 :
2257 751 2333 806 Tu
2361 750 2687 821 signaculum
2707 751 3091 820 similitudinis,
3112 754 3305 824 plenus
3321 756 3586 826 sapientia

1979 844 2029 892 et
2036 837 2298 909 perfectus
2313 838 2492 894 decore
2509 839 2566 893 in
2581 838 2780 894 deliciis
2798 841 3047 912 paradisi
3064 840 3164 896 Dei
3183 841 3338 911 fuisti
3352 845 3558 914 (Ezech
3575 889 3586 900 .

1981 945 2185 997 xxvm,
2223 929 2338 1000 12).
2371 930 2433 985 In
2463 939 2662 986 cuncta
2687 930 2856 1002 igitur
2889 940 3155 999 creatura,
3192 932 3360 989 homo
3392 943 3447 990 et
3476 950 3588 990 an-

1983 1019 2133 1092 gelus
2155 1019 2323 1074 simul
2349 1017 2606 1075 conditus
2624 1018 2840 1075 exstitit
2863 1020 2991 1091 quia
3019 1019 3087 1075 ab
3118 1021 3272 1076 omni
3294 1022 3315 1056 ³
3334 1030 3588 1078 creatura

1984 1107 2294 1164 irrationali
2319 1107 2617 1165 distinctus
2644 1109 2927 1180 processit.
2957 1108 3098 1176 Quia
3133 1125 3267 1183 ergo
3311 1111 3370 1166 in
3390 1119 3590 1168 cuncta

1984 1199 2300 1256 conditione
2322 1217 2504 1256 rerum
2531 1202 2746 1258 nullum
2767 1202 3032 1259 rationale
3050 1204 3262 1259 animal
3292 1205 3399 1262 nisi
3431 1219 3585 1278 ange-

1985 1290 2070 1345 lus
2097 1300 2153 1346 et
2187 1290 2354 1346 homo
2385 1298 2486 1359 est,
2527 1291 2799 1365 quidquid
2841 1293 3056 1370 ratione
3096 1295 3180 1350 uti
3227 1310 3337 1350 non
3389 1303 3588 1367 potest,

1985 1396 2111 1436 cum
2140 1377 2366 1434 homine
2388 1378 2590 1435 factum
2618 1397 2729 1436 non
2749 1390 2849 1437 est.
2885 1382 3114 1438 Dicatur
3140 1383 3329 1456 itaque
3349 1383 3588 1451 homini,

1986 1467 2200 1523 dicatur
2240 1467 2307 1522 de
2348 1468 2560 1540 angelo,
2611 1469 2704 1542 qui
2742 1471 2842 1526 etsi
2898 1470 3203 1542 potentiam
3233 1471 3592 1529 sublimitatis

1985 1555 2248 1628 perdidit,
2280 1556 2644 1614 subtilitatem
2688 1568 2868 1614 tamen
2903 1567 3116 1616 natura
3163 1561 3451 1617 rationalis
3480 1577 3590 1617 non

1986 1643 2172 1699 amisit
2206 1663 2217 1699 :
2268 1646 2400 1701 Ecce
2439 1646 2736 1716 Behemoth,
2777 1664 2929 1719 quem
2969 1647 3070 1718 feci
3115 1655 3296 1704 tecum.
3347 1649 3417 1705 Ut
3458 1648 3589 1706 dum

272 1720 356 1775 die
414 1737 518 1791 quo
556 1720 678 1790 fecit
702 1721 963 1777 Dominus
983 1723 1168 1778 calum
1195 1728 1243 1778 et
1272 1729 1488 1787 terram,
1519 1729 1568 1777 et
1590 1739 1740 1776 omne
1767 1722 1874 1775 vir-

1994 1737 2160 1795 homo
2189 1756 2315 1796 eum
2343 1742 2439 1812 qui
2466 1742 2525 1796 in
2553 1743 2765 1799 ratione
2793 1758 2978 1799 secum
3020 1744 3199 1800 factus
3231 1751 3336 1812 est,
3370 1743 3595 1816 periisse

272 1811 483 1882 gultum
509 1811 650 1882 agri,
694 1817 979 1883 antequam
1034 1812 1273 1867 oriretur
1302 1812 1359 1866 in
1389 1819 1552 1880 terra,
1583 1827 1886 1881 omnemque

272 1901 494 1957 herbam
527 1901 756 1973 regionis
785 1903 1009 1974 (Genes.
1038 1919 1101 1970 ιι,
1131 1901 1186 1971 4,
1225 1903 1305 1974 5).
1335 1902 1439 1969 Qui
1470 1901 1616 1957 enim
1650 1900 1885 1957 diversis

273 1990 481 2047 diebus
512 1997 752 2047 creatum
799 1991 1000 2048 calum
1031 2000 1084 2047 et
1119 1997 1344 2059 terram,
1384 1992 1714 2064 virgultum,
1747 1991 1884 2046 her-

275 2079 520 2153 bamque
550 2087 887 2149 narraverat,
921 2095 1070 2136 nunc
1095 2097 1218 2136 uno
1245 2080 1336 2136 die
1366 2080 1510 2138 facta
1536 2080 1878 2148 manifestat,

275 2178 339 2226 ut
375 2170 588 2244 liquido
620 2173 931 2229 ostenderet
960 2172 1107 2246 quod
1136 2179 1386 2230 creatura
1405 2171 1588 2227 omnis
1602 2172 1770 2226 simul
1790 2187 1884 2244 per

274 2259 648 2317 substantiam
677 2261 912 2331 exstitit,
939 2262 1191 2334 quamvis
1208 2277 1320 2316 non
1350 2261 1517 2317 simul
1535 2277 1631 2332 per
1645 2260 1882 2332 Speciem

277 2353 571 2422 processit.
604 2352 747 2407 Hinc
794 2352 912 2408 illic
943 2368 1157 2425 quoque
1200 2351 1466 2423 scriptum
1495 2358 1578 2407 est
1610 2367 1622 2406 :
1673 2347 1889 2408 Grca-vit

272 2441 426 2496 Deus
456 2441 718 2496 hominem
745 2441 815 2496 ad
847 2441 1125 2511 imaginem
1167 2457 1340 2509 suam,
1372 2441 1443 2495 ad
1484 2439 1761 2510 imaginem
1791 2439 1889 2494 Dei

273 2530 482 2584 creavit
504 2529 681 2594 illum,
708 2530 1004 2584 masculum
1025 2535 1070 2582 et
1088 2528 1342 2597 feminam
1369 2527 1491 2596 fecit
1512 2545 1596 2582 eos
1616 2529 1824 2599 (Genes.
1847 2544 1887 2595 Ι,

277 2619 410 2690 27).
464 2617 712 2672 Necdum
759 2617 909 2672 enim
944 2618 1060 2672 Eva
1105 2617 1250 2673 facta
1296 2616 1649 2685 describitur,
1683 2623 1736 2671 et
1775 2615 1888 2687 jam

272 2705 459 2762 homo
498 2705 776 2762 masculus
805 2712 860 2761 et
889 2705 1095 2762 femina
1141 2705 1482 2778 perhibetur.
1515 2705 1621 2762 Sed
1665 2705 1793 2778 quia
1821 2721 1890 2760 ex

275 2796 422 2855 Ada
451 2794 620 2850 latere
655 2800 844 2858 1056
875 2795 1068 2866 procul
1101 2793 1273 2851 dubio
1301 2794 1508 2849 femina
1534 2800 1652 2849 erat
1678 2809 1890 2866 proces-

277 2909 431 2961 sura,
466 2892 638 2948 inillo
660 2892 774 2964 jam
806 2901 1159 2965 computatur
1173 2909 1268 2965 per
1301 2891 1684 2960 susbtantiam,
1721 2908 1753 2947 a
1780 2908 1889 2965 quo

277 2984 465 3040 fuerat
502 2982 855 3056 producenda
899 2999 994 3055 per
1022 2983 1277 3038 formam.
1312 2981 1669 3040 Considerare
1705 2991 1890 3038 tamen

279 3073 403 3129 hac
429 3080 484 3128 et
514 3073 571 3128 in
601 3072 852 3144 minimis
882 3088 1193 3144 possumus,
1229 3078 1291 3127 ut
1309 3088 1379 3128 ex
1399 3072 1650 3129 minimis
1682 3072 1893 3144 majora

282 3178 599 3236 pensemus.
653 3162 833 3218 Herba
865 3178 1102 3236 namque
1131 3179 1257 3218 cum
1293 3170 1530 3232 creatur,
1562 3162 1797 3220 necdum
1830 3163 1886 3218 in

284 3254 385 3310 illa
413 3253 650 3322 fructus,
681 3253 920 3310 necdum
955 3252 1169 3308 fructus
1198 3252 1284 3308 sui
1321 3268 1510 3308 semen
1553 3252 1883 3309 ostenditur.

282 3347 436 3405 Inest
464 3362 599 3401 vero
636 3346 687 3401 ei
715 3345 879 3401 etiam
909 3363 1034 3403 cum
1076 3362 1189 3403 non
1217 3355 1440 3418 apparet
1468 3345 1684 3402 fructus
1713 3353 1767 3401 et
1795 3360 1891 3402 se—

284 3456 439 3508 men,
471 3439 601 3512 quia
629 3438 894 3495 nimirum
924 3439 1090 3496 simul
1111 3438 1322 3495 suntin
1341 3437 1544 3495 radicis
1576 3437 1892 3495 substantia

284 3546 413 3604 qua
442 3545 552 3585 non
580 3529 745 3585 simul
775 3528 1045 3602 prodeunt
1096 3545 1194 3602 per
1227 3528 1492 3601 temporis
1533 3529 1889 3583 incrementa.

362 3646 458 3703 17.
492 3646 603 3712 Quo
647 3661 802 3700 sensu
828 3646 1042 3716 angelus
1069 3650 1118 3700 et
1143 3644 1296 3699 homo
1325 3644 1487 3699 simul
1516 3644 1698 3700 creati.
1725 3645 1894 3714 Ange-

287 3739 379 3795 lus
409 3736 637 3791 desertor
658 3735 920 3808 peccando
938 3734 1080 3790 dona
1102 3733 1292 3805 gratia:
1309 3732 1510 3801 amisit,
1535 3749 1642 3788 non
1663 3740 1892 3789 natura.

282 3837 417 3896 Duo
437 3835 850 3894 Manichaeorum
871 3832 1146 3906 principia
1166 3831 1506 3903 rejiciuntur.
1535 3861 1606 3872 —
1634 3829 1740 3887 Sed
1767 3831 1897 3905 quia

285 3926 414 4001 hac
440 3925 609 3982 simul
637 3931 820 3982 creata
847 3939 945 3998 per
959 3921 1322 3980 substantiam
1345 3921 1603 3989 dicimus,
1634 3937 1755 3995 qua
1774 3939 1896 3994 pro-

285 4017 413 4074 dire
441 4016 551 4073 alia
574 4032 645 4072 ex
678 4014 802 4071 aliis
843 4013 1179 4082 invenimus,
1226 4028 1335 4086 quo
1374 4019 1532 4085 pacto
1583 4027 1709 4068 cum
1739 4011 1898 4069 beato

286 4107 395 4164 Job
426 4105 737 4164 Behemoth
759 4112 973 4163 creatus
1001 4104 1285 4172 asseritur,
1320 4120 1445 4160 cum
1477 4119 1656 4177 neque
1687 4119 1798 4159 una
1827 4103 1900 4159 sit

289 4197 606 4254 substantia
630 4197 810 4270 angeli
838 4205 893 4252 et
922 4195 1186 4265 hominis,
1206 4211 1383 4268 neque
1401 4193 1570 4250 homo
1591 4209 1660 4250 ex
1681 4195 1898 4267 angelo,

288 4303 473 4361 neque
499 4287 727 4358 angelus
754 4302 823 4342 ex
852 4285 1078 4342 homine
1111 4285 1420 4356 proferatur
1449 4283 1477 4339 ‘f
1517 4283 1574 4340 Si
1615 4300 1746 4340 vero
1775 4299 1899 4356 pro-

288 4385 418 4451 pter
448 4376 554 4433 hoc
580 4377 758 4434 factus
795 4373 1100 4431 Behemoth
1147 4389 1272 4430 cum
1313 4374 1472 4429 beato
1513 4372 1614 4428 Job
1657 4373 1904 4430 dicitur—

1992 1825 2325 1895 considerat,
2376 1827 2623 1884 vicinum
2673 1830 2781 1885 sibi
2833 1847 3020 1886 casum
3071 1831 3341 1903 superbia
3381 1847 3450 1888 ex
3479 1832 3596 1904 ipsa

1991 1915 2287 1988 propinqui
2319 1917 2404 1971 sui
2434 1918 2744 1989 perditione
2773 1920 3146 1992 pertimescat.
3199 1920 3260 1976 In
3292 1920 3380 1976 his
3408 1930 3591 1978 autem

1992 2003 2176 2060 verbis
2204 2005 2433 2060 solerter
2462 2006 2789 2063 intuendum
2821 2016 2903 2064 est
2932 2008 3081 2082 quod
3106 2016 3294 2080 aperte
3322 2025 3457 2066 voce
3486 2009 3595 2066 do—

1993 2092 2197 2149 minica
2224 2094 2495 2151 nefarium
2527 2097 2547 2131 ³
2585 2097 2874 2154 Manichai
2905 2098 3121 2170 dogma
3150 2097 3592 2171 reprehenditur,

1993 2182 2090 2256 qui
2114 2181 2244 2237 dum
2276 2182 2386 2238 duo
2416 2184 2686 2257 principia
2707 2187 2970 2259 loquitur,
2992 2186 3348 2241 tenebrarum
3381 2195 3595 2258 gentem

1995 2287 2107 2326 non
2153 2271 2355 2328 factam
2387 2288 2624 2330 asserere
2670 2282 2926 2334 conatur.
2961 2274 3248 2342 Quomodo
3297 2276 3444 2330 enim
3484 2292 3595 2331 non

1994 2360 2139 2416 facta
2168 2376 2297 2433 gens
2316 2363 2651 2439 nequissima
2673 2363 2899 2432 dicitur,
2922 2363 3054 2419 dum
3075 2365 3381 2421 Behemoth
3405 2366 3596 2435 istum,

1996 2448 2254 2506 videlicet
2281 2459 2558 2508 auctorem
2582 2453 2841 2526 nequitia
2863 2469 2958 2525 per
2977 2461 3229 2510 naturam
3253 2457 3275 2490 ὀ
3302 2453 3441 2511 bene
3466 2471 3600 2513 con-

1993 2538 2169 2594 ditum
2200 2556 2257 2596 se
2287 2543 2557 2597 Dominus
2584 2542 2778 2598 fecisse
2816 2549 3045 2598 testatur
3075 2543 3102 2600 ?
3131 2543 3237 2600 Sed
3265 2545 3396 2618 quia
3423 2544 3602 2603 Behe-

1999 2628 2154 2684 moth
2187 2629 2307 2698 iste,
2340 2647 2467 2686 cum
2508 2647 2617 2703 quo
2647 2631 2720 2688 sit
2759 2631 2934 2688 factus
2974 2631 3313 2702 audivimus,
3351 2633 3597 2706 perditus

1999 2717 2134 2791 quid
2155 2728 2276 2792 agat
2304 2719 2612 2778 audiamus.
2641 2721 2904 2794 Sequitur
2937 2739 2949 2777 :

2459 2841 2693 2898 CAPUT
2724 2843 2853 2899 x111
2889 2843 3033 2917 [Rec.
3069 2843 3168 2919 X].

2082 2928 2222 2986 IBID.
2253 2959 2324 2970 —
2352 2929 2552 2985 Fenum
2579 2931 2714 2986 sicut
2742 2931 2830 2985 bos
2859 2933 2880 2965 ⁸
2911 2933 3156 2988 comedet.

2072 3021 2158 3076 18.
2174 3018 2430 3074 Diabolus
2448 3020 2698 3075 mundam
2718 3019 3084 3090 spiritualium
3100 3022 3261 3076 vitam
3281 3019 3598 3090 labefactare

1922 3117 1965 3178 ί]
1993 3109 2331 3182 potissimum
2359 3109 2521 3180 cupit.
2554 3140 2624 3150 —
2654 3109 2709 3166 Si
2735 3109 3129 3181 prophetarum
3161 3108 3399 3167 sollicite
3429 3109 3595 3168 verba

1997 3200 2346 3268 discutimus,
2379 3199 2496 3257 hac
2525 3208 2578 3256 et
2608 3201 2705 3256 illa
2744 3215 2858 3256 uno
2890 3201 3091 3273 spiritu
3136 3201 3347 3274 prolata
3385 3201 3603 3274 reperi—

1999 3306 2142 3346 mus.
2175 3289 2340 3346 Isaias
2369 3305 2605 3364 namque
2633 3307 2759 3346 cum
2792 3298 3039 3348 cerneret
3061 3291 3228 3348 vitam
3256 3291 3602 3364 peccantium

2000 3380 2068 3437 ab
2107 3380 2335 3453 antiquo
2372 3386 2427 3435 et
2473 3380 2782 3437 insatiabile
2829 3379 2985 3438 hoste
3028 3380 3302 3449 devorari,
3328 3381 3406 3438 ait
3439 3398 3450 3436 :
3506 3379 3606 3436 Leo

2004 3470 2140 3526 sicut
2167 3471 2255 3525 bos
2285 3472 2307 3506 °
2339 3470 2564 3525 comedet
2603 3472 2792 3542 paleas
2826 3471 2983 3542 (Isai.
3018 3486 3096 3538 χι,
3131 3471 3210 3543 7).
3243 3468 3389 3538 Quid
3420 3457 3602 3524 autem

2001 3558 2115 3614 feni
2146 3561 2534 3632 palearumque
2555 3559 2779 3615 nomine
2804 3561 2911 3616 nisi
2940 3559 3247 3616 carnalium
3267 3559 3382 3613 vita
3411 3558 3608 3629 signa-

2003 3656 2095 3704 tur
2121 3649 2150 3704 ?
2180 3651 2258 3704 De
2287 3664 2396 3721 qua
2424 3663 2520 3719 per
2539 3646 2861 3719 prophetam
2897 3648 3103 3705 dicitur
3127 3666 3138 3703 :
3171 3648 3353 3704 Omnis
3381 3663 3505 3701 caro
3533 3645 3607 3717 fe-

2002 3753 2130 3793 num
2165 3738 2327 3808 (Isai.
2352 3754 2444 3805 XL,
2466 3737 2545 3806 6).
2579 3735 2685 3802 Qui
2716 3751 2844 3807 ergo
2873 3735 2966 3792 hic
2988 3735 3319 3802 Behemoth,
3339 3734 3460 3789 illic
3489 3734 3603 3801 leo;

2006 3827 2100 3899 qui
2124 3826 2217 3882 hic
2245 3825 2455 3891 fenum,
2491 3824 2608 3879 illic
2635 3823 2802 3894 palea
2824 3823 3203 3878 nominantur.
3236 3823 3342 3878 Sed
3363 3836 3607 3894 perscru-

2006 3914 2112 3971 tari
2145 3929 2298 3970 mens
2335 3911 2536 3968 nititur
2566 3927 2666 3968 cur
2694 3912 2796 3966 iste
2824 3913 2914 3968 vel
2957 3911 3105 3984 apud
3135 3909 3332 3968 Isaiam
3371 3911 3474 3979 leo,
3515 3909 3604 3965 vel

2008 4004 2102 4061 hic
2128 4002 2408 4060 dominica
2435 4017 2570 4058 voce
2598 3999 2923 4070 Behemoth,
2957 4003 2976 4037 ⁷
3009 4003 3068 4057 in
3099 3999 3448 4059 comestione
3491 3997 3607 4055 feni

2007 4097 2096 4154 vel
2123 4097 2308 4169 palea,
2330 4101 2565 4166 utroque
2598 4098 2788 4156 1057
2828 4093 2975 4163 loco,
3001 4109 3123 4150 non
3155 4108 3320 4166 equo,
3352 4090 3449 4148 sed
3477 4089 3610 4148 bovi

2010 4201 2376 4266 comparetur.
2421 4190 2579 4261 Quod
2607 4198 2793 4248 tamen
2836 4191 3004 4249 citius
3054 4190 3429 4263 agnoscimus,
3458 4188 3507 4245 si
3551 4188 3608 4245 in

2009 4283 2259 4356 utrisque
2274 4281 2607 4338 animalibus
2622 4297 2740 4355 qua
2758 4280 2830 4338 sit
2855 4280 3327 4337 nutrimentorum
3345 4279 3614 4337 distantia

2013 4373 2428 4448 perpendamus.
2460 4375 2605 4446 Equi
2634 4390 2870 4447 namque
2900 4373 3088 4430 fenum
3114 4371 3422 4446 quamlibet
3439 4371 3614 4428 sordi-

287 4469 446 4544 quod
469 4473 720 4526 creatura
747 4465 928 4521 omnis
957 4463 1024 4520 ab
1050 4472 1293 4530 auctore,
1326 4462 1423 4536 qui
1454 4462 1513 4517 in
1551 4463 1768 4518 actione
1795 4479 1895 4519 sua
1926 4480 1975 4540 D
2012 4464 2143 4521 dum
2177 4463 2492 4533 comedunt,
2524 4480 2721 4536 aquam
2769 4479 2900 4520 vero
2935 4480 3046 4520 non
3077 4463 3187 4519 nisi
3216 4461 3484 4518 mundam
3515 4460 3613 4518 bi-

288 4575 642 4634 nequaquam
673 4556 937 4630 temporis
957 4551 1322 4625 protelatione
1348 4552 1706 4621 distenditur,
1728 4552 1893 4608 simul

287 4649 525 4707 condita
553 4665 665 4705 non
694 4647 1004 4712 dubitatur,
1032 4661 1131 4702 cur
1154 4642 1221 4699 de
1251 4641 1558 4698 Behemoth
1585 4643 1898 4715 specialiter

290 4739 509 4797 dicitur
533 4738 680 4812 quod
700 4739 993 4795 commuﬁe
1022 4751 1147 4792 cum
1170 4732 1434 4790 creaturis
1462 4731 1720 4789 omnibus
1741 4748 1897 4804 gene-

293 4830 494 4886 raliter
521 4828 754 4885 habetur
779 4828 807 4883 ?
837 4826 944 4883 Sed
972 4828 1020 4882 si
1049 4841 1232 4882 rerum
1259 4839 1448 4879 causas
1467 4822 1661 4879 subtili
1690 4821 1895 4879 discus-

292 4920 460 4976 sione
491 4920 509 4954 ¹
544 4933 856 4990 pensamus,
895 4917 1058 4972 simul
1082 4915 1335 4987 angelum
1365 4913 1570 4970 factum
1593 4911 1896 4969 hominem-

293 5025 407 5082 que
437 5007 839 5080 cognoscimus,
875 5005 1041 5062 simul
1070 5003 1328 5060 videlicet
1365 5019 1479 5059 non
1510 5003 1719 5058 unitate
1749 5009 1899 5058 tem-

293 5098 477 5174 poris,
505 5097 600 5156 sed
628 5097 944 5171 cognitione
988 5095 1261 5163 rationis;
1298 5093 1464 5150 simul
1496 5109 1595 5167 per
1621 5102 1897 5166 acceptam

377 5301 396 5339 ¹
417 5299 684 5369 Vindoc.,
715 5299 950 5367 Gemet.,
971 5295 1143 5354 Laud.
1164 5304 1218 5352 et
1237 5293 1347 5351 duo
1370 5293 1578 5361 Germ.,
1600 5293 1898 5365 putsamus.

375 5375 402 5412 ³
431 5373 654 5441 Pratel.,
684 5378 904 5426 natura.

375 5446 400 5480 ³
433 5443 598 5501 Corb.
635 5434 818 5500 Germ.
865 5448 920 5497 et
965 5439 1201 5508 Gemet.,
1243 5436 1440 5496 Manis.
1472 5434 1673 5506 Laud.,
1716 5435 1900 5492 Germ.

298 5525 356 5573 et
386 5516 623 5584 Turon.,
657 5515 862 5572 Manes.

378 5590 402 5622 ⁴
435 5587 600 5645 Corb.
635 5585 847 5655 Germ.,
878 5583 1137 5652 Vindoc.,
1166 5582 1376 5638 Gemet.
1403 5588 1458 5638 et
1485 5579 1684 5650 Laud.,
1715 5579 1906 5636 condi-

303 5665 626 5801 ”?baudq
658 5729 822 5789 Corb.
855 5727 1038 5788 Germ.
1069 5733 1124 5785 et
1145 5727 1268 5787 Val.
1301 5725 1406 5796 CL,
1429 5724 1666 5781 comedit.

2003 4553 2164 4610 bunt.
2225 4553 2407 4609 Boves
2462 4559 2644 4608 autem
2700 4568 2898 4625 aquam
2955 4551 3264 4625 quamlibet
3330 4549 3612 4608 sordidam

2003 4641 2226 4711 bibunt,
2259 4641 2353 4699 sed
2379 4642 2506 4698 feno
2533 4658 2644 4697 non
2661 4641 2770 4697 nisi
2789 4640 2996 4698 mundo
3020 4649 3337 4699 vescuntur.
3363 4639 3509 4710 Quid
3529 4645 3614 4696 est

2007 4745 2133 4804 ergo
2163 4731 2309 4805 quod
2337 4730 2490 4801 bovi,
2533 4729 2626 4804 qui
2660 4729 2865 4787 mundo
2898 4731 3100 4804 pabulo
3131 4731 3392 4804 pascitur,
3427 4727 3613 4784 Behe—

2006 4821 2162 4877 moth
2193 4822 2295 4879 iste
2324 4829 2692 4895 comparatur,
2717 4821 2825 4879 nisi
2856 4821 2962 4880 hoc
2983 4819 3130 4895 quod
3151 4819 3218 4875 de
3247 4819 3354 4875 isto
3382 4816 3613 4888 antiquo

2007 4908 2162 4966 hoste
2194 4928 2292 4984 per
2318 4911 2642 4985 prophetam
2670 4912 2840 4968 alium
2872 4911 3113 4969 dicitur:
3150 4910 3170 4943 ⁸
3204 4911 3346 4964 Esca
3374 4905 3486 4976 ejus
3514 4905 3613 4960 ele-

2007 5005 2090 5055 cta
2127 5003 2357 5070 (Habac.
2402 5020 2440 5071 ι,
2484 5002 2608 5075 I6)?
2643 5003 2831 5075 Neque
2875 5001 3024 5057 enim
3066 5014 3123 5056 se
3169 5013 3260 5054 eos
3289 4994 3486 5070 gaudet
3515 5011 3614 5052 ra-

2009 5102 2159 5159 pere,
2190 5105 2327 5162 quos
2356 5089 2541 5162 pravis
2577 5105 2640 5147 ac
2680 5088 2922 5145 sordidis
2943 5085 3258 5144 actionibus
3297 5083 3611 5159 implicatos

2058 5289 2106 5369 f
2137 5285 2332 5369 Laud.,
2365 5285 2528 5345 Corb.
2561 5287 2771 5355 Germ.,
2801 5285 2924 5345 Val.
2969 5284 3052 5344 Cl.
3085 5292 3140 5342 et
3169 5283 3406 5355 Gemet.,
3435 5300 3615 5344 come-

2013 5359 2094 5416 dit
2109 5361 2316 5430 paleas.

2085 5433 2103 5466 ⁷
2137 5431 2307 5486 Iidem
2343 5429 2478 5488 Cod.
2502 5445 2628 5486 cum
2659 5429 2871 5499 Germ.,
2901 5429 2959 5484 in
2987 5430 3370 5487 comessatione.

2088 5504 2108 5538 ⁸
2138 5502 2347 5559 Gemet.
2377 5503 2556 5575 prius,
2595 5517 2718 5575 esca
2746 5501 2861 5575 ejus
2907 5501 3069 5557 electi.
3094 5574 3100 5575 ί
3128 5503 3233 5559 Sed
3262 5509 3467 5575 postea,
3497 5518 3614 5559 esca

2013 5591 2216 5646 quoque
2260 5572 2435 5656 electa.
2493 5574 2596 5630 Hic
2623 5572 2798 5630 codex
2827 5573 3133 5657 innumeris
3175 5572 3389 5657 mendis
3417 5581 3610 5646 scatet,

2015 5663 2136 5718 qua
2165 5653 2438 5703 recentior
2465 5661 2661 5702 manus
2687 5661 2757 5702 ex
2784 5653 2937 5718 parte
2965 5653 3314 5718 expurgavit.
