4156 6178
551 260 652 318 647

555 488 683 542 ergo
709 470 993 527 comedere
1035 470 1179 526 sicut
1218 469 1318 527 bos
1346 471 1574 542 appetit,
1621 471 1751 544 quia
1789 473 2155 544 suggestionis

557 577 669 616 suae
723 559 884 616 dente
937 568 1218 617 conterere
1285 559 1547 616 mundam
1600 561 1775 616 vitam
1823 561 2156 634 spiritalium

558 650 772 722 quierit.

630 826 714 882 19.
743 825 901 882 Multi
929 823 1175 879 videntur
1193 825 1360 890 electi,
1396 831 1446 880 et
1468 843 1579 881 non
1600 833 1742 882 sunt.
1766 858 1837 870 —
1867 827 1971 884 Sed
1999 845 2160 900 quaa-

557 914 788 970 rendum
815 912 973 968 video
994 912 1271 985 quomodo
1302 912 1606 969 Behemoth
1637 913 1760 984 iste,
1793 915 1981 971 fenum
2015 916 2160 970 sicut

559 1015 658 1072 bos
687 1013 997 1079 comedens,
1029 1013 1202 1067 vitam
1253 1013 1626 1084 spiritualium
1658 1033 1982 1074 consumere
2011 1017 2162 1075 dici-

559 1113 670 1173 tur,
699 1107 886 1170 1cum,
915 1101 1062 1157 sicut
1088 1117 1253 1172 supra
1277 1101 1488 1158 dictum
1516 1114 1616 1172 est,
1650 1105 1763 1160 feni
1794 1107 2020 1162 nomine
2047 1106 2162 1162 vita

560 1191 863 1247 carnalium
892 1189 1228 1260 designatur.
1261 1191 1401 1246 Esca
1444 1207 1659 1264 quoque
1687 1193 1806 1266 ejus
1850 1196 2022 1252 electa
2046 1195 2160 1267 jam

562 1297 674 1335 non
694 1278 818 1345 erit,
855 1278 902 1333 si
932 1277 1119 1333 fenum
1148 1279 1442 1335 comedens
1469 1283 1745 1338 carnalem
1772 1285 1936 1356 rapit.
1962 1285 2068 1340 Sed
2095 1285 2162 1341 ad

562 1367 679 1424 haec
709 1367 874 1423 citius
893 1368 1152 1436 occurrit,
1185 1369 1314 1441 quia
1334 1372 1588 1426 nonnulli
1617 1371 1909 1428 hominum
1937 1382 1991 1430 et
2020 1375 2165 1446 apud

562 1459 735 1514 Deum
767 1459 953 1513 fenum
983 1465 1130 1526 sunt,
1161 1466 1214 1513 et
1241 1459 1386 1530 apud
1429 1460 1682 1518 homines
1713 1464 2025 1520 sanctitatis
2052 1482 2166 1521 no-

566 1547 714 1602 mine
742 1554 1052 1614 censentur,
1084 1563 1210 1602 cum
1240 1557 1293 1603 et
1322 1557 1446 1605 ante
1496 1550 1768 1608 humanos
1797 1553 1987 1608 oculos
2016 1553 2168 1608 aliud

566 1635 805 1690 ostendit
835 1635 969 1705 vita,
1001 1644 1054 1691 et
1082 1644 1207 1692 ante
1254 1637 1450 1694 divina
1495 1638 1708 1711 judicia
1735 1642 1888 1698 aliud
1929 1642 2168 1698 intendit

567 1724 921 1780 conscientia.
957 1726 1145 1798 Itaque
1181 1727 1327 1798 apud
1345 1727 1587 1785 humana
1604 1727 1818 1799 judicia
1833 1730 1989 1786 electi
2007 1737 2160 1797 sunt,

566 1813 660 1870 sed
686 1813 830 1885 apud
855 1813 1053 1869 subtile
1083 1815 1304 1870 Domini
1331 1833 1562 1872 examen
1584 1817 1792 1873 fenum.
1816 1820 1900 1874 An
1923 1825 2048 1873 ante
2077 1817 2159 1873 di-

566 1904 726 1958 vinos
753 1903 940 1958 oculos
970 1903 1097 1958 Saul
1145 1904 1335 1960 fenum
1383 1923 1494 1961 non
1526 1914 1660 1975 erat,
1692 1907 1760 1963 de
1799 1925 1908 1980 quo
1937 1907 2159 1964 Samuel

568 1991 831 2064 propheta
873 1993 1072 2063 populo
1114 1993 1330 2050 dicebat
1361 2012 1373 2049 :
1418 1996 1567 2052 Certe
1605 1996 1792 2050 videtis
1827 2013 1980 2066 quem
2009 1997 2162 2068 elegit

566 2079 823 2136 Dominus
853 2081 908 2151 (Ι
936 2083 1058 2152 Reg.
1095 2098 1152 2149 x,
1201 2081 1291 2154 2’s)
1319 2100 1332 2149 ;
1366 2091 1421 2138 et
1461 2083 1528 2139 de
1558 2100 1666 2156 quo
1698 2084 1860 2154 paulo
1911 2085 2163 2156 superius

569 2167 773 2225 dicitur
805 2187 816 2224 :
849 2171 1062 2225 Electus
1089 2177 1136 2226 et
1163 2171 1326 2226 bonus
1343 2173 1556 2240 ?Quem
1578 2174 1728 2229 enim
1748 2190 1979 2246 peccans
1993 2191 2166 2247 popu-

570 2259 655 2315 lus
684 2259 904 2327 meruit,
930 2266 983 2315 et
1001 2261 1145 2332 apud
1165 2262 1338 2317 Deum
1363 2262 1628 2334 reprobus
1647 2264 1883 2330 exstitit,
1908 2271 1961 2319 et
1980 2271 2167 2320 tamen

573 2363 859 2405 causarum
889 2349 1083 2406 ordine
1124 2351 1330 2407 electus
1361 2359 1414 2407 et
1460 2351 1640 2408 bonus
1705 2353 1830 2408 fuit.
1867 2352 2007 2428 [Vet.
2041 2352 2167 2428 XL]

573 2438 711 2506 Quia
755 2440 917 2495 multi
965 2441 1174 2507 fenum,
1220 2449 1371 2509 sunt,
1405 2450 1458 2497 et
1494 2443 1696 2500 electos
1745 2459 1801 2498 se
1831 2459 1900 2499 ex
1931 2443 2174 2500 humana

573 2530 934 2586 aestimatione
964 2531 1336 2602 suspicantur,
1367 2531 1506 2588 bene
1538 2549 1633 2604 per
1647 2533 1994 2590 Salomonem
2027 2533 2176 2591 dici—

575 2626 665 2676 tur
697 2637 707 2674 :
751 2619 870 2677 Vidi
899 2619 1083 2689 impios
1111 2621 1360 2690 sepultos,
1392 2620 1484 2690 qui
1514 2621 1672 2676 etiam
1695 2622 1820 2676 dum
1848 2623 2020 2678 adhuc
2041 2623 2174 2679 vive-

576 2713 710 2775 rent,
753 2707 810 2760 in
855 2709 961 2763 loco
990 2713 1166 2762 sancto
1193 2713 1368 2772 erant,
1395 2713 1442 2762 et
1473 2709 1842 2764 laudadantur
1886 2710 1943 2764 in
1971 2711 2178 2767 civitate

583 2796 737 2868 quasi
755 2794 1028 2866 justo-rum
1052 2812 1270 2867 operum
1301 2796 1497 2868 (Eccle.
1533 2815 1657 2867 vm,
1692 2798 1807 2870 10).
1841 2799 1982 2867 Quia
2016 2801 2180 2856 multi

583 2885 769 2941 fenum
799 2892 945 2954 sunt,
977 2885 1069 2940 sed
1099 2891 1282 2940 tamen
1311 2888 1616 2943 sanctitatis
1643 2887 1831 2944 favore
1883 2890 2180 2960 vallantur,

586 2973 724 3031 bene
739 2974 962 3048 quidam
983 2974 1198 3047 sapiens
1221 2973 1449 3044 indicat,
1471 2975 1662 3032 dicens
1685 2994 1696 3032 2
1729 2978 1946 3043 Transi,
1975 2978 2181 3050 hospes,

589 3069 637 3118 et
665 3081 800 3118 orna
828 3081 1061 3119 mensam
1093 3063 1283 3135 (Eccli.
1302 3079 1465 3130 xxxx,
1496 3063 1612 3136 33).
1645 3065 2001 3122 Transeundo
2030 3083 2181 3123 nam-

589 3171 692 3226 que
722 3155 919 3228 hospes
948 3173 1140 3212 ornare
1171 3173 1415 3214 mensam
1445 3156 1667 3225 dicitur,
1693 3159 1821 3230 quia
1841 3159 1886 3215 si
1915 3159 1984 3216 ad
2011 3160 2180 3216 altare

587 3245 686 3300 Dei
715 3247 839 3318 quis
866 3247 1094 3318 positus,
1128 3265 1224 3320 per
1253 3249 1397 3307 bona
1425 3267 1588 3324 opera
1635 3252 1867 3323 gloriam
1901 3254 2180 3325 propriam

587 3333 802 3406 quierit,
821 3341 874 3389 et
889 3334 955 3389 de
976 3340 1342 3394 ostentatione
1362 3341 1670 3397 sanctitatis
1687 3339 1802 3413 ejus
1819 3342 1939 3398 laus
1952 3342 2143 3399 altaris
2159 3344 2181 3379 ³

589 3419 922 3490 extenditur,
955 3431 1009 3478 et
1034 3422 1148 3495 ipse
1178 3432 1363 3483 tamen
1392 3429 1538 3500 apud
1558 3431 1731 3486 Deum
1762 3429 1819 3486 in
1846 3446 2078 3488 numero
2106 3431 2182 3487 ci-

589 3510 742 3566 vium
763 3527 874 3566 non
890 3509 1142 3570 habetur.
1167 3513 1308 3571 Aliis
1323 3515 1368 3589 ej
1378 3533 1441 3572 us
1462 3519 1652 3590 opinio
1668 3519 1906 3592 proﬁcit,
1927 3529 1979 3576 et
1997 3529 2181 3578 tamen

589 3614 623 3655 a
666 3599 779 3655 Deo
833 3608 1123 3658 extraneus
1175 3603 1290 3676 ipse
1341 3608 1653 3678 pertransit.
1712 3609 1956 3665 Mensam
2001 3608 2186 3683 itaque

589 3690 922 3747 transeundo
949 3691 1251 3760 decoravit,
1277 3694 1405 3766 quia
1423 3702 1565 3751 stare
1596 3695 1665 3752 ad
1702 3713 1855 3754 sacra
1879 3697 2060 3754 noluit
2087 3697 2183 3771 qui

592 3793 688 3852 per
714 3796 876 3836 omne
903 3779 1049 3854 quod
1104 3797 1262 3855 agere
1315 3781 1531 3840 studuit
1578 3783 1648 3840 ad
1695 3783 1970 3842 humanas
1999 3785 2188 3842 laudes

594 3880 774 3928 mente
802 3871 1063 3929 decurrit.
1087 3872 1227 3941 Quia
1246 3888 1372 3946 ergo
1394 3875 1652 3930 nonnulli
1671 3875 1938 3932 mundam
1959 3876 2186 3948 quidem

595 3962 762 4018 vitam
793 3977 889 4033 per
916 3961 1161 4019 studium
1192 3961 1425 4030 ducunt,
1454 3962 1548 4020 sed
1576 3980 1644 4019 ex
1673 3963 1772 4019 illa
1801 3964 1955 4019 intus
1975 3965 2188 4036 placere

594 4066 704 4107 non
736 4058 1016 4119 appetunt,
1048 4061 1192 4107 recte
1212 4060 1266 4107 et
1291 4069 1413 4109 esca
1433 4050 1550 4124 ejus
1577 4052 1750 4109 electa
1771 4051 1999 4120 dicitur,
2029 4061 2084 4108 et
2110 4061 2186 4108 ta-

595 4152 722 4195 men
745 4135 932 4192 fenum
962 4138 1104 4194 sicut
1132 4139 1231 4196 bos
1258 4141 1546 4198 comedere
1579 4139 1884 4197 Behemoth
1918 4140 2020 4198 iste
2053 4157 2189 4214 per-

597 4225 834 4282 hibetur.
855 4224 1020 4291 Quasi
1039 4228 1187 4282 enim
1205 4237 1329 4284 ante
1345 4246 1404 4285 os
1421 4229 1723 4286 Behemoth
1741 4228 1902 4285 istius
1919 4229 2186 4286 mundum

594 4313 783 4370 fenum
819 4312 876 4367 in
905 4319 1049 4369 terra
1076 4322 1239 4388 atque
1284 4316 1343 4372 in
1391 4317 1606 4375 inﬁmis
1639 4316 1803 4390 jacet,
1835 4333 1962 4374 cum
1991 4325 2045 4374 et
2075 4318 2190 4375 vita

598 4403 756 4475 quasi
783 4401 1048 4460 innocens
1092 4422 1188 4478 per
1217 4406 1603 4463 mandatorum
1646 4407 1954 4466 custodiam
1981 4408 2186 4480 agitur,

1755 250 2000 316 SANCTI
2035 253 2369 316 GREGOBII
2407 252 2631 317 MAGNI

557 385 614 440 in
674 383 802 439 imis
838 398 1021 438 secum
1075 379 1297 452 respicit
1329 380 1644 438 voluntarie
1683 379 1886 453 jacere.
1939 383 2146 439 Fenum
2178 387 2229 446 A

3745 261 3850 319 648

2679 383 2908 442 CAPUT
2937 384 3066 441 xw
3105 381 3260 457 [Rea
3295 383 3423 458 XI].

2335 471 2504 528 Vens.
2539 472 2623 528 11.
2645 503 2716 513 -
2742 472 3019 528 Fortitudo
3046 472 3162 542 ejus
3190 473 3247 526 in
3279 471 3469 528 lumbis
3499 473 3634 543 ejus,
3666 480 3714 528 et
3736 474 3855 528 vir-

2268 563 2347 612 tus
2383 558 2530 614 illius
2557 559 2613 614 in
2633 561 2874 616 umbilico
2898 560 3096 615 ventris
3124 560 3257 632 ejus.

2336 646 2425 703 20.
2459 647 2716 703 Diabolus
2739 666 2837 720 per
2868 648 3141 703 luxuriam
3170 648 3381 720 utrique
3411 649 3685 704 hominum
3713 651 3862 705 sexui

2262 738 2570 808 plerumque
2601 738 2945 794 dominatur.
2983 769 3046 779 -—
3076 738 3384 794 Seminaria
3410 740 3591 795 coitus
3638 739 3777 795 viris
3807 740 3860 794 in

2268 825 2471 882 lumbis
2495 842 2629 895 esse,
2653 826 2829 882 inesse
2859 835 3036 882 autem
3084 827 3308 882 feminis
3343 827 3402 882 in
3433 827 3700 884 umbilico
3732 844 3865 899 per-

2270 913 2508 971 hibetur.
2529 915 2670 971 Hinc
2693 924 2772 971 est
2793 915 2940 970 enim
2962 914 3109 988 quod
3132 915 3350 972 Veritas
3369 915 3659 989 discipulis
3679 917 3820 973 dicit
3851 933 3862 971 :

2272 1011 2388 1067 Sint
2409 1011 2570 1066 lumbi
2586 1011 3027 1084 vestriprazcincti
3046 1012 3200 1081 (Luc.
3218 1028 3320 1078 xu,
3344 1011 3461 1084 35).
3488 1012 3628 1069 Hinc
3648 1013 3865 1078 Petrus,

2270 1115 2394 1155 cum
2426 1100 2703 1156 luxuriam
2733 1116 2765 1155 a
2790 1098 2953 1156 corde
2983 1099 3356 1171 restringeret,
3387 1099 3739 1166 admonebat,
3772 1098 3872 1154 di-

2271 1205 2398 1244 cens
2431 1206 2442 1245 :
2475 1190 2733 1245 Succincli
2764 1191 2965 1245 lumbos
2999 1191 3182 1243 mentis
3221 1196 3405 1244 vestrm
3431 1192 3499 1260 (Ι
3523 1192 3635 1246 Pet.
3669 1208 3710 1257 ι,
3749 1188 3868 1258 13).

2274 1278 2415 1332 Hinc
2442 1279 2645 1333 Paulus
2665 1295 2787 1334 cum
2818 1295 2914 1350 per
2939 1277 3174 1335 Abrahae
3202 1277 3532 1334 sacriﬁcium
3563 1277 3874 1334 Melchise—

2273 1365 2412 1422 dech
2429 1375 2672 1439 tempore
2697 1367 2829 1422 Levi
2851 1370 2872 1401 ³
2891 1367 3254 1423 sacerdotium
3276 1367 3484 1423 diceret
3503 1365 3872 1434 decimatum,

2275 1454 2371 1510 ubi
2402 1464 2533 1512 tunc
2561 1457 2618 1511 in
2648 1456 2882 1512 Abrahae
2902 1473 3127 1528 corpore
3158 1457 3291 1512 Levi
3322 1457 3515 1513 lateret
3545 1455 3872 1525 ostendens,

2275 1543 2352 1598 ait
2376 1560 2388 1598 :
2420 1545 2608 1599 Adhuc
2633 1547 2770 1600 enim
2789 1546 2846 1599 in
2869 1547 3057 1601 lumbis
3081 1547 3252 1617 patris
3271 1553 3387 1601 erat
3409 1547 3600 1616 (Hebr.
3621 1563 3727 1615 vn,
3754 1546 3873 1616 10).

2276 1632 2416 1698 Quia
2445 1649 2575 1688 vero
2603 1632 2966 1689 seminarium
2997 1634 3236 1690 luxuria:
3256 1633 3479 1692 feminis
3510 1634 3570 1690 in
3601 1633 3879 1690 umbilico

2273 1721 2590 1777 continetur
2619 1723 2882 1794 propheta
2902 1730 3150 1792 testatur,
3175 1723 3292 1796 qui,
3323 1722 3426 1780 sub
3452 1723 3632 1796 specie
3652 1723 3879 1778 feminae

2270 1810 2598 1880 prostitutae,
2639 1810 2841 1867 Iudaeas
2889 1812 3253 1883 petulantiam
3301 1812 3611 1885 increpans,
3637 1811 3716 1867 ait
3752 1829 3764 1866 :
3814 1813 3881 1867 In

2268 1899 2350 1953 die
2379 1905 2527 1954 ortus
2559 1899 2636 1954 tui
2658 1917 2763 1955 non
2807 1908 2881 1956 est
2902 1902 3160 1973 prwcisus
3190 1902 3471 1958 umbilicus
3501 1909 3620 1957 tuus
3647 1901 3879 1972 (Ezech.

2267 2005 2386 2056 xvr,
2418 1987 2497 2060 4).
2527 1990 2589 2044 In
2619 1988 2708 2045 die
2729 1991 2933 2062 quippe
2949 1999 3102 2046 ortus
3123 1989 3453 2048 umbilicum
3474 1991 3776 2062 praecidere
3797 1998 3885 2046 est

2271 2077 2648 2134 conversionis
2666 2084 2909 2150 tempore
2927 2079 3108 2135 carnis
3130 2078 3412 2133 luxuriam
3434 2095 3695 2134 resecare.
3733 2079 3887 2146 Quia

2272 2165 2420 2220 enim
2453 2165 2678 2221 difﬁcile
2720 2176 2803 2222 est
2838 2167 2978 2222 male
3007 2166 3266 2223 inchoata
3294 2168 3587 2239 corrigere,
3619 2173 3674 2221 et
3704 2166 3887 2222 semel

2274 2253 2510 2309 formato
2537 2253 2858 2310 deformiter
2879 2255 2936 2311 in
2968 2255 3164 2312 melius
3186 2255 3504 2324 reformare,
3528 2255 3596 2310 de
3617 2262 3751 2310 ortu
3782 2271 3887 2311 suo

2275 2341 2463 2398 Iudaea
2489 2341 2932 2415 reprehenditur,
2955 2361 3075 2418 quae
3095 2344 3228 2400 dum
3247 2345 3305 2400 in
3333 2345 3448 2400 Deo
3495 2351 3623 2400 nata
3653 2350 3760 2412 est,
3785 2344 3888 2399 im-

2281 2432 2566 2503 prmcisum
2615 2431 2886 2489 ubilicum
2942 2434 3192 2502 retinuit,
3251 2434 3379 2506 quia
3440 2433 3590 2488 ﬂuxa
3642 2433 3886 2488 luxuriae

2283 2537 2394 2576 non
2423 2521 2678 2578 abscidit.
2703 2522 2844 2590 Quia
2865 2523 3033 2596 igitur
3053 2532 3322 2596 potestate
3339 2523 3548 2580 diaboli
3590 2523 3887 2597 utriusque

2284 2611 2500 2682 generis
2529 2627 2694 2668 sexus
2724 2612 2883 2668 valde
2912 2630 2982 2669 ex
3026 2614 3265 2670 luxurias
3298 2613 3618 2670 inﬁrmitate
3644 2613 3886 2670 subster-

2285 2700 2460 2766 nitur,
2491 2710 2545 2758 et
2575 2701 2847 2756 fortitudo
2877 2701 2994 2772 ejus
3031 2703 3092 2758 in
3118 2703 3326 2759 lumbis
3364 2713 3555 2760 contra
3583 2706 3885 2773 masculos,

2287 2797 2342 2845 et
2371 2790 2547 2845 virtus
2584 2790 2735 2845 illius
2762 2799 2953 2847 contra
2981 2790 3220 2847 feminas
3243 2791 3301 2847 in
3333 2793 3600 2850 umbilico
3626 2794 3886 2865 perhibe-

2289 2887 2400 2935 tur.

2363 2967 2501 3041 [Vet.
2531 2968 2689 3044 ΧΙΙ.]
2719 2970 2806 3026 2i.
2840 2969 3074 3042 Spiritus
3099 2971 3398 3043 superbiam
3424 2971 3567 3044 sequi
3585 2973 3718 3027 solet
3754 2991 3889 3029 car-

2290 3059 2375 3113 nis
2404 3060 2693 3131 corruptio.
2741 3091 2795 3102 -
2829 3059 2934 3116 Sed
2962 3077 3060 3117 cur
3086 3077 3212 3117 cum
3242 3059 3544 3117 Behemoth
3584 3060 3756 3117 istum
3790 3063 3890 3121 fe-

2211 3123 2255 3184 c
2290 3163 2423 3201 num
2451 3123 2734 3203 comedere
2765 3148 2970 3217 intulit,
3005 3149 3181 3220 prima
3208 3149 3544 3222 deceptionis
3573 3147 3693 3220 ejus
3710 3167 3892 3224 argu-

2291 3243 2475 3292 menta
2504 3237 2737 3293 luxuria:
2767 3236 2965 3293 damna
2992 3237 3301 3310 subjunxit,
3333 3239 3444 3295 nisi
3487 3238 3635 3313 quod
3669 3239 3891 3312 liquido

2291 3328 2548 3386 omnibus
2579 3339 2724 3402 patet
2753 3330 2882 3404 quia
2912 3340 3201 3404 postquam
3231 3332 3400 3389 semel
3447 3333 3696 3390 hominis
3730 3335 3890 3407 spiri-

2293 3425 2412 3474 tum
2443 3419 2464 3452 ‘
2507 3419 2759 3491 superbia
2803 3421 3030 3493 ceperit,
3079 3439 3212 3478 mox
3257 3438 3314 3478 se
3361 3422 3431 3478 ad
3472 3424 3889 3495 corruptionem

2294 3508 2474 3564 carnis
2501 3509 2752 3566 extendit
2779 3511 2807 3566 ?
2849 3510 3008 3578 Quod
3056 3510 3113 3566 in
3158 3512 3290 3584 ipsis
3319 3528 3536 3585 quoque
3566 3511 3892 3568 hominibus

2298 3601 2492 3672 primis
2520 3603 2888 3674 agnoscimus,
2919 3603 3036 3676 qui,
3081 3601 3214 3659 dum
3252 3612 3375 3676 post
3403 3612 3774 3676 perpetratam
3807 3621 3889 3661 su-

2298 3689 2546 3760 perbiam
2576 3690 2829 3762 pudenda
2859 3691 3104 3748 membra
3129 3696 3444 3764 contegunt,
3477 3700 3730 3765 patenter
3753 3693 3890 3750 indi-

2298 3790 2494 3836 carunt
2516 3782 2646 3854 quia
2665 3791 2955 3854 postquam
2975 3781 3120 3853 apud
3137 3783 3455 3854 semetipsos
3476 3782 3625 3840 intus
3649 3786 3890 3857 arripere

2299 3869 2410 3924 alta
2445 3871 2628 3926 conati
2667 3878 2812 3938 sunt,
2865 3887 2997 3926 mox
3039 3872 3098 3926 in
3154 3888 3317 3928 carne
3347 3873 3484 3928 foris
3521 3873 3892 3931 erubescenda

2298 3959 2644 4030 pertulerunt
2675 3958 2883 4030 (Genes.
2915 3975 2998 4028 ιιι,
3030 3960 3107 4032 7).
3131 3961 3435 4019 Behemoth
3465 3962 3648 4036 itaque
3678 3962 3787 4021 iste
3815 3964 3890 4018 in-

2298 4045 2627 4102 satiabiliter
2654 4047 2905 4116 saeviens,
2925 4057 2980 4104 et
3011 4048 3275 4106 devorare
3302 4059 3480 4108 totum
3511 4052 3676 4108 simul
3701 4052 3892 4109 homi-

2299 4151 2424 4192 nem
2459 4152 2726 4209 quaarens,
2760 4137 2924 4194 modo
2974 4139 3034 4195 in
3073 4139 3386 4212 superbiam
3435 4150 3672 4198 mentem
3703 4142 3890 4215 erigit,

2299 4226 2464 4282 modo
2507 4242 2726 4284 carnem
2775 4228 3011 4285 luxuriae
3055 4229 3335 4302 voluptate
3380 4232 3698 4306 corrumpit.
3750 4232 3894 4288 Bene

2300 4324 2482 4373 autem
2510 4332 2855 4391 nequaquam
2882 4318 3149 4375 fortitudo
3173 4318 3291 4391 ejus
3320 4321 3379 4377 in
3406 4321 3612 4378 lumbis
3641 4322 3730 4378 vel
3764 4339 3892 4380 um-

2299 4406 2468 4464 bilico
2483 4423 2673 4464 eorum
2690 4407 2894 4465 dicitur
2913 4408 3007 4481 qui
3029 4418 3468 4481 prosternuntur,
3491 4410 3608 4480 sed,
3630 4411 3890 4482 fortitudo

599 4500 654 4548 et
678 4498 862 4547 tamen
888 4489 1033 4548 inter
1059 4495 1328 4552 actionem
1351 4513 1470 4569 quae
1498 4495 1643 4554 bona
1663 4497 1972 4554 ostenditur
1999 4514 2093 4556 cor
2120 4498 2190 4554 ad
2222 4482 2270 4540 D
2299 4497 2412 4568 ejus
2444 4498 2498 4554 in
2529 4499 2716 4555 lumbis
2746 4499 2880 4570 ejus,
2909 4506 2956 4554 el
2974 4500 3143 4554 virtus
3172 4499 3321 4556 illius
3348 4518 3405 4554 in
3422 4501 3668 4557 umbilico
3695 4503 3894 4558 ventris

599 4581 899 4655 appetenda
926 4582 1187 4640 sublimia
1214 4601 1326 4642 non
1348 4587 1617 4644 elevatur.
1652 4587 1798 4654 Quid
1826 4587 2010 4662 itaque
2039 4588 2191 4645 utili-

599 4672 728 4729 tatis
756 4671 868 4744 agit
910 4673 1004 4746 qui
1039 4671 1097 4729 in
1126 4691 1182 4730 se
1212 4675 1544 4733 munditiam
1576 4677 1704 4732 vitae
1734 4679 1992 4746 custodit,
2024 4679 2071 4735 si
2100 4696 2195 4751 per

601 4761 962 4820 intentionem
1011 4762 1256 4820 inﬁmam
1289 4764 1347 4819 in
1375 4782 1469 4821 ore
1499 4766 1802 4823 Behemoth
1833 4767 1999 4840 hujus
2029 4768 2197 4824 inve-

600 4853 863 4912 niendum
893 4871 948 4911 se
978 4853 1035 4908 in
1067 4863 1210 4912 terra
1229 4852 1563 4928 derelinquit
1592 4858 1620 4914 ‘l
1647 4857 1787 4925 Quia
1819 4857 1987 4930 igitur
2017 4860 2192 4916 omni-

602 4954 794 5016 potens
821 4946 966 5002 Deus
994 4945 1132 5018 quid
1162 4943 1336 5002 hostis
1387 4954 1574 5002 noster
1601 4955 1722 5019 agat
1752 4947 2015 5016 insinuat,
2048 4963 2198 5005 nunc

604 5032 879 5104 quomodo
926 5035 1217 5107 praevaleat
1262 5035 1586 5103 innotescat,
1635 5045 1698 5092 ut
1735 5035 2052 5093 calliditatis
2081 5036 2200 5108 ejus

606 5121 852 5194 nequitia
879 5138 988 5196 quo
1015 5123 1256 5196 apertius
1277 5123 1645 5195 cognoscitur,
1665 5139 1729 5180 eo
1759 5125 1977 5183 facilius
2010 5132 2200 5191 1058

608 5227 912 5288 superetur.
935 5220 1197 5294 Sequitur
1219 5239 1232 5279 :

617 5441 960 5567 .ic‘ufratelq
1007 5443 1130 5505 Val.
1166 5445 1272 5517 CL,
1325 5445 1567 5509 Vindoc.
1606 5455 1662 5507 et
1706 5447 1869 5508 Corb.
1915 5448 2124 5521 Germ.,
2156 5449 2203 5507 si

690 5585 711 5668 ξ
741 5584 982 5668 gemet,
1016 5589 1139 5668 Kal.
1172 5592 1255 5668 (ἐξ.
1284 5601 1338 5650 et
1368 5594 1531 5653 Corb.
1572 5593 1781 5668 Germ.,
1812 5596 2127 5654 ostenditur.

687 5657 708 5691 ²
740 5654 914 5712 Laud.
938 5667 990 5714 et
1019 5658 1142 5719 Val.
1175 5662 1285 5731 CL,
1315 5654 1656 5738 sacrificium.
1690 5714 1704 5728 .

2300 4587 2432 4658 ejus.
2464 4589 2544 4646 Ac
2569 4589 2617 4646 si
2646 4598 2830 4663 aperte
2854 4589 3164 4646 diceretur:
3199 4590 3486 4646 Fortitudo
3515 4589 3634 4663 ejus
3662 4592 3722 4647 in
3756 4593 3893 4649 lum-

2300 4677 2388 4735 bis
2415 4680 2552 4748 suis,
2582 4689 2636 4736 et
2665 4679 2841 4736 virtus
2873 4680 3024 4736 illius
3039 4679 3097 4734 in
3117 4679 3384 4736 umblico
3400 4681 3608 4736 ventris
3629 4682 3741 4750 sui,
3767 4682 3890 4755 quia

2303 4770 2566 4826 nimirum
2597 4768 2715 4840 ejus
2745 4769 2962 4842 proprie
2991 4785 3188 4841 corpus
3231 4768 3393 4836 ﬁunt,
3424 4769 3542 4843 qui,
3572 4773 3894 4843 suggestio-

2304 4875 2436 4914 num
2470 4859 2713 4929 turpium
2743 4859 3136 4916 blandimentis
3164 4859 3397 4934 decepti,
3437 4863 3487 4918 ei
3517 4878 3615 4935 per
3659 4865 3891 4920 luxuriae

2304 4951 2456 5007 ﬂuxa
2492 4950 2881 5007 succumbunt.
2915 4951 3178 5024 Sequitur
3211 4972 3223 5010 :

2745 5038 2972 5096 CAPUT
3003 5041 3107 5099 xv
3145 5042 3270 5117 [Rec
3296 5044 3454 5120 XII].

2379 5127 2550 5187 Vsus.
2583 5127 2669 5185 i2.
2696 5158 2767 5169 —
2788 5129 3012 5201 Stringit
3037 5133 3261 5188 caudam
3303 5151 3457 5190 suam
3483 5135 3638 5206 quasi
3666 5132 3891 5189 cedrum.

2379 5217 2467 5276 22.
2498 5217 2757 5277 Diabolus
2775 5219 2958 5276 divina
2975 5226 3230 5292 potestate
3255 5223 3470 5295 ligatus,
3493 5223 3620 5281 olim
3647 5223 3893 5290 solvetur,

2383 5451 2405 5491 ι
2434 5451 2594 5510 Deest
2622 5453 2869 5526 superbia
2902 5453 2959 5510 in
2989 5449 3188 5526 Laud.,
3220 5453 3388 5511 duob.
3431 5454 3642 5526 Germ.,
3676 5454 3892 5526 Ebroic.

2311 5525 2543 5600 aliisque
2576 5522 2860 5600 Norinan.,
2892 5534 2946 5600 et
2965 5526 3045 5600 sic
3073 5527 3142 5583 ad
3164 5522 3469 5600 Behemoth
3499 5522 3737 5586 refertur
3755 5522 3896 5600 quod

2311 5541 2435 5581 anis
2475 5541 2543 5581 ue
2576 5541 2860 5594 normam,
2892 5541 2946 5583 et
2965 5543 3045 5584 sic
3073 5541 3142 5583 an
3164 5541 3469 5583 benemom
3499 5541 3737 5586 refertur
3755 5541 3888 5600 quoa

2311 5593 2405 5678 hic
2432 5541 2649 5678 dicitur
2666 5597 2733 5655 de
2761 5598 3046 5678 superbia.
3065 5599 3288 5678 Ebroic.
3311 5599 3518 5678 aliique
3547 5600 3762 5670 Norm.,
3793 5611 3888 5670 pro

2311 5668 2384 5724 ad
2410 5669 2819 5741 corruptionem,
2829 5668 3054 5729 habent
3079 5671 3150 5727 ad
3168 5668 3514 5729 obrutioném.
