4156 6178
317 307 422 363 649

313 526 331 559 ι
377 536 700 598 suppetunt,
743 548 862 606 quae
888 536 1226 603 instruendis
1252 526 1498 614 moribus
1526 562 1904 639 proferantur;

313 613 402 639 ..ΑΔ
448 615 600 639 ..η-2..-
646 618 783 639 'n_L,
872 624 926 639 ν..
1001 630 1011 639 .
1075 632 1085 639 .
1229 638 1238 639 ,

307 613 405 670 sed
448 615 603 686 prius
646 618 948 682 BehemOth
995 630 1156 690 istius
1184 638 1428 700 violenta
1467 613 1815 723 discutimus,
1847 616 1910 717 ut

306 711 436 775 post
472 706 733 767 subtilius
761 722 942 775 astuta
978 719 1310 796 detegamus.
1354 732 1416 789 In
1445 706 1908 811 Scripturasacra

304 795 459 854 cedri
511 801 736 859 nomine
763 807 1063 883 aliquando
1109 818 1217 875 alta
1235 826 1561 884 excellentia
1593 833 1781 902 gloriae
1801 855 1906 895 coe-

302 886 462 945 lestis
504 893 855 967 exprimitur,
880 902 1181 976 aliquando
1194 919 1375 970 autem
1405 933 1700 989 pravorum
1731 926 1909 999 rigida

300 979 472 1036 elatio
496 980 836 1055 designatur.
870 988 1031 1049 Cedri
1060 1000 1282 1057 nomine
1319 979 1555 1065 caelestis
1573 1012 1759 1083 gloriae
1781 979 1909 1073 ccel-

298 1070 492 1127 situdo
538 1077 890 1150 exprimitur,
922 1084 1066 1142 sicut
1112 1091 1398 1155 Psalmista
1424 1070 1654 1160 testatur
1679 1108 1907 1166 :Justus

298 1164 358 1213 ut
383 1160 571 1229 palma
605 1164 829 1233 ﬂorebit.
863 1171 997 1228 sicut
1036 1179 1221 1238 cedrus
1247 1184 1438 1241 Libani
1464 1160 1908 1264 nmitiplicabitur

298 1248 459 1319 (Psal
485 1267 601 1322 xcr,
627 1256 754 1358 f3):
776 1258 938 1358 Cedri
970 1281 1160 1327 rursus
1200 1276 1426 1334 nomine
1453 1248 1686 1353 superba
1714 1248 1907 1358 pravo-

295 1355 419 1395 rum
444 1343 694 1412 potentia
722 1345 1058 1426 designatur,
1096 1360 1238 1417 sicut
1272 1379 1367 1436 per
1385 1343 1638 1428 eumdem
1666 1343 1907 1449 Prophe-

293 1437 405 1486 tam
429 1431 666 1492 dicitur:
709 1438 820 1496 νοω
847 1440 1067 1504 Domini
1095 1431 1476 1526 confringentis
1504 1462 1685 1517 cedros
1711 1431 1903 1534 (P‘sat.

295 1536 502 1579 xxvm.
535 1523 618 1597 5).
663 1525 809 1594 Quid
838 1540 1025 1592 autem
1054 1539 1229 1596 cauda
1248 1523 1553 1604 Bebemoth
1582 1523 1763 1624 istius,
1796 1557 1907 1615 nisi

297 1608 394 1666 illa
420 1613 668 1686 antiquis
688 1614 864 1678 hostis
891 1629 1212 1687 extremitas
1232 1631 1438 1691 dicitur
1458 1654 1473 1704 ;
1492 1654 1618 1697 cum
1641 1642 1905 1703 nimirum

280 2064 485 2122 elevari
516 2073 877 2147 permittitur,
910 2089 1057 2138 recte
1075 2099 1207 2142 voce
1224 2088 1516 2150 Dominica
1544 2096 1718 2153 cauda
1740 2098 1896 2158 illius

278 2154 443 2212 cedro
470 2172 836 2234 comparatur.
860 2168 1015 2228 Sicut
1035 2173 1183 2231 enim
1213 2177 1409 2236 cedrus
1437 2183 1661 2242 arbusta
1696 2196 1894 2247 caetera

278 2241 338 2297 in
365 2246 537 2305 altum
594 2257 892 2314 crescendo
946 2260 1169 2335 deserit,
1200 2266 1280 2323 ita
1332 2276 1470 2330 tunc
1499 2274 1889 2337 Antichristus

272 2336 470 2393 mundi
492 2340 728 2413 gloriam
758 2354 1132 2422 temporaliter
1149 2357 1426 2431 obtinens,
1458 2382 1746 2426 mensuras
1778 2371 1889 2429 ho-

271 2424 489 2484 minum
517 2439 573 2486 et
601 2431 830 2493 honoris
871 2442 1146 2514 culmine,
1197 2456 1252 2503 et
1282 2450 1566 2522 signorum
1612 2466 1885 2529 potestate

266 2520 644 2577 transcendet.
678 2525 917 2596 Spiritus
951 2530 1152 2604 quippe
1181 2534 1238 2591 in
1268 2520 1367 2593 illo
1397 2551 1477 2597 est
1530 2520 1646 2617 qui,
1685 2548 1743 2604 in
1786 2567 1889 2608 su-

256 2607 540 2668 blimibus
571 2616 850 2689 conditus,
869 2626 1173 2693 potentiam
1202 2637 1411 2689 natura;
1437 2652 1549 2692 suae
1575 2655 1688 2697 non
1709 2645 1888 2715 perdi-

257 2696 351 2753 dit
382 2701 469 2755 vel
500 2702 764 2774 dejectus.
796 2708 965 2782 Cujus
1008 2714 1215 2775 idcirco
1244 2721 1425 2783 virtus
1474 2743 1623 2786 nunc
1653 2731 1885 2792 minime

268 2788 609 2860 ostenditur,
642 2795 770 2867 quia
799 2797 1205 2872 dispensatione
1235 2810 1257 2844 ²
1286 2810 1491 2871 divlnze
1521 2817 1872 2883 fortitudinis

273 2876 493 2948 ligatur.
542 2882 696 2939 Unde
722 2904 819 2959 per
844 2891 1111 2952 Joannem
1156 2898 1405 2960 dicitur:
1459 2907 1579 2965 Vidi
1624 2876 1877 2986 angelum

269 2966 652 3029 descendentem
690 2976 752 3031 de
787 2981 932 3049 creto,
965 2984 1232 3045 habentem
1251 2994 1449 3050 clavem
1487 2966 1881 3071 abyssi,

268 3063 443 3113 tenam
468 3076 713 3134 magnam
742 3067 799 3122 in
818 3086 982 3127 manu
1004 3090 1101 3131 sua
1121 3094 1145 3143 ;
1175 3085 1222 3134 et
1238 3063 1583 3154 apprehendit
1602 3063 1881 3151 draconem

269 3156 551 3219 serpentem
596 3156 896 3227 antiquum,
935 3163 1030 3233 qui
1064 3171 1138 3221 est
1169 3168 1414 3229 diabolus
1454 3182 1501 3231 et
1547 3179 1801 3251 Satanas,
1832 3192 1881 3240 et

262 3238 429 3308 igavit
445 3258 563 3297 eum
582 3261 684 3316 per
709 3264 878 3305 annos
905 3253 1073 3324 mille,
1106 3263 1154 3312 et
1186 3260 1330 3316 misit
1375 3282 1495 3321 eum
1532 3267 1592 3323 in
1620 3271 1873 3344 abyssum

264 3333 320 3383 et
334 3330 521 3389 clausit
548 3341 598 3390 et
620 3337 850 3409 signavit
870 3360 1030 3415 super
1057 3364 1173 3404 eum
1230 3352 1422 3426 (Apoc,
1454 3375 1555 3429 xx,
1590 3362 1641 3432 1,
1675 3330 1730 3434 2,
1766 3366 1870 3439 3,).

262 3417 331 3474 Li
338 3429 493 3491 gatus
507 3426 711 3502 quippe
741 3433 762 3467 ³
782 3434 982 3492 missus
1010 3436 1069 3494 in
1091 3417 1355 3515 abyssum
1372 3417 1730 3523 perhibetur:
1744 3417 1875 3529 qu’ila

259 3519 509 3571 retrusus
535 3517 595 3573 in
624 3536 920 3592 pravorum
940 3528 1221 3602 cordibus,
1254 3517 1501 3606 potentia
1524 3540 1732 3601 divinae
1760 3545 1870 3603 dis-

253 3605 599 3673 pensationis
646 3612 989 3686 astringitur,
1013 3634 1081 3674 ne
1111 3620 1171 3675 in
1185 3605 1455 3695 quantum
1485 3645 1684 3688 nocere
1721 3636 1870 3693 valet

254 3690 581 3767 effrenetur,
608 3703 962 3776 utiquamvis
1007 3724 1104 3780 per
1136 3690 1229 3767 eos
1275 3717 1490 3773 occulte
1537 3722 1748 3793 saeviat,
1799 3726 1866 3783 ad

252 3782 538 3843 violentas
589 3795 769 3847 tamen
816 3794 1080 3867 rapinas‘
1128 3802 1397 3873 superbiae
1433 3822 1546 3864 non
1593 3822 1892 3887 erumpat.-

249 3871 363 3929 Sed
384 3873 505 3934 illic
525 3882 799 3951 quomodo
820 3882 879 3941 in
898 3887 1094 3945 mundi
1110 3871 1220 3949 ﬁne
1240 3892 1313 3949 sit
1329 3896 1631 3957 solvendus
1648 3871 1868 3963 intiina.

252 3969 365 4032 tur,
398 3981 524 4021 cum
571 3967 811 4030 dicitur:
865 3976 942 4032 Et
961 3984 1245 4051 postquam
1273 3992 1625 4047 consummati
1663 3992 1871 4063 fuerint

250 4052 400 4109 mille
426 4057 580 4127 anni,
611 4061 844 4118 solvetur
872 4072 1026 4123 satan
1055 4069 1117 4125 de
1144 4088 1351 4130 carcere
1403 4095 1520 4145 suo,
1552 4081 1573 4115 ⁵
1605 4088 1652 4137 et
1683 4085 1863 4157 exibit,

251 4145 303 4192 et
320 4142 525 4198 seducet
541 4153 711 4217 gentes
729 4151 924 4222 (Ibid.,
946 4155 1028 4228 7).
1052 4157 1364 4220 Millenario
1380 4142 1616 4241 namque
1635 4142 1866 4231 numero

252 4230 579 4289 universum
602 4252 701 4308 pro
734 4241 1071 4311 perfectione
1101 4264 1199 4305 sua
1228 4250 1335 4310 hoc
1364 4260 1773 4328 quantumlibet
1791 4263 1865 4321 sit

247 4318 514 4379 Ecclesiae
544 4335 747 4384 sanctae
792 4338 1008 4406 tempus
1059 4318 1416 4410 exprimitur.
1469 4347 1589 4413 Quo
1619 4360 1859 4423 peracto,

244 4410 513 4483 antiquus
533 4413 707 4474 hostis
736 4420 854 4477 suis
883 4423 1102 4481 viribus
1130 4428 1391 4501 traditus,
1430 4450 1606 4505 pauco
1636 4439 1859 4510 quidem

240 4498 306 4553 in
335 4508 602 4576 tempore,
635 4507 732 4565 sed
775 4510 833 4567 in
863 4514 1041 4571 multa
1065 4525 1259 4576 contra
1285 4536 1386 4578 nos
1434 4523 1663 4593 virtute,
1698 4529 1854 4586 laxa-

239 4595 355 4647 ῐῐιΓ.

313 5171 427 5261 ‘_In
457 5174 579 5234 Val.
614 5180 696 5261 Cl.
754 5181 979 5242 additur
1006 5194 1289 5261 suppetunt
1336 5193 1397 5250 de
1422 5196 1636 5254 insidiis
1674 5200 1843 5258 Anti-

231 5243 293 5299 σιτ
303 5245 449 5319 risti,
481 5266 619 5319 quw,
651 5260 755 5311 etc.

307 5316 342 5398 ³.
363 5316 540 5388 Editi,
566 5324 759 5405 dicina:
777 5330 1042 5405 potentiae,
1064 5330 1211 5405 quod
1230 5332 1459 5395 minime
1480 5348 1844 5401 mutassemus

227 5387 345 5474 nisi
375 5387 572 5474 omnes
597 5396 722 5453 Mss.
763 5387 942 5474 nostri
971 5387 1292 5474 coegissent.

307 5461 331 5540 ξ
371 5461 672 5540 _O_mit_titur
697 5470 909 5540 missus,
946 5473 1004 5528 in
1032 5461 1206 5531 Laud.
1239 5461 1292 5532 et
1324 5480 1443 5536 Val.
1474 5482 1556 5540 Cl.

305 5533 328 5612 ξ
370 5533 514 5631 Male
534 5537 590 5631 in
612 5540 748 5610 pler.
772 5533 977 5631 Editis,
1000 5547 1253 5631 superbia
1270 5533 1646 5631 npnierumpet,
1669 5573 1845 5631 neque

223 5602 385 5700 enim
431 5605 524 5688 hic
550 5602 629 5691 de
667 5613 938 5700 superbiae
961 5602 1131 5700 'vitig,
1163 5618 1258 5700 sed
1287 5621 1353 5676 de
1382 5602 1603 5700 diabolo
1631 5602 1837 5700 agitilr.

223 5674 579 5770 Corgecti‘on‘i
622 5674 1174 5770 prmluxerun‘tnltls's.
1227 5690 1337 5770 duo
1384 5695 1589 5770 Germ,
1623 5674 1841 5770 N3rm.,

220 5746 430 5827 La_udh.,
464 5751 587 5807 Val.
622 5746 715 5827 Cl.
739 5764 795 5811 et
824 5765 915 5813 vet
941 5758 1093 5816 Edit.
1125 5746 1297 5819 Paris.
1316 5746 1586 5827 iac'Dasuil-j

295 5820 321 5853 ⁵
361 5819 573 5879 Gemet.
606 5832 660 5880 et
691 5826 879 5897 Corb.,
921 5830 1159 5890 Germ.et
1192 5819 1346 5893 exiet.

563 5922 803 5983 Ps'rnou.
852 5927 1100 5988 LXXVI.

1096 330 1469 397 MORALIUM
1506 343 1639 402 LIB.
1683 349 1915 411 XXXII.
1957 388 2027 402 —
2064 363 2136 420 IN
2176 365 2403 427 CAPUT
2439 374 2537 433 XL
2576 379 2637 435 Β.
2678 381 2820 441 JOB.

312 440 361 489 et
380 428 885 507 perAntichristum
899 452 1067 508 multa
1085 455 1233 526 signa
1253 459 1429 529 faciet.
1460 497 1531 510 -—
1556 470 1801 532 Multain
1815 478 1904 535 his
1929 489 1981 548 Α
2016 504 2224 562 magna,
2256 499 2431 565 qualis
2462 503 2484 535 6

313 526 331 559 ι
378 536 679 565 «πηηοὴιηο
743 548 861 565 νην..
889 536 1194 565 ινα-..-μμ
1378 554 1410 565 ..
1640 562 1654 565 Α

3517 388 3623 471 65o

2513 519 2618 558 non
2644 506 2752 576 [ιιἰί
2768 510 2834 566 ab
2863 512 3017 571 initio
3046 525 3233 581 mundi
3252 515 3414 602 usque
3432 539 3614 606 modo,

2018 594 2182 685 neque
2208 584 2298 654 ﬁet
2327 585 2538 659 (Matth.
2572 610 2730 666 xxxv,
2764 598 2878 673 21).
2914 604 3056 664 Hinc
3096 584 3625 685 rursum‘ait

2716 665 2720 666 ν
2835 665 2845 673 ν
3137 665 3315 673 ,____---
3343 665 3455 679 η...
3499 665 3620 685 ...σε

2021 665 2242 726 breviati
2260 673 2483 743 fuissent
2512 682 2621 738 dies
2652 686 2755 753 illi,
2787 706 2891 746 non
2920 695 3066 765 ﬁeret
3094 704 3249 760 salva
3278 712 3451 767 omnis
3491 732 3620 774 caro

2024 756 2210 832 (Ibid,
2241 761 2356 835 22).
2402 767 2543 836 Quia
2573 774 2719 831 enim
2749 787 2803 835 et
2843 756 3108 856 superbos
3142 809 3243 851 nos
3282 804 3335 854 et
3369 800 3621 862 infirmos

2018 851 2287 913 Dominus
2317 862 2606 933 conspicit,
2639 866 2756 924 dies
2784 886 2920 944 quos
2950 876 3303 951 singulariter
3332 891 3509 949 malos
3540 894 3620 951 in-

2018 944 2148 999 tulit
2177 949 2609 1010 misericorditer
2627 955 2904 1020 breviatos
2928 944 3084 1039 dicit,
3103 975 3351 1043 profecto
3373 944 3513 1039 etut
3532 1002 3620 1042 su-

2017 1033 2260 1105 perbiam
2293 1047 2495 1099 terreat
2523 1043 2589 1100 de
2614 1047 2944 1110 adversitate
2965 1033 3255 1134 temporis,
3371 1069 3613 1131 inﬁrmi-

2020 1132 2184 1181 totem
2221 1130 2465 1189 refoveat
2494 1134 2562 1191 de
2579 1136 2849 1200 brevitate
2883 1147 2902 1180 ⁷
2934 1130 3169 1210 dierum.

2089 1214 2227 1289 [Vet.
2264 1221 2452 1297 XIII.]
2485 1225 2571 1282 24.
2604 1230 2696 1285 Ea:
2727 1233 2890 1304 signis
2917 1254 3033 1308 quae
3058 1241 3221 1312 faciet
3233 1249 3361 1318 plus
3380 1259 3620 1312 metuen-

2017 1305 2135 1374 dus,
2166 1325 2327 1379 quam
2359 1330 2425 1368 ex
2455 1318 2627 1387 ptenis
2646 1336 2780 1391 quas
2826 1305 3154 1401 martyribus
3182 1305 3486 1399 intulitr;
3512 1348 3619 1406 Sed

2017 1397 2479 1462 considerandum
2508 1409 2667 1467 valde
2697 1423 2798 1484 est,
2837 1434 2964 1475 cum
2994 1422 3299 1487 Behemoth
3342 1434 3445 1491 iste
3478 1455 3619 1496 cau-

2017 1484 2141 1542 dam
2172 1506 2327 1547 suam
2350 1493 2501 1552 sicut
2521 1499 2747 1559 cedrum
2777 1506 3049 1579 sublevat,
3081 1513 3139 1571 in
3169 1534 3279 1592 quo
3317 1530 3453 1582 tunc
3474 1535 3618 1585 atro-

1998 1853 2292 1908 immersus
2313 1852 2513 1927 jugulo
2530 1860 2744 1931 gladius
2774 1871 2994 1941 stravit,
3027 1852 3166 1933 alios
3196 1884 3380 1941 crucis
3399 1888 3615 1959 patibu-

2009 1940 2123 1995 lum
2152 1940 2350 2011 aﬂixit,
2381 1945 2439 2000 in
2471 1963 2579 2020 quo
2609 1960 2663 2008 et
2704 1970 2851 2013 mors
2882 1973 3181 2031 provocata
3210 1940 3518 2045 repellitur,
3557 1983 3612 2032 et

2007 2030 2223 2101 repulsa
2249 2044 2598 2105 provocatur.
2621 2042 2778 2101 Ali'os
2812 2030 3043 2109 hirsutis
3082 2072 3232 2114 serra
3251 2030 3613 2123 dentibus’at-

2004 2118 2182 2189 trivit,
2215 2122 2353 2180 alios
2384 2137 2595 2185 armata
2629 2130 2778 2190 ferro
2812 2135 3093 2200 insulcans
3117 2149 3361 2219 ungula9
3383 2156 3607 2226 carpsit,

2002 2207 2140 2265 alios
2168 2209 2414 2269 belluina
2442 2216 2618 2274 rabies
2640 2223 2914 2283 morsibus
2948 2229 3329 2294 detruncando
3365 2244 3610 2300 commi-

2002 2298 2146 2367 nuit,
2178 2300 2316 2359 alios
2342 2303 2411 2360 ab
2440 2304 2653 2367 intimis
2682 2313 2956 2374 viscerum
2970 2336 3069 2392 per
3085 2332 3268 2383 cutem
3298 2344 3485 2401 pressa
3520 2333 3608 2390 vis

2001 2386 2294 2446 verberum
2313 2393 2483 2465 rupit,
2516 2396 2654 2455 alios
2682 2401 2879 2462 effossa
2896 2415 3043 2467 terra
3072 2412 3327 2473 viventes
3355 2422 3603 2493 operuit,

2003 2475 2049 2510 ¹⁰
2079 2477 2216 2535 alios
2245 2478 2304 2536 in
2348 2482 2521 2541 altum
2568 2485 2845 2551 demersos
2874 2496 2933 2552 in
2977 2509 3209 2561 mortem
3232 2510 3604 2583 praecipitium

1998 2564 2180 2639 fregit,
2216 2569 2355 2626 alios
2376 2571 2432 2628 in
2463 2591 2521 2631 se
2541 2578 2814 2651 projectos
2843 2602 2985 2660 aqua
3004 2564 3266 2664 replendb
3295 2564 3602 2673 absorbuit,

1996 2655 2135 2713 alios
2166 2656 2306 2715 edax
2352 2661 2573 2722 ﬂamma
2617 2685 2790 2743 usque
2838 2675 2907 2732 ad
2936 2677 3149 2738 cineres
3190 2683 3416 2758 depasta
3459 2708 3603 2749 con-

1994 2750 2249 2820 sumpsit.
2286 2748 2425 2808 Cum
2453 2753 2623 2827 igitur
2651 2759 2964 2823 Behemoth
2980 2767 3082 2826 iste
3098 2748 3327 2832 caudam
3357 2795 3512 2836 suam
3542 2781 3599 2837 in

1993 2834 2102 2891 fine
2132 2839 2327 2896 mundi
2349 2844 2583 2916 nequius
2605 2846 2818 2921 dilatat,
2852 2856 2987 2927 quid
3007 2867 3093 2915 est
3111 2863 3257 2934 quod
3284 2865 3344 2920 in
3374 2834 3600 2927 histor-

1992 2927 2193 2982 mentis
2226 2935 2418 2993 1060
2448 2940 2580 2993 tunc
2630 2943 2868 2999 atrocius
2898 2927 3266 3018 crescat,'nisi
3312 2954 3420 3013 hoc
3449 2962 3598 3031 quod

1990 3024 2049 3079 in
2081 3026 2385 3098 Evangelia
2425 3029 2643 3090 Veritas
2664 3052 2761 3107 per
2774 3043 3124 3115 semetipsam
3153 3045 3325 3105 dicit:
3364 3024 3600 3126 Sur-genj

1982 3119 2371 3189 pseudochristi
2394 3127 2443 3176 et
2460 3125 2946 3201 pseudoprophetce;
2980 3141 3028 3190 et
3061 3137 3262 3194 dabunt
3289 3140 3442 3213 signa
3624 3206 3645 3217 Ι

1908 3231 1951 3291 C
1986 3225 2091 3279 gna
2118 3215 2165 3264 et
2186 3212 2477 3284 prodigia;
2510 3214 2583 3306 ita
2624 3219 2758 3275 utin
2785 3238 3030 3306 errorem
3060 3212 3364 3289 mittantur.
3396 3232 3445 3287 si
3475 3234 3597 3306 ﬁeri

1980 3304 2170 3368 potest,
2199 3301 2357 3358 etiam
2386 3305 2531 3360 electi
2564 3305 2777 3379 (Matth.
2811 3327 2973 3384 XXIV,
3006 3300 3099 3390 24)
3123 3317 3151 3374 ?
3179 3318 3339 3377 Nunc
3366 3300 3515 3378 enim
3532 3321 3593 3381 ﬁ-

1985 3387 2137 3447 deles
2160 3392 2339 3449 nostri
2368 3394 2509 3452 mira
2533 3396 2767 3470 faciunt,
2810 3419 2937 3460 cum
2974 3421 3231 3478 perversa
3258 3412 3586 3484 patiuntur;

1982 3482 2116 3536 tunc
2143 3489 2324 3539 autem
2373 3485 2679 3546 Behemoth
2723 3490 2891 3563 hujus
2933 3497 3221 3568 satellites,
3260 3482 3433 3557 etiam
3463 3482 3589 3559 cum

1982 3582 2239 3638 perversa
2271 3572 2540 3646 inferunt,
2562 3578 2705 3634 mira
2732 3579 2933 3639 facturi
2961 3593 3111 3643 sunt.
3136 3587 3434 3648 Pensemus
3461 3606 3588 3664 ergo

1982 3672 2102 3730 quae
2128 3659 2232 3717 erit
2276 3660 2532 3721 humana)
2560 3667 2760 3725 mentis
2801 3669 2898 3727 illa
2928 3674 3183 3745 tentatio,
3208 3678 3429 3751 quando
3458 3659 3585 3751 pius

1981 3756 2193 3821 martyr
2221 3758 2274 3807 et
2303 3769 2500 3825 corpus
2540 3759 2833 3816 tormentis
2879 3762 3128 3834 subjicit,
3158 3772 3213 3821 et
3241 3774 3425 3824 tamen
3454 3777 3581 3824 ante

1980 3836 2100 3910 ejus
2128 3840 2319 3897 oculos
2342 3849 2520 3900 tortor
2548 3845 2813 3904 miracula
2854 3850 3010 3907 facit.
3045 3852 3215 3925 Cujus
3243 3862 3376 3912 tunc
3406 3858 3584 3917 virtus

1978 3943 2089 3983 non
2119 3928 2186 3985 ab
2214 3929 2335 4002 ipso
2360 3933 2761 4006 cogitationum
2782 3937 2957 3995 fundo
2978 3939 3280 4014 quatiatur,
3294 3945 3514 4018 quando
3530 3948 3579 4006 is

1978 4017 2073 4090 qui
2104 4017 2289 4092 ﬂagris
2311 4023 2525 4080 cruciat
2542 4023 2715 4098 signis
2744 4037 2995 4087 coruscat
3012 4029 3041 4086 ?
3067 4031 3294 4091 Dicatur
3314 4017 3484 4108 igitur
3499 4053 3580 4094 re-

1975 4116 2061 4164 cte
2087 4125 2099 4164 :
2133 4109 2359 4183 Stringit
2385 4114 2609 4171 caudam
2628 4132 2779 4173 suam
2807 4119 2963 4190 quasi
2989 4121 3218 4192 cedrum,
3251 4125 3382 4198 quia
3415 4125 3580 4186 nimio

1974 4216 2097 4256 rum
2129 4209 2183 4257 et
2210 4204 2355 4261 altus
2384 4213 2517 4264 tunc
2541 4208 2646 4265 erit
2666 4210 3021 4269 veneratione
3047 4213 3308 4288 prodigii,
3328 4222 3383 4273 et
3405 4216 3578 4278 durus

1973 4290 2300 4349 crudelitate
2330 4298 2612 4354 tormenti.

2045 4378 2182 4452 [νει.
2213 4383 2297 4438 XI
2306 4383 2389 4458 V.]
2422 4386 2510 4442 25.
2534 4387 2897 4448 Antichristus
2925 4392 3064 4450 alios
3090 4395 3321 4453 mentitis
3350 4396 3575 4457 virtuti-

1973 4464 2066 4521 bus
2093 4469 2335 4541 decipiet,
2353 4474 2491 4527 alios
2510 4476 2563 4530 vi
2588 4480 2877 4549 superabit.
2896 4512 2968 4523 —
2985 4481 3107 4540 Non
3127 4486 3275 4543 enim
3295 4488 3413 4545 sola
3438 4497 3574 4549 tunc

1879 4599 1929 4660 D
1969 4565 2233 4628 potestate
2290 4561 2539 4634 erigitur,
2599 4566 2694 4622 sed
2723 4569 2888 4625 etiam
2918 4571 3200 4645 signorum
3258 4581 3571 4641 ostensione

1963 4646 2216 4703 fulcitur.
2250 4648 2405 4708 Unde
2433 4660 2488 4709 et
2515 4671 2611 4728 per
2631 4658 2809 4716 David
2826 4660 3065 4721 dicitur:
3099 4665 3404 4725 Insidiatur
3417 4672 3473 4726 in
3489 4687 3571 4728 oc-

1966 4740 2126 4795 culto.
2166 4743 2314 4812 quesi
2345 4745 2420 4799 leo
2449 4744 2505 4801 in
2532 4748 2697 4805 cubili
2740 4768 2835 4808 suo
2863 4755 3044 4826 (Psat.
3078 4774 3158 4814 ιχ.
3183 4758 3273 4828 30,
3301 4762 3383 4816 vel
3411 4762 3563 4830 Psai,

1962 4842 2019 4897 x,
2056 4830 2132 4899 9).
2168 4831 2255 4915 Ad
2284 4843 2527 4906 apertam
2565 4854 2803 4915 namque
2842 4846 3145 4915 potentiam
3174 4846 3476 4905 suﬁecisset
3503 4856 3566 4907 ut

1960 4915 2046 4974 leo
2079 4910 2240 4991 esset,
2269 4924 2483 4982 etiamsi
2514 4927 2782 4989 insidians
2820 4948 2932 4989 non
2973 4934 3199 5004 fuisset;
3233 4952 3563 5012 rursumque

1958 5008 2027 5066 ad
2061 5012 2301 5069 occultas
2354 5019 2623 5077 versutias
2669 5022 2991 5093 suﬂ‘ecisset,
3024 5033 3085 5082 ut
3112 5022 3388 5085 insidians
3417 5027 3560 5085 sub-

2029 5203 2050 5307 :
2090 5202 2389 5307 l(gemetret
2418 5207 2582 5291 Corb.
2606 5211 2791 5307 Carpi.
2813 5230 3096 5307 nunquam
3122 5216 3249 5307 fuit.
3322 5299 3331 5307 ι

2028 5275 2050 5357 ξ
2088 5276 2250 5357 Deest
2280 5279 2486 5357 dierum
2518 5283 2771 5357 induob.
2811 5275 3020 5357 Germ,
3052 5275 3250 5349 Prateli
3283 5299 3338 5351 et
3369 5293 3512 5355 Utic.

2030 5346 2050 5380 ⁸
2085 5346 2236 5402 Editi
2271 5350 2436 5432 etiam
2484 5354 2824 5426 antiquiores
2880 5346 3019 5413 cum,
3058 5361 3241 5437 Germ.
3288 5367 3415 5437 Ms.,
3447 5386 3553 5425 non

1952 5417 2213 5474 novimus.
2234 5422 2602 5511 JNegationefn
2620 5417 2743 5511 quae
2773 5445 2992 5511 sensum
3024 5434 3249 5511 tollebat
3277 5417 3551 5511 expunxi-

1953 5492 2483 5580 iniusﬂ‘suade‘ntibus
2510 5492 2914 5580 Mss_.:.Anglic.,
2944 5503 3157 5575 Norm.,
3182 5492 3382 5580 Laud:
3419 5512 3543 5571 Val.

1954 5559 2063 5629 Cl.,
2096 5561 2258 5619 Corb.
2284 5564 2467 5622 Germ.
2502 5575 2556 5624 et
2583 5569 2727 5627 aliis.

2023 5632 2299 5721 :Ebroi‘c.
2331 5638 2536 5710 aliique
2563 5641 2776 5721 Norm.,
2809 5643 3038 5716 Turon.,
3069 5646 3265 5721 Laud.,
3301 5651 3426 5721 Val,
3460 5653 3543 5713 Cl.

1951 5711 2005 5759 et
2026 5703 2188 5783 Corb.
2217 5708 2432 5783 Cerm.,
2446 5703 2677 5783 sparsit.

2026 5777 2072 5810 ¹⁰
2100 5776 2271 5868 Corb.
2296 5776 2577 5868 Gprman”
2608 5785 2805 5846 Pratel.
2829 5795 2884 5847 et
2912 5796 3187 5868 nonnulli,
3205 5797 3345 5856 alios
3374 5797 3545 5854 altum

1944 5848 2300 5920 prtecipitinm
2326 5852 2503 5926 fregit.

3221 5965 3285 6022 21
