4156 6178
607 279 706 336 651

1812 278 2060 335 SANC'I‘I
2099 278 2436 336 GREGOBII
2472 278 2700 335 MAGNI
3176 348 3179 353 ι
3799 286 3892 342 6δὲ

606 402 828 473 riperet,
858 399 1021 455 etiam
1061 399 1107 455 si
1138 400 1222 456 leo
1250 415 1363 456 non
1418 408 1574 458 esset.
1615 401 1721 459 Sed
1748 401 1879 475 quia
1922 402 2013 459 hic
2040 403 2194 458 anti-
2225 411 2276 470 Α
2305 402 2403 476 qui
2433 412 2615 460 mente
2632 402 2829 460 invicti
2858 411 2989 460 sunt
3016 404 3377 477 corporaliter
3409 403 3605 462 vincit.
3634 405 3730 464 Vel
3757 419 3892 473 certe

609 507 749 565 quus
777 489 952 549 hostis
965 492 1025 548 in
1053 491 1267 550 cunctis
1290 492 1406 548 suis
1420 492 1636 550 viribus
1661 492 1978 564 eﬁ‘renatur,
2006 493 2199 550 saevire

607 596 705 654 per
731 588 962 657 utraque
987 582 1346 657 permittitur,
1377 590 1441 639 nt
1479 590 1671 641 contra
1698 583 1899 641 electos
1926 583 1985 640 in
2015 591 2202 641 certa—

608 671 759 728 mine
782 679 836 728 et
854 670 1046 729 fraude
1059 681 1114 729 et
1141 670 1349 729 virtute
1377 672 1615 742 laxetur,
1647 672 1852 731 virtute
1880 689 1975 746 per
1999 682 2204 746 poten-

607 761 765 831 tiam,
795 760 987 818 fraude
1006 776 1105 835 per
1124 762 1298 835 signa.
1318 762 1482 820 Recte
1502 777 1630 835 ergo
1657 769 1713 819 et
1743 764 1828 821 leo
1858 770 1912 819 et
1932 761 2203 820 insidians

608 852 844 911 dicitur:
882 851 1154 910 insidians
1175 868 1272 925 per
1290 851 1684 910 miraculorum
1702 853 1958 925 speciem,
1992 854 2077 909 leo
2105 870 2204 927 per

609 941 993 1001 fortitudinem
1025 942 1362 999 saecularem.
1395 942 1466 998 Ut
1493 942 1644 998 enim
1666 955 1759 998 eos
1783 942 1878 1016 qui
1894 950 2079 1016 aperte
2095 942 2200 998 ini-

609 1033 704 1106 qui
731 1039 861 1091 sunt
888 1030 1191 1105 pertrahat,
1234 1031 1550 1088 saecularem
1580 1033 1884 1105 potentiam
1925 1039 2198 1100 ostentat;

608 1132 671 1181 ut
699 1138 829 1182 vero
852 1122 1033 1195 justos
1060 1122 1227 1178 etiam
1254 1122 1428 1193 fallat,
1458 1122 1629 1196 signis
1657 1124 2003 1181 sanctitatem
2034 1124 2201 1180 simu-

609 1215 703 1270 lat.
734 1214 852 1270 Illis
878 1213 1029 1268 enim
1068 1211 1259 1269 suadet
1285 1213 1579 1269 elationem
1609 1213 2026 1287 magnitudinis,
2068 1214 2201 1270 istos

607 1302 813 1376 decipit
839 1303 1150 1360 ostensione
1192 1303 1516 1360 sanctitaits.
1548 1304 1626 1360 De
1678 1304 1781 1361 hac
1812 1303 1988 1361 cauda
2016 1303 2202 1360 Behe-

608 1393 766 1451 moth
795 1393 956 1449 istius
974 1392 1076 1449 sub
1096 1392 1351 1451 draconis
1372 1392 1550 1466 specie
1570 1409 1666 1467 per
1683 1395 1951 1451 Joannem
1971 1394 2195 1451 dicitur:

608 1487 686 1543 Et
709 1484 881 1541 cauda
911 1484 1026 1556 ejus
1053 1483 1292 1540 trahebat
1317 1485 1526 1540 lertiam
1535 1491 1742 1556 partem
1772 1487 2046 1541 stellarum
2063 1485 2197 1554 caeli,

608 1582 657 1632 et
685 1575 943 1639 misiteas
971 1576 1029 1630 in
1060 1581 1258 1630 terram
1271 1575 1467 1647 (Apoc.
1492 1590 1594 1643 xu,
1625 1574 1699 1647 4).
1732 1574 1945 1633 Caelum
1966 1592 2201 1648 namque

607 1674 691 1725 est
720 1666 969 1724 Ecclesia
996 1681 1117 1739 quae
1143 1664 1204 1721 in
1234 1664 1337 1722 hac
1367 1671 1526 1722 nocte
1566 1665 1695 1721 vitae
1730 1666 2037 1738 praesentis,
2068 1666 2199 1723 dum

2306 492 2561 550 robustos
2587 500 2642 550 et
2670 494 2937 567 populum
2966 502 3285 552 sanctorum
3314 494 3624 553 secundum
3644 497 3891 556 volunta-

2306 592 2420 642 tem
2464 603 2619 643 suam
2649 587 2929 656 interﬁcit,
2978 604 3106 646 cum
3143 605 3236 646 eos
3264 587 3360 662 qui
3399 588 3614 645 robusti
3644 604 3707 646 ac
3733 592 3894 647 sancti

2309 674 2671 733 credebantur
2688 676 2759 734 ad
2778 685 2976 734 nutum
2991 695 3104 735 suae
3125 678 3428 736 voluntatis
3449 676 3652 735 trahit.
3675 678 3737 735 In
3753 678 3896 751 cujus

2312 780 2479 821 manu
2506 764 2665 822 dolus
2707 765 2985 839 dirigitur,
3019 768 3151 841 quia
3198 769 3258 824 in
3307 768 3406 824 illo
3454 767 3607 824 fraus
3659 783 3749 841 per
3776 785 3899 841 opus

2320 852 2637 926 adjuvetur.
2687 855 2848 924 Quod
2884 858 3031 913 enim
3063 856 3306 914 fallendo
3334 857 3493 926 dicit,
3519 858 3626 917 hoc
3656 859 3791 916 mira
3829 859 3898 916 fa-

2310 945 2506 1003 ciendo
2534 946 2763 1012 asserit;
2797 964 2925 1005 nam
2952 947 3229 1022 quidquid
3260 948 3500 1005 mendax
3530 949 3716 1022 lingua
3741 950 3900 1006 simu-

2311 1035 2406 1105 lat,
2438 1035 2544 1093 hoc
2573 1037 2729 1110 quasi
2761 1054 2957 1094 verum
2981 1054 3100 1095 esse
3130 1054 3326 1095 manus
3353 1040 3539 1112 operis
3565 1047 3822 1097 ostentat.

2380 1127 2466 1184 27.
2499 1127 2693 1184 Daniel
2722 1134 2770 1183 et
2814 1129 3022 1185 Paulus
3050 1129 3113 1184 de
3154 1129 3454 1186 Antichisto
3502 1131 3681 1187 eadem
3699 1131 3903 1185 docent:

2308 1247 2379 1258 —
2408 1216 2548 1273 Hinc
2576 1233 2797 1273 rursum
2829 1216 2966 1275 dicit
2990 1235 3002 1273 :
3041 1217 3246 1274 Contra
3286 1218 3587 1290 principem
3607 1219 3902 1291 principum

2309 1311 2603 1377 consurget,
2633 1311 2682 1360 et
2713 1308 2823 1362 sine
2861 1324 3027 1363 manu
3077 1314 3375 1363 conteretur
3401 1308 3599 1379 (Ibid,
3630 1308 3743 1381 25).
3776 1308 3908 1364 Hinc

2308 1394 2508 1451 Paulus
2537 1395 2650 1450 ait:
2686 1396 2773 1451 Ita
2807 1402 2865 1451 ut
2902 1397 2960 1453 in
2994 1399 3183 1469 templo
3213 1398 3316 1455 Dei
3356 1398 3530 1454 sedeat
3572 1398 3839 1453 ostendens
3863 1413 3912 1452 se

2313 1492 2565 1557 tanquam
2591 1486 2662 1540 sit
2688 1487 2829 1542 Deus
2857 1488 2885 1559 (
2889 1488 2954 1544 II
2978 1489 3157 1544 Thess.
3189 1505 3252 1557 ιι,
3282 1488 3362 1561 4).
3396 1488 3539 1544 Hinc
3558 1503 3772 1545 rursum
3801 1486 3908 1543 ait:

2313 1577 2474 1642 Quem
2524 1575 2785 1630 Dominus
2839 1576 2991 1632 Iesus
3024 1577 3300 1650 interﬁeiet
3347 1578 3544 1650 spiritu
3571 1578 3681 1633 oris
3726 1576 3829 1631 sui.
3869 1582 3915 1630 et

2309 1664 2538 1720 destruet
2576 1665 2935 1721 illustratiene
2980 1668 3235 1723 adventus
3264 1667 3366 1724 sui.
3403 1666 3563 1735 Quod
3623 1666 3774 1722 enim
3823 1681 3917 1738 per

607 1757 668 1814 in
696 1773 753 1814 se
769 1757 1085 1814 innumeras
1111 1763 1425 1812 sanctorum
1448 1756 1683 1812 virtutes
1703 1757 1970 1825 continet,
1988 1755 2201 1813 radian-
2239 1782 2281 1842 Β
2315 1757 2597 1814 Danielem
2649 1757 2863 1814 dictum
2893 1766 2975 1815 est
3015 1760 3241 1817 :Contra
3266 1758 3575 1831 Principem
3615 1757 3914 1830 principum

607 1847 758 1904 tibus
784 1845 1018 1918 desuper
1063 1844 1336 1901 sideribus
1362 1844 1554 1916 fulget.
1605 1843 1710 1901 Sed
1751 1843 2006 1902 draconis
2034 1845 2209 1903 cauda
2315 1853 2588 1919 consurget
2631 1846 2797 1920 (Dan.
2832 1863 2932 1914 vn,
2964 1845 3083 1917 25),
3117 1847 3224 1904 hoc
3278 1863 3374 1920 per
3403 1846 3637 1903 Paulum
3677 1846 3912 1902 dicitur:

608 1936 668 1993 in
696 1942 897 1991 terram
909 1934 1096 1990 stellas
1114 1932 1324 2005 dejicit.
1349 1935 1479 2007 quia
1508 1934 1605 1989 illa
1630 1933 1843 1990 Satanae
1858 1935 2202 2004 extremitas,

607 2043 705 2102 per
723 2026 1009 2085 audaciam
1025 2024 1293 2099 assumpti
1312 2025 1558 2083 hominis
1572 2033 1772 2096 erecta,
1789 2027 2054 2101 quosdam
2071 2044 2206 2103 quos

607 2119 762 2175 velut
798 2118 999 2175 electos
1025 2117 1126 2174 Dei
1154 2116 1214 2172 in
1243 2116 1491 2174 Ecclesia
1527 2116 1747 2175 invenit
1775 2117 2082 2175 obtinendo
2111 2134 2209 2175 re-

607 2207 807 2282 probos
856 2206 1117 2266 ostendit.
1168 2206 1365 2263 Stellas
1408 2207 1593 2280 itaque
1640 2206 1708 2263 de
1736 2208 1875 2265 caelo
1904 2208 1966 2263 in
2002 2216 2206 2265 terram

607 2300 800 2358 cadere
824 2306 904 2357 est
933 2298 1127 2357 relicta
1144 2299 1444 2356 nonnullos
1464 2314 1557 2372 spe
1579 2300 1906 2371 caalestium,
1926 2299 2024 2357 illo
2044 2299 2203 2370 duce,

606 2390 675 2449 ab
702 2389 971 2448 ambitum
1002 2391 1191 2464 gloriae
1220 2389 1500 2447 saecularis
1531 2389 1766 2449 inhiare.

679 2480 771 2541 26.
800 2481 907 2537 Per
933 2480 1249 2537 Antiochum
1267 2479 1625 2554 prcesignatus
1640 2488 1736 2538 est.
1758 2512 1829 2523 —
1844 2479 1989 2539 Hinc
2014 2480 2207 2541 Daniel

608 2569 710 2626 sub
735 2568 1000 2626 Antiochi
1055 2568 1238 2641 specie
1291 2576 1486 2627 contra
1513 2568 1658 2627 hanc
1689 2569 1946 2627 draconis
1976 2571 2207 2628 caudam

608 2660 878 2732 loquitur,
909 2659 1135 2717 dicens:
1168 2658 1369 2730 Dejecit
1397 2661 1460 2716 de
1487 2659 1828 2731 fortitudine,
1851 2667 1900 2717 et
1926 2662 1988 2717 de
2017 2662 2206 2729 stellis,

608 2755 657 2806 et
674 2748 998 2805 coneulcavit
1032 2766 1118 2805 eas
1150 2756 1198 2805 et
1225 2766 1390 2822 usque
1415 2751 1488 2806 ad
1529 2750 1827 2823 principem
1871 2749 2209 2823 fortitudinis

606 2840 971 2913 magniﬁcatus
998 2846 1092 2907 est,
1124 2845 1172 2895 et
1197 2839 1263 2895 ab
1292 2857 1349 2894 eo
1372 2839 1594 2896 abstulit
1628 2838 1758 2913 juge
1784 2839 2131 2913 sacriﬁcium,
2161 2846 2210 2896 et

606 2931 788 3003 dejecit
802 2933 971 2988 locum
997 2930 1427 3003 sanctiﬁcationis
1444 2930 1577 3002 ejus.
1609 2931 1792 2988 Robur
1823 2938 2000 2988 autem
2027 2932 2212 2988 datum

607 3027 683 3077 est
707 3020 756 3076 ei
781 3027 964 3077 contra
972 3018 1099 3092 juge
1116 3020 1457 3091 sacriﬁcium,
1482 3027 1707 3093 propter
1719 3028 1966 3093 peccata;
2000 3028 2049 3078 et
2069 3037 2219 3094 pro-_

606 3116 868 3166 sternetur
895 3111 1092 3166 veritas
1129 3111 1188 3165 in
1216 3116 1381 3178 terra,
1425 3116 1475 3165 et
1500 3109 1679 3181 faciet,
1724 3118 1774 3167 et
1799 3112 2211 3184 prosperabitur

609 3200 794 3275 (Dam.
816 3215 941 3268 vm,
970 3197 1169 3271 1M2).
1191 3200 1269 3255 De
1294 3199 1622 3257 fortitudine
1650 3201 1854 3279 quippe
1891 3209 1947 3258 et
1973 3202 2042 3259 de
2070 3204 2213 3260 stel-

606 3291 680 3348 lis
698 3288 907 3363 dejicit,
937 3306 1064 3348 cum
1093 3291 1391 3348 nonnullos
1417 3299 1473 3348 et
1520 3292 1643 3350 luce
1678 3290 1910 3364 justitize
1957 3294 2214 3367 resplen-

608 3379 820 3448 dentes,
849 3387 905 3437 et
931 3379 1138 3436 virtute
1165 3379 1346 3451 operis
1374 3380 1627 3438 robustos
1642 3380 1867 3453 frangit.
1901 3381 2008 3449 Qui
2036 3397 2212 3457 usque

607 3469 678 3528 ad
706 3469 1012 3543 principem
1037 3468 1382 3527 fortitudinis
1410 3469 1813 3544 magniﬁcatur,
1846 3471 1976 3545 quia
2021 3480 2215 3531 contra

609 3560 792 3634 ipsum
827 3566 1107 3617 auctorem
1136 3559 1363 3618 virtutis
1392 3560 1698 3619 extollitur.
1720 3560 1856 3633 Juge
1875 3559 2211 3619 sacriﬁcium

609 3648 781 3717 tollit,
814 3651 832 3686 ¹
864 3650 995 3725 quia
1018 3649 1264 3708 studium
1292 3649 1728 3708 conversationis
1754 3650 2015 3709 Ecclesiae
2043 3650 2104 3706 in
2132 3651 2211 3708 eis

613 3756 751 3816 quos
778 3741 985 3816 ceperit
1010 3739 1384 3816 interrumpit.
1406 3740 1594 3799 Robur
1612 3756 1744 3798 vero
1771 3740 1822 3797 ei
1837 3748 2061 3814 propter
2089 3756 2211 3813 pec-

614 3841 736 3891 cata
763 3842 955 3891 contra
976 3831 1107 3909 juge
1123 3833 1458 3893 sacriﬁcium
1478 3832 1663 3905 datur,
1694 3830 1824 3906 quia
1843 3831 1952 3889 nisi
1982 3846 2209 3903 pereun.

611 3921 757 3978 tium
790 3924 987 3979 merita
1019 3930 1204 3988 1061
1238 3922 1540 3994 exigerent,
1572 3938 1666 3978 eos
1686 3922 1709 3957 ³
1738 3920 1834 3993 qui
1863 3921 2000 3977 recti
2028 3918 2211 3974 crede-

613 4015 836 4084 bantur,
856 4018 1105 4074 obtinere
1120 4016 1469 4075 adversarius
1497 4030 1842 4087 nequaquam
1873 4022 2073 4086 posset.
2107 4016 2210 4072 Ve-

612 4103 747 4160 ritas
789 4101 847 4158 in
888 4110 1034 4161 terra
1076 4104 1464 4179 prosternitur,
1516 4102 1648 4175 quia
1674 4101 1812 4158 fides
1857 4111 1991 4160 tunc
2022 4119 2209 4163 rerum

613 4190 921 4248 caelestium
950 4193 1017 4249 ad
1040 4191 1373 4251 desiderium
1397 4191 1526 4246 vitae
1542 4191 1860 4262 temporalis
1886 4192 2206 4253 inclinatur.

613 4280 685 4338 Et
712 4278 897 4349 faciet,
936 4290 990 4339 et
1018 4279 1451 4356 prosperabitur,
1485 4279 1616 4354 quia
1640 4287 1775 4339 tunc
1802 4297 1914 4339 non
1938 4284 2118 4341 solum
2151 4285 2211 4342 in

614 4368 970 4443 reproborum
1004 4371 1300 4441 mentibus,
1333 4370 1428 4428 sed
1461 4371 1628 4427 etiam
1660 4371 1720 4429 in
1750 4372 2050 4431 electorum
2079 4390 2212 4432 cor-

614 4459 840 4535 poribus
867 4461 1192 4521 credulitate
1223 4460 1621 4529 inaestimabili,
1643 4463 1762 4520 sine
1788 4464 2034 4538 qualibet
2061 4463 2206 4537 obje-

2314 1936 2347 1992 Ι
2352 1942 2403 1992 ta
2430 1941 2488 1991 ut
2512 1935 2571 1990 in
2600 1934 2789 2004 templo
2815 1933 2916 1988 Dei
2938 1934 3131 1989 sedeat.
3178 1935 3454 1990 ostendens
3483 1951 3536 1990 se
3578 1940 3829 2006 tanquam
3856 1931 3919 1996 sit

2314 2023 2473 2080 Deus.
2504 2024 2575 2079 Et
2603 2023 2751 2095 quod
2771 2038 2867 2094 per
2879 2023 3165 2080 Danielem
3189 2023 3579 2097 subjungitnr:
3609 2024 3735 2081 Sine
3761 2037 3919 2079 manu

2313 2120 2607 2170 conteretur
2632 2113 2830 2185 (Ibid,
2861 2112 2978 2187 25),
3021 2113 3127 2171 hoc
3155 2131 3252 2187 per
3280 2115 3518 2171 Paulum
3548 2114 3920 2187 exprimitur:

2317 2206 2479 2273 Quem
2536 2203 2793 2260 Dominus
2847 2202 2998 2258 Iesus
3056 2204 3333 2276 interﬁciet
3383 2204 3580 2276 spiritu
3644 2204 3758 2259 oris
3788 2202 3876 2257 sui
3903 2202 3922 2236 ³

2319 2295 2407 2367 (ΙΙ
2437 2295 2585 2352 Thes.
2616 2311 2677 2362 ιι,
2706 2293 2790 2366 8).
2823 2293 2952 2351 Sine
2983 2309 3152 2351 manu
3179 2293 3385 2367 quippe
3429 2300 3771 2361 conteretur,
3799 2290 3922 2365 quia

2314 2400 2428 2440 non
2456 2384 2777 2456 angelorum
2804 2382 2971 2451 bello,
3004 2400 3117 2439 non
3137 2393 3458 2441 sanctorum
3489 2382 3813 2447 certamine,
3833 2378 3922 2435 sed

2316 2489 2414 2547 per
2442 2473 2741 2530 adventum
2764 2472 2971 2546 jndicis
3004 2472 3123 2529 solo
3143 2473 3256 2529 oris
3285 2473 3490 2546 spiritu
3519 2483 3726 2531 aeterna
3755 2477 3922 2526 morte

2317 2561 2565 2620 ferietur.
2593 2565 2671 2619 De
2700 2561 2869 2635 hujus
2897 2562 3205 2619 Behemoth
3233 2564 3475 2620 elatione
3504 2564 3635 2619 item
3671 2578 3769 2635 per
3796 2560 3922 2616 Pau-

2319 2654 2434 2710 lum
2456 2653 2663 2712 dicitur
2689 2672 2700 2710 :
2741 2654 2846 2722 Qui
2873 2655 3197 2711 adversatur
3213 2646 3261 2710 et
3287 2656 3568 2712 extollitur
3585 2671 3758 2726 supra
3784 2666 3923 2707 omne

2317 2744 2458 2816 quod
2485 2744 2684 2800 dicitur
2706 2743 2865 2813 Deus,
2886 2751 2982 2799 aut
3009 2745 3151 2815 quod
3174 2746 3373 2801 colitur
3399 2746 3583 2818 (Ibid,
3602 2744 3683 2817 4).
3716 2745 3795 2801 De
3823 2755 3923 2815 quo

2318 2833 2511 2891 Daniel
2532 2850 2656 2890 cum
2688 2842 2939 2905 quartam
2969 2833 3200 2889 bestiam
3232 2834 3442 2891 diceret
3460 2834 3648 2890 decem
3666 2830 3925 2890 cornibus

2317 2922 2535 2992 fultam,
2567 2923 2820 2995 protinus
2849 2921 3108 2993 adjunxit
3136 2940 3148 2978 :
3187 2922 3601 2979 Considerabam
3624 2939 3856 2988 cornua,
3883 2924 3930 2975 et

2316 3028 2421 3067 ecce
2451 3027 2618 3068 cornu
2647 3012 2798 3067 aliud
2822 3012 3117 3084 paruulum
3136 3019 3313 3067 ortum
3331 3018 3407 3068 est
3431 3012 3493 3067 de
3517 3011 3688 3066 medio
3717 3025 3929 3074 eorum;

2319 3109 2366 3160 et
2396 3105 2507 3161 tria
2534 3104 2597 3160 de
2623 3104 2870 3160 cornibus
2891 3102 3089 3176 primis
3107 3104 3289 3159 evulsa
3316 3109 3440 3158 sunt
3464 3122 3501 3160 a
3525 3101 3663 3173 facie
3693 3101 3816 3172 ejus
3842 3118 3854 3156 :
3887 3103 3934 3155 et

2319 3210 2425 3250 ecce
2451 3195 2593 3251 oculi
2619 3195 2774 3266 quasi
2792 3194 2933 3248 oculi
2957 3193 3184 3249 hominis
3208 3199 3363 3249 erant
3381 3193 3441 3248 in
3460 3208 3628 3248 cornu
3656 3191 3790 3255 isto,
3815 3196 3863 3245 et
3875 3204 3929 3243 os

2322 3283 2537 3354 loquens
2572 3282 2803 3355 ingentia
2837 3282 3019 3355 (Dam.
3070 3298 3171 3349 vn,
3200 3281 3285 3353 8).
3318 3279 3692 3337 Undecimum
3725 3279 3927 3353 quippe

2319 3372 2485 3446 hujus
2510 3372 2701 3429 bestiae
2729 3386 2903 3430 cornu
2929 3387 3046 3428 esse
3075 3371 3432 3440 describitur,
3464 3370 3596 3443 quia
3621 3371 3787 3443 regni
3816 3368 3927 3441 ejus

2320 3463 2566 3538 potentia
2586 3463 2876 3536 iniquitate
2900 3461 3212 3519 roboratur.
3246 3460 3395 3536 [νει.
3426 3461 3546 3534 XV]
3571 3460 3756 3518 Omne
3781 3458 3926 3516 enim

2321 3561 2606 3628 peccatum
2626 3551 2992 3610 undenarium
3020 3560 3121 3621 est,
3154 3552 3286 3625 quia
3331 3551 3469 3607 dum
3496 3567 3762 3624 perversa
3799 3549 3924 3621 agit,

2321 3645 2344 3681 ‘
2373 3652 2642 3719 praecepta
2681 3642 2926 3715 decalogi
2968 3641 3185 3699 transit.
3220 3642 3292 3697 Et
3321 3641 3452 3714 quia
3492 3641 3552 3697 in
3585 3641 3784 3699 cilicio
3814 3652 3926 3711 pec-

2320 3742 2504 3792 catum
2528 3735 2827 3808 plangitur,
2870 3731 3006 3789 hinc
3041 3739 3123 3788 est
3151 3730 3299 3804 quod
3335 3730 3394 3786 in
3438 3730 3799 3788 tabernaculo
3814 3727 3927 3784 vela

2320 3822 2816 3882 cilicinaundecim
2837 3822 2980 3879 ﬁunt
3002 3819 3207 3892 (Exod.
3233 3836 3415 3888 xxvn,
3444 3819 3523 3893 7).
3550 3819 3706 3876 Hinc
3726 3834 3820 3892 per
3833 3831 3927 3871 un-

2320 3911 2597 3967 decimum
2628 3913 2908 3968 Psalmum
2930 3910 3167 3967 dicitur:
3203 3910 3423 3966 Salvum
3448 3926 3529 3965 me
3546 3908 3660 3980 fac.
3687 3908 3923 3974 Domine,

2318 4000 2570 4070 quoniam
2606 3998 2793 4069 defecit
2822 4005 3035 4055 sanctus
3065 4000 3215 4071 (Psal
3244 4016 3323 4067 χι,
3350 4000 3424 4064 1).
3457 3999 3599 4055 Hinc
3629 3999 3696 4055 in
3740 3996 3924 4054 unde—

2320 4087 2477 4143 nario
2503 4102 2737 4143 numero
2765 4089 2787 4125 ⁶
2816 4104 3103 4146 remanere
3127 4090 3424 4162 Apostolos
3442 4089 3634 4145 Petrus
3670 4096 3921 4147 metuens

2319 4175 2607 4234 Matthiam
2636 4176 3049 4249 duodecimum,
3072 4188 3219 4238 sorte
3240 4180 3426 4249 missa,
3448 4180 3746 4253 requisivit
3777 4180 3917 4251 (Act.

2320 4282 2362 4334 Ι,
2409 4265 2524 4338 26).
2566 4266 2685 4324 Nisi
2714 4266 2864 4323 enim
2901 4268 3107 4341 signari
3146 4272 3367 4344 culpam
3413 4287 3509 4343 per
3553 4269 3926 4327 undenarium

2320 4364 2584 4426 cerneret,
2618 4350 2836 4429 impleri
2865 4360 3241 4431 apostolorum
3262 4376 3556 4417 numerum
3586 4367 3704 4417 tam
3735 4358 3926 4416 festiue

2320 4446 2659 4508 duodenario
2693 4468 2806 4508 non
2836 4463 3071 4533 curaret.
3105 4453 3248 4523 Quia
3279 4472 3407 4528 ergo
3428 4470 3525 4527 per
3552 4453 3928 4512 undenarium

614 4520 796 4610 btione
825 4552 1181 4624 grassabitur.
1208 4553 1349 4610 Hinc
1378 4567 1598 4609 rursum
1629 4568 1726 4626 per
1751 4520 2033 4612 Danielem
2056 4520 2206 4613 didi—
2235 4520 2285 4579 Β
2318 4543 2678 4614 transgressio
2706 4530 3058 4616 exprimitur,
3091 4543 3259 4617 huius
3287 4544 3477 4601 δθθιίδε
3510 4562 3691 4602 com“
3750 4542 3929 4601 mide“

614 4650 740 4700 tur:
765 4641 1053 4716 Consurget
1080 4660 1178 4699 rea:
1209 4643 1486 4715 impudens
1512 4642 1671 4715 facie,
1692 4649 1741 4699 et
1767 4644 2062 4717 intelligens
2084 4663 2211 4718 pro-

609 4732 915 4810 positiones,
962 4738 1011 4788 et
1038 4733 1382 4789 rnborabitur
1410 4731 1672 4803 fortitudo
1703 4732 1835 4803 ejus,
1889 4734 1979 4789 sed
2023 4752 2129 4791 non
2157 4736 2215 4791 in

616 4825 727 4883 suis
754 4824 957 4882 viribus
982 4823 1171 4897 (Dam.
1201 4839 1324 4891 vm,
1347 4820 1462 4895 23).
1521 4820 1676 4879 Illius
1703 4838 1938 4897 namque
1971 4823 2214 4884 hominis

617 4916 885 4975 fortitudo
913 4931 1026 4975 non
1073 4914 1188 4973 suis
1216 4912 1432 4971 viribus
1469 4913 1779 4985 roboratur,
1830 4916 1960 4989 quia
2001 4916 2213 4974 Satanae

618 5008 823 5065 virtute
845 5008 903 5064 in
924 5005 1153 5081 gloriam
1176 5002 1500 5079 perditionis
1519 5005 1811 5063 attollitur.
1835 5006 1979 5064 Hinc
1992 5023 2211 5064 rursum

618 5096 727 5153 ait:
760 5097 1045 5170 Interﬁeiet
1068 5095 1310 5152 robustos
1337 5100 1386 5151 et
1409 5096 1666 5168 populum
1689 5102 1992 5154 sanctorum
2019 5115 2212 5155 secun-

619 5185 746 5241 dum
772 5187 1092 5243 voluntatem
1118 5202 1289 5243 suam.
1313 5191 1358 5241 et
1379 5184 1638 5257 dirigetur
1657 5186 1810 5244 dolus
1826 5188 1885 5243 in
1910 5206 2074 5245 manu
2098 5186 2211 5259 ejus

623 5275 811 5345 (Ibid,
837 5275 927 5346 24,
950 5276 1066 5349 25).
1098 5276 1372 5335 Robustos
1387 5292 1623 5352 namque
1654 5276 1937 5350 interﬁcit,
1968 5296 2093 5338 cum
2120 5297 2213 5337 eos

660 5536 669 5547 .
696 5467 712 5501 ¹
744 5467 938 5536 Laud.,
973 5469 1101 5539 quia
1129 5469 1363 5526 studium
1382 5472 1759 5541 conversionis,
1792 5474 2026 5531 studium
2039 5477 2215 5534 Eccle-

623 5552 733 5683 ἀἶ’
756 5604 1015 5683 Vindan,
1047 5613 1140 5683 qui
1170 5620 1305 5669 recte
1337 5616 1629 5673 credebant.

697 5680 718 5714 ³
756 5676 1009 5760 Additur
1031 5676 1094 5760 in
1150 5683 1387 5760 gemet,
1440 5687 1640 5760 Laud,
1690 5688 1838 5759 Val.,
1881 5689 1988 5760 Cl.,
2044 5689 2215 5751 duob.

624 5752 832 5814 Germ,
858 5754 906 5805 et
933 5750 1162 5808 destruet
1185 5750 1545 5814 illustratione
1571 5750 1837 5817 adventus
1856 5762 1941 5817 sui
1948 5805 1959 5819 .

2323 4631 2469 4688 cimo
2519 4632 2634 4704 ipse
2671 4640 2864 4689 auctor
2937 4632 3723 4706 transgressionisindicatur.
3775 4627 3928 4701 Quod

2323 4720 2583 4777 videlicet
2618 4722 2909 4794 parvulum
2938 4725 3137 4794 oritur,
3170 4724 3300 4797 quia
3340 4728 3531 4789 1062
3560 4741 3739 4797 purus
3766 4722 3927 4779 homo

2324 4825 2643 4893 generatur:
2694 4819 2788 4877 sed
2826 4820 3143 4878 immaniter
3195 4822 3418 4893 crescit,
3449 4823 3583 4897 quia
3616 4837 3808 4896 usque
3860 4810 3926 4873 ad

2321 4906 2669 4982 conjunctam
2714 4909 2819 4965 sibi
2850 4910 2964 4967 vim
2994 4912 3252 4984 angelicae
3294 4909 3647 4970 fortitudinis
3685 4906 3925 4985 proficit.

2321 4997 2478 5067 Quod
2506 5000 2611 5056 tria
2639 5014 2842 5057 cornua
2887 5016 3007 5074 qua;
3037 5002 3087 5058 ei
3118 5013 3244 5061 ante
3288 5000 3486 5061 faciem
3534 5007 3666 5059 sunt
3713 4996 3923 5064 evellit,

2321 5087 2448 5161 quia
2475 5087 2674 5145 ditioni
2708 5105 2818 5146 sua:
2850 5104 3015 5162 regna
3044 5093 3272 5150 totidem
3300 5110 3423 5167 quae
3451 5092 3561 5149 sibi
3594 5090 3783 5149 vicina
3802 5093 3928 5145 sunt

2320 5175 2544 5251 subigit.
2583 5175 2753 5251 Cujus
2791 5177 2937 5235 oculi
2966 5187 3092 5237 sunt
3137 5191 3199 5239 ut
3227 5183 3375 5239 oculi
3419 5180 3689 5249 hominis,
3718 5177 3818 5235 sed
3845 5191 3924 5245 os,

2322 5267 2566 5342 ingentia
2584 5268 2846 5343 loquitur,
2874 5269 3003 5342 quia
3020 5270 3078 5327 in
3096 5271 3194 5328 illo
3225 5270 3469 5329 humana
3489 5269 3717 5345 quidem
3739 5268 3924 5324 forma

2398 5462 2418 5497 ‘
2447 5464 2567 5518 Duo
2610 5446 2816 5532 Germ.,
2846 5461 3042 5534 Laud.,
3072 5463 3271 5523 Pratel.
3294 5472 3349 5523 et
3364 5464 3650 5535 nonnulli,
3667 5456 3925 5538 prmcepti

2325 5550 2623 5623 decalogum
2634 5598 2646 5610 .

2397 5625 2419 5659 ⁸
2439 5623 2730 5704 Gu_ssan_v.,
2752 5627 2948 5684 mendo
2967 5627 3193 5688 fortasse
3209 5628 3626 5704 typographioo’
3644 5640 3925 5684 remanere

2325 5697 2594 5767 apostolus
2619 5699 2808 5755 Petrus
2842 5706 3090 5758 metuens.
