  <div class='ocr_page' id='page_1' title='image "/cluster/home/n/w/nwhite01/storage/ocr_20150623/76/hvd.32044052772456/334.png"; bbox 0 0 4156 6178; ppageno 0'>
   <div class='ocr_carea' id='block_1_1' title="bbox 349 228 455 284">
    <p class='ocr_par' dir='ltr' id='par_1_1' title="bbox 349 228 455 284">
     <span class='ocr_line' id='line_1_1' title="bbox 349 228 455 284; baseline 0.009 -1"><span class='ocrx_word' id='word_1_1' title='bbox 349 228 455 284; x_wconf 73' lang='grc'>633</span> 
     </span>
     <span class='ocr_line' id='line_1_2' title="bbox 389 248 400 258; baseline 0 0"><span class='ocrx_word' id='word_1_2' title='bbox 389 248 400 258; x_wconf 71' lang='grc' dir='ltr'><em>ν</em></span> 
     </span>
    </p>
   </div>
   <div class='ocr_carea' id='block_1_2' title="bbox 389 248 400 258">
    <p class='ocr_par' dir='ltr' id='par_1_2' title="bbox 389 248 400 258">
     <span class='ocr_line' id='line_1_3' title="bbox 389 248 400 258; baseline 0 0"><span class='ocrx_word' id='word_1_3' title='bbox 389 248 400 258; x_wconf 76' lang='lat' dir='ltr'><strong><em>r</em></strong></span> 
     </span>
    </p>
   </div>
   <div class='ocr_carea' id='block_1_3' title="bbox 1104 239 2851 320">
    <p class='ocr_par' dir='ltr' id='par_1_3' title="bbox 1104 239 2851 320">
     <span class='ocr_line' id='line_1_4' title="bbox 1104 239 2851 320; baseline 0.014 -25"><span class='ocrx_word' id='word_1_4' title='bbox 1104 239 1477 300; x_wconf 82' lang='lat' dir='ltr'>MORALIUM</span> <span class='ocrx_word' id='word_1_5' title='bbox 1516 246 1648 303; x_wconf 87' lang='lat' dir='ltr'>LIB.</span> <span class='ocrx_word' id='word_1_6' title='bbox 1693 248 1929 308; x_wconf 82' lang='lat' dir='ltr'>XXXII.</span> <span class='ocrx_word' id='word_1_7' title='bbox 1973 281 2044 295; x_wconf 92' lang='lat'>—-</span> <span class='ocrx_word' id='word_1_8' title='bbox 2084 253 2155 311; x_wconf 88' lang='lat' dir='ltr'>IN</span> <span class='ocrx_word' id='word_1_9' title='bbox 2199 254 2426 314; x_wconf 87' lang='lat' dir='ltr'>CAPUT</span> <span class='ocrx_word' id='word_1_10' title='bbox 2464 258 2562 317; x_wconf 85' lang='lat' dir='ltr'>XL</span> <span class='ocrx_word' id='word_1_11' title='bbox 2603 261 2666 318; x_wconf 92' lang='lat' dir='ltr'>B.</span> <span class='ocrx_word' id='word_1_12' title='bbox 2708 262 2851 320; x_wconf 87' lang='lat' dir='ltr'>JOB.</span> 
     </span>
    </p>
   </div>
   <div class='ocr_carea' id='block_1_4' title="bbox 3544 281 3656 341">
    <p class='ocr_par' dir='ltr' id='par_1_4' title="bbox 3544 281 3656 341">
     <span class='ocr_line' id='line_1_5' title="bbox 3544 281 3656 341; baseline 0.036 -3"><span class='ocrx_word' id='word_1_13' title='bbox 3544 281 3656 341; x_wconf 64' lang='lat'>651</span> 
     </span>
    </p>
   </div>
   <div class='ocr_carea' id='block_1_5' title="bbox 346 357 3659 473">
    <p class='ocr_par' dir='ltr' id='par_1_5' title="bbox 346 357 3659 473">
     <span class='ocr_line' id='line_1_6' title="bbox 346 357 3659 473; baseline 0.016 -63"><span class='ocrx_word' id='word_1_14' title='bbox 346 357 995 473; x_wconf 49' lang='lat' dir='ltr'>sed—verbis—</span> <span class='ocrx_word' id='word_1_15' title='bbox 1029 368 1146 473; x_wconf 67' lang='lat' dir='ltr'>suis</span> <span class='ocrx_word' id='word_1_16' title='bbox 1190 371 1342 473; x_wconf 68' lang='lat' dir='ltr'>ultra</span> <span class='ocrx_word' id='word_1_17' title='bbox 1388 372 1642 473; x_wconf 60' lang='lat' dir='ltr'>homines</span> <span class='ocrx_word' id='word_1_18' title='bbox 1683 378 1949 437; x_wconf 81' lang='lat' dir='ltr'>elevatur.</span> <span class='ocrx_word' id='word_1_19' title='bbox 1978 384 2031 443; x_wconf 84' lang='grc' dir='ltr'>Α</span> <span class='ocrx_word' id='word_1_20' title='bbox 2059 391 2212 440; x_wconf 88' lang='lat' dir='ltr'>strat.</span> <span class='ocrx_word' id='word_1_21' title='bbox 2246 385 2351 441; x_wconf 85' lang='lat' dir='ltr'>Iste</span> <span class='ocrx_word' id='word_1_22' title='bbox 2380 403 2549 459; x_wconf 87' lang='lat' dir='ltr'>prava</span> <span class='ocrx_word' id='word_1_23' title='bbox 2574 390 2705 460; x_wconf 87' lang='lat' dir='ltr'>agit,</span> <span class='ocrx_word' id='word_1_24' title='bbox 2740 391 2836 447; x_wconf 90' lang='lat' dir='ltr'>ille</span> <span class='ocrx_word' id='word_1_25' title='bbox 2865 409 3035 465; x_wconf 87' lang='lat' dir='ltr'>prava</span> <span class='ocrx_word' id='word_1_26' title='bbox 3063 400 3351 469; x_wconf 80' lang='lat' dir='ltr'>agentibus</span> <span class='ocrx_word' id='word_1_27' title='bbox 3395 403 3659 473; x_wconf 85' lang='lat' dir='ltr'>adharet,</span> 
     </span>
    </p>
   </div>
   <div class='ocr_carea' id='block_1_6' title="bbox 345 444 3662 570">
    <p class='ocr_par' dir='ltr' id='par_1_6' title="bbox 345 444 3662 570">
     <span class='ocr_line' id='line_1_7' title="bbox 2380 444 3637 465; baseline 0.005 -9"><span class='ocrx_word' id='word_1_28' title='bbox 2380 444 2398 459; x_wconf 85' lang='lat'>.</span> <span class='ocrx_word' id='word_1_29' title='bbox 2608 444 2636 460; x_wconf 77' lang='grc' dir='ltr'><strong>υ</strong></span> <span class='ocrx_word' id='word_1_30' title='bbox 2690 444 2705 457; x_wconf 83' lang='grc'><strong><em>,</em></strong></span> <span class='ocrx_word' id='word_1_31' title='bbox 2904 444 3035 451; x_wconf 59' lang='grc' dir='ltr'>--.π</span> <span class='ocrx_word' id='word_1_32' title='bbox 3063 444 3094 452; x_wconf 80' lang='grc'><strong>-</strong></span> <span class='ocrx_word' id='word_1_33' title='bbox 3132 444 3351 459; x_wconf 54' lang='lat' dir='ltr'>vuum...</span> <span class='ocrx_word' id='word_1_34' title='bbox 3395 444 3637 465; x_wconf 70' lang='grc' dir='ltr'>..ωωσισι</span> 
     </span>
     <span class='ocr_line' id='line_1_8' title="bbox 345 444 3662 570; baseline 0.017 -71"><span class='ocrx_word' id='word_1_35' title='bbox 345 444 507 513; x_wconf 89' lang='lat' dir='ltr'>Quod</span> <span class='ocrx_word' id='word_1_36' title='bbox 538 462 666 570; x_wconf 64' lang='lat' dir='ltr'>ergg</span> <span class='ocrx_word' id='word_1_37' title='bbox 696 452 1058 570; x_wconf 35' lang='lat' dir='ltr'>peruPaulum</span> <span class='ocrx_word' id='word_1_38' title='bbox 1090 456 1333 516; x_wconf 88' lang='lat' dir='ltr'>dicitur:</span> <span class='ocrx_word' id='word_1_39' title='bbox 1385 463 1667 520; x_wconf 70' lang='lat' dir='ltr'>Extollens</span> <span class='ocrx_word' id='word_1_40' title='bbox 1711 483 1764 522; x_wconf 85' lang='lat' dir='ltr'>se</span> <span class='ocrx_word' id='word_1_41' title='bbox 1806 484 1966 540; x_wconf 84' lang='lat' dir='ltr'>super</span> <span class='ocrx_word' id='word_1_42' title='bbox 2069 481 2123 530; x_wconf 94' lang='lat' dir='ltr'>et</span> <span class='ocrx_word' id='word_1_43' title='bbox 2151 490 2261 531; x_wconf 92' lang='lat' dir='ltr'>non</span> <span class='ocrx_word' id='word_1_44' title='bbox 2288 477 2465 535; x_wconf 91' lang='lat' dir='ltr'>solum</span> <span class='ocrx_word' id='word_1_45' title='bbox 2491 495 2601 534; x_wconf 93' lang='lat' dir='ltr'>non</span> <span class='ocrx_word' id='word_1_46' title='bbox 2626 479 2835 550; x_wconf 88' lang='lat' dir='ltr'>obviat,</span> <span class='ocrx_word' id='word_1_47' title='bbox 2866 444 2961 540; x_wconf 61' lang='lat' dir='ltr'>sed</span> <span class='ocrx_word' id='word_1_48' title='bbox 2990 444 3153 544; x_wconf 62' lang='lat' dir='ltr'>etiaIn</span> <span class='ocrx_word' id='word_1_49' title='bbox 3182 490 3347 549; x_wconf 85' lang='lat' dir='ltr'>favet.</span> <span class='ocrx_word' id='word_1_50' title='bbox 3371 493 3514 562; x_wconf 87' lang='lat' dir='ltr'>Quid</span> <span class='ocrx_word' id='word_1_51' title='bbox 3534 447 3662 570; x_wconf 69' lang='lat' dir='ltr'>ergo</span> 
     </span>
    </p>
   </div>
   <div class='ocr_carea' id='block_1_7' title="bbox 342 540 1956 631">
    <p class='ocr_par' dir='ltr' id='par_1_7' title="bbox 342 540 1956 631">
     <span class='ocr_line' id='line_1_9' title="bbox 342 540 1956 631; baseline 0.016 -41"><span class='ocrx_word' id='word_1_52' title='bbox 342 554 496 631; x_wconf 67' lang='lat' dir='ltr'>omne</span> <span class='ocrx_word' id='word_1_53' title='bbox 523 540 665 631; x_wconf 69' lang='lat' dir='ltr'>quod</span> <span class='ocrx_word' id='word_1_54' title='bbox 693 541 891 631; x_wconf 74' lang='lat' dir='ltr'>dicitur</span> <span class='ocrx_word' id='word_1_55' title='bbox 908 545 1069 615; x_wconf 84' lang='lat' dir='ltr'>Deus,</span> <span class='ocrx_word' id='word_1_56' title='bbox 1092 556 1188 604; x_wconf 91' lang='lat' dir='ltr'>aut</span> <span class='ocrx_word' id='word_1_57' title='bbox 1205 552 1346 621; x_wconf 83' lang='lat' dir='ltr'>quod</span> <span class='ocrx_word' id='word_1_58' title='bbox 1364 554 1561 609; x_wconf 76' lang='lat' dir='ltr'>colitur</span> <span class='ocrx_word' id='word_1_59' title='bbox 1582 556 1672 626; x_wconf 91' lang='lat' dir='ltr'>(II</span> <span class='ocrx_word' id='word_1_60' title='bbox 1697 558 1870 615; x_wconf 85' lang='lat' dir='ltr'>Thess.</span> <span class='ocrx_word' id='word_1_61' title='bbox 1895 576 1956 631; x_wconf 86' lang='lat' dir='ltr'>II,</span> 
     </span>
    </p>
   </div>
   <div class='ocr_carea' id='block_1_8' title="bbox 2068 564 3663 653">
    <p class='ocr_par' dir='ltr' id='par_1_8' title="bbox 2068 564 3663 653">
     <span class='ocr_line' id='line_1_10' title="bbox 2068 564 3663 653; baseline 0.015 -34"><span class='ocrx_word' id='word_1_62' title='bbox 2068 564 2218 621; x_wconf 89' lang='lat' dir='ltr'>aliud</span> <span class='ocrx_word' id='word_1_63' title='bbox 2248 582 2408 639; x_wconf 90' lang='lat' dir='ltr'>quam</span> <span class='ocrx_word' id='word_1_64' title='bbox 2441 569 2771 627; x_wconf 79' lang='lat' dir='ltr'>Antichristi</span> <span class='ocrx_word' id='word_1_65' title='bbox 2800 573 2956 631; x_wconf 89' lang='lat' dir='ltr'>testis</span> <span class='ocrx_word' id='word_1_66' title='bbox 3001 584 3103 645; x_wconf 89' lang='lat' dir='ltr'>est,</span> <span class='ocrx_word' id='word_1_67' title='bbox 3154 579 3248 651; x_wconf 89' lang='lat' dir='ltr'>qui</span> <span class='ocrx_word' id='word_1_68' title='bbox 3302 582 3512 653; x_wconf 87' lang='lat' dir='ltr'>perdita</span> <span class='ocrx_word' id='word_1_69' title='bbox 3554 564 3663 642; x_wconf 73' lang='lat' dir='ltr'>au—</span> 
     </span>
    </p>
   </div>
   <div class='ocr_carea' id='block_1_9' title="bbox 340 626 3663 745">
    <p class='ocr_par' dir='ltr' id='par_1_9' title="bbox 340 626 3663 745">
     <span class='ocr_line' id='line_1_11' title="bbox 340 626 3663 745; baseline 0.017 -67"><span class='ocrx_word' id='word_1_70' title='bbox 340 626 430 745; x_wconf 55' lang='lat' dir='ltr'>h):</span> <span class='ocrx_word' id='word_1_71' title='bbox 450 626 556 745; x_wconf 75' lang='lat' dir='ltr'>hoc</span> <span class='ocrx_word' id='word_1_72' title='bbox 576 629 768 745; x_wconf 56' lang='lat' dir='ltr'>Dla&#39;niel</span> <span class='ocrx_word' id='word_1_73' title='bbox 804 633 1070 745; x_wconf 46' lang='lat' dir='ltr'>progbet’a</span> <span class='ocrx_word' id='word_1_74' title='bbox 1099 645 1352 745; x_wconf 73' lang='lat' dir='ltr'>testatur,</span> <span class='ocrx_word' id='word_1_75' title='bbox 1379 641 1572 745; x_wconf 68' lang='lat' dir='ltr'>dicens</span> <span class='ocrx_word' id='word_1_76' title='bbox 1596 647 1715 745; x_wconf 45' lang='lat' dir='ltr'>:‘Qs</span> <span class='ocrx_word' id='word_1_77' title='bbox 2065 626 2317 712; x_wconf 72' lang='lat' dir='ltr'>ctoritate</span> <span class='ocrx_word' id='word_1_78' title='bbox 2346 659 2629 730; x_wconf 90' lang='lat' dir='ltr'>promissa</span> <span class='ocrx_word' id='word_1_79' title='bbox 2658 626 2771 718; x_wconf 91' lang='lat' dir='ltr'>Deo</span> <span class='ocrx_word' id='word_1_80' title='bbox 2980 626 3663 745; x_wconf 34' lang='lat' dir='ltr'>3vtesli‘rln&#39;oniuvm‘p:ast‘at</span> 
     </span>
    </p>
   </div>
   <div class='ocr_carea' id='block_1_10' title="bbox 339 717 1957 795">
    <p class='ocr_par' dir='ltr' id='par_1_10' title="bbox 339 717 1957 795">
     <span class='ocr_line' id='line_1_12' title="bbox 339 717 1957 795; baseline 0.015 -26"><span class='ocrx_word' id='word_1_81' title='bbox 339 717 576 787; x_wconf 82' lang='lat' dir='ltr'>ingentia</span> <span class='ocrx_word' id='word_1_82' title='bbox 608 718 774 789; x_wconf 85' lang='lat' dir='ltr'>(Dan.</span> <span class='ocrx_word' id='word_1_83' title='bbox 796 739 895 790; x_wconf 85' lang='lat' dir='ltr'>vn,</span> <span class='ocrx_word' id='word_1_84' title='bbox 920 723 1000 795; x_wconf 92' lang='lat'>8).</span> <span class='ocrx_word' id='word_1_85' title='bbox 1025 724 1184 792; x_wconf 83' lang='lat' dir='ltr'>Quod</span> <span class='ocrx_word' id='word_1_86' title='bbox 1221 744 1353 786; x_wconf 83' lang='lat' dir='ltr'>vero</span> <span class='ocrx_word' id='word_1_87' title='bbox 1373 730 1533 789; x_wconf 92' lang='lat' dir='ltr'>illum</span> <span class='ocrx_word' id='word_1_88' title='bbox 1552 734 1638 791; x_wconf 90' lang='lat' dir='ltr'>vel</span> <span class='ocrx_word' id='word_1_89' title='bbox 1660 717 1852 792; x_wconf 88' lang='lat' dir='ltr'>Daniel</span> <span class='ocrx_word' id='word_1_90' title='bbox 1874 738 1957 794; x_wconf 90' lang='lat' dir='ltr'>in-</span> 
     </span>
    </p>
   </div>
   <div class='ocr_carea' id='block_1_11' title="bbox 342 806 1955 893">
    <p class='ocr_par' dir='ltr' id='par_1_11' title="bbox 342 806 1955 893">
     <span class='ocr_line' id='line_1_13' title="bbox 342 806 1955 893; baseline 0.015 -34"><span class='ocrx_word' id='word_1_91' title='bbox 342 806 527 877; x_wconf 79' lang='lat' dir='ltr'>gentia</span> <span class='ocrx_word' id='word_1_92' title='bbox 549 806 723 880; x_wconf 86' lang='lat' dir='ltr'>loqui,</span> <span class='ocrx_word' id='word_1_93' title='bbox 749 811 836 865; x_wconf 86' lang='lat' dir='ltr'>vel</span> <span class='ocrx_word' id='word_1_94' title='bbox 857 812 1060 869; x_wconf 84' lang='lat' dir='ltr'>Paulus</span> <span class='ocrx_word' id='word_1_95' title='bbox 1078 815 1332 886; x_wconf 88' lang='lat' dir='ltr'>perhibet</span> <span class='ocrx_word' id='word_1_96' title='bbox 1350 836 1515 893; x_wconf 82' lang='lat' dir='ltr'>supra</span> <span class='ocrx_word' id='word_1_97' title='bbox 1532 824 1744 880; x_wconf 91' lang='lat' dir='ltr'>cultum</span> <span class='ocrx_word' id='word_1_98' title='bbox 1775 826 1955 883; x_wconf 87' lang='lat' dir='ltr'>Deita-</span> 
     </span>
    </p>
   </div>
   <div class='ocr_carea' id='block_1_12' title="bbox 338 1082 1951 1164">
    <p class='ocr_par' dir='ltr' id='par_1_12' title="bbox 338 1082 1951 1164">
     <span class='ocr_line' id='line_1_14' title="bbox 338 1082 1951 1164; baseline 0.012 -28"><span class='ocrx_word' id='word_1_99' title='bbox 338 1082 559 1151; x_wconf 90' lang='lat' dir='ltr'>nititur,</span> <span class='ocrx_word' id='word_1_100' title='bbox 595 1082 730 1140; x_wconf 90' lang='lat' dir='ltr'>dum</span> <span class='ocrx_word' id='word_1_101' title='bbox 760 1086 818 1141; x_wconf 92' lang='lat' dir='ltr'>in</span> <span class='ocrx_word' id='word_1_102' title='bbox 850 1089 1003 1144; x_wconf 89' lang='lat' dir='ltr'>omni</span> <span class='ocrx_word' id='word_1_103' title='bbox 1046 1089 1190 1147; x_wconf 88' lang='lat' dir='ltr'>fastu</span> <span class='ocrx_word' id='word_1_104' title='bbox 1224 1092 1473 1164; x_wconf 92' lang='lat' dir='ltr'>fallacia,</span> <span class='ocrx_word' id='word_1_105' title='bbox 1507 1103 1562 1151; x_wconf 91' lang='lat' dir='ltr'>et</span> <span class='ocrx_word' id='word_1_106' title='bbox 1592 1097 1819 1154; x_wconf 91' lang='lat' dir='ltr'>virtutis</span> <span class='ocrx_word' id='word_1_107' title='bbox 1848 1114 1951 1155; x_wconf 93' lang='lat' dir='ltr'>ro-</span> 
     </span>
    </p>
   </div>
   <div class='ocr_carea' id='block_1_13' title="bbox 336 1170 1947 1257">
    <p class='ocr_par' dir='ltr' id='par_1_13' title="bbox 336 1170 1947 1257">
     <span class='ocr_line' id='line_1_15' title="bbox 336 1170 1947 1257; baseline 0.01 -29"><span class='ocrx_word' id='word_1_108' title='bbox 336 1172 470 1229; x_wconf 82' lang='lat' dir='ltr'>bore</span> <span class='ocrx_word' id='word_1_109' title='bbox 498 1181 553 1230; x_wconf 92' lang='lat' dir='ltr'>et</span> <span class='ocrx_word' id='word_1_110' title='bbox 583 1175 845 1233; x_wconf 88' lang='lat' dir='ltr'>culminis</span> <span class='ocrx_word' id='word_1_111' title='bbox 881 1170 1118 1237; x_wconf 87' lang='lat' dir='ltr'>elatione</span> <span class='ocrx_word' id='word_1_112' title='bbox 1157 1194 1523 1257; x_wconf 90' lang='lat' dir='ltr'>prosperatur.</span> <span class='ocrx_word' id='word_1_113' title='bbox 1574 1187 1720 1244; x_wconf 89' lang='lat' dir='ltr'>Bene</span> <span class='ocrx_word' id='word_1_114' title='bbox 1766 1197 1947 1245; x_wconf 92' lang='lat' dir='ltr'>autem</span> 
     </span>
    </p>
   </div>
   <div class='ocr_carea' id='block_1_14' title="bbox 336 1263 1948 1348">
    <p class='ocr_par' dir='ltr' id='par_1_14' title="bbox 336 1263 1948 1348">
     <span class='ocr_line' id='line_1_16' title="bbox 336 1263 1948 1348; baseline 0.011 -32"><span class='ocrx_word' id='word_1_115' title='bbox 336 1263 604 1336; x_wconf 81' lang='lat' dir='ltr'>stringere</span> <span class='ocrx_word' id='word_1_116' title='bbox 632 1263 863 1321; x_wconf 87' lang='lat' dir='ltr'>caudam</span> <span class='ocrx_word' id='word_1_117' title='bbox 888 1267 1114 1339; x_wconf 91' lang='lat' dir='ltr'>dicitur,</span> <span class='ocrx_word' id='word_1_118' title='bbox 1150 1274 1280 1345; x_wconf 84' lang='lat' dir='ltr'>quia</span> <span class='ocrx_word' id='word_1_119' title='bbox 1326 1282 1442 1332; x_wconf 91' lang='lat' dir='ltr'>tota</span> <span class='ocrx_word' id='word_1_120' title='bbox 1488 1275 1607 1348; x_wconf 88' lang='lat' dir='ltr'>ejus</span> <span class='ocrx_word' id='word_1_121' title='bbox 1654 1277 1835 1335; x_wconf 89' lang='lat' dir='ltr'>virtus</span> <span class='ocrx_word' id='word_1_122' title='bbox 1887 1277 1948 1333; x_wconf 90' lang='lat' dir='ltr'>in</span> 
     </span>
    </p>
   </div>
   <div class='ocr_carea' id='block_1_15' title="bbox 334 1354 1947 1437">
    <p class='ocr_par' dir='ltr' id='par_1_15' title="bbox 334 1354 1947 1437">
     <span class='ocr_line' id='line_1_17' title="bbox 334 1354 1947 1437; baseline 0.012 -30"><span class='ocrx_word' id='word_1_123' title='bbox 334 1369 449 1409; x_wconf 87' lang='lat' dir='ltr'>uno</span> <span class='ocrx_word' id='word_1_124' title='bbox 483 1355 580 1410; x_wconf 92' lang='lat' dir='ltr'>illo</span> <span class='ocrx_word' id='word_1_125' title='bbox 610 1354 869 1414; x_wconf 89' lang='lat' dir='ltr'>damnato</span> <span class='ocrx_word' id='word_1_126' title='bbox 890 1357 1115 1419; x_wconf 87' lang='lat' dir='ltr'>homine</span> <span class='ocrx_word' id='word_1_127' title='bbox 1138 1375 1395 1437; x_wconf 87' lang='lat' dir='ltr'>congesta</span> <span class='ocrx_word' id='word_1_128' title='bbox 1413 1366 1694 1436; x_wconf 87' lang='lat' dir='ltr'>densatur,</span> <span class='ocrx_word' id='word_1_129' title='bbox 1712 1376 1776 1424; x_wconf 91' lang='lat' dir='ltr'>ut</span> <span class='ocrx_word' id='word_1_130' title='bbox 1795 1376 1947 1425; x_wconf 88' lang='lat' dir='ltr'>tanto</span> 
     </span>
    </p>
   </div>
   <div class='ocr_carea' id='block_1_16' title="bbox 335 1444 1946 1528">
    <p class='ocr_par' dir='ltr' id='par_1_16' title="bbox 335 1444 1946 1528">
     <span class='ocr_line' id='line_1_18' title="bbox 335 1444 1946 1528; baseline 0.012 -31"><span class='ocrx_word' id='word_1_131' title='bbox 335 1461 431 1518; x_wconf 88' lang='lat' dir='ltr'>per</span> <span class='ocrx_word' id='word_1_132' title='bbox 460 1444 619 1500; x_wconf 91' lang='lat' dir='ltr'>illum</span> <span class='ocrx_word' id='word_1_133' title='bbox 651 1444 816 1502; x_wconf 87' lang='lat' dir='ltr'>fortia</span> <span class='ocrx_word' id='word_1_134' title='bbox 844 1463 907 1504; x_wconf 90' lang='lat' dir='ltr'>ac</span> <span class='ocrx_word' id='word_1_135' title='bbox 936 1450 1077 1507; x_wconf 90' lang='lat' dir='ltr'>mira</span> <span class='ocrx_word' id='word_1_136' title='bbox 1104 1452 1288 1523; x_wconf 83' lang='lat' dir='ltr'>faciat,</span> <span class='ocrx_word' id='word_1_137' title='bbox 1319 1465 1528 1528; x_wconf 84' lang='lat' dir='ltr'>quanto</span> <span class='ocrx_word' id='word_1_138' title='bbox 1558 1456 1717 1513; x_wconf 90' lang='lat' dir='ltr'>illum</span> <span class='ocrx_word' id='word_1_139' title='bbox 1751 1459 1946 1516; x_wconf 90' lang='lat' dir='ltr'>collec-</span> 
     </span>
    </p>
   </div>
   <div class='ocr_carea' id='block_1_17' title="bbox 338 1533 1944 1620">
    <p class='ocr_par' dir='ltr' id='par_1_17' title="bbox 338 1533 1944 1620">
     <span class='ocr_line' id='line_1_19' title="bbox 338 1533 1944 1620; baseline 0.009 -31"><span class='ocrx_word' id='word_1_140' title='bbox 338 1534 406 1589; x_wconf 89' lang='lat' dir='ltr'>tis</span> <span class='ocrx_word' id='word_1_141' title='bbox 432 1533 548 1590; x_wconf 90' lang='lat' dir='ltr'>suis</span> <span class='ocrx_word' id='word_1_142' title='bbox 575 1534 791 1591; x_wconf 89' lang='lat' dir='ltr'>viribus</span> <span class='ocrx_word' id='word_1_143' title='bbox 808 1536 1052 1609; x_wconf 80' lang='lat' dir='ltr'>instigat.</span> <span class='ocrx_word' id='word_1_144' title='bbox 1076 1541 1181 1597; x_wconf 92' lang='lat' dir='ltr'>Sed</span> <span class='ocrx_word' id='word_1_145' title='bbox 1202 1544 1332 1616; x_wconf 90' lang='lat' dir='ltr'>quia</span> <span class='ocrx_word' id='word_1_146' title='bbox 1352 1547 1513 1619; x_wconf 90' lang='lat' dir='ltr'>quale</span> <span class='ocrx_word' id='word_1_147' title='bbox 1531 1546 1604 1602; x_wconf 92' lang='lat' dir='ltr'>sit</span> <span class='ocrx_word' id='word_1_148' title='bbox 1624 1546 1944 1620; x_wconf 89' lang='lat' dir='ltr'>iniquorum</span> 
     </span>
    </p>
   </div>
   <div class='ocr_carea' id='block_1_18' title="bbox 334 1624 1944 1711">
    <p class='ocr_par' dir='ltr' id='par_1_18' title="bbox 334 1624 1944 1711">
     <span class='ocr_line' id='line_1_20' title="bbox 334 1624 1944 1711; baseline 0.009 -30"><span class='ocrx_word' id='word_1_149' title='bbox 334 1634 498 1698; x_wconf 90' lang='lat' dir='ltr'>caput</span> <span class='ocrx_word' id='word_1_150' title='bbox 527 1624 870 1696; x_wconf 88' lang='lat' dir='ltr'>audivimus,</span> <span class='ocrx_word' id='word_1_151' title='bbox 904 1645 1052 1687; x_wconf 93' lang='lat' dir='ltr'>nunc</span> <span class='ocrx_word' id='word_1_152' title='bbox 1080 1630 1213 1689; x_wconf 90' lang='lat' dir='ltr'>huic</span> <span class='ocrx_word' id='word_1_153' title='bbox 1240 1635 1409 1708; x_wconf 89' lang='lat' dir='ltr'>capiti</span> <span class='ocrx_word' id='word_1_154' title='bbox 1439 1652 1560 1711; x_wconf 87' lang='lat' dir='ltr'>qua</span> <span class='ocrx_word' id='word_1_155' title='bbox 1588 1636 1835 1695; x_wconf 88' lang='lat' dir='ltr'>membra</span> <span class='ocrx_word' id='word_1_156' title='bbox 1853 1638 1944 1695; x_wconf 84' lang='lat' dir='ltr'>ad-</span> 
     </span>
    </p>
   </div>
   <div class='ocr_carea' id='block_1_19' title="bbox 333 1712 1315 1793">
    <p class='ocr_par' dir='ltr' id='par_1_19' title="bbox 333 1712 1315 1793">
     <span class='ocr_line' id='line_1_21' title="bbox 333 1712 1315 1793; baseline 0.01 -24"><span class='ocrx_word' id='word_1_157' title='bbox 333 1712 579 1771; x_wconf 87' lang='lat' dir='ltr'>hareant</span> <span class='ocrx_word' id='word_1_158' title='bbox 606 1730 983 1787; x_wconf 81' lang='lat' dir='ltr'>agnoscamus.</span> <span class='ocrx_word' id='word_1_159' title='bbox 1017 1719 1315 1793; x_wconf 86' lang='lat' dir='ltr'>Sequitur:</span> 
     </span>
    </p>
   </div>
   <div class='ocr_carea' id='block_1_20' title="bbox 759 1832 1548 1914">
    <p class='ocr_par' dir='ltr' id='par_1_20' title="bbox 759 1832 1548 1914">
     <span class='ocr_line' id='line_1_22' title="bbox 759 1832 1548 1914; baseline 0.008 -23"><span class='ocrx_word' id='word_1_160' title='bbox 759 1832 989 1892; x_wconf 85' lang='lat' dir='ltr'>CAPUT</span> <span class='ocrx_word' id='word_1_161' title='bbox 1017 1836 1148 1894; x_wconf 82' lang='lat' dir='ltr'>XVI</span> <span class='ocrx_word' id='word_1_162' title='bbox 1180 1836 1323 1911; x_wconf 86' lang='lat' dir='ltr'>[Rec.</span> <span class='ocrx_word' id='word_1_163' title='bbox 1357 1838 1548 1914; x_wconf 83' lang='lat' dir='ltr'>XIII].</span> 
     </span>
    </p>
   </div>
   <div class='ocr_carea' id='block_1_21' title="bbox 407 1947 1948 2029">
    <p class='ocr_par' dir='ltr' id='par_1_21' title="bbox 407 1947 1948 2029">
     <span class='ocr_line' id='line_1_23' title="bbox 407 1947 1948 2029; baseline 0.005 -24"><span class='ocrx_word' id='word_1_164' title='bbox 407 1947 578 2006; x_wconf 72' lang='lat' dir='ltr'>Vnus.</span> <span class='ocrx_word' id='word_1_165' title='bbox 638 1949 722 2007; x_wconf 73' lang='lat' dir='ltr'>I2.</span> <span class='ocrx_word' id='word_1_166' title='bbox 787 1981 858 1993; x_wconf 94' lang='lat'><strong><em>—</em></strong></span> <span class='ocrx_word' id='word_1_167' title='bbox 901 1952 1067 2010; x_wconf 77' lang='lat' dir='ltr'>Nervi</span> <span class='ocrx_word' id='word_1_168' title='bbox 1121 1955 1479 2013; x_wconf 72' lang='lat' dir='ltr'>testiculorum</span> <span class='ocrx_word' id='word_1_169' title='bbox 1534 1956 1651 2028; x_wconf 83' lang='lat' dir='ltr'>ejus</span> <span class='ocrx_word' id='word_1_170' title='bbox 1700 1957 1948 2029; x_wconf 72' lang='lat' dir='ltr'>perplexi</span> 
     </span>
    </p>
   </div>
   <div class='ocr_carea' id='block_1_22' title="bbox 341 2044 485 2095">
    <p class='ocr_par' dir='ltr' id='par_1_22' title="bbox 341 2044 485 2095">
     <span class='ocr_line' id='line_1_24' title="bbox 341 2044 485 2095; baseline 0.014 -2"><span class='ocrx_word' id='word_1_171' title='bbox 341 2044 485 2095; x_wconf 81' lang='lat' dir='ltr'>sunt.</span> 
     </span>
    </p>
   </div>
   <div class='ocr_carea' id='block_1_23' title="bbox 404 2152 1945 2231">
    <p class='ocr_par' dir='ltr' id='par_1_23' title="bbox 404 2152 1945 2231">
     <span class='ocr_line' id='line_1_25' title="bbox 404 2152 1945 2231; baseline 0.004 -22"><span class='ocrx_word' id='word_1_172' title='bbox 404 2152 489 2209; x_wconf 81' lang='lat'>23.</span> <span class='ocrx_word' id='word_1_173' title='bbox 523 2155 944 2213; x_wconf 75' lang='lat' dir='ltr'>Prwdicatorum</span> <span class='ocrx_word' id='word_1_174' title='bbox 971 2157 1171 2214; x_wconf 84' lang='lat' dir='ltr'>diaboli</span> <span class='ocrx_word' id='word_1_175' title='bbox 1200 2164 1525 2230; x_wconf 83' lang='lat' dir='ltr'>argumenta</span> <span class='ocrx_word' id='word_1_176' title='bbox 1540 2159 1945 2231; x_wconf 56' lang='lat' dir='ltr'>perplexaAn-</span> 
     </span>
    </p>
   </div>
   <div class='ocr_carea' id='block_1_24' title="bbox 334 2243 1945 2315">
    <p class='ocr_par' dir='ltr' id='par_1_24' title="bbox 334 2243 1945 2315">
     <span class='ocr_line' id='line_1_26' title="bbox 334 2243 1945 2315; baseline 0.004 -19"><span class='ocrx_word' id='word_1_177' title='bbox 334 2243 555 2299; x_wconf 83' lang='lat' dir='ltr'>tichristi</span> <span class='ocrx_word' id='word_1_178' title='bbox 585 2252 730 2301; x_wconf 86' lang='lat' dir='ltr'>testes</span> <span class='ocrx_word' id='word_1_179' title='bbox 757 2248 913 2302; x_wconf 86' lang='lat' dir='ltr'>multi</span> <span class='ocrx_word' id='word_1_180' title='bbox 936 2246 1055 2315; x_wconf 84' lang='lat' dir='ltr'>jam</span> <span class='ocrx_word' id='word_1_181' title='bbox 1083 2254 1227 2303; x_wconf 84' lang='lat' dir='ltr'>sunt.</span> <span class='ocrx_word' id='word_1_182' title='bbox 1262 2278 1334 2289; x_wconf 91' lang='lat'><strong><em>—</em></strong></span> <span class='ocrx_word' id='word_1_183' title='bbox 1372 2248 1477 2305; x_wconf 87' lang='lat' dir='ltr'>Tot</span> <span class='ocrx_word' id='word_1_184' title='bbox 1506 2248 1612 2304; x_wconf 89' lang='lat' dir='ltr'>iste</span> <span class='ocrx_word' id='word_1_185' title='bbox 1641 2246 1945 2305; x_wconf 89' lang='lat' dir='ltr'>Behemoth</span> 
     </span>
    </p>
   </div>
   <div class='ocr_carea' id='block_1_25' title="bbox 335 2333 1945 2410">
    <p class='ocr_par' dir='ltr' id='par_1_25' title="bbox 335 2333 1945 2410">
     <span class='ocr_line' id='line_1_27' title="bbox 335 2333 1945 2410; baseline 0.004 -23"><span class='ocrx_word' id='word_1_186' title='bbox 335 2340 502 2390; x_wconf 88' lang='lat' dir='ltr'>testes</span> <span class='ocrx_word' id='word_1_187' title='bbox 531 2333 698 2391; x_wconf 84' lang='lat' dir='ltr'>habet</span> <span class='ocrx_word' id='word_1_188' title='bbox 724 2344 857 2408; x_wconf 91' lang='lat' dir='ltr'>quot</span> <span class='ocrx_word' id='word_1_189' title='bbox 881 2335 1199 2409; x_wconf 89' lang='lat' dir='ltr'>iniquitatis</span> <span class='ocrx_word' id='word_1_190' title='bbox 1229 2354 1343 2394; x_wconf 89' lang='lat' dir='ltr'>sua</span> <span class='ocrx_word' id='word_1_191' title='bbox 1370 2338 1754 2410; x_wconf 88' lang='lat' dir='ltr'>pradicatores</span> <span class='ocrx_word' id='word_1_192' title='bbox 1774 2337 1945 2410; x_wconf 90' lang='lat' dir='ltr'>possi-</span> 
     </span>
    </p>
   </div>
   <div class='ocr_carea' id='block_1_26' title="bbox 333 2422 1947 2498">
    <p class='ocr_par' dir='ltr' id='par_1_26' title="bbox 333 2422 1947 2498">
     <span class='ocr_line' id='line_1_28' title="bbox 333 2422 1947 2498; baseline 0.004 -21"><span class='ocrx_word' id='word_1_193' title='bbox 333 2422 445 2478; x_wconf 90' lang='lat' dir='ltr'>det.</span> <span class='ocrx_word' id='word_1_194' title='bbox 484 2425 572 2478; x_wconf 85' lang='lat' dir='ltr'>An</span> <span class='ocrx_word' id='word_1_195' title='bbox 597 2423 716 2495; x_wconf 90' lang='lat' dir='ltr'>ejus</span> <span class='ocrx_word' id='word_1_196' title='bbox 742 2431 910 2480; x_wconf 86' lang='lat' dir='ltr'>testes</span> <span class='ocrx_word' id='word_1_197' title='bbox 940 2442 1049 2481; x_wconf 92' lang='lat' dir='ltr'>non</span> <span class='ocrx_word' id='word_1_198' title='bbox 1078 2434 1229 2494; x_wconf 87' lang='lat' dir='ltr'>sunt,</span> <span class='ocrx_word' id='word_1_199' title='bbox 1260 2427 1355 2498; x_wconf 91' lang='lat' dir='ltr'>qui</span> <span class='ocrx_word' id='word_1_200' title='bbox 1403 2428 1589 2498; x_wconf 86' lang='lat' dir='ltr'>pravis</span> <span class='ocrx_word' id='word_1_201' title='bbox 1628 2427 1947 2498; x_wconf 87' lang='lat' dir='ltr'>persuasio-</span> 
     </span>
    </p>
   </div>
   <div class='ocr_carea' id='block_1_27' title="bbox 328 2511 1948 2579">
    <p class='ocr_par' dir='ltr' id='par_1_27' title="bbox 328 2511 1948 2579">
     <span class='ocr_line' id='line_1_29' title="bbox 328 2511 1948 2579; baseline 0.003 -14"><span class='ocrx_word' id='word_1_202' title='bbox 328 2511 497 2566; x_wconf 89' lang='lat' dir='ltr'>nibus</span> <span class='ocrx_word' id='word_1_203' title='bbox 524 2512 691 2568; x_wconf 89' lang='lat' dir='ltr'>corda</span> <span class='ocrx_word' id='word_1_204' title='bbox 719 2512 1034 2579; x_wconf 88' lang='lat' dir='ltr'>hominum,</span> <span class='ocrx_word' id='word_1_205' title='bbox 1071 2514 1359 2568; x_wconf 81' lang='lat' dir='ltr'>virulenta</span> <span class='ocrx_word' id='word_1_206' title='bbox 1390 2514 1594 2569; x_wconf 90' lang='lat' dir='ltr'>erroris</span> <span class='ocrx_word' id='word_1_207' title='bbox 1622 2515 1707 2569; x_wconf 89' lang='lat' dir='ltr'>sui</span> <span class='ocrx_word' id='word_1_208' title='bbox 1738 2514 1948 2571; x_wconf 89' lang='lat' dir='ltr'>semina</span> 
     </span>
    </p>
   </div>
   <div class='ocr_carea' id='block_1_28' title="bbox 326 2598 1946 2675">
    <p class='ocr_par' dir='ltr' id='par_1_28' title="bbox 326 2598 1946 2675">
     <span class='ocr_line' id='line_1_30' title="bbox 326 2598 1946 2675; baseline 0.004 -22"><span class='ocrx_word' id='word_1_209' title='bbox 326 2598 638 2667; x_wconf 90' lang='lat' dir='ltr'>fundendo,</span> <span class='ocrx_word' id='word_1_210' title='bbox 678 2601 1092 2671; x_wconf 80' lang='lat' dir='ltr'>corrumpunt?</span> <span class='ocrx_word' id='word_1_211' title='bbox 1137 2601 1281 2671; x_wconf 89' lang='lat' dir='ltr'>Apte</span> <span class='ocrx_word' id='word_1_212' title='bbox 1326 2609 1512 2656; x_wconf 89' lang='lat' dir='ltr'>autem</span> <span class='ocrx_word' id='word_1_213' title='bbox 1553 2601 1760 2658; x_wconf 88' lang='lat' dir='ltr'>dicitur</span> <span class='ocrx_word' id='word_1_214' title='bbox 1800 2602 1946 2675; x_wconf 87' lang='lat' dir='ltr'>quod</span> 
     </span>
    </p>
   </div>
   <div class='ocr_carea' id='block_1_29' title="bbox 328 2685 1947 2762">
    <p class='ocr_par' dir='ltr' id='par_1_29' title="bbox 328 2685 1947 2762">
     <span class='ocr_line' id='line_1_31' title="bbox 328 2685 1947 2762; baseline 0.003 -21"><span class='ocrx_word' id='word_1_215' title='bbox 328 2685 713 2741; x_wconf 89' lang='lat' dir='ltr'>testiculorum</span> <span class='ocrx_word' id='word_1_216' title='bbox 746 2686 865 2758; x_wconf 89' lang='lat' dir='ltr'>ejus</span> <span class='ocrx_word' id='word_1_217' title='bbox 897 2687 1055 2742; x_wconf 88' lang='lat' dir='ltr'>nervi</span> <span class='ocrx_word' id='word_1_218' title='bbox 1096 2688 1346 2760; x_wconf 86' lang='lat' dir='ltr'>perplexi</span> <span class='ocrx_word' id='word_1_219' title='bbox 1368 2698 1517 2755; x_wconf 90' lang='lat' dir='ltr'>sunt,</span> <span class='ocrx_word' id='word_1_220' title='bbox 1539 2691 1665 2762; x_wconf 85' lang='lat' dir='ltr'>quia</span> <span class='ocrx_word' id='word_1_221' title='bbox 1689 2690 1947 2747; x_wconf 89' lang='lat' dir='ltr'>videlicet</span> 
     </span>
    </p>
   </div>
   <div class='ocr_carea' id='block_1_30' title="bbox 327 2774 1945 2849">
    <p class='ocr_par' dir='ltr' id='par_1_30' title="bbox 327 2774 1945 2849">
     <span class='ocr_line' id='line_1_32' title="bbox 327 2774 1945 2849; baseline 0.006 -21"><span class='ocrx_word' id='word_1_222' title='bbox 327 2774 754 2846; x_wconf 88' lang='lat' dir='ltr'>pradicatorum</span> <span class='ocrx_word' id='word_1_223' title='bbox 787 2775 939 2832; x_wconf 88' lang='lat' dir='ltr'>illius</span> <span class='ocrx_word' id='word_1_224' title='bbox 970 2786 1299 2849; x_wconf 87' lang='lat' dir='ltr'>argumenta</span> <span class='ocrx_word' id='word_1_225' title='bbox 1330 2778 1536 2835; x_wconf 90' lang='lat' dir='ltr'>dolosis</span> <span class='ocrx_word' id='word_1_226' title='bbox 1554 2780 1945 2839; x_wconf 86' lang='lat' dir='ltr'>assertionibus</span> 
     </span>
    </p>
   </div>
   <div class='ocr_carea' id='block_1_31' title="bbox 330 2863 1943 2942">
    <p class='ocr_par' dir='ltr' id='par_1_31' title="bbox 330 2863 1943 2942">
     <span class='ocr_line' id='line_1_33' title="bbox 330 2863 1943 2942; baseline 0.003 -22"><span class='ocrx_word' id='word_1_227' title='bbox 330 2863 691 2931; x_wconf 89' lang='lat' dir='ltr'>innodantur,</span> <span class='ocrx_word' id='word_1_228' title='bbox 726 2874 786 2921; x_wconf 93' lang='lat' dir='ltr'>ut</span> <span class='ocrx_word' id='word_1_229' title='bbox 817 2873 961 2920; x_wconf 88' lang='lat' dir='ltr'>recta</span> <span class='ocrx_word' id='word_1_230' title='bbox 983 2882 1098 2921; x_wconf 89' lang='lat' dir='ltr'>esse</span> <span class='ocrx_word' id='word_1_231' title='bbox 1128 2867 1391 2923; x_wconf 91' lang='lat' dir='ltr'>simulent</span> <span class='ocrx_word' id='word_1_232' title='bbox 1410 2886 1530 2942; x_wconf 87' lang='lat' dir='ltr'>qua</span> <span class='ocrx_word' id='word_1_233' title='bbox 1551 2886 1805 2942; x_wconf 81' lang='lat' dir='ltr'>perversa</span> <span class='ocrx_word' id='word_1_234' title='bbox 1824 2886 1943 2925; x_wconf 89' lang='lat' dir='ltr'>sua-</span> 
     </span>
    </p>
   </div>
   <div class='ocr_carea' id='block_1_32' title="bbox 334 2950 1942 3030">
    <p class='ocr_par' dir='ltr' id='par_1_32' title="bbox 334 2950 1942 3030">
     <span class='ocr_line' id='line_1_34' title="bbox 334 2950 1942 3030; baseline 0.005 -23"><span class='ocrx_word' id='word_1_235' title='bbox 334 2950 489 3019; x_wconf 83' lang='lat' dir='ltr'>dent,</span> <span class='ocrx_word' id='word_1_236' title='bbox 532 2958 594 3029; x_wconf 81' lang='lat' dir='ltr'>ut</span> <span class='ocrx_word' id='word_1_237' title='bbox 637 2950 1033 3023; x_wconf 84' lang='lat' dir='ltr'>allegationum</span> <span class='ocrx_word' id='word_1_238' title='bbox 1082 2953 1412 3025; x_wconf 89' lang='lat' dir='ltr'>implicatio,</span> <span class='ocrx_word' id='word_1_239' title='bbox 1459 2957 1613 3030; x_wconf 90' lang='lat' dir='ltr'>quasi</span> <span class='ocrx_word' id='word_1_240' title='bbox 1645 2973 1942 3014; x_wconf 82' lang='lat' dir='ltr'>nervorum</span> 
     </span>
    </p>
   </div>
   <div class='ocr_carea' id='block_1_33' title="bbox 334 3040 1942 3117">
    <p class='ocr_par' dir='ltr' id='par_1_33' title="bbox 334 3040 1942 3117">
     <span class='ocr_line' id='line_1_35' title="bbox 334 3040 1942 3117; baseline 0.002 -19"><span class='ocrx_word' id='word_1_241' title='bbox 334 3041 685 3114; x_wconf 85' lang='lat' dir='ltr'>perplexitas,</span> <span class='ocrx_word' id='word_1_242' title='bbox 718 3040 819 3097; x_wconf 90' lang='lat' dir='ltr'>etsi</span> <span class='ocrx_word' id='word_1_243' title='bbox 850 3040 1029 3097; x_wconf 87' lang='lat' dir='ltr'>videri</span> <span class='ocrx_word' id='word_1_244' title='bbox 1065 3043 1257 3114; x_wconf 87' lang='lat' dir='ltr'>possit,</span> <span class='ocrx_word' id='word_1_245' title='bbox 1290 3043 1432 3099; x_wconf 89' lang='lat' dir='ltr'>solvi</span> <span class='ocrx_word' id='word_1_246' title='bbox 1464 3061 1574 3101; x_wconf 92' lang='lat' dir='ltr'>non</span> <span class='ocrx_word' id='word_1_247' title='bbox 1598 3046 1789 3117; x_wconf 90' lang='lat' dir='ltr'>possit.</span> <span class='ocrx_word' id='word_1_248' title='bbox 1813 3048 1942 3103; x_wconf 87' lang='lat' dir='ltr'>Ner-</span> 
     </span>
    </p>
   </div>
   <div class='ocr_carea' id='block_1_34' title="bbox 2065 746 3661 831">
    <p class='ocr_par' dir='ltr' id='par_1_34' title="bbox 2065 746 3661 831">
     <span class='ocr_line' id='line_1_36' title="bbox 2065 746 3661 831; baseline 0.014 -32"><span class='ocrx_word' id='word_1_249' title='bbox 2065 746 2283 803; x_wconf 79' lang='lat' dir='ltr'>errori?</span> <span class='ocrx_word' id='word_1_250' title='bbox 2339 748 2486 816; x_wconf 92' lang='lat' dir='ltr'>Quos</span> <span class='ocrx_word' id='word_1_251' title='bbox 2534 760 2718 809; x_wconf 91' lang='lat' dir='ltr'>tamen</span> <span class='ocrx_word' id='word_1_252' title='bbox 2771 752 2817 809; x_wconf 91' lang='lat' dir='ltr'>si</span> <span class='ocrx_word' id='word_1_253' title='bbox 2873 753 2996 828; x_wconf 90' lang='lat' dir='ltr'>quis</span> <span class='ocrx_word' id='word_1_254' title='bbox 3052 756 3363 831; x_wconf 90' lang='lat' dir='ltr'>redarguat,</span> <span class='ocrx_word' id='word_1_255' title='bbox 3417 778 3548 819; x_wconf 86' lang='lat' dir='ltr'>mox</span> <span class='ocrx_word' id='word_1_256' title='bbox 3603 783 3661 822; x_wconf 90' lang='lat' dir='ltr'>se</span> 
     </span>
    </p>
   </div>
   <div class='ocr_carea' id='block_1_35' title="bbox 2272 1239 3443 1328">
    <p class='ocr_par' dir='ltr' id='par_1_35' title="bbox 2272 1239 3443 1328">
     <span class='ocr_line' id='line_1_37' title="bbox 2272 1239 3443 1328; baseline 0.013 -30"><span class='ocrx_word' id='word_1_257' title='bbox 2272 1239 2499 1300; x_wconf 81' lang='lat' dir='ltr'>CAPUT</span> <span class='ocrx_word' id='word_1_258' title='bbox 2537 1243 2695 1302; x_wconf 84' lang='lat' dir='ltr'>XVII</span> <span class='ocrx_word' id='word_1_259' title='bbox 2740 1244 2879 1321; x_wconf 88' lang='lat' dir='ltr'>[Vet.</span> <span class='ocrx_word' id='word_1_260' title='bbox 2929 1249 3078 1320; x_wconf 84' lang='lat' dir='ltr'>XVI,</span> <span class='ocrx_word' id='word_1_261' title='bbox 3118 1254 3238 1309; x_wconf 84' lang='lat' dir='ltr'>Rec.</span> <span class='ocrx_word' id='word_1_262' title='bbox 3266 1253 3443 1328; x_wconf 81' lang='lat' dir='ltr'>XIV].</span> 
     </span>
    </p>
   </div>
   <div class='ocr_carea' id='block_1_36' title="bbox 2127 1337 3372 1421">
    <p class='ocr_par' dir='ltr' id='par_1_36' title="bbox 2127 1337 3372 1421">
     <span class='ocr_line' id='line_1_38' title="bbox 2127 1337 3372 1421; baseline 0.014 -28"><span class='ocrx_word' id='word_1_263' title='bbox 2127 1337 2298 1395; x_wconf 70' lang='lat' dir='ltr'>Vens.</span> <span class='ocrx_word' id='word_1_264' title='bbox 2333 1339 2418 1395; x_wconf 85' lang='grc'>13.</span> <span class='ocrx_word' id='word_1_265' title='bbox 2451 1370 2522 1382; x_wconf 88' lang='grc'><strong>-</strong></span> <span class='ocrx_word' id='word_1_266' title='bbox 2553 1343 2685 1398; x_wconf 84' lang='lat' dir='ltr'>Ossa</span> <span class='ocrx_word' id='word_1_267' title='bbox 2712 1344 2827 1415; x_wconf 88' lang='lat' dir='ltr'>ejus</span> <span class='ocrx_word' id='word_1_268' title='bbox 2845 1348 2987 1403; x_wconf 83' lang='lat' dir='ltr'>velut</span> <span class='ocrx_word' id='word_1_269' title='bbox 3013 1350 3206 1421; x_wconf 78' lang='lat' dir='ltr'>ﬁstula</span> <span class='ocrx_word' id='word_1_270' title='bbox 3229 1353 3372 1410; x_wconf 73' lang='lat' dir='ltr'>aris.</span> 
     </span>
    </p>
   </div>
   <div class='ocr_carea' id='block_1_37' title="bbox 2125 1425 3659 1514">
    <p class='ocr_par' dir='ltr' id='par_1_37' title="bbox 2125 1425 3659 1514">
     <span class='ocr_line' id='line_1_39' title="bbox 2125 1425 3659 1514; baseline 0.014 -33"><span class='ocrx_word' id='word_1_271' title='bbox 2125 1425 2214 1483; x_wconf 80' lang='lat'>29.</span> <span class='ocrx_word' id='word_1_272' title='bbox 2252 1428 2355 1495; x_wconf 86' lang='lat' dir='ltr'>Qui</span> <span class='ocrx_word' id='word_1_273' title='bbox 2400 1428 2507 1484; x_wconf 85' lang='lat' dir='ltr'>sint</span> <span class='ocrx_word' id='word_1_274' title='bbox 2555 1431 2873 1489; x_wconf 73' lang='lat' dir='ltr'>Antichristi</span> <span class='ocrx_word' id='word_1_275' title='bbox 2906 1453 3045 1493; x_wconf 88' lang='lat' dir='ltr'>ossa.</span> <span class='ocrx_word' id='word_1_276' title='bbox 3073 1469 3145 1481; x_wconf 91' lang='lat'>—</span> <span class='ocrx_word' id='word_1_277' title='bbox 3171 1440 3235 1496; x_wconf 91' lang='lat' dir='ltr'>In</span> <span class='ocrx_word' id='word_1_278' title='bbox 3277 1457 3502 1514; x_wconf 91' lang='lat' dir='ltr'>corpore</span> <span class='ocrx_word' id='word_1_279' title='bbox 3539 1460 3659 1503; x_wconf 86' lang='lat' dir='ltr'>ossa</span> 
     </span>
    </p>
   </div>
   <div class='ocr_carea' id='block_1_38' title="bbox 2053 1518 3653 1602">
    <p class='ocr_par' dir='ltr' id='par_1_38' title="bbox 2053 1518 3653 1602">
     <span class='ocr_line' id='line_1_40' title="bbox 2053 1518 3653 1602; baseline 0.014 -33"><span class='ocrx_word' id='word_1_280' title='bbox 2053 1522 2184 1570; x_wconf 90' lang='lat' dir='ltr'>sunt</span> <span class='ocrx_word' id='word_1_281' title='bbox 2212 1532 2332 1589; x_wconf 85' lang='lat' dir='ltr'>qua</span> <span class='ocrx_word' id='word_1_282' title='bbox 2364 1518 2654 1577; x_wconf 88' lang='lat' dir='ltr'>continent</span> <span class='ocrx_word' id='word_1_283' title='bbox 2692 1523 2959 1595; x_wconf 90' lang='lat' dir='ltr'>membra,</span> <span class='ocrx_word' id='word_1_284' title='bbox 2993 1527 3016 1562; x_wconf 74' lang='lat'><strong>‘</strong></span> <span class='ocrx_word' id='word_1_285' title='bbox 3045 1535 3099 1583; x_wconf 89' lang='lat' dir='ltr'>et</span> <span class='ocrx_word' id='word_1_286' title='bbox 3130 1545 3251 1602; x_wconf 87' lang='lat' dir='ltr'>qua</span> <span class='ocrx_word' id='word_1_287' title='bbox 3279 1532 3653 1596; x_wconf 87' lang='lat' dir='ltr'>continentur.</span> 
     </span>
    </p>
   </div>
   <div class='ocr_carea' id='block_1_39' title="bbox 2053 1604 3658 1696">
    <p class='ocr_par' dir='ltr' id='par_1_39' title="bbox 2053 1604 3658 1696">
     <span class='ocr_line' id='line_1_41' title="bbox 2053 1604 3658 1696; baseline 0.013 -37"><span class='ocrx_word' id='word_1_288' title='bbox 2053 1604 2230 1696; x_wconf 87' lang='lat' dir='ltr'>Habet</span> <span class='ocrx_word' id='word_1_289' title='bbox 2253 1622 2380 1680; x_wconf 90' lang='lat' dir='ltr'>ergo</span> <span class='ocrx_word' id='word_1_290' title='bbox 2408 1624 2596 1667; x_wconf 89' lang='lat' dir='ltr'>carnes</span> <span class='ocrx_word' id='word_1_291' title='bbox 2638 1611 2755 1670; x_wconf 85' lang='lat' dir='ltr'>hac</span> <span class='ocrx_word' id='word_1_292' title='bbox 2789 1612 2995 1686; x_wconf 88' lang='lat' dir='ltr'>bellua,</span> <span class='ocrx_word' id='word_1_293' title='bbox 3039 1616 3206 1676; x_wconf 88' lang='lat' dir='ltr'>habet</span> <span class='ocrx_word' id='word_1_294' title='bbox 3244 1628 3301 1677; x_wconf 91' lang='lat' dir='ltr'>et</span> <span class='ocrx_word' id='word_1_295' title='bbox 3340 1638 3480 1692; x_wconf 89' lang='lat' dir='ltr'>ossa,</span> <span class='ocrx_word' id='word_1_296' title='bbox 3528 1623 3658 1696; x_wconf 88' lang='lat' dir='ltr'>quia</span> 
     </span>
    </p>
   </div>
   <div class='ocr_carea' id='block_1_40' title="bbox 2051 1694 3658 1775">
    <p class='ocr_par' dir='ltr' id='par_1_40' title="bbox 2051 1694 3658 1775">
     <span class='ocr_line' id='line_1_42' title="bbox 2051 1694 3658 1775; baseline 0.016 -28"><span class='ocrx_word' id='word_1_297' title='bbox 2051 1700 2105 1748; x_wconf 89' lang='lat' dir='ltr'>et</span> <span class='ocrx_word' id='word_1_298' title='bbox 2135 1694 2318 1768; x_wconf 90' lang='lat' dir='ltr'>iniqui</span> <span class='ocrx_word' id='word_1_299' title='bbox 2347 1707 2478 1755; x_wconf 90' lang='lat' dir='ltr'>sunt</span> <span class='ocrx_word' id='word_1_300' title='bbox 2504 1700 2622 1770; x_wconf 90' lang='lat' dir='ltr'>alii,</span> <span class='ocrx_word' id='word_1_301' title='bbox 2662 1705 2757 1775; x_wconf 92' lang='lat' dir='ltr'>qui</span> <span class='ocrx_word' id='word_1_302' title='bbox 2788 1712 2970 1763; x_wconf 89' lang='lat' dir='ltr'>tamen</span> <span class='ocrx_word' id='word_1_303' title='bbox 3000 1708 3069 1765; x_wconf 88' lang='lat' dir='ltr'>ab</span> <span class='ocrx_word' id='word_1_304' title='bbox 3105 1711 3230 1768; x_wconf 90' lang='lat' dir='ltr'>aliis</span> <span class='ocrx_word' id='word_1_305' title='bbox 3259 1712 3317 1768; x_wconf 89' lang='lat' dir='ltr'>in</span> <span class='ocrx_word' id='word_1_306' title='bbox 3348 1728 3531 1770; x_wconf 89' lang='lat' dir='ltr'>errore</span> <span class='ocrx_word' id='word_1_307' title='bbox 3544 1694 3658 1770; x_wconf 64' lang='lat' dir='ltr'>re-</span> 
     </span>
    </p>
   </div>
   <div class='ocr_carea' id='block_1_41' title="bbox 1976 1772 3654 1867">
    <p class='ocr_par' dir='ltr' id='par_1_41' title="bbox 1976 1772 3654 1867">
     <span class='ocr_line' id='line_1_43' title="bbox 1976 1772 3654 1867; baseline 0.017 -34"><span class='ocrx_word' id='word_1_308' title='bbox 1976 1772 2023 1833; x_wconf 91' lang='lat' dir='ltr'><strong>B</strong></span> <span class='ocrx_word' id='word_1_309' title='bbox 2058 1781 2325 1852; x_wconf 88' lang='lat' dir='ltr'>tinentur,</span> <span class='ocrx_word' id='word_1_310' title='bbox 2360 1793 2415 1840; x_wconf 92' lang='lat' dir='ltr'>et</span> <span class='ocrx_word' id='word_1_311' title='bbox 2448 1772 2739 1860; x_wconf 79' lang='lat' dir='ltr'>nequiores</span> <span class='ocrx_word' id='word_1_312' title='bbox 2757 1792 2876 1861; x_wconf 91' lang='lat' dir='ltr'>alii,</span> <span class='ocrx_word' id='word_1_313' title='bbox 2909 1796 3007 1867; x_wconf 91' lang='lat' dir='ltr'>qui</span> <span class='ocrx_word' id='word_1_314' title='bbox 3030 1796 3088 1852; x_wconf 92' lang='lat' dir='ltr'>in</span> <span class='ocrx_word' id='word_1_315' title='bbox 3117 1814 3300 1856; x_wconf 87' lang='lat' dir='ltr'>errore</span> <span class='ocrx_word' id='word_1_316' title='bbox 3328 1808 3383 1857; x_wconf 85' lang='lat' dir='ltr'>et</span> <span class='ocrx_word' id='word_1_317' title='bbox 3409 1803 3545 1860; x_wconf 89' lang='lat' dir='ltr'>alios</span> <span class='ocrx_word' id='word_1_318' title='bbox 3574 1819 3654 1859; x_wconf 83' lang='lat' dir='ltr'>re-</span> 
     </span>
    </p>
   </div>
   <div class='ocr_carea' id='block_1_42' title="bbox 2058 1871 3653 1964">
    <p class='ocr_par' dir='ltr' id='par_1_42' title="bbox 2058 1871 3653 1964">
     <span class='ocr_line' id='line_1_44' title="bbox 2058 1871 3653 1964; baseline 0.015 -39"><span class='ocrx_word' id='word_1_319' title='bbox 2058 1871 2256 1964; x_wconf 65' lang='lat' dir='ltr'>tinent.</span> <span class='ocrx_word' id='word_1_320' title='bbox 2306 1873 2450 1941; x_wconf 85' lang='lat' dir='ltr'>Quid</span> <span class='ocrx_word' id='word_1_321' title='bbox 2510 1876 2694 1951; x_wconf 90' lang='lat' dir='ltr'>itaque</span> <span class='ocrx_word' id='word_1_322' title='bbox 2748 1881 2900 1937; x_wconf 88' lang='lat' dir='ltr'>aliud</span> <span class='ocrx_word' id='word_1_323' title='bbox 2946 1899 3068 1941; x_wconf 89' lang='lat' dir='ltr'>ossa</span> <span class='ocrx_word' id='word_1_324' title='bbox 3109 1889 3441 1946; x_wconf 86' lang='lat' dir='ltr'>Antichristi</span> <span class='ocrx_word' id='word_1_325' title='bbox 3492 1906 3653 1964; x_wconf 79' lang='lat' dir='ltr'>quam</span> 
     </span>
    </p>
   </div>
   <div class='ocr_carea' id='block_1_43' title="bbox 2058 1962 3656 2051">
    <p class='ocr_par' dir='ltr' id='par_1_43' title="bbox 2058 1962 3656 2051">
     <span class='ocr_line' id='line_1_45' title="bbox 2058 1962 3656 2051; baseline 0.014 -36"><span class='ocrx_word' id='word_1_326' title='bbox 2058 1962 2333 2033; x_wconf 85' lang='lat' dir='ltr'>quoslibet</span> <span class='ocrx_word' id='word_1_327' title='bbox 2360 1964 2419 2020; x_wconf 90' lang='lat' dir='ltr'>in</span> <span class='ocrx_word' id='word_1_328' title='bbox 2450 1964 2569 2037; x_wconf 90' lang='lat' dir='ltr'>ejus</span> <span class='ocrx_word' id='word_1_329' title='bbox 2595 1984 2823 2041; x_wconf 92' lang='lat' dir='ltr'>corpore</span> <span class='ocrx_word' id='word_1_330' title='bbox 2852 1972 3183 2032; x_wconf 89' lang='lat' dir='ltr'>valentiores</span> <span class='ocrx_word' id='word_1_331' title='bbox 3219 1962 3565 2051; x_wconf 75' lang='lat' dir='ltr'>accipimus?</span> <span class='ocrx_word' id='word_1_332' title='bbox 3597 1981 3656 2035; x_wconf 87' lang='lat' dir='ltr'>in</span> 
     </span>
    </p>
   </div>
   <div class='ocr_carea' id='block_1_44' title="bbox 2058 2053 3654 2139">
    <p class='ocr_par' dir='ltr' id='par_1_44' title="bbox 2058 2053 3654 2139">
     <span class='ocr_line' id='line_1_46' title="bbox 2058 2053 3654 2139; baseline 0.012 -35"><span class='ocrx_word' id='word_1_333' title='bbox 2058 2065 2291 2122; x_wconf 91' lang='lat' dir='ltr'>quorum</span> <span class='ocrx_word' id='word_1_334' title='bbox 2323 2053 2500 2139; x_wconf 79' lang='lat' dir='ltr'>corde</span> <span class='ocrx_word' id='word_1_335' title='bbox 2515 2055 2781 2130; x_wconf 89' lang='lat' dir='ltr'>iniquitas</span> <span class='ocrx_word' id='word_1_336' title='bbox 2818 2058 2951 2117; x_wconf 91' lang='lat' dir='ltr'>dum</span> <span class='ocrx_word' id='word_1_337' title='bbox 2995 2062 3353 2123; x_wconf 88' lang='lat' dir='ltr'>vehementer</span> <span class='ocrx_word' id='word_1_338' title='bbox 3380 2066 3654 2134; x_wconf 89' lang='lat' dir='ltr'>induruit,</span> 
     </span>
    </p>
   </div>
   <div class='ocr_carea' id='block_1_45' title="bbox 2058 2143 3653 2226">
    <p class='ocr_par' dir='ltr' id='par_1_45' title="bbox 2058 2143 3653 2226">
     <span class='ocr_line' id='line_1_47' title="bbox 2058 2143 3653 2226; baseline 0.013 -32"><span class='ocrx_word' id='word_1_339' title='bbox 2058 2155 2155 2210; x_wconf 92' lang='lat' dir='ltr'>per</span> <span class='ocrx_word' id='word_1_340' title='bbox 2181 2156 2272 2197; x_wconf 90' lang='lat' dir='ltr'>eos</span> <span class='ocrx_word' id='word_1_341' title='bbox 2302 2150 2415 2199; x_wconf 88' lang='lat' dir='ltr'>tota</span> <span class='ocrx_word' id='word_1_342' title='bbox 2442 2143 2560 2216; x_wconf 87' lang='lat' dir='ltr'>ejus</span> <span class='ocrx_word' id='word_1_343' title='bbox 2589 2150 2834 2220; x_wconf 87' lang='lat' dir='ltr'>corporis</span> <span class='ocrx_word' id='word_1_344' title='bbox 2862 2167 3125 2226; x_wconf 90' lang='lat' dir='ltr'>compago</span> <span class='ocrx_word' id='word_1_345' title='bbox 3172 2155 3442 2213; x_wconf 85' lang='lat' dir='ltr'>subsistit.</span> <span class='ocrx_word' id='word_1_346' title='bbox 3492 2158 3653 2215; x_wconf 87' lang='lat' dir='ltr'>Multi</span> 
     </span>
    </p>
   </div>
   <div class='ocr_carea' id='block_1_46' title="bbox 2059 2233 3653 2319">
    <p class='ocr_par' dir='ltr' id='par_1_46' title="bbox 2059 2233 3653 2319">
     <span class='ocr_line' id='line_1_48' title="bbox 2059 2233 3653 2319; baseline 0.013 -35"><span class='ocrx_word' id='word_1_347' title='bbox 2059 2245 2293 2319; x_wconf 88' lang='lat' dir='ltr'>namque</span> <span class='ocrx_word' id='word_1_348' title='bbox 2322 2233 2379 2288; x_wconf 92' lang='lat' dir='ltr'>in</span> <span class='ocrx_word' id='word_1_349' title='bbox 2410 2233 2517 2292; x_wconf 92' lang='lat' dir='ltr'>hoc</span> <span class='ocrx_word' id='word_1_350' title='bbox 2567 2238 2775 2295; x_wconf 90' lang='lat' dir='ltr'>mundo</span> <span class='ocrx_word' id='word_1_351' title='bbox 2820 2240 3021 2299; x_wconf 81' lang='lat' dir='ltr'>divites</span> <span class='ocrx_word' id='word_1_352' title='bbox 3062 2244 3339 2315; x_wconf 90' lang='lat' dir='ltr'>videntur,</span> <span class='ocrx_word' id='word_1_353' title='bbox 3378 2246 3474 2319; x_wconf 91' lang='lat' dir='ltr'>qui</span> <span class='ocrx_word' id='word_1_354' title='bbox 3520 2246 3653 2304; x_wconf 87' lang='lat' dir='ltr'>dum</span> 
     </span>
    </p>
   </div>
   <div class='ocr_carea' id='block_1_47' title="bbox 2058 2318 3653 2405">
    <p class='ocr_par' dir='ltr' id='par_1_47' title="bbox 2058 2318 3653 2405">
     <span class='ocr_line' id='line_1_49' title="bbox 2058 2318 3653 2405; baseline 0.012 -31"><span class='ocrx_word' id='word_1_355' title='bbox 2058 2318 2221 2376; x_wconf 86' lang='lat' dir='ltr'>rebus</span> <span class='ocrx_word' id='word_1_356' title='bbox 2262 2321 2566 2397; x_wconf 90' lang='lat' dir='ltr'>opibusque</span> <span class='ocrx_word' id='word_1_357' title='bbox 2612 2325 2838 2383; x_wconf 81' lang='lat' dir='ltr'>subnixi</span> <span class='ocrx_word' id='word_1_358' title='bbox 2867 2337 3016 2400; x_wconf 89' lang='lat' dir='ltr'>sunt,</span> <span class='ocrx_word' id='word_1_359' title='bbox 3046 2333 3200 2405; x_wconf 88' lang='lat' dir='ltr'>quasi</span> <span class='ocrx_word' id='word_1_360' title='bbox 3230 2351 3300 2390; x_wconf 84' lang='lat' dir='ltr'>ex</span> <span class='ocrx_word' id='word_1_361' title='bbox 3328 2318 3653 2392; x_wconf 84' lang='lat' dir='ltr'>fortitudine</span> 
     </span>
    </p>
   </div>
   <div class='ocr_carea' id='block_1_48' title="bbox 2058 2409 3653 2495">
    <p class='ocr_par' dir='ltr' id='par_1_48' title="bbox 2058 2409 3653 2495">
     <span class='ocr_line' id='line_1_50' title="bbox 2058 2409 3653 2495; baseline 0.011 -30"><span class='ocrx_word' id='word_1_362' title='bbox 2058 2409 2400 2479; x_wconf 89' lang='lat' dir='ltr'>solidantur;</span> <span class='ocrx_word' id='word_1_363' title='bbox 2434 2413 2528 2469; x_wconf 90' lang='lat' dir='ltr'>sed</span> <span class='ocrx_word' id='word_1_364' title='bbox 2546 2415 2826 2487; x_wconf 88' lang='lat' dir='ltr'>largiendo</span> <span class='ocrx_word' id='word_1_365' title='bbox 2849 2417 2967 2476; x_wconf 88' lang='lat' dir='ltr'>hac</span> <span class='ocrx_word' id='word_1_366' title='bbox 2996 2419 3112 2492; x_wconf 90' lang='lat' dir='ltr'>ipsa</span> <span class='ocrx_word' id='word_1_367' title='bbox 3130 2421 3332 2495; x_wconf 89' lang='lat' dir='ltr'>quibus</span> <span class='ocrx_word' id='word_1_368' title='bbox 3353 2424 3480 2482; x_wconf 85' lang='lat' dir='ltr'>fulti</span> <span class='ocrx_word' id='word_1_369' title='bbox 3500 2433 3653 2494; x_wconf 89' lang='lat' dir='ltr'>sunt,</span> 
     </span>
    </p>
   </div>
   <div class='ocr_carea' id='block_1_49' title="bbox 2058 2498 3654 2570">
    <p class='ocr_par' dir='ltr' id='par_1_49' title="bbox 2058 2498 3654 2570">
     <span class='ocr_line' id='line_1_51' title="bbox 2058 2498 3654 2570; baseline 0.011 -17"><span class='ocrx_word' id='word_1_370' title='bbox 2058 2498 2126 2554; x_wconf 89' lang='lat' dir='ltr'>ad</span> <span class='ocrx_word' id='word_1_371' title='bbox 2155 2516 2317 2555; x_wconf 87' lang='lat' dir='ltr'>suum</span> <span class='ocrx_word' id='word_1_372' title='bbox 2356 2502 2495 2558; x_wconf 91' lang='lat' dir='ltr'>alios</span> <span class='ocrx_word' id='word_1_373' title='bbox 2525 2519 2762 2561; x_wconf 86' lang='lat' dir='ltr'>errorem</span> <span class='ocrx_word' id='word_1_374' title='bbox 2798 2506 3047 2564; x_wconf 90' lang='lat' dir='ltr'>trahunt.</span> <span class='ocrx_word' id='word_1_375' title='bbox 3078 2510 3240 2567; x_wconf 89' lang='lat' dir='ltr'>Modo</span> <span class='ocrx_word' id='word_1_376' title='bbox 3268 2514 3565 2570; x_wconf 86' lang='lat' dir='ltr'>nonnullos</span> <span class='ocrx_word' id='word_1_377' title='bbox 3591 2522 3654 2570; x_wconf 91' lang='lat' dir='ltr'>ut</span> 
     </span>
    </p>
   </div>
   <div class='ocr_carea' id='block_1_50' title="bbox 2057 2587 3652 2674">
    <p class='ocr_par' dir='ltr' id='par_1_50' title="bbox 2057 2587 3652 2674">
     <span class='ocr_line' id='line_1_52' title="bbox 2057 2587 3652 2674; baseline 0.011 -33"><span class='ocrx_word' id='word_1_378' title='bbox 2057 2587 2211 2659; x_wconf 89' lang='lat' dir='ltr'>pravi</span> <span class='ocrx_word' id='word_1_379' title='bbox 2239 2587 2374 2645; x_wconf 88' lang='lat' dir='ltr'>fiant</span> <span class='ocrx_word' id='word_1_380' title='bbox 2402 2588 2561 2647; x_wconf 92' lang='lat' dir='ltr'>donis</span> <span class='ocrx_word' id='word_1_381' title='bbox 2591 2593 2853 2663; x_wconf 91' lang='lat' dir='ltr'>illiciunt,</span> <span class='ocrx_word' id='word_1_382' title='bbox 2886 2597 3051 2653; x_wconf 90' lang='lat' dir='ltr'>modo</span> <span class='ocrx_word' id='word_1_383' title='bbox 3080 2601 3378 2657; x_wconf 89' lang='lat' dir='ltr'>nonnullos</span> <span class='ocrx_word' id='word_1_384' title='bbox 3405 2609 3468 2658; x_wconf 92' lang='lat' dir='ltr'>ut</span> <span class='ocrx_word' id='word_1_385' title='bbox 3495 2603 3652 2674; x_wconf 85' lang='lat' dir='ltr'>pravi</span> 
     </span>
    </p>
   </div>
   <div class='ocr_carea' id='block_1_51' title="bbox 2057 2683 3653 2765">
    <p class='ocr_par' dir='ltr' id='par_1_51' title="bbox 2057 2683 3653 2765">
     <span class='ocr_line' id='line_1_53' title="bbox 2057 2683 3653 2765; baseline 0.011 -35"><span class='ocrx_word' id='word_1_386' title='bbox 2057 2687 2410 2748; x_wconf 89' lang='lat' dir='ltr'>permaneant</span> <span class='ocrx_word' id='word_1_387' title='bbox 2438 2683 2761 2740; x_wconf 88' lang='lat' dir='ltr'>muneribus</span> <span class='ocrx_word' id='word_1_388' title='bbox 2806 2686 3136 2759; x_wconf 88' lang='lat' dir='ltr'>astringunt.</span> <span class='ocrx_word' id='word_1_389' title='bbox 3169 2688 3315 2757; x_wconf 91' lang='lat' dir='ltr'>Quid</span> <span class='ocrx_word' id='word_1_390' title='bbox 3363 2690 3548 2765; x_wconf 88' lang='lat' dir='ltr'>itaque</span> <span class='ocrx_word' id='word_1_391' title='bbox 3591 2690 3653 2748; x_wconf 87' lang='lat' dir='ltr'>hi</span> 
     </span>
    </p>
   </div>
   <div class='ocr_carea' id='block_1_52' title="bbox 2058 2766 3652 2849">
    <p class='ocr_par' dir='ltr' id='par_1_52' title="bbox 2058 2766 3652 2849">
     <span class='ocr_line' id='line_1_54' title="bbox 2058 2766 3652 2849; baseline 0.011 -28"><span class='ocrx_word' id='word_1_392' title='bbox 2058 2766 2164 2822; x_wconf 90' lang='lat' dir='ltr'>nisi</span> <span class='ocrx_word' id='word_1_393' title='bbox 2194 2768 2525 2827; x_wconf 86' lang='lat' dir='ltr'>Antichristi</span> <span class='ocrx_word' id='word_1_394' title='bbox 2556 2789 2677 2830; x_wconf 88' lang='lat' dir='ltr'>ossa</span> <span class='ocrx_word' id='word_1_395' title='bbox 2705 2782 2852 2840; x_wconf 90' lang='lat' dir='ltr'>sunt,</span> <span class='ocrx_word' id='word_1_396' title='bbox 2870 2776 2963 2849; x_wconf 91' lang='lat' dir='ltr'>qui</span> <span class='ocrx_word' id='word_1_397' title='bbox 2975 2776 3109 2832; x_wconf 92' lang='lat' dir='ltr'>dum</span> <span class='ocrx_word' id='word_1_398' title='bbox 3127 2778 3299 2835; x_wconf 90' lang='lat' dir='ltr'>malos</span> <span class='ocrx_word' id='word_1_399' title='bbox 3318 2779 3652 2838; x_wconf 88' lang='lat' dir='ltr'>continendo</span> 
     </span>
    </p>
   </div>
   <div class='ocr_carea' id='block_1_53' title="bbox 2057 2858 3653 2940">
    <p class='ocr_par' dir='ltr' id='par_1_53' title="bbox 2057 2858 3653 2940">
     <span class='ocr_line' id='line_1_55' title="bbox 2057 2858 3653 2940; baseline 0.009 -29"><span class='ocrx_word' id='word_1_400' title='bbox 2057 2858 2451 2931; x_wconf 89' lang='lat' dir='ltr'>multiplicant,</span> <span class='ocrx_word' id='word_1_401' title='bbox 2481 2863 2503 2896; x_wconf 79' lang='grc'><em>⁵</em></span> <span class='ocrx_word' id='word_1_402' title='bbox 2535 2863 2591 2918; x_wconf 90' lang='lat' dir='ltr'>in</span> <span class='ocrx_word' id='word_1_403' title='bbox 2626 2862 2744 2934; x_wconf 88' lang='lat' dir='ltr'>ejus</span> <span class='ocrx_word' id='word_1_404' title='bbox 2786 2881 3012 2936; x_wconf 85' lang='lat' dir='ltr'>corpore</span> <span class='ocrx_word' id='word_1_405' title='bbox 3060 2883 3249 2924; x_wconf 88' lang='lat' dir='ltr'>carnes</span> <span class='ocrx_word' id='word_1_406' title='bbox 3290 2870 3554 2940; x_wconf 77' lang='lat' dir='ltr'>portant?</span> <span class='ocrx_word' id='word_1_407' title='bbox 3582 2870 3653 2926; x_wconf 84' lang='lat' dir='ltr'>Hi</span> 
     </span>
    </p>
   </div>
   <div class='ocr_carea' id='block_1_54' title="bbox 2056 2950 3708 3025">
    <p class='ocr_par' dir='ltr' id='par_1_54' title="bbox 2056 2950 3708 3025">
     <span class='ocr_line' id='line_1_56' title="bbox 2056 2950 3708 3025; baseline 0.008 -23"><span class='ocrx_word' id='word_1_408' title='bbox 2056 2964 2451 3023; x_wconf 87' lang='lat' dir='ltr'>nonnunquam</span> <span class='ocrx_word' id='word_1_409' title='bbox 2504 2952 2563 3007; x_wconf 90' lang='lat' dir='ltr'>in</span> <span class='ocrx_word' id='word_1_410' title='bbox 2612 2952 2953 3025; x_wconf 90' lang='lat' dir='ltr'>decipiendis</span> <span class='ocrx_word' id='word_1_411' title='bbox 3000 2956 3348 3014; x_wconf 88' lang='lat' dir='ltr'>auditoribus</span> <span class='ocrx_word' id='word_1_412' title='bbox 3387 2958 3654 3015; x_wconf 84' lang='lat' dir='ltr'>exhibent</span> <span class='ocrx_word' id='word_1_413' title='bbox 3697 2950 3708 2961; x_wconf 80' lang='grc'><em>’</em></span> 
     </span>
    </p>
   </div>
   <div class='ocr_carea' id='block_1_55' title="bbox 2056 3035 3647 3117">
    <p class='ocr_par' dir='ltr' id='par_1_55' title="bbox 2056 3035 3647 3117">
     <span class='ocr_line' id='line_1_57' title="bbox 2056 3035 3647 3117; baseline 0.009 -27"><span class='ocrx_word' id='word_1_414' title='bbox 2056 3035 2257 3108; x_wconf 88' lang='lat' dir='ltr'>lingua</span> <span class='ocrx_word' id='word_1_415' title='bbox 2294 3037 2666 3109; x_wconf 89' lang='lat' dir='ltr'>dulcedinem,</span> <span class='ocrx_word' id='word_1_416' title='bbox 2698 3041 2828 3112; x_wconf 89' lang='lat' dir='ltr'>quia</span> <span class='ocrx_word' id='word_1_417' title='bbox 2856 3048 2908 3097; x_wconf 89' lang='lat' dir='ltr'>et</span> <span class='ocrx_word' id='word_1_418' title='bbox 2938 3042 3109 3114; x_wconf 91' lang='lat' dir='ltr'>spina</span> <span class='ocrx_word' id='word_1_419' title='bbox 3138 3044 3424 3116; x_wconf 86' lang='lat' dir='ltr'>proferunt</span> <span class='ocrx_word' id='word_1_420' title='bbox 3451 3045 3647 3117; x_wconf 88' lang='lat' dir='ltr'>ﬂores;</span> 
     </span>
    </p>
   </div>
   <div class='ocr_carea' id='block_1_56' title="bbox 331 3125 1940 3210">
    <p class='ocr_par' dir='ltr' id='par_1_56' title="bbox 331 3129 1940 3207">
     <span class='ocr_line' id='line_1_58' title="bbox 331 3129 1940 3207; baseline 0.006 -23"><span class='ocrx_word' id='word_1_421' title='bbox 331 3147 426 3185; x_wconf 85' lang='lat' dir='ltr'>vos</span> <span class='ocrx_word' id='word_1_422' title='bbox 454 3129 574 3201; x_wconf 91' lang='lat' dir='ltr'>ejus</span> <span class='ocrx_word' id='word_1_423' title='bbox 599 3129 843 3185; x_wconf 91' lang='lat' dir='ltr'>testiculi</span> <span class='ocrx_word' id='word_1_424' title='bbox 889 3131 1188 3203; x_wconf 87' lang='lat' dir='ltr'>perplexos</span> <span class='ocrx_word' id='word_1_425' title='bbox 1236 3132 1461 3202; x_wconf 87' lang='lat' dir='ltr'>habent,</span> <span class='ocrx_word' id='word_1_426' title='bbox 1513 3135 1642 3207; x_wconf 91' lang='lat' dir='ltr'>quia</span> <span class='ocrx_word' id='word_1_427' title='bbox 1689 3137 1940 3194; x_wconf 88' lang='lat' dir='ltr'>acumina</span> 
     </span>
    </p>
   </div>
   <div class='ocr_carea' id='block_1_57' title="bbox 2049 3125 3652 3210">
    <p class='ocr_par' dir='ltr' id='par_1_57' title="bbox 2052 3125 3652 3210">
     <span class='ocr_line' id='line_1_59' title="bbox 2052 3125 3652 3210; baseline 0.008 -29"><span class='ocrx_word' id='word_1_428' title='bbox 2052 3135 2106 3182; x_wconf 90' lang='lat' dir='ltr'>et</span> <span class='ocrx_word' id='word_1_429' title='bbox 2134 3136 2355 3199; x_wconf 90' lang='lat' dir='ltr'>apparet</span> <span class='ocrx_word' id='word_1_430' title='bbox 2377 3125 2599 3200; x_wconf 89' lang='lat' dir='ltr'>quidem</span> <span class='ocrx_word' id='word_1_431' title='bbox 2643 3129 2701 3185; x_wconf 92' lang='lat' dir='ltr'>in</span> <span class='ocrx_word' id='word_1_432' title='bbox 2741 3130 2820 3186; x_wconf 91' lang='lat' dir='ltr'>eis</span> <span class='ocrx_word' id='word_1_433' title='bbox 2845 3132 2995 3204; x_wconf 90' lang='lat' dir='ltr'>quod</span> <span class='ocrx_word' id='word_1_434' title='bbox 3021 3132 3187 3202; x_wconf 89' lang='lat' dir='ltr'>oleat,</span> <span class='ocrx_word' id='word_1_435' title='bbox 3218 3134 3312 3191; x_wconf 93' lang='lat' dir='ltr'>sed</span> <span class='ocrx_word' id='word_1_436' title='bbox 3342 3135 3472 3193; x_wconf 90' lang='lat' dir='ltr'>latet</span> <span class='ocrx_word' id='word_1_437' title='bbox 3504 3136 3652 3210; x_wconf 90' lang='lat' dir='ltr'>quod</span> 
     </span>
    </p>
   </div>
   <div class='ocr_carea' id='block_1_58' title="bbox 330 3218 1942 3296">
    <p class='ocr_par' dir='ltr' id='par_1_58' title="bbox 330 3218 1942 3296">
     <span class='ocr_line' id='line_1_60' title="bbox 330 3218 1942 3296; baseline 0.004 -21"><span class='ocrx_word' id='word_1_438' title='bbox 330 3218 751 3292; x_wconf 86' lang='lat' dir='ltr'>pradicatorum</span> <span class='ocrx_word' id='word_1_439' title='bbox 785 3220 937 3276; x_wconf 91' lang='lat' dir='ltr'>illius</span> <span class='ocrx_word' id='word_1_440' title='bbox 974 3220 1079 3277; x_wconf 90' lang='lat' dir='ltr'>sub</span> <span class='ocrx_word' id='word_1_441' title='bbox 1108 3222 1449 3294; x_wconf 90' lang='lat' dir='ltr'>argumentis</span> <span class='ocrx_word' id='word_1_442' title='bbox 1490 3222 1806 3296; x_wconf 90' lang='lat' dir='ltr'>duplicibus</span> <span class='ocrx_word' id='word_1_443' title='bbox 1851 3226 1942 3281; x_wconf 90' lang='lat' dir='ltr'>la-</span> 
     </span>
    </p>
   </div>
   <div class='ocr_carea' id='block_1_59' title="bbox 326 3309 1937 3383">
    <p class='ocr_par' dir='ltr' id='par_1_59' title="bbox 326 3309 1937 3383">
     <span class='ocr_line' id='line_1_61' title="bbox 326 3309 1937 3383; baseline 0.002 -17"><span class='ocrx_word' id='word_1_444' title='bbox 326 3316 459 3366; x_wconf 89' lang='lat' dir='ltr'>tent.</span> <span class='ocrx_word' id='word_1_445' title='bbox 494 3309 822 3382; x_wconf 90' lang='lat' dir='ltr'>Plerumque</span> <span class='ocrx_word' id='word_1_446' title='bbox 862 3318 1044 3367; x_wconf 91' lang='lat' dir='ltr'>autem</span> <span class='ocrx_word' id='word_1_447' title='bbox 1077 3330 1204 3371; x_wconf 91' lang='lat' dir='ltr'>cum</span> <span class='ocrx_word' id='word_1_448' title='bbox 1238 3312 1420 3369; x_wconf 86' lang='lat' dir='ltr'>verbis</span> <span class='ocrx_word' id='word_1_449' title='bbox 1465 3313 1631 3371; x_wconf 92' lang='lat' dir='ltr'>corda</span> <span class='ocrx_word' id='word_1_450' title='bbox 1660 3314 1937 3383; x_wconf 87' lang='lat' dir='ltr'>inﬁciunt,</span> 
     </span>
    </p>
   </div>
   <div class='ocr_carea' id='block_1_60' title="bbox 326 3398 1941 3475">
    <p class='ocr_par' dir='ltr' id='par_1_60' title="bbox 326 3398 1941 3475">
     <span class='ocr_line' id='line_1_62' title="bbox 326 3398 1941 3475; baseline 0.005 -22"><span class='ocrx_word' id='word_1_451' title='bbox 326 3398 383 3453; x_wconf 91' lang='lat' dir='ltr'>in</span> <span class='ocrx_word' id='word_1_452' title='bbox 413 3414 575 3470; x_wconf 89' lang='lat' dir='ltr'>opere</span> <span class='ocrx_word' id='word_1_453' title='bbox 604 3398 979 3454; x_wconf 86' lang='lat' dir='ltr'>innocentiam</span> <span class='ocrx_word' id='word_1_454' title='bbox 1022 3401 1347 3458; x_wconf 90' lang='lat' dir='ltr'>ostendunt.</span> <span class='ocrx_word' id='word_1_455' title='bbox 1392 3403 1579 3475; x_wconf 87' lang='lat' dir='ltr'>Neque</span> <span class='ocrx_word' id='word_1_456' title='bbox 1608 3404 1755 3459; x_wconf 91' lang='lat' dir='ltr'>enim</span> <span class='ocrx_word' id='word_1_457' title='bbox 1786 3404 1854 3461; x_wconf 92' lang='lat' dir='ltr'>ad</span> <span class='ocrx_word' id='word_1_458' title='bbox 1884 3421 1941 3461; x_wconf 93' lang='lat' dir='ltr'>se</span> 
     </span>
    </p>
   </div>
   <div class='ocr_carea' id='block_1_61' title="bbox 324 3489 1940 3561">
    <p class='ocr_par' dir='ltr' id='par_1_61' title="bbox 324 3489 1940 3561">
     <span class='ocr_line' id='line_1_63' title="bbox 324 3489 1940 3561; baseline 0.005 -17"><span class='ocrx_word' id='word_1_459' title='bbox 324 3489 499 3545; x_wconf 91' lang='lat' dir='ltr'>bonos</span> <span class='ocrx_word' id='word_1_460' title='bbox 527 3490 882 3561; x_wconf 89' lang='lat' dir='ltr'>persuasione</span> <span class='ocrx_word' id='word_1_461' title='bbox 912 3508 1011 3546; x_wconf 89' lang='lat' dir='ltr'>sua</span> <span class='ocrx_word' id='word_1_462' title='bbox 1040 3493 1346 3561; x_wconf 90' lang='lat' dir='ltr'>traherent,</span> <span class='ocrx_word' id='word_1_463' title='bbox 1378 3494 1425 3550; x_wconf 91' lang='lat' dir='ltr'>si</span> <span class='ocrx_word' id='word_1_464' title='bbox 1455 3510 1511 3549; x_wconf 91' lang='lat' dir='ltr'>se</span> <span class='ocrx_word' id='word_1_465' title='bbox 1539 3502 1594 3549; x_wconf 91' lang='lat' dir='ltr'>et</span> <span class='ocrx_word' id='word_1_466' title='bbox 1622 3494 1679 3549; x_wconf 91' lang='lat' dir='ltr'>in</span> <span class='ocrx_word' id='word_1_467' title='bbox 1708 3496 1940 3552; x_wconf 90' lang='lat' dir='ltr'>actioni-</span> 
     </span>
    </p>
   </div>
   <div class='ocr_carea' id='block_1_62' title="bbox 324 3578 1939 3657">
    <p class='ocr_par' dir='ltr' id='par_1_62' title="bbox 324 3578 1939 3657">
     <span class='ocr_line' id='line_1_64' title="bbox 324 3578 1939 3657; baseline 0.002 -22"><span class='ocrx_word' id='word_1_468' title='bbox 324 3578 428 3635; x_wconf 89' lang='lat' dir='ltr'>bus</span> <span class='ocrx_word' id='word_1_469' title='bbox 448 3595 734 3652; x_wconf 87' lang='lat' dir='ltr'>perversos</span> <span class='ocrx_word' id='word_1_470' title='bbox 756 3579 1105 3637; x_wconf 83' lang='lat' dir='ltr'>exhiberent.</span> <span class='ocrx_word' id='word_1_471' title='bbox 1139 3582 1245 3639; x_wconf 90' lang='lat' dir='ltr'>Sed</span> <span class='ocrx_word' id='word_1_472' title='bbox 1276 3582 1406 3655; x_wconf 90' lang='lat' dir='ltr'>quia</span> <span class='ocrx_word' id='word_1_473' title='bbox 1432 3589 1598 3639; x_wconf 90' lang='lat' dir='ltr'>testes</span> <span class='ocrx_word' id='word_1_474' title='bbox 1613 3590 1744 3639; x_wconf 91' lang='lat' dir='ltr'>sunt</span> <span class='ocrx_word' id='word_1_475' title='bbox 1772 3583 1939 3657; x_wconf 81' lang='lat' dir='ltr'>hujus</span> 
     </span>
    </p>
   </div>
   <div class='ocr_carea' id='block_1_63' title="bbox 330 3667 1940 3742">
    <p class='ocr_par' dir='ltr' id='par_1_63' title="bbox 330 3667 1940 3742">
     <span class='ocr_line' id='line_1_65' title="bbox 330 3667 1940 3742; baseline 0.004 -19"><span class='ocrx_word' id='word_1_476' title='bbox 330 3667 552 3737; x_wconf 88' lang='lat' dir='ltr'>bellua,</span> <span class='ocrx_word' id='word_1_477' title='bbox 597 3676 652 3724; x_wconf 91' lang='lat' dir='ltr'>et</span> <span class='ocrx_word' id='word_1_478' title='bbox 686 3668 964 3741; x_wconf 86' lang='lat' dir='ltr'>perplexis</span> <span class='ocrx_word' id='word_1_479' title='bbox 1006 3672 1200 3725; x_wconf 90' lang='lat' dir='ltr'>nervis</span> <span class='ocrx_word' id='word_1_480' title='bbox 1239 3670 1545 3742; x_wconf 90' lang='lat' dir='ltr'>illigantur,</span> <span class='ocrx_word' id='word_1_481' title='bbox 1581 3680 1635 3727; x_wconf 92' lang='lat' dir='ltr'>et</span> <span class='ocrx_word' id='word_1_482' title='bbox 1663 3680 1839 3727; x_wconf 90' lang='lat' dir='ltr'>rectos</span> <span class='ocrx_word' id='word_1_483' title='bbox 1884 3690 1940 3731; x_wconf 89' lang='lat' dir='ltr'>se</span> 
     </span>
    </p>
   </div>
   <div class='ocr_carea' id='block_1_64' title="bbox 329 3759 1942 3832">
    <p class='ocr_par' dir='ltr' id='par_1_64' title="bbox 329 3759 1942 3832">
     <span class='ocr_line' id='line_1_66' title="bbox 329 3759 1942 3832; baseline 0.002 -18"><span class='ocrx_word' id='word_1_484' title='bbox 329 3766 613 3815; x_wconf 87' lang='lat' dir='ltr'>ostentant</span> <span class='ocrx_word' id='word_1_485' title='bbox 639 3767 700 3815; x_wconf 89' lang='lat' dir='ltr'>ut</span> <span class='ocrx_word' id='word_1_486' title='bbox 740 3760 965 3827; x_wconf 89' lang='lat' dir='ltr'>lateant,</span> <span class='ocrx_word' id='word_1_487' title='bbox 996 3766 1050 3814; x_wconf 90' lang='lat' dir='ltr'>et</span> <span class='ocrx_word' id='word_1_488' title='bbox 1076 3775 1331 3831; x_wconf 87' lang='lat' dir='ltr'>perversa</span> <span class='ocrx_word' id='word_1_489' title='bbox 1360 3759 1658 3832; x_wconf 87' lang='lat' dir='ltr'>pradicant</span> <span class='ocrx_word' id='word_1_490' title='bbox 1703 3767 1765 3816; x_wconf 90' lang='lat' dir='ltr'>ut</span> <span class='ocrx_word' id='word_1_491' title='bbox 1808 3778 1942 3818; x_wconf 89' lang='lat' dir='ltr'>cor-</span> 
     </span>
    </p>
   </div>
   <div class='ocr_carea' id='block_1_65' title="bbox 326 3847 1938 3923">
    <p class='ocr_par' dir='ltr' id='par_1_65' title="bbox 326 3847 1938 3923">
     <span class='ocr_line' id='line_1_67' title="bbox 326 3847 1938 3923; baseline 0 -17"><span class='ocrx_word' id='word_1_492' title='bbox 326 3857 610 3923; x_wconf 87' lang='lat' dir='ltr'>rumpant,</span> <span class='ocrx_word' id='word_1_493' title='bbox 639 3849 819 3921; x_wconf 89' lang='lat' dir='ltr'>ipsum</span> <span class='ocrx_word' id='word_1_494' title='bbox 849 3847 1118 3904; x_wconf 91' lang='lat' dir='ltr'>nimirum</span> <span class='ocrx_word' id='word_1_495' title='bbox 1147 3863 1310 3905; x_wconf 89' lang='lat' dir='ltr'>suum</span> <span class='ocrx_word' id='word_1_496' title='bbox 1335 3855 1499 3922; x_wconf 91' lang='lat' dir='ltr'>caput</span> <span class='ocrx_word' id='word_1_497' title='bbox 1517 3849 1820 3917; x_wconf 89' lang='lat' dir='ltr'>imitantes,</span> <span class='ocrx_word' id='word_1_498' title='bbox 1844 3851 1938 3923; x_wconf 92' lang='lat' dir='ltr'>qui</span> 
     </span>
    </p>
   </div>
   <div class='ocr_carea' id='block_1_66' title="bbox 326 3938 1938 4014">
    <p class='ocr_par' dir='ltr' id='par_1_66' title="bbox 326 3938 1938 4014">
     <span class='ocr_line' id='line_1_68' title="bbox 326 3938 1938 4014; baseline 0 -18"><span class='ocrx_word' id='word_1_499' title='bbox 326 3939 485 4012; x_wconf 88' lang='lat' dir='ltr'>quasi</span> <span class='ocrx_word' id='word_1_500' title='bbox 516 3939 601 3994; x_wconf 93' lang='lat' dir='ltr'>leo</span> <span class='ocrx_word' id='word_1_501' title='bbox 633 3940 691 3994; x_wconf 88' lang='lat' dir='ltr'>in</span> <span class='ocrx_word' id='word_1_502' title='bbox 722 3938 944 3995; x_wconf 91' lang='lat' dir='ltr'>insidiis</span> <span class='ocrx_word' id='word_1_503' title='bbox 972 3947 1027 3996; x_wconf 93' lang='lat' dir='ltr'>et</span> <span class='ocrx_word' id='word_1_504' title='bbox 1060 3940 1220 3997; x_wconf 85' lang='lat' dir='ltr'>savit</span> <span class='ocrx_word' id='word_1_505' title='bbox 1259 3957 1353 4013; x_wconf 91' lang='lat' dir='ltr'>per</span> <span class='ocrx_word' id='word_1_506' title='bbox 1401 3942 1701 4014; x_wconf 89' lang='lat' dir='ltr'>potentiam</span> <span class='ocrx_word' id='word_1_507' title='bbox 1734 3941 1938 3998; x_wconf 81' lang='lat' dir='ltr'>terreni</span> 
     </span>
    </p>
   </div>
   <div class='ocr_carea' id='block_1_67' title="bbox 322 4027 1938 4103">
    <p class='ocr_par' dir='ltr' id='par_1_67' title="bbox 322 4027 1938 4103">
     <span class='ocr_line' id='line_1_69' title="bbox 322 4027 1938 4103; baseline 0.001 -18"><span class='ocrx_word' id='word_1_508' title='bbox 322 4027 606 4095; x_wconf 87' lang='lat' dir='ltr'>culminis,</span> <span class='ocrx_word' id='word_1_509' title='bbox 636 4036 691 4084; x_wconf 91' lang='lat' dir='ltr'>et</span> <span class='ocrx_word' id='word_1_510' title='bbox 719 4027 1009 4084; x_wconf 89' lang='lat' dir='ltr'>blanditur</span> <span class='ocrx_word' id='word_1_511' title='bbox 1036 4046 1140 4101; x_wconf 91' lang='lat' dir='ltr'>per</span> <span class='ocrx_word' id='word_1_512' title='bbox 1163 4030 1401 4103; x_wconf 89' lang='lat' dir='ltr'>speciem</span> <span class='ocrx_word' id='word_1_513' title='bbox 1450 4030 1778 4088; x_wconf 88' lang='lat' dir='ltr'>sanctitatis.</span> <span class='ocrx_word' id='word_1_514' title='bbox 1833 4030 1938 4087; x_wconf 91' lang='lat' dir='ltr'>Sed</span> 
     </span>
    </p>
   </div>
   <div class='ocr_carea' id='block_1_68' title="bbox 322 4119 1937 4197">
    <p class='ocr_par' dir='ltr' id='par_1_68' title="bbox 322 4119 1937 4197">
     <span class='ocr_line' id='line_1_70' title="bbox 322 4119 1937 4197; baseline 0.002 -22"><span class='ocrx_word' id='word_1_515' title='bbox 322 4119 439 4177; x_wconf 82' lang='lat' dir='ltr'>hac</span> <span class='ocrx_word' id='word_1_516' title='bbox 465 4119 653 4176; x_wconf 88' lang='lat' dir='ltr'>bellua</span> <span class='ocrx_word' id='word_1_517' title='bbox 681 4120 895 4177; x_wconf 88' lang='lat' dir='ltr'>utinam</span> <span class='ocrx_word' id='word_1_518' title='bbox 924 4127 1061 4178; x_wconf 91' lang='lat' dir='ltr'>tunc</span> <span class='ocrx_word' id='word_1_519' title='bbox 1096 4122 1275 4179; x_wconf 90' lang='lat' dir='ltr'>solum</span> <span class='ocrx_word' id='word_1_520' title='bbox 1308 4122 1442 4179; x_wconf 88' lang='lat' dir='ltr'>talia</span> <span class='ocrx_word' id='word_1_521' title='bbox 1472 4131 1674 4197; x_wconf 88' lang='lat' dir='ltr'>ageret,</span> <span class='ocrx_word' id='word_1_522' title='bbox 1706 4130 1760 4179; x_wconf 89' lang='lat' dir='ltr'>et</span> <span class='ocrx_word' id='word_1_523' title='bbox 1788 4139 1937 4180; x_wconf 74' lang='lat' dir='ltr'>nunc</span> 
     </span>
    </p>
   </div>
   <div class='ocr_carea' id='block_1_69' title="bbox 323 4209 1934 4285">
    <p class='ocr_par' dir='ltr' id='par_1_69' title="bbox 323 4209 1934 4285">
     <span class='ocr_line' id='line_1_71' title="bbox 323 4209 1934 4285; baseline 0.002 -20"><span class='ocrx_word' id='word_1_524' title='bbox 323 4226 541 4285; x_wconf 87' lang='lat' dir='ltr'>quoque</span> <span class='ocrx_word' id='word_1_525' title='bbox 562 4209 631 4266; x_wconf 89' lang='lat' dir='ltr'>ad</span> <span class='ocrx_word' id='word_1_526' title='bbox 660 4213 1064 4284; x_wconf 87' lang='lat' dir='ltr'>corrumpenda</span> <span class='ocrx_word' id='word_1_527' title='bbox 1096 4212 1344 4269; x_wconf 90' lang='lat' dir='ltr'>ﬁdelium</span> <span class='ocrx_word' id='word_1_528' title='bbox 1366 4215 1576 4272; x_wconf 92' lang='lat' dir='ltr'>viscera</span> <span class='ocrx_word' id='word_1_529' title='bbox 1609 4212 1748 4271; x_wconf 68' lang='lat' dir='ltr'>ihos</span> <span class='ocrx_word' id='word_1_530' title='bbox 1769 4214 1934 4270; x_wconf 83' lang='lat' dir='ltr'>luxu-</span> 
     </span>
    </p>
   </div>
   <div class='ocr_carea' id='block_1_70' title="bbox 322 4301 1937 4377">
    <p class='ocr_par' dir='ltr' id='par_1_70' title="bbox 322 4301 1937 4377">
     <span class='ocr_line' id='line_1_72' title="bbox 322 4301 1937 4377; baseline 0.002 -20"><span class='ocrx_word' id='word_1_531' title='bbox 322 4301 415 4358; x_wconf 88' lang='lat' dir='ltr'>ria</span> <span class='ocrx_word' id='word_1_532' title='bbox 443 4302 728 4359; x_wconf 90' lang='lat' dir='ltr'>testiculos</span> <span class='ocrx_word' id='word_1_533' title='bbox 764 4318 875 4358; x_wconf 94' lang='lat' dir='ltr'>non</span> <span class='ocrx_word' id='word_1_534' title='bbox 898 4301 1161 4360; x_wconf 89' lang='lat' dir='ltr'>haberetl</span> <span class='ocrx_word' id='word_1_535' title='bbox 1195 4304 1381 4377; x_wconf 86' lang='lat' dir='ltr'>Neque</span> <span class='ocrx_word' id='word_1_536' title='bbox 1408 4304 1556 4361; x_wconf 91' lang='lat' dir='ltr'>enim</span> <span class='ocrx_word' id='word_1_537' title='bbox 1586 4306 1791 4361; x_wconf 90' lang='lat' dir='ltr'>malum</span> <span class='ocrx_word' id='word_1_538' title='bbox 1822 4304 1937 4361; x_wconf 90' lang='lat' dir='ltr'>sola</span> 
     </span>
    </p>
   </div>
   <div class='ocr_carea' id='block_1_71' title="bbox 323 4392 1937 4467">
    <p class='ocr_par' dir='ltr' id='par_1_71' title="bbox 323 4392 1937 4467">
     <span class='ocr_line' id='line_1_73' title="bbox 323 4392 1937 4467; baseline 0.002 -20"><span class='ocrx_word' id='word_1_539' title='bbox 323 4392 601 4450; x_wconf 91' lang='lat' dir='ltr'>locutione</span> <span class='ocrx_word' id='word_1_540' title='bbox 632 4392 744 4448; x_wconf 92' lang='lat' dir='ltr'>oris</span> <span class='ocrx_word' id='word_1_541' title='bbox 771 4392 1111 4461; x_wconf 89' lang='lat' dir='ltr'>infunditur,</span> <span class='ocrx_word' id='word_1_542' title='bbox 1164 4393 1263 4450; x_wconf 92' lang='lat' dir='ltr'>sed</span> <span class='ocrx_word' id='word_1_543' title='bbox 1308 4393 1464 4467; x_wconf 90' lang='lat' dir='ltr'>pejus</span> <span class='ocrx_word' id='word_1_544' title='bbox 1510 4402 1564 4450; x_wconf 93' lang='lat' dir='ltr'>et</span> <span class='ocrx_word' id='word_1_545' title='bbox 1608 4412 1639 4450; x_wconf 95' lang='lat' dir='ltr'>a</span> <span class='ocrx_word' id='word_1_546' title='bbox 1684 4394 1937 4467; x_wconf 89' lang='lat' dir='ltr'>pluribus</span> 
     </span>
    </p>
   </div>
   <div class='ocr_carea' id='block_1_72' title="bbox 2053 3216 3659 3295">
    <p class='ocr_par' dir='ltr' id='par_1_72' title="bbox 2053 3216 3659 3295">
     <span class='ocr_line' id='line_1_74' title="bbox 2053 3216 3659 3295; baseline 0.007 -25"><span class='ocrx_word' id='word_1_547' title='bbox 2053 3223 2277 3288; x_wconf 89' lang='lat' dir='ltr'>pungat.</span> <span class='ocrx_word' id='word_1_548' title='bbox 2309 3216 2528 3274; x_wconf 87' lang='lat' dir='ltr'>Amaris</span> <span class='ocrx_word' id='word_1_549' title='bbox 2547 3217 2752 3287; x_wconf 91' lang='lat' dir='ltr'>dulcia,</span> <span class='ocrx_word' id='word_1_550' title='bbox 2782 3218 2967 3276; x_wconf 90' lang='lat' dir='ltr'>noxiis</span> <span class='ocrx_word' id='word_1_551' title='bbox 2994 3219 3197 3278; x_wconf 91' lang='lat' dir='ltr'>blanda</span> <span class='ocrx_word' id='word_1_552' title='bbox 3219 3223 3567 3295; x_wconf 89' lang='lat' dir='ltr'>permiscent,</span> <span class='ocrx_word' id='word_1_553' title='bbox 3598 3234 3659 3283; x_wconf 85' lang='lat' dir='ltr'>et</span> 
     </span>
    </p>
   </div>
   <div class='ocr_carea' id='block_1_73' title="bbox 2051 3307 3652 3386">
    <p class='ocr_par' dir='ltr' id='par_1_73' title="bbox 2051 3307 3652 3386">
     <span class='ocr_line' id='line_1_75' title="bbox 2051 3307 3652 3386; baseline 0.007 -26"><span class='ocrx_word' id='word_1_554' title='bbox 2051 3312 2317 3376; x_wconf 90' lang='lat' dir='ltr'>potestate</span> <span class='ocrx_word' id='word_1_555' title='bbox 2363 3307 2586 3380; x_wconf 90' lang='lat' dir='ltr'>quidem</span> <span class='ocrx_word' id='word_1_556' title='bbox 2632 3308 2945 3365; x_wconf 89' lang='lat' dir='ltr'>admirandi</span> <span class='ocrx_word' id='word_1_557' title='bbox 2995 3309 3174 3367; x_wconf 90' lang='lat' dir='ltr'>videri</span> <span class='ocrx_word' id='word_1_558' title='bbox 3222 3320 3510 3386; x_wconf 89' lang='lat' dir='ltr'>appetunt,</span> <span class='ocrx_word' id='word_1_559' title='bbox 3557 3314 3652 3372; x_wconf 88' lang='lat' dir='ltr'>sed</span> 
     </span>
    </p>
   </div>
   <div class='ocr_carea' id='block_1_74' title="bbox 2051 3392 3653 3475">
    <p class='ocr_par' dir='ltr' id='par_1_74' title="bbox 2051 3392 3653 3475">
     <span class='ocr_line' id='line_1_76' title="bbox 2051 3392 3653 3475; baseline 0.008 -27"><span class='ocrx_word' id='word_1_560' title='bbox 2051 3392 2279 3452; x_wconf 91' lang='lat' dir='ltr'>fallendi</span> <span class='ocrx_word' id='word_1_561' title='bbox 2311 3398 2333 3432; x_wconf 76' lang='grc'>⁸</span> <span class='ocrx_word' id='word_1_562' title='bbox 2361 3404 2476 3453; x_wconf 90' lang='lat' dir='ltr'>arte</span> <span class='ocrx_word' id='word_1_563' title='bbox 2502 3413 2598 3470; x_wconf 90' lang='lat' dir='ltr'>per</span> <span class='ocrx_word' id='word_1_564' title='bbox 2626 3397 2854 3455; x_wconf 91' lang='lat' dir='ltr'>remissa</span> <span class='ocrx_word' id='word_1_565' title='bbox 2876 3400 3153 3473; x_wconf 90' lang='lat' dir='ltr'>colloquia</span> <span class='ocrx_word' id='word_1_566' title='bbox 3181 3402 3337 3475; x_wconf 87' lang='lat' dir='ltr'>quasi</span> <span class='ocrx_word' id='word_1_567' title='bbox 3366 3402 3653 3461; x_wconf 90' lang='lat' dir='ltr'>humiliter</span> 
     </span>
    </p>
   </div>
   <div class='ocr_carea' id='block_1_75' title="bbox 2050 3482 3675 3559">
    <p class='ocr_par' dir='ltr' id='par_1_75' title="bbox 2050 3482 3675 3559">
     <span class='ocr_line' id='line_1_77' title="bbox 2050 3482 3675 3559; baseline 0.008 -21"><span class='ocrx_word' id='word_1_568' title='bbox 2050 3482 2495 3555; x_wconf 87' lang='lat' dir='ltr'>substernuntur,</span> <span class='ocrx_word' id='word_1_569' title='bbox 2542 3495 2596 3542; x_wconf 90' lang='lat' dir='ltr'>et</span> <span class='ocrx_word' id='word_1_570' title='bbox 2636 3503 2733 3559; x_wconf 92' lang='lat' dir='ltr'>per</span> <span class='ocrx_word' id='word_1_571' title='bbox 2768 3504 3077 3546; x_wconf 86' lang='lat' dir='ltr'>sermonem</span> <span class='ocrx_word' id='word_1_572' title='bbox 3133 3488 3201 3547; x_wconf 90' lang='lat' dir='ltr'>de</span> <span class='ocrx_word' id='word_1_573' title='bbox 3255 3507 3312 3548; x_wconf 90' lang='lat' dir='ltr'>se</span> <span class='ocrx_word' id='word_1_574' title='bbox 3367 3490 3675 3551; x_wconf 86' lang='lat' dir='ltr'>insinuant-</span> 
     </span>
    </p>
   </div>
   <div class='ocr_carea' id='block_1_76' title="bbox 2052 3572 3002 3649">
    <p class='ocr_par' dir='ltr' id='par_1_76' title="bbox 2052 3572 3002 3649">
     <span class='ocr_line' id='line_1_78' title="bbox 2052 3572 3002 3649; baseline 0.008 -23"><span class='ocrx_word' id='word_1_575' title='bbox 2052 3572 2198 3643; x_wconf 87' lang='lat' dir='ltr'>quod</span> <span class='ocrx_word' id='word_1_576' title='bbox 2226 3589 2322 3645; x_wconf 89' lang='lat' dir='ltr'>per</span> <span class='ocrx_word' id='word_1_577' title='bbox 2348 3574 2752 3632; x_wconf 84' lang='lat' dir='ltr'>exhibitionem</span> <span class='ocrx_word' id='word_1_578' title='bbox 2782 3585 3002 3649; x_wconf 85' lang='lat' dir='ltr'>negant.</span> 
     </span>
    </p>
   </div>
   <div class='ocr_carea' id='block_1_77' title="bbox 2122 3663 3651 3740">
    <p class='ocr_par' dir='ltr' id='par_1_77' title="bbox 2122 3663 3651 3740">
     <span class='ocr_line' id='line_1_79' title="bbox 2122 3663 3651 3740; baseline 0.007 -22"><span class='ocrx_word' id='word_1_579' title='bbox 2122 3663 2210 3719; x_wconf 89' lang='lat'>30.</span> <span class='ocrx_word' id='word_1_580' title='bbox 2245 3665 2358 3721; x_wconf 88' lang='lat' dir='ltr'>Cur</span> <span class='ocrx_word' id='word_1_581' title='bbox 2385 3667 2579 3737; x_wconf 83' lang='lat' dir='ltr'>ﬁstulis</span> <span class='ocrx_word' id='word_1_582' title='bbox 2607 3667 2729 3722; x_wconf 74' lang='lat' dir='ltr'>(eris</span> <span class='ocrx_word' id='word_1_583' title='bbox 2747 3675 3147 3740; x_wconf 82' lang='lat' dir='ltr'>comparantur.</span> <span class='ocrx_word' id='word_1_584' title='bbox 3169 3700 3240 3711; x_wconf 93' lang='lat'><strong>—</strong></span> <span class='ocrx_word' id='word_1_585' title='bbox 3260 3668 3413 3727; x_wconf 88' lang='lat' dir='ltr'>Unde</span> <span class='ocrx_word' id='word_1_586' title='bbox 3433 3680 3486 3728; x_wconf 92' lang='lat' dir='ltr'>et</span> <span class='ocrx_word' id='word_1_587' title='bbox 3505 3680 3651 3730; x_wconf 89' lang='lat' dir='ltr'>recte</span> 
     </span>
    </p>
   </div>
   <div class='ocr_carea' id='block_1_78' title="bbox 2050 3753 3653 3833">
    <p class='ocr_par' dir='ltr' id='par_1_78' title="bbox 2050 3753 3653 3833">
     <span class='ocr_line' id='line_1_80' title="bbox 2050 3753 3653 3833; baseline 0.006 -26"><span class='ocrx_word' id='word_1_588' title='bbox 2050 3768 2173 3808; x_wconf 89' lang='lat' dir='ltr'>ossa</span> <span class='ocrx_word' id='word_1_589' title='bbox 2199 3753 2504 3811; x_wconf 89' lang='lat' dir='ltr'>Behemoth</span> <span class='ocrx_word' id='word_1_590' title='bbox 2530 3756 2690 3812; x_wconf 91' lang='lat' dir='ltr'>istius</span> <span class='ocrx_word' id='word_1_591' title='bbox 2717 3757 2842 3814; x_wconf 86' lang='lat' dir='ltr'>aris</span> <span class='ocrx_word' id='word_1_592' title='bbox 2868 3758 3069 3813; x_wconf 85' lang='lat' dir='ltr'>ﬁstulis</span> <span class='ocrx_word' id='word_1_593' title='bbox 3095 3768 3500 3831; x_wconf 86' lang='lat' dir='ltr'>comparantur,</span> <span class='ocrx_word' id='word_1_594' title='bbox 3522 3759 3653 3833; x_wconf 85' lang='lat' dir='ltr'>quia</span> 
     </span>
    </p>
   </div>
   <div class='ocr_carea' id='block_1_79' title="bbox 2050 3841 3651 3917">
    <p class='ocr_par' dir='ltr' id='par_1_79' title="bbox 2050 3841 3651 3917">
     <span class='ocr_line' id='line_1_81' title="bbox 2050 3841 3651 3917; baseline 0.006 -23"><span class='ocrx_word' id='word_1_595' title='bbox 2050 3841 2341 3911; x_wconf 90' lang='lat' dir='ltr'>nimirum,</span> <span class='ocrx_word' id='word_1_596' title='bbox 2373 3859 2523 3899; x_wconf 90' lang='lat' dir='ltr'>more</span> <span class='ocrx_word' id='word_1_597' title='bbox 2546 3844 2756 3901; x_wconf 89' lang='lat' dir='ltr'>metalli</span> <span class='ocrx_word' id='word_1_598' title='bbox 2785 3845 3143 3917; x_wconf 90' lang='lat' dir='ltr'>insensibilis,</span> <span class='ocrx_word' id='word_1_599' title='bbox 3175 3864 3372 3903; x_wconf 90' lang='lat' dir='ltr'>sonum</span> <span class='ocrx_word' id='word_1_600' title='bbox 3397 3848 3535 3904; x_wconf 91' lang='lat' dir='ltr'>bene</span> <span class='ocrx_word' id='word_1_601' title='bbox 3566 3849 3651 3904; x_wconf 79' lang='lat' dir='ltr'>lo-</span> 
     </span>
    </p>
   </div>
   <div class='ocr_carea' id='block_1_80' title="bbox 2050 3932 3648 4005">
    <p class='ocr_par' dir='ltr' id='par_1_80' title="bbox 2050 3932 3648 4005">
     <span class='ocr_line' id='line_1_82' title="bbox 2050 3932 3648 4005; baseline 0.004 -18"><span class='ocrx_word' id='word_1_602' title='bbox 2050 3932 2254 4005; x_wconf 79' lang='lat' dir='ltr'>quendi</span> <span class='ocrx_word' id='word_1_603' title='bbox 2286 3932 2513 4004; x_wconf 89' lang='lat' dir='ltr'>habent,</span> <span class='ocrx_word' id='word_1_604' title='bbox 2559 3934 2653 3991; x_wconf 92' lang='lat' dir='ltr'>sed</span> <span class='ocrx_word' id='word_1_605' title='bbox 2683 3951 2902 3992; x_wconf 91' lang='lat' dir='ltr'>sensum</span> <span class='ocrx_word' id='word_1_606' title='bbox 2949 3935 3091 3993; x_wconf 90' lang='lat' dir='ltr'>bene</span> <span class='ocrx_word' id='word_1_607' title='bbox 3118 3935 3344 3993; x_wconf 83' lang='lat' dir='ltr'>vivendi</span> <span class='ocrx_word' id='word_1_608' title='bbox 3387 3953 3501 3994; x_wconf 89' lang='lat' dir='ltr'>non</span> <span class='ocrx_word' id='word_1_609' title='bbox 3551 3935 3648 3994; x_wconf 90' lang='lat' dir='ltr'>ha-</span> 
     </span>
    </p>
   </div>
   <div class='ocr_carea' id='block_1_81' title="bbox 2049 4019 3650 4100">
    <p class='ocr_par' dir='ltr' id='par_1_81' title="bbox 2049 4019 3650 4100">
     <span class='ocr_line' id='line_1_83' title="bbox 2049 4019 3650 4100; baseline 0.005 -24"><span class='ocrx_word' id='word_1_610' title='bbox 2049 4019 2198 4078; x_wconf 91' lang='lat' dir='ltr'>bent.</span> <span class='ocrx_word' id='word_1_611' title='bbox 2233 4022 2348 4081; x_wconf 92' lang='lat' dir='ltr'>Hoc</span> <span class='ocrx_word' id='word_1_612' title='bbox 2387 4039 2624 4098; x_wconf 88' lang='lat' dir='ltr'>namque</span> <span class='ocrx_word' id='word_1_613' title='bbox 2663 4024 2818 4097; x_wconf 89' lang='lat' dir='ltr'>quasi</span> <span class='ocrx_word' id='word_1_614' title='bbox 2862 4024 3151 4082; x_wconf 90' lang='lat' dir='ltr'>humiliter</span> <span class='ocrx_word' id='word_1_615' title='bbox 3192 4025 3466 4100; x_wconf 88' lang='lat' dir='ltr'>loquendo</span> <span class='ocrx_word' id='word_1_616' title='bbox 3509 4042 3650 4084; x_wconf 88' lang='lat' dir='ltr'>asse-</span> 
     </span>
    </p>
   </div>
   <div class='ocr_carea' id='block_1_82' title="bbox 2048 4112 3649 4186">
    <p class='ocr_par' dir='ltr' id='par_1_82' title="bbox 2048 4112 3649 4186">
     <span class='ocr_line' id='line_1_84' title="bbox 2048 4112 3649 4186; baseline 0.004 -20"><span class='ocrx_word' id='word_1_617' title='bbox 2048 4119 2199 4180; x_wconf 89' lang='lat' dir='ltr'>runt,</span> <span class='ocrx_word' id='word_1_618' title='bbox 2232 4112 2379 4186; x_wconf 91' lang='lat' dir='ltr'>quod</span> <span class='ocrx_word' id='word_1_619' title='bbox 2420 4113 2557 4170; x_wconf 90' lang='lat' dir='ltr'>elate</span> <span class='ocrx_word' id='word_1_620' title='bbox 2596 4112 2839 4170; x_wconf 88' lang='lat' dir='ltr'>vivendo</span> <span class='ocrx_word' id='word_1_621' title='bbox 2881 4122 3261 4171; x_wconf 91' lang='lat' dir='ltr'>contemnunt.</span> <span class='ocrx_word' id='word_1_622' title='bbox 3313 4114 3467 4172; x_wconf 91' lang='lat' dir='ltr'>Unde</span> <span class='ocrx_word' id='word_1_623' title='bbox 3510 4115 3649 4173; x_wconf 91' lang='lat' dir='ltr'>bene</span> 
     </span>
    </p>
   </div>
   <div class='ocr_carea' id='block_1_83' title="bbox 2047 4202 3649 4277">
    <p class='ocr_par' dir='ltr' id='par_1_83' title="bbox 2047 4202 3649 4277">
     <span class='ocr_line' id='line_1_85' title="bbox 2047 4202 3649 4277; baseline 0.003 -21"><span class='ocrx_word' id='word_1_624' title='bbox 2047 4216 2144 4271; x_wconf 90' lang='lat' dir='ltr'>per</span> <span class='ocrx_word' id='word_1_625' title='bbox 2171 4202 2402 4257; x_wconf 91' lang='lat' dir='ltr'>Paulum</span> <span class='ocrx_word' id='word_1_626' title='bbox 2430 4202 2673 4260; x_wconf 91' lang='lat' dir='ltr'>dicitur:</span> <span class='ocrx_word' id='word_1_627' title='bbox 2716 4203 2776 4259; x_wconf 87' lang='lat' dir='ltr'>Si</span> <span class='ocrx_word' id='word_1_628' title='bbox 2805 4202 3000 4277; x_wconf 85' lang='lat' dir='ltr'>linguis</span> <span class='ocrx_word' id='word_1_629' title='bbox 3046 4205 3318 4261; x_wconf 82' lang='lat' dir='ltr'>hominum</span> <span class='ocrx_word' id='word_1_630' title='bbox 3366 4206 3556 4277; x_wconf 81' lang='lat' dir='ltr'>loquar</span> <span class='ocrx_word' id='word_1_631' title='bbox 3601 4212 3649 4261; x_wconf 83' lang='lat' dir='ltr'>et</span> 
     </span>
    </p>
   </div>
   <div class='ocr_carea' id='block_1_84' title="bbox 2045 4294 3649 4366">
    <p class='ocr_par' dir='ltr' id='par_1_84' title="bbox 2045 4294 3649 4366">
     <span class='ocr_line' id='line_1_86' title="bbox 2045 4294 3649 4366; baseline 0.002 -19"><span class='ocrx_word' id='word_1_632' title='bbox 2045 4294 2374 4363; x_wconf 76' lang='lat' dir='ltr'>angelorum,</span> <span class='ocrx_word' id='word_1_633' title='bbox 2405 4295 2715 4351; x_wconf 83' lang='lat' dir='ltr'>charitatem</span> <span class='ocrx_word' id='word_1_634' title='bbox 2742 4300 2916 4350; x_wconf 88' lang='lat' dir='ltr'>autem</span> <span class='ocrx_word' id='word_1_635' title='bbox 2942 4312 3049 4351; x_wconf 82' lang='lat' dir='ltr'>non</span> <span class='ocrx_word' id='word_1_636' title='bbox 3076 4294 3310 4365; x_wconf 86' lang='lat' dir='ltr'>habeam,</span> <span class='ocrx_word' id='word_1_637' title='bbox 3342 4294 3516 4366; x_wconf 81' lang='lat' dir='ltr'>factus</span> <span class='ocrx_word' id='word_1_638' title='bbox 3533 4312 3649 4351; x_wconf 86' lang='lat' dir='ltr'>sum</span> 
     </span>
    </p>
   </div>
   <div class='ocr_carea' id='block_1_85' title="bbox 2045 4374 3643 4459">
    <p class='ocr_par' dir='ltr' id='par_1_85' title="bbox 2045 4374 3643 4459">
     <span class='ocr_line' id='line_1_87' title="bbox 2045 4374 3643 4459; baseline 0.006 -24"><span class='ocrx_word' id='word_1_639' title='bbox 2045 4383 2186 4438; x_wconf 80' lang='lat' dir='ltr'>velut</span> <span class='ocrx_word' id='word_1_640' title='bbox 2213 4399 2282 4437; x_wconf 70' lang='lat' dir='ltr'>(es</span> <span class='ocrx_word' id='word_1_641' title='bbox 2310 4374 2503 4439; x_wconf 75' lang='lat' dir='ltr'>sonans</span> <span class='ocrx_word' id='word_1_642' title='bbox 2522 4390 2619 4439; x_wconf 85' lang='lat' dir='ltr'>aut</span> <span class='ocrx_word' id='word_1_643' title='bbox 2641 4384 2936 4456; x_wconf 80' lang='lat' dir='ltr'>cymbalum</span> <span class='ocrx_word' id='word_1_644' title='bbox 2957 4385 3182 4442; x_wconf 77' lang='lat' dir='ltr'>tiuniens</span> <span class='ocrx_word' id='word_1_645' title='bbox 3203 4386 3262 4459; x_wconf 91' lang='lat' dir='ltr'>(I</span> <span class='ocrx_word' id='word_1_646' title='bbox 3280 4387 3406 4445; x_wconf 81' lang='lat' dir='ltr'>Cor.</span> <span class='ocrx_word' id='word_1_647' title='bbox 3428 4403 3549 4455; x_wconf 84' lang='lat' dir='ltr'>xm,</span> <span class='ocrx_word' id='word_1_648' title='bbox 3567 4387 3643 4459; x_wconf 82' lang='grc'>1).</span> 
     </span>
    </p>
   </div>
   <div class='ocr_carea' id='block_1_86' title="bbox 322 4471 3648 4555">
    <p class='ocr_par' dir='ltr' id='par_1_86' title="bbox 322 4471 3648 4555">
     <span class='ocr_line' id='line_1_88' title="bbox 322 4471 3648 4555; baseline 0.004 -18"><span class='ocrx_word' id='word_1_649' title='bbox 322 4483 502 4555; x_wconf 90' lang='lat' dir='ltr'>operis</span> <span class='ocrx_word' id='word_1_650' title='bbox 532 4482 786 4554; x_wconf 79' lang='lat' dir='ltr'>exemplo</span> <span class='ocrx_word' id='word_1_651' title='bbox 816 4482 1167 4554; x_wconf 90' lang='lat' dir='ltr'>propinatur.</span> <span class='ocrx_word' id='word_1_652' title='bbox 1202 4482 1377 4549; x_wconf 90' lang='lat' dir='ltr'>Quam</span> <span class='ocrx_word' id='word_1_653' title='bbox 1408 4481 1571 4539; x_wconf 88' lang='lat' dir='ltr'>multi</span> <span class='ocrx_word' id='word_1_654' title='bbox 1599 4483 1747 4539; x_wconf 92' lang='lat' dir='ltr'>enim</span> <span class='ocrx_word' id='word_1_655' title='bbox 1780 4483 1935 4539; x_wconf 90' lang='lat' dir='ltr'>Anti-</span> <span class='ocrx_word' id='word_1_656' title='bbox 1962 4492 2013 4551; x_wconf 88' lang='lat' dir='ltr'><strong>D</strong></span> <span class='ocrx_word' id='word_1_657' title='bbox 2043 4471 2195 4527; x_wconf 71' lang='grc' dir='ltr'>Βοηθι</span> <span class='ocrx_word' id='word_1_658' title='bbox 2237 4471 2440 4545; x_wconf 70' lang='lat' dir='ltr'>quippe</span> <span class='ocrx_word' id='word_1_659' title='bbox 2469 4471 2719 4545; x_wconf 69' lang='grc' dir='ltr'>Ῑοίῖυθηει</span> <span class='ocrx_word' id='word_1_660' title='bbox 2748 4474 2841 4530; x_wconf 73' lang='lat' dir='ltr'>sed</span> <span class='ocrx_word' id='word_1_661' title='bbox 2871 4491 2968 4547; x_wconf 68' lang='lat' dir='ltr'>Per</span> <span class='ocrx_word' id='word_1_662' title='bbox 2996 4492 3236 4533; x_wconf 64' lang='lat' dir='ltr'>amorem</span> <span class='ocrx_word' id='word_1_663' title='bbox 3271 4474 3459 4533; x_wconf 62' lang='lat' dir='ltr'>eadem</span> <span class='ocrx_word' id='word_1_664' title='bbox 3503 4474 3648 4531; x_wconf 70' lang='lat' dir='ltr'>bona</span> 
     </span>
    </p>
   </div>
   <div class='ocr_carea' id='block_1_87' title="bbox 321 4570 1932 4645">
    <p class='ocr_par' dir='ltr' id='par_1_87' title="bbox 321 4570 1932 4645">
     <span class='ocr_line' id='line_1_89' title="bbox 321 4570 1932 4645; baseline 0.001 -18"><span class='ocrx_word' id='word_1_665' title='bbox 321 4570 595 4628; x_wconf 88' lang='lat' dir='ltr'>cbristum</span> <span class='ocrx_word' id='word_1_666' title='bbox 617 4589 729 4629; x_wconf 88' lang='lat' dir='ltr'>non</span> <span class='ocrx_word' id='word_1_667' title='bbox 750 4571 1033 4639; x_wconf 88' lang='lat' dir='ltr'>viderunt,</span> <span class='ocrx_word' id='word_1_668' title='bbox 1057 4571 1153 4628; x_wconf 92' lang='lat' dir='ltr'>sed</span> <span class='ocrx_word' id='word_1_669' title='bbox 1172 4579 1364 4629; x_wconf 88' lang='lat' dir='ltr'>tamen</span> <span class='ocrx_word' id='word_1_670' title='bbox 1386 4573 1626 4629; x_wconf 90' lang='lat' dir='ltr'>testiculi</span> <span class='ocrx_word' id='word_1_671' title='bbox 1648 4571 1765 4645; x_wconf 91' lang='lat' dir='ltr'>ejus</span> <span class='ocrx_word' id='word_1_672' title='bbox 1785 4581 1932 4635; x_wconf 87' lang='lat' dir='ltr'>sunt,</span> 
     </span>
    </p>
   </div>
   <div class='ocr_carea' id='block_1_88' title="bbox 321 4661 1931 4735">
    <p class='ocr_par' dir='ltr' id='par_1_88' title="bbox 321 4661 1931 4735">
     <span class='ocr_line' id='line_1_90' title="bbox 321 4661 1931 4735; baseline 0.002 -18"><span class='ocrx_word' id='word_1_673' title='bbox 321 4661 450 4735; x_wconf 88' lang='lat' dir='ltr'>quia</span> <span class='ocrx_word' id='word_1_674' title='bbox 478 4661 650 4719; x_wconf 89' lang='lat' dir='ltr'>corda</span> <span class='ocrx_word' id='word_1_675' title='bbox 691 4661 1079 4719; x_wconf 90' lang='lat' dir='ltr'>innocentium</span> <span class='ocrx_word' id='word_1_676' title='bbox 1123 4662 1359 4719; x_wconf 90' lang='lat' dir='ltr'>actionis</span> <span class='ocrx_word' id='word_1_677' title='bbox 1388 4680 1500 4719; x_wconf 89' lang='lat' dir='ltr'>sua</span> <span class='ocrx_word' id='word_1_678' title='bbox 1528 4664 1781 4735; x_wconf 84' lang='lat' dir='ltr'>exemplo</span> <span class='ocrx_word' id='word_1_679' title='bbox 1810 4680 1931 4720; x_wconf 79' lang='lat' dir='ltr'>cor-</span> 
     </span>
    </p>
   </div>
   <div class='ocr_carea' id='block_1_89' title="bbox 322 4751 1928 4827">
    <p class='ocr_par' dir='ltr' id='par_1_89' title="bbox 322 4751 1928 4827">
     <span class='ocr_line' id='line_1_91' title="bbox 322 4751 1928 4827; baseline 0.002 -20"><span class='ocrx_word' id='word_1_680' title='bbox 322 4762 607 4826; x_wconf 88' lang='lat' dir='ltr'>rumpunt.</span> <span class='ocrx_word' id='word_1_681' title='bbox 644 4752 909 4826; x_wconf 89' lang='lat' dir='ltr'>Quisquis</span> <span class='ocrx_word' id='word_1_682' title='bbox 939 4769 1179 4827; x_wconf 91' lang='lat' dir='ltr'>namque</span> <span class='ocrx_word' id='word_1_683' title='bbox 1228 4751 1284 4809; x_wconf 93' lang='lat' dir='ltr'>in</span> <span class='ocrx_word' id='word_1_684' title='bbox 1332 4752 1586 4826; x_wconf 88' lang='lat' dir='ltr'>superbia</span> <span class='ocrx_word' id='word_1_685' title='bbox 1623 4753 1928 4811; x_wconf 62' lang='lat' dir='ltr'>extollitur.</span> 
     </span>
    </p>
   </div>
   <div class='ocr_carea' id='block_1_90' title="bbox 321 4842 1927 4916">
    <p class='ocr_par' dir='ltr' id='par_1_90' title="bbox 321 4842 1927 4916">
     <span class='ocr_line' id='line_1_92' title="bbox 321 4842 1927 4916; baseline 0.001 -19"><span class='ocrx_word' id='word_1_686' title='bbox 321 4842 575 4916; x_wconf 87' lang='lat' dir='ltr'>quisquis</span> <span class='ocrx_word' id='word_1_687' title='bbox 594 4842 842 4898; x_wconf 89' lang='lat' dir='ltr'>avaritia</span> <span class='ocrx_word' id='word_1_688' title='bbox 862 4842 1151 4899; x_wconf 89' lang='lat' dir='ltr'>desideriis</span> <span class='ocrx_word' id='word_1_689' title='bbox 1168 4842 1464 4912; x_wconf 91' lang='lat' dir='ltr'>cruciatur,</span> <span class='ocrx_word' id='word_1_690' title='bbox 1489 4842 1737 4916; x_wconf 87' lang='lat' dir='ltr'>quisquis</span> <span class='ocrx_word' id='word_1_691' title='bbox 1766 4843 1927 4899; x_wconf 87' lang='lat' dir='ltr'>luxu-</span> 
     </span>
    </p>
   </div>
   <div class='ocr_carea' id='block_1_91' title="bbox 320 4932 1924 5009">
    <p class='ocr_par' dir='ltr' id='par_1_91' title="bbox 320 4932 1924 5009">
     <span class='ocr_line' id='line_1_93' title="bbox 320 4932 1924 5009; baseline 0.001 -19"><span class='ocrx_word' id='word_1_692' title='bbox 320 4933 417 4990; x_wconf 86' lang='lat' dir='ltr'>ria</span> <span class='ocrx_word' id='word_1_693' title='bbox 465 4934 846 5005; x_wconf 77' lang='lat' dir='ltr'>voluptatibus</span> <span class='ocrx_word' id='word_1_694' title='bbox 893 4934 1149 5004; x_wconf 89' lang='lat' dir='ltr'>solvitur,</span> <span class='ocrx_word' id='word_1_695' title='bbox 1201 4932 1450 5009; x_wconf 91' lang='lat' dir='ltr'>quisquis</span> <span class='ocrx_word' id='word_1_696' title='bbox 1496 4932 1714 5007; x_wconf 86' lang='lat' dir='ltr'>injusta</span> <span class='ocrx_word' id='word_1_697' title='bbox 1763 4942 1924 5008; x_wconf 89' lang='lat' dir='ltr'>atque</span> 
     </span>
    </p>
   </div>
   <div class='ocr_carea' id='block_1_92' title="bbox 2046 4570 3645 4645">
    <p class='ocr_par' dir='ltr' id='par_1_92' title="bbox 2046 4570 3645 4645">
     <span class='ocr_line' id='line_1_94' title="bbox 2046 4570 3645 4645; baseline 0.001 -20"><span class='ocrx_word' id='word_1_698' title='bbox 2046 4586 2158 4625; x_wconf 90' lang='lat' dir='ltr'>non</span> <span class='ocrx_word' id='word_1_699' title='bbox 2213 4585 2462 4641; x_wconf 89' lang='lat' dir='ltr'>sequens,</span> <span class='ocrx_word' id='word_1_700' title='bbox 2511 4570 2531 4603; x_wconf 88' lang='grc'>⁷</span> <span class='ocrx_word' id='word_1_701' title='bbox 2580 4570 2734 4627; x_wconf 92' lang='lat' dir='ltr'>velut</span> <span class='ocrx_word' id='word_1_702' title='bbox 2780 4588 2852 4628; x_wconf 86' lang='lat' dir='ltr'>as</span> <span class='ocrx_word' id='word_1_703' title='bbox 2900 4581 2995 4628; x_wconf 90' lang='lat' dir='ltr'>aut</span> <span class='ocrx_word' id='word_1_704' title='bbox 3039 4572 3354 4645; x_wconf 87' lang='lat' dir='ltr'>cymbalum</span> <span class='ocrx_word' id='word_1_705' title='bbox 3402 4571 3645 4629; x_wconf 91' lang='lat' dir='ltr'>sonitum</span> 
     </span>
    </p>
   </div>
   <div class='ocr_carea' id='block_1_93' title="bbox 2043 4657 3641 4736">
    <p class='ocr_par' dir='ltr' id='par_1_93' title="bbox 2043 4657 3641 4736">
     <span class='ocr_line' id='line_1_95' title="bbox 2043 4657 3641 4736; baseline 0.003 -23"><span class='ocrx_word' id='word_1_706' title='bbox 2043 4657 2246 4726; x_wconf 91' lang='lat' dir='ltr'>reddit,</span> <span class='ocrx_word' id='word_1_707' title='bbox 2280 4657 2412 4731; x_wconf 91' lang='lat' dir='ltr'>quia</span> <span class='ocrx_word' id='word_1_708' title='bbox 2439 4657 2555 4731; x_wconf 91' lang='lat' dir='ltr'>ipse</span> <span class='ocrx_word' id='word_1_709' title='bbox 2582 4675 2694 4715; x_wconf 91' lang='lat' dir='ltr'>non</span> <span class='ocrx_word' id='word_1_710' title='bbox 2739 4660 2909 4717; x_wconf 91' lang='lat' dir='ltr'>sentit</span> <span class='ocrx_word' id='word_1_711' title='bbox 2950 4660 3117 4719; x_wconf 88' lang='lat' dir='ltr'>verba</span> <span class='ocrx_word' id='word_1_712' title='bbox 3166 4679 3286 4736; x_wconf 88' lang='lat' dir='ltr'>qua</span> <span class='ocrx_word' id='word_1_713' title='bbox 3330 4662 3445 4734; x_wconf 88' lang='lat' dir='ltr'>ipse</span> <span class='ocrx_word' id='word_1_714' title='bbox 3490 4660 3641 4719; x_wconf 88' lang='lat' dir='ltr'>facit.</span> 
     </span>
    </p>
   </div>
   <div class='ocr_carea' id='block_1_94' title="bbox 2042 4745 3645 4823">
    <p class='ocr_par' dir='ltr' id='par_1_94' title="bbox 2042 4745 3645 4823">
     <span class='ocr_line' id='line_1_96' title="bbox 2042 4745 3645 4823; baseline -0.002 -17"><span class='ocrx_word' id='word_1_715' title='bbox 2042 4747 2180 4823; x_wconf 82' lang='lat' dir='ltr'>[Vet.</span> <span class='ocrx_word' id='word_1_716' title='bbox 2230 4745 2438 4822; x_wconf 82' lang='grc' dir='ltr'>ΧνΙΙ.]</span> <span class='ocrx_word' id='word_1_717' title='bbox 2488 4748 2629 4806; x_wconf 91' lang='lat' dir='ltr'>Sunt</span> <span class='ocrx_word' id='word_1_718' title='bbox 2670 4764 2801 4805; x_wconf 88' lang='lat' dir='ltr'>vero</span> <span class='ocrx_word' id='word_1_719' title='bbox 2842 4750 3098 4807; x_wconf 87' lang='lat' dir='ltr'>nonnulli</span> <span class='ocrx_word' id='word_1_720' title='bbox 3133 4750 3191 4806; x_wconf 91' lang='lat' dir='ltr'>in</span> <span class='ocrx_word' id='word_1_721' title='bbox 3238 4748 3403 4822; x_wconf 89' lang='lat' dir='ltr'>hujus</span> <span class='ocrx_word' id='word_1_722' title='bbox 3447 4747 3645 4804; x_wconf 85' lang='lat' dir='ltr'>bellua</span> 
     </span>
    </p>
   </div>
   <div class='ocr_carea' id='block_1_95' title="bbox 2036 4835 3643 4911">
    <p class='ocr_par' dir='ltr' id='par_1_95' title="bbox 2036 4835 3643 4911">
     <span class='ocr_line' id='line_1_97' title="bbox 2036 4835 3643 4911; baseline -0.001 -16"><span class='ocrx_word' id='word_1_723' title='bbox 2036 4853 2263 4911; x_wconf 89' lang='lat' dir='ltr'>corpore</span> <span class='ocrx_word' id='word_1_724' title='bbox 2293 4854 2403 4894; x_wconf 93' lang='lat' dir='ltr'>non</span> <span class='ocrx_word' id='word_1_725' title='bbox 2438 4837 2745 4895; x_wconf 88' lang='lat' dir='ltr'>honoribus</span> <span class='ocrx_word' id='word_1_726' title='bbox 2784 4838 2943 4906; x_wconf 92' lang='lat' dir='ltr'>clari,</span> <span class='ocrx_word' id='word_1_727' title='bbox 2973 4855 3085 4895; x_wconf 92' lang='lat' dir='ltr'>non</span> <span class='ocrx_word' id='word_1_728' title='bbox 3115 4837 3330 4894; x_wconf 89' lang='lat' dir='ltr'>divitiis</span> <span class='ocrx_word' id='word_1_729' title='bbox 3356 4835 3503 4904; x_wconf 89' lang='lat' dir='ltr'>fulti,</span> <span class='ocrx_word' id='word_1_730' title='bbox 3532 4852 3643 4893; x_wconf 93' lang='lat' dir='ltr'>non</span> 
     </span>
    </p>
   </div>
   <div class='ocr_carea' id='block_1_96' title="bbox 2033 4923 3642 5001">
    <p class='ocr_par' dir='ltr' id='par_1_96' title="bbox 2033 4923 3642 5001">
     <span class='ocr_line' id='line_1_98' title="bbox 2033 4923 3642 5001; baseline -0.001 -18"><span class='ocrx_word' id='word_1_731' title='bbox 2033 4928 2305 4984; x_wconf 87' lang='lat' dir='ltr'>virtutum</span> <span class='ocrx_word' id='word_1_732' title='bbox 2324 4928 2502 5001; x_wconf 88' lang='lat' dir='ltr'>specie</span> <span class='ocrx_word' id='word_1_733' title='bbox 2523 4926 2792 4994; x_wconf 90' lang='lat' dir='ltr'>decorati,</span> <span class='ocrx_word' id='word_1_734' title='bbox 2822 4944 2932 4983; x_wconf 91' lang='lat' dir='ltr'>non</span> <span class='ocrx_word' id='word_1_735' title='bbox 2963 4926 3191 4983; x_wconf 89' lang='lat' dir='ltr'>scientia</span> <span class='ocrx_word' id='word_1_736' title='bbox 3210 4923 3530 4981; x_wconf 88' lang='lat' dir='ltr'>calliditatis</span> <span class='ocrx_word' id='word_1_737' title='bbox 3553 4941 3642 4997; x_wconf 85' lang='lat' dir='ltr'>pe-</span> 
     </span>
    </p>
   </div>
   <div class='ocr_carea' id='block_1_97' title="bbox 322 5010 3641 5099">
    <p class='ocr_par' dir='ltr' id='par_1_97' title="bbox 322 5010 3641 5099">
     <span class='ocr_line' id='line_1_99' title="bbox 322 5010 3641 5099; baseline -0.003 -19"><span class='ocrx_word' id='word_1_738' title='bbox 322 5023 694 5081; x_wconf 85' lang='lat' dir='ltr'>immoderata</span> <span class='ocrx_word' id='word_1_739' title='bbox 744 5024 839 5080; x_wconf 84' lang='lat' dir='ltr'>ira</span> <span class='ocrx_word' id='word_1_740' title='bbox 885 5023 1069 5098; x_wconf 85' lang='lat' dir='ltr'>ﬂagris</span> <span class='ocrx_word' id='word_1_741' title='bbox 1109 5025 1336 5098; x_wconf 79' lang='lat' dir='ltr'>ignitur,</span> <span class='ocrx_word' id='word_1_742' title='bbox 1385 5024 1519 5099; x_wconf 87' lang='lat' dir='ltr'>quid</span> <span class='ocrx_word' id='word_1_743' title='bbox 1560 5024 1709 5081; x_wconf 83' lang='lat' dir='ltr'>aliud</span> <span class='ocrx_word' id='word_1_744' title='bbox 1756 5041 1920 5098; x_wconf 82' lang='lat' dir='ltr'>quam</span> <span class='ocrx_word' id='word_1_745' title='bbox 2028 5018 2148 5087; x_wconf 91' lang='lat' dir='ltr'>riti,</span> <span class='ocrx_word' id='word_1_746' title='bbox 2180 5018 2273 5075; x_wconf 92' lang='lat' dir='ltr'>sed</span> <span class='ocrx_word' id='word_1_747' title='bbox 2304 5026 2483 5074; x_wconf 88' lang='lat' dir='ltr'>tamen</span> <span class='ocrx_word' id='word_1_748' title='bbox 2514 5017 2690 5073; x_wconf 90' lang='lat' dir='ltr'>videri</span> <span class='ocrx_word' id='word_1_749' title='bbox 2730 5015 2920 5090; x_wconf 90' lang='lat' dir='ltr'>quales</span> <span class='ocrx_word' id='word_1_750' title='bbox 2958 5031 3071 5071; x_wconf 91' lang='lat' dir='ltr'>non</span> <span class='ocrx_word' id='word_1_751' title='bbox 3100 5020 3230 5070; x_wconf 91' lang='lat' dir='ltr'>sunt</span> <span class='ocrx_word' id='word_1_752' title='bbox 3267 5010 3540 5083; x_wconf 73' lang='lat' dir='ltr'>ambiﬂ’nt,</span> <span class='ocrx_word' id='word_1_753' title='bbox 3586 5022 3641 5071; x_wconf 89' lang='lat' dir='ltr'>et</span> 
     </span>
    </p>
   </div>
   <div class='ocr_carea' id='block_1_98' title="bbox 320 5112 1919 5186">
    <p class='ocr_par' dir='ltr' id='par_1_98' title="bbox 320 5112 1919 5186">
     <span class='ocr_line' id='line_1_100' title="bbox 320 5112 1919 5186; baseline 0 -17"><span class='ocrx_word' id='word_1_754' title='bbox 320 5112 651 5171; x_wconf 79' lang='lat' dir='ltr'>Antichristi</span> <span class='ocrx_word' id='word_1_755' title='bbox 682 5115 840 5171; x_wconf 89' lang='lat' dir='ltr'>testis</span> <span class='ocrx_word' id='word_1_756' title='bbox 866 5123 946 5171; x_wconf 92' lang='lat' dir='ltr'>est</span> <span class='ocrx_word' id='word_1_757' title='bbox 967 5114 995 5171; x_wconf 76' lang='lat' dir='ltr'>‘i</span> <span class='ocrx_word' id='word_1_758' title='bbox 1024 5113 1129 5182; x_wconf 91' lang='lat' dir='ltr'>Qui</span> <span class='ocrx_word' id='word_1_759' title='bbox 1152 5114 1283 5169; x_wconf 93' lang='lat' dir='ltr'>dum</span> <span class='ocrx_word' id='word_1_760' title='bbox 1314 5130 1370 5170; x_wconf 92' lang='lat' dir='ltr'>se</span> <span class='ocrx_word' id='word_1_761' title='bbox 1401 5113 1634 5171; x_wconf 91' lang='lat' dir='ltr'>libenter</span> <span class='ocrx_word' id='word_1_762' title='bbox 1665 5112 1781 5186; x_wconf 89' lang='lat' dir='ltr'>ejus</span> <span class='ocrx_word' id='word_1_763' title='bbox 1810 5113 1919 5171; x_wconf 88' lang='lat' dir='ltr'>usi-</span> 
     </span>
    </p>
   </div>
   <div class='ocr_carea' id='block_1_99' title="bbox 319 5200 1925 5277">
    <p class='ocr_par' dir='ltr' id='par_1_99' title="bbox 319 5200 1925 5277">
     <span class='ocr_line' id='line_1_101' title="bbox 319 5200 1925 5277; baseline 0 -18"><span class='ocrx_word' id='word_1_764' title='bbox 319 5200 424 5259; x_wconf 84' lang='lat' dir='ltr'>bus</span> <span class='ocrx_word' id='word_1_765' title='bbox 454 5202 723 5276; x_wconf 89' lang='lat' dir='ltr'>implicat,</span> <span class='ocrx_word' id='word_1_766' title='bbox 758 5203 1013 5277; x_wconf 81' lang='lat' dir='ltr'>exemplo</span> <span class='ocrx_word' id='word_1_767' title='bbox 1043 5220 1144 5261; x_wconf 90' lang='lat' dir='ltr'>suo</span> <span class='ocrx_word' id='word_1_768' title='bbox 1172 5203 1297 5259; x_wconf 89' lang='lat' dir='ltr'>aliis</span> <span class='ocrx_word' id='word_1_769' title='bbox 1325 5203 1525 5260; x_wconf 89' lang='lat' dir='ltr'>erroris</span> <span class='ocrx_word' id='word_1_770' title='bbox 1548 5203 1728 5260; x_wconf 74' lang='lat' dir='ltr'>’fetus</span> <span class='ocrx_word' id='word_1_771' title='bbox 1747 5203 1925 5259; x_wconf 89' lang='lat' dir='ltr'>mini-</span> 
     </span>
    </p>
   </div>
   <div class='ocr_carea' id='block_1_100' title="bbox 397 5381 1088 5454">
    <p class='ocr_par' dir='ltr' id='par_1_100' title="bbox 397 5381 1088 5454">
     <span class='ocr_line' id='line_1_102' title="bbox 397 5381 1088 5454; baseline -0.001 -14"><span class='ocrx_word' id='word_1_772' title='bbox 397 5383 414 5421; x_wconf 87' lang='grc'>¹</span> <span class='ocrx_word' id='word_1_773' title='bbox 447 5381 680 5454; x_wconf 85' lang='lat' dir='ltr'>Turon.,</span> <span class='ocrx_word' id='word_1_774' title='bbox 710 5401 806 5440; x_wconf 80' lang='lat' dir='ltr'>nos</span> <span class='ocrx_word' id='word_1_775' title='bbox 838 5384 1088 5441; x_wconf 64' lang='lat' dir='ltr'>luxuria.</span> 
     </span>
    </p>
   </div>
   <div class='ocr_carea' id='block_1_101' title="bbox 395 5452 1926 5527">
    <p class='ocr_par' dir='ltr' id='par_1_101' title="bbox 395 5452 1926 5527">
     <span class='ocr_line' id='line_1_103' title="bbox 395 5452 1926 5527; baseline -0.003 -14"><span class='ocrx_word' id='word_1_776' title='bbox 395 5458 418 5493; x_wconf 79' lang='grc'><strong>⁸</strong></span> <span class='ocrx_word' id='word_1_777' title='bbox 444 5452 673 5527; x_wconf 80' lang='lat' dir='ltr'>Pratel.,</span> <span class='ocrx_word' id='word_1_778' title='bbox 703 5458 910 5513; x_wconf 84' lang='lat' dir='ltr'>erroris</span> <span class='ocrx_word' id='word_1_779' title='bbox 937 5455 1125 5527; x_wconf 73' lang='lat' dir='ltr'>fadus,</span> <span class='ocrx_word' id='word_1_780' title='bbox 1168 5452 1356 5509; x_wconf 89' lang='lat' dir='ltr'>addita</span> <span class='ocrx_word' id='word_1_781' title='bbox 1392 5460 1574 5511; x_wconf 83' lang='lat' dir='ltr'>tamen</span> <span class='ocrx_word' id='word_1_782' title='bbox 1623 5452 1729 5510; x_wconf 90' lang='lat' dir='ltr'>alia</span> <span class='ocrx_word' id='word_1_783' title='bbox 1774 5453 1926 5509; x_wconf 71' lang='lat' dir='ltr'>varia</span> 
     </span>
    </p>
   </div>
   <div class='ocr_carea' id='block_1_102' title="bbox 321 5528 1924 5672">
    <p class='ocr_par' dir='ltr' id='par_1_102' title="bbox 321 5528 1924 5672">
     <span class='ocr_line' id='line_1_104' title="bbox 321 5528 1924 5672; baseline -0.004 -13"><span class='ocrx_word' id='word_1_784' title='bbox 321 5528 710 5668; x_wconf 29' lang='lat' dir='ltr'>mimihi,</span> <span class='ocrx_word' id='word_1_785' title='bbox 745 5600 1094 5672; x_wconf 82' lang='lat' dir='ltr'>testimonium</span> <span class='ocrx_word' id='word_1_786' title='bbox 1116 5605 1299 5672; x_wconf 86' lang='lat' dir='ltr'>parat.</span> <span class='ocrx_word' id='word_1_787' title='bbox 1323 5597 1475 5656; x_wconf 87' lang='lat' dir='ltr'>Editi</span> <span class='ocrx_word' id='word_1_788' title='bbox 1494 5615 1644 5668; x_wconf 72' lang='lat' dir='ltr'>vero,</span> <span class='ocrx_word' id='word_1_789' title='bbox 1670 5598 1924 5670; x_wconf 84' lang='lat' dir='ltr'>perhibet,</span> 
     </span>
    </p>
   </div>
   <div class='ocr_carea' id='block_1_103' title="bbox 322 5671 1391 5745">
    <p class='ocr_par' dir='ltr' id='par_1_103' title="bbox 322 5671 1391 5745">
     <span class='ocr_line' id='line_1_105' title="bbox 322 5671 1391 5745; baseline -0.003 -17"><span class='ocrx_word' id='word_1_790' title='bbox 322 5672 469 5745; x_wconf 89' lang='lat' dir='ltr'>quod</span> <span class='ocrx_word' id='word_1_791' title='bbox 500 5673 557 5728; x_wconf 92' lang='lat' dir='ltr'>in</span> <span class='ocrx_word' id='word_1_792' title='bbox 586 5673 744 5730; x_wconf 91' lang='lat' dir='ltr'>nullo</span> <span class='ocrx_word' id='word_1_793' title='bbox 771 5671 1047 5745; x_wconf 86' lang='lat' dir='ltr'>ms._Cod.</span> <span class='ocrx_word' id='word_1_794' title='bbox 1071 5671 1391 5745; x_wconf 67' lang='lat' dir='ltr'>reperimus.</span> 
     </span>
    </p>
   </div>
   <div class='ocr_carea' id='block_1_104' title="bbox 396 5740 1923 5816">
    <p class='ocr_par' dir='ltr' id='par_1_104' title="bbox 396 5740 1923 5816">
     <span class='ocr_line' id='line_1_106' title="bbox 396 5740 1923 5816; baseline -0.004 -15"><span class='ocrx_word' id='word_1_795' title='bbox 396 5747 418 5779; x_wconf 76' lang='lat'><strong>‘</strong></span> <span class='ocrx_word' id='word_1_796' title='bbox 448 5745 744 5802; x_wconf 89' lang='lat' dir='ltr'>Omittitur</span> <span class='ocrx_word' id='word_1_797' title='bbox 773 5743 1090 5816; x_wconf 89' lang='lat' dir='ltr'>conjunctio</span> <span class='ocrx_word' id='word_1_798' title='bbox 1118 5740 1166 5799; x_wconf 77' lang='lat' dir='ltr'>et</span> <span class='ocrx_word' id='word_1_799' title='bbox 1191 5743 1247 5799; x_wconf 89' lang='lat' dir='ltr'>in</span> <span class='ocrx_word' id='word_1_800' title='bbox 1273 5742 1438 5799; x_wconf 91' lang='lat' dir='ltr'>duob.</span> <span class='ocrx_word' id='word_1_801' title='bbox 1457 5742 1665 5811; x_wconf 89' lang='lat' dir='ltr'>Germ.,</span> <span class='ocrx_word' id='word_1_802' title='bbox 1688 5740 1923 5809; x_wconf 88' lang='lat' dir='ltr'>Gemet.,</span> 
     </span>
    </p>
   </div>
   <div class='ocr_carea' id='block_1_105' title="bbox 2033 5101 3639 5179">
    <p class='ocr_par' dir='ltr' id='par_1_105' title="bbox 2033 5101 3639 5179">
     <span class='ocr_line' id='line_1_107' title="bbox 2033 5101 3639 5179; baseline -0.003 -15"><span class='ocrx_word' id='word_1_803' title='bbox 2033 5107 2243 5165; x_wconf 91' lang='lat' dir='ltr'>idcirco</span> <span class='ocrx_word' id='word_1_804' title='bbox 2272 5116 2463 5164; x_wconf 87' lang='lat' dir='ltr'>contra</span> <span class='ocrx_word' id='word_1_805' title='bbox 2511 5107 2785 5163; x_wconf 92' lang='lat' dir='ltr'>bonorum</span> <span class='ocrx_word' id='word_1_806' title='bbox 2814 5105 2985 5162; x_wconf 88' lang='lat' dir='ltr'>vitam</span> <span class='ocrx_word' id='word_1_807' title='bbox 3026 5103 3318 5179; x_wconf 90' lang='lat' dir='ltr'>nequiores</span> <span class='ocrx_word' id='word_1_808' title='bbox 3364 5101 3524 5173; x_wconf 82' lang='lat' dir='ltr'>ﬁunt,</span> <span class='ocrx_word' id='word_1_809' title='bbox 3572 5102 3639 5160; x_wconf 83' lang='lat' dir='ltr'>de</span> 
     </span>
    </p>
   </div>
   <div class='ocr_carea' id='block_1_106' title="bbox 2034 5193 2630 5270">
    <p class='ocr_par' dir='ltr' id='par_1_106' title="bbox 2034 5193 2630 5270">
     <span class='ocr_line' id='line_1_108' title="bbox 2034 5193 2630 5270; baseline -0.007 -17"><span class='ocrx_word' id='word_1_810' title='bbox 2034 5196 2235 5270; x_wconf 89' lang='lat' dir='ltr'>quibus</span> <span class='ocrx_word' id='word_1_811' title='bbox 2263 5202 2318 5252; x_wconf 89' lang='lat' dir='ltr'>et</span> <span class='ocrx_word' id='word_1_812' title='bbox 2346 5193 2595 5269; x_wconf 91' lang='lat' dir='ltr'>sequitur</span> <span class='ocrx_word' id='word_1_813' title='bbox 2619 5212 2630 5250; x_wconf 92' lang='lat'>:</span> 
     </span>
    </p>
   </div>
   <div class='ocr_carea' id='block_1_107' title="bbox 2033 5373 2966 5445">
    <p class='ocr_par' dir='ltr' id='par_1_107' title="bbox 2033 5373 2966 5445">
     <span class='ocr_line' id='line_1_109' title="bbox 2033 5373 2966 5445; baseline -0.004 -11"><span class='ocrx_word' id='word_1_814' title='bbox 2033 5377 2257 5445; x_wconf 90' lang='lat' dir='ltr'>Pratel.,</span> <span class='ocrx_word' id='word_1_815' title='bbox 2286 5376 2411 5434; x_wconf 81' lang='lat' dir='ltr'>Val.</span> <span class='ocrx_word' id='word_1_816' title='bbox 2441 5375 2548 5443; x_wconf 85' lang='lat' dir='ltr'>CL,</span> <span class='ocrx_word' id='word_1_817' title='bbox 2579 5373 2752 5431; x_wconf 88' lang='lat' dir='ltr'>illaso</span> <span class='ocrx_word' id='word_1_818' title='bbox 2783 5389 2966 5431; x_wconf 90' lang='lat' dir='ltr'>sensu.</span> 
     </span>
    </p>
   </div>
   <div class='ocr_carea' id='block_1_108' title="bbox 2107 5441 3630 5519">
    <p class='ocr_par' dir='ltr' id='par_1_108' title="bbox 2107 5441 3630 5519">
     <span class='ocr_line' id='line_1_110' title="bbox 2107 5441 3630 5519; baseline -0.002 -13"><span class='ocrx_word' id='word_1_819' title='bbox 2107 5452 2128 5486; x_wconf 80' lang='grc'>⁵</span> <span class='ocrx_word' id='word_1_820' title='bbox 2160 5441 2330 5506; x_wconf 84' lang='lat' dir='ltr'>Abest</span> <span class='ocrx_word' id='word_1_821' title='bbox 2352 5448 2409 5504; x_wconf 87' lang='lat' dir='ltr'>in</span> <span class='ocrx_word' id='word_1_822' title='bbox 2438 5464 2469 5503; x_wconf 92' lang='lat' dir='ltr'>a</span> <span class='ocrx_word' id='word_1_823' title='bbox 2503 5441 2632 5503; x_wconf 87' lang='lat' dir='ltr'>mss.</span> <span class='ocrx_word' id='word_1_824' title='bbox 2663 5445 2874 5503; x_wconf 90' lang='lat' dir='ltr'>Gemet.</span> <span class='ocrx_word' id='word_1_825' title='bbox 2908 5444 3139 5519; x_wconf 85' lang='lat' dir='ltr'>aliisque</span> <span class='ocrx_word' id='word_1_826' title='bbox 3167 5444 3381 5516; x_wconf 88' lang='lat' dir='ltr'>Norm.,</span> <span class='ocrx_word' id='word_1_827' title='bbox 3429 5441 3630 5517; x_wconf 90' lang='lat' dir='ltr'>Laud.,</span> 
     </span>
    </p>
   </div>
   <div class='ocr_carea' id='block_1_109' title="bbox 2034 5521 3342 5663">
    <p class='ocr_par' dir='ltr' id='par_1_109' title="bbox 2034 5521 3342 5663">
     <span class='ocr_line' id='line_1_111' title="bbox 2034 5521 3342 5663; baseline -0.003 -13"><span class='ocrx_word' id='word_1_828' title='bbox 2034 5521 2283 5651; x_wconf 50' lang='lat' dir='ltr'>Va:</span> <span class='ocrx_word' id='word_1_829' title='bbox 2314 5592 2420 5660; x_wconf 91' lang='lat' dir='ltr'>Cl.,</span> <span class='ocrx_word' id='word_1_830' title='bbox 2452 5598 2568 5648; x_wconf 85' lang='lat' dir='ltr'>arte</span> <span class='ocrx_word' id='word_1_831' title='bbox 2591 5589 2894 5663; x_wconf 70' lang='lat' dir='ltr'>prtemissa,</span> <span class='ocrx_word' id='word_1_832' title='bbox 2923 5588 3206 5661; x_wconf 86' lang='lat' dir='ltr'>colloquia,</span> <span class='ocrx_word' id='word_1_833' title='bbox 3239 5597 3342 5648; x_wconf 88' lang='lat' dir='ltr'>etc.</span> 
     </span>
    </p>
   </div>
   <div class='ocr_carea' id='block_1_110' title="bbox 2108 5663 3629 5733">
    <p class='ocr_par' dir='ltr' id='par_1_110' title="bbox 2108 5663 3629 5733">
     <span class='ocr_line' id='line_1_112' title="bbox 2108 5663 3629 5733; baseline -0.003 -12"><span class='ocrx_word' id='word_1_834' title='bbox 2108 5667 2127 5701; x_wconf 84' lang='grc'>⁷</span> <span class='ocrx_word' id='word_1_835' title='bbox 2159 5666 2219 5722; x_wconf 94' lang='lat' dir='ltr'>In</span> <span class='ocrx_word' id='word_1_836' title='bbox 2250 5664 2485 5733; x_wconf 90' lang='lat' dir='ltr'>Gemet.,</span> <span class='ocrx_word' id='word_1_837' title='bbox 2515 5670 2641 5719; x_wconf 89' lang='lat' dir='ltr'>ante</span> <span class='ocrx_word' id='word_1_838' title='bbox 2670 5663 3087 5732; x_wconf 88' lang='lat' dir='ltr'>correctionem,</span> <span class='ocrx_word' id='word_1_839' title='bbox 3133 5664 3273 5719; x_wconf 81' lang='lat' dir='ltr'>velut</span> <span class='ocrx_word' id='word_1_840' title='bbox 3319 5678 3390 5719; x_wconf 73' lang='lat' dir='ltr'>(es</span> <span class='ocrx_word' id='word_1_841' title='bbox 3431 5677 3629 5718; x_wconf 82' lang='lat' dir='ltr'>sonans</span> 
     </span>
    </p>
   </div>
   <div class='ocr_carea' id='block_1_111' title="bbox 2035 5734 2805 5809">
    <p class='ocr_par' dir='ltr' id='par_1_111' title="bbox 2035 5734 2805 5809">
     <span class='ocr_line' id='line_1_113' title="bbox 2035 5734 2805 5809; baseline -0.001 -17"><span class='ocrx_word' id='word_1_842' title='bbox 2035 5737 2326 5809; x_wconf 81' lang='lat' dir='ltr'>cymbalum</span> <span class='ocrx_word' id='word_1_843' title='bbox 2358 5735 2586 5793; x_wconf 81' lang='lat' dir='ltr'>sonitum</span> <span class='ocrx_word' id='word_1_844' title='bbox 2616 5734 2805 5792; x_wconf 76' lang='lat' dir='ltr'>reddit.</span> 
     </span>
    </p>
   </div>
  </div>
