4156 6178
535 234 640 292 653

931 352 1158 409 CAPUT
1187 352 1370 410 XVIII
1401 350 1544 427 [Rea
1585 352 1732 428 XV].

601 445 735 500 lem.
763 471 835 483 —
873 441 1147 514 Ca-rtilago
1175 443 1346 509 illius,
1377 443 1532 514 quasi
1561 443 1770 500 lamina:
1795 441 2002 514 ferreis.

599 529 688 586 31.
726 528 831 598 Qui
855 528 914 586 in
940 527 1258 586 Antichristi
1283 547 1504 604 corpore
1547 531 1823 603 debiliores
1867 539 2010 604 sunt,
2058 535 2132 592 ad

523 621 883 694 perpetranda
926 622 1073 678 mala
1117 621 1392 693 nequiores
1437 621 1686 680 existunt.
1737 655 1806 667 —
1855 623 2128 698 Cartilago

527 726 766 786 namque
793 709 933 770 ossis
957 709 1182 786 quidem
1211 711 1447 785 speciem
1469 711 1656 783 habet,
1687 712 1782 771 sed
1808 713 1947 772 ossis
1973 713 2128 771 forti-

526 801 779 860 tudinem
809 816 920 859 non
951 800 1135 858 habet.
1184 801 1330 869 Quid
1371 810 1454 860 est
1502 819 1630 876 ergo
1673 803 1822 877 quod
1865 805 2128 877 cartilago

527 889 646 964 ejus
674 889 898 947 laminis
925 889 1120 947 ferreis
1145 897 1514 962 comparatur,
1547 889 1654 949 nisi
1678 892 1825 965 quod
1853 891 1915 949 hi
1943 893 2039 967 qui
2069 894 2129 952 in

526 981 626 1038 illo
659 980 954 1038 debiliores
981 987 1131 1050 sunt,
1162 979 1232 1036 ad
1263 981 1626 1054 perpetranda
1663 985 1808 1039 mala
1835 985 2128 1058 nequiores

526 1071 816 1130 existunt?
845 1073 1012 1129 Ferro
1040 1071 1243 1145 quippe
1271 1079 1468 1128 caetera
1495 1074 1718 1131 metalla
1737 1074 2127 1146 conciduntur,

525 1169 580 1217 et
607 1161 868 1234 cartilago
893 1160 1012 1233 ejus
1039 1159 1185 1217 ferro
1214 1159 1414 1216 similis
1443 1160 1671 1230 dicitur,
1701 1164 1828 1238 quia
1857 1165 1917 1222 hi
1946 1166 2042 1239 qui
2069 1166 2129 1222 in

525 1248 644 1322 ejus
668 1264 896 1321 corpore
922 1247 990 1304 ad
1012 1248 1391 1306 ostensionem
1411 1251 1686 1309 virtutum
1711 1268 1823 1308 non
1847 1252 2131 1310 suﬂiciunt

524 1345 716 1395 contra
733 1352 924 1395 necem
939 1337 1188 1395 ﬁdelium
1210 1338 1392 1397 acrius
1409 1340 1802 1398 accenduntur.
1823 1341 1963 1410 Quia
1981 1341 2131 1399 enim

523 1443 651 1486 cum
680 1442 746 1484 eo
775 1443 832 1484 se
859 1427 1038 1486 facere
1066 1427 1224 1501 signa
1249 1435 1305 1485 et
1341 1428 1591 1502 prodigia
1619 1446 1734 1487 non
1757 1447 1916 1504 posse
1953 1433 2132 1490 consi-

526 1515 738 1586 derant,
771 1515 962 1575 ﬁdeles
994 1531 1052 1574 se
1080 1515 1165 1572 illi
1203 1533 1301 1590 per
1340 1517 1721 1576 crudelitatem
1769 1521 2034 1593 probant;
2080 1522 2134 1577 et

523 1623 624 1681 pro
651 1623 717 1664 eo
745 1607 898 1681 quod
925 1607 1314 1666 innocentium
1341 1609 1510 1666 corda
1534 1591 1887 1685 corrumpere
1917 1591 2138 1686 persua-

1729 232 1978 290 SANCTI
2023 233 2362 290 GREGORII
2398 235 2624 290 MAGNI

3716 238 3820 294 656

2155 360 2208 419 Α
2235 357 2406 415 cauda
2452 358 2604 429 ligat,
2649 356 2778 429 quia
2813 356 3156 430 suggestione
3197 357 3378 430 prima
3424 359 3682 430 percutit,
3729 360 3824 417 sed

2237 463 2549 519 percussam
2577 453 2840 516 mentem,
2869 462 2938 504 ne
2966 445 3195 504 evadere
3221 447 3422 518 valeat,
3457 447 3827 506 invalescente

2236 535 2347 592 ﬁne
2374 535 2715 605 tentationis,
2745 536 3014 609 astringit.
3033 536 3171 606 Quia
3189 537 3336 594 enim
3352 545 3634 610 peccatum
3657 537 3829 596 tribus

2237 626 2418 684 modis
2445 627 2776 697 admittitur,
2797 644 2923 685 cum
2953 627 3213 686 videlicet
3234 628 3508 701 serpentis
3535 629 3830 703 suggestio-

2236 735 2326 790 ne,
2357 720 2540 777 carnis
2565 719 2948 790 delectatione,
2977 721 3202 796 spiritus
3233 721 3594 780 consensione
3631 737 3832 796 perpe-

2236 820 2434 882 tratur,
2464 811 2768 871 Bebemoth
2806 811 2930 882 iste,
2979 813 3131 886 prius
3160 813 3357 871 illicita
3385 830 3700 888 suggerens,
3730 813 3834 869 lin-

2238 919 2398 976 gnam
2427 903 2641 976 exerit;
2693 911 2836 977 post,
2892 903 2960 961 ad
3017 902 3432 961 delectationem
3491 902 3833 977 pertrahens,

2237 991 2456 1050 dentem
2485 992 2642 1066 ﬁgit;
2676 993 2744 1050 ad
2773 1001 3083 1050 extremum
3112 1009 3261 1062 vero,
3293 1009 3392 1066 per
3417 992 3833 1050 consensionem

2239 1081 2542 1155 possidens,
2573 1081 2817 1140 caudam-
2833 1082 3070 1155 stringit.
3104 1082 3247 1140 Hinc
3261 1089 3344 1139 est
3356 1081 3504 1139 enim
3529 1082 3678 1156 quod
3701 1097 3835 1138 non-

2238 1171 2381 1228 nulli
2408 1179 2629 1244 peccata
2657 1173 2821 1246 longo
2843 1189 2948 1230 usu
2977 1179 3283 1246 perpetrata
3309 1172 3367 1228 in
3397 1172 3707 1246 semetipsis
3731 1170 3835 1245 ipsi

2238 1261 2666 1336 reprehendunt,
2695 1270 2858 1337 atque
2885 1261 3006 1320 haec
3023 1278 3093 1319 ex
3114 1261 3328 1335 judicio
3355 1261 3594 1336 fugiunt,
3623 1261 3717 1320 sed
3747 1261 3836 1318 vi-

2240 1361 2354 1410 tare
2381 1369 2544 1428 opere
2573 1369 2675 1410 nec
2700 1353 3040 1411 decertantes
3066 1363 3316 1426 possunt,
3349 1353 3478 1428 quia
3504 1352 3635 1409 dum
3663 1351 3838 1410 Bebe-

2221 1444 2398 1502 -moth
2429 1444 2589 1502 istius
2617 1451 2782 1518 caput
2809 1456 2922 1502 non
2951 1451 3264 1513 conterunt,
3297 1444 3615 1518 plerumque
3659 1443 3838 1501 cauda

2242 1543 2297 1592 et
2323 1535 2574 1592 nolentes
2599 1533 2860 1608 ligantur.
2903 1533 3034 1602 Quae
3063 1540 3254 1591 contra
3281 1549 3373 1590 eos
3399 1533 3548 1591 cedri
3573 1549 3724 1590 more
3752 1533 3838 1589 in-

2243 1624 2454 1694 duruit,
2476 1625 2607 1700 quia
2623 1641 2657 1682 a
2682 1623 2885 1682 blanda
2905 1625 3186 1696 voluptate
3204 1623 3421 1680 exordii
3437 1638 3608 1697 usque
3635 1621 3703 1680 ad
3721 1621 3842 1679 vio-

523 1696 704 1754 dendo
732 1713 844 1754 non
888 1705 1140 1771 possunt,
1188 1698 1560 1773 multiplicius
1607 1701 1821 1758 caeteris
1859 1701 2133 1760 bonorum

2246 1715 2469 1772 [entiam
2492 1696 2823 1772 retentionis
2851 1713 3118 1771 excrevit.
3157 1713 3386 1772 Dicatur
3413 1696 3574 1786 ergo:
3619 1711 3844 1784 Stringit

523 1801 752 1860 corpora
778 1802 835 1844 se
860 1787 1216 1860 exstinguere
1237 1788 1568 1860 gloriantur.
1591 1789 1738 1847 Bene
1757 1807 1886 1864 ergo
1906 1791 2130 1851 dicitur:

528 1881 723 1940 1064
751 1877 1029 1950 Cartilago
1058 1877 1173 1946 ejus
1199 1883 1260 1932 ut
1294 1876 1506 1934 lamina:
1529 1876 1742 1949 ferrea,
1773 1881 1903 1954 quia
1930 1881 1990 1938 in
2017 1881 2136 1954 ejus

523 1990 753 2049 corpore
780 1975 930 2049 quod
957 1973 1236 2032 inﬁrmius
1263 1975 1499 2050 quisque
1517 1975 1836 2046 crediderit,
1873 1981 1888 2014 ¹
1919 1977 2026 2036 hoc
2053 1987 2136 2038 est

525 2063 674 2140 quod
702 2064 940 2138 nequius
971 2065 1190 2124 incidit.
1222 2065 1330 2132 Qui
1358 2073 1506 2122 recte
1533 2083 1645 2123 non
1693 2067 1840 2125 ferro
1879 2076 2136 2126 tantum-

525 2153 714 2220 modo,
765 2153 860 2210 sed
907 2154 1129 2210 laminis
1170 2154 1364 2212 ferreis
1399 2157 1813 2230 comparantur,
1845 2159 1974 2232 quia
2001 2159 2134 2217 dum

523 2263 581 2304 se
635 2249 1064 2322 circumquaque
1111 2249 1500 2310 incrudelitate
1567 2253 1799 2310 dilatare
1859 2255 2132 2326 ambiunt,

525 2339 680 2412 quasi
710 2339 770 2395 in
801 2338 934 2396 ferri
961 2355 1022 2398 se
1045 2339 1278 2398 laminas
1307 2342 1635 2402 extendunt.

599 2423 746 2499 [Rec.
778 2426 958 2503 ΧΠ]
988 2427 1078 2486 32.
1109 2428 1271 2487 Libet
1297 2430 1526 2489 arctiori
1555 2432 1937 2507 inquisitionis
1967 2449 2136 2491 manu

525 2513 647 2576 hmo
670 2517 861 2576 eadem
893 2520 1062 2578 verba
1086 2521 1416 2592 conditoris,
1447 2539 1569 2597 quae
1591 2522 1709 2596 jam
1738 2524 2000 2582 videntur
2028 2525 2138 2582 dis-

527 2623 708 2677 cussa,
755 2609 779 2644 ³
807 2608 1169 2682 distinguere,
1221 2617 1386 2686 atque
1431 2612 1710 2670 uberiores
1757 2614 2136 2688 intelligentiae

523 2697 741 2756 fructus
768 2697 1108 2757 instruendis
1128 2701 1378 2759 moribus
1405 2710 1714 2777 apportare.
1733 2704 1871 2760 Nam
1893 2705 2024 2779 quia
2041 2721 2136 2762 an-

523 2786 698 2860 tiquis
722 2786 898 2853 hostis
927 2789 1062 2864 quid
1103 2807 1200 2864 per
1240 2801 1580 2866 assumptum
1631 2792 1915 2850 hominem
1945 2801 2136 2851 contra

525 2875 786 2934 homines
817 2885 942 2953 agat
969 2878 1309 2951 audivimus,
1349 2889 1597 2955 superest
1637 2891 1700 2940 ut
1741 2899 1891 2941 nunc
1918 2883 2054 2958 quid
2075 2883 2135 2939 in

525 2966 850 3026 hominibus
877 2969 1044 3027 etiam
1073 2986 1171 3044 per
1194 2971 1550 3046 semetipsum
1589 2973 1710 3030 sine
1757 2973 1985 3032 homine
2023 2989 2138 3030 mo-

527 3053 698 3114 liatur
722 3057 1096 3132 exploremus.
1127 3059 1273 3118 Ecce
1301 3061 1451 3118 enim
1481 3061 1722 3122 dicitur:

1119 3159 1346 3218 CAPUT
1389 3161 1543 3220 XIX.

601 3249 776 3316 Vnus.
809 3252 897 3314 l2.
926 3284 1000 3300 --
1034 3255 1266 3330 Stringit
1289 3257 1517 3316 caudam
1543 3275 1698 3316 suam
1727 3259 1883 3331 quasi
1909 3259 2138 3316 cedrum.

602 3345 694 3404 33.
723 3346 916 3403 Pri-ma
943 3346 1147 3404 diaboli
1171 3347 1428 3419 suggestio
1461 3355 1638 3405 tenera
1656 3354 1731 3405 est
1757 3355 1805 3404 et
1826 3349 1986 3420 facile
2011 3365 2146 3404 con-

538 3436 758 3496 teritur.
795 3435 896 3494 Sed
915 3441 1101 3512 postea
1128 3435 1297 3492 robur
1319 3436 1434 3508 ejus
1461 3438 1524 3511 ﬁt
1550 3437 1896 3496 intolerabile.
1946 3438 2147 3496 Pecca—

534 3530 643 3584 tum
677 3525 848 3582 tribus
888 3525 1060 3582 modis
1107 3525 1432 3585 admittitur.
1488 3557 1559 3570 —
1615 3527 1799 3585 Prima
1848 3530 1870 3564 ³
1923 3527 2147 3603 quidem

531 3614 802 3688 serpentis
853 3613 1132 3690 suggestio
1173 3615 1362 3674 mollis
1403 3633 1468 3675 ac
1514 3624 1704 3676 tenera
1747 3625 1848 3689 est,
1895 3625 1952 3675 et
1988 3618 2149 3677 facile

533 3705 760 3766 virtutis
790 3706 926 3781 pede
953 3705 1314 3778 conterenda,
1345 3707 1443 3766 sed
1471 3707 1520 3766 si
1547 3707 1668 3768 haec
1697 3708 2034 3768 invalescere
2058 3725 2150 3768 ne.

535 3797 804 3872 gligenter
843 3795 1184 3868 admittitur,
1221 3797 1384 3874 eique
1437 3797 1508 3857 ad
1561 3816 1658 3858 cor
1711 3797 1895 3856 aditus
1923 3797 2154 3857 licenter

535 3887 832 3961 praebetur,
861 3893 1018 3945 tanta
1036 3903 1094 3944 se
1122 3887 1330 3946 virtute
1349 3898 1660 3962 exaggerat,
1689 3897 1754 3948 ut
1773 3899 1986 3964 captam
2003 3905 2160 3968 men-_

535 3987 649 4036 tem
677 3979 1016 4052 deprimens,
1047 3993 1222 4054 usque
1252 3977 1322 4036 ad
1349 3979 1703 4036 intolerabile
1731 3980 1902 4036 robur
1927 3995 2155 4037 excres-

537 4074 650 4147 cat.
704 4064 949 4122 Caudam
979 4065 1166 4138 itaque
1195 4065 1351 4138 quasi
1375 4065 1604 4122 cedrum
1631 4066 1900 4138 stringere
1927 4065 2153 4136 dicitur,

540 4157 674 4232 quia
703 4155 875 4211 semel
905 4153 1023 4226 ejus
1050 4155 1114 4211 in
1141 4155 1306 4214 corde
1335 4162 1553 4227 recepta
1577 4155 1830 4224 tentatio,
1850 4155 1911 4212 in
1937 4153 2152 4212 cunctil

541 4260 663 4320 quae
692 4241 1089 4314 subsequenter
1123 4242 1378 4299 intulerit
1402 4242 1556 4299 velut
1581 4257 1650 4297 ex
1671 4241 1796 4313 jure
1816 4241 2150 4322 dominatur.

542 4334 722 4408 Hujus
743 4348 873 4406 ergo
901 4331 1215 4391 Bebemoth
1244 4339 1411 4408 caput
1431 4329 1602 4388 herba
1619 4338 1722 4400 est,
1743 4332 1917 4390 cauda
1935 4333 2150 4406 cedrus,

543 4425 674 4502 quia
704 4439 777 4480 ex
805 4419 986 4496 prima
1015 4422 1240 4496 quidem
1289 4421 1635 4496 suggestione
1672 4421 1964 4481 blandiens
2011 4423 2152 4480 sub-

545 4514 832 4582 sternitur,
877 4511 975 4570 sed
1020 4527 1118 4585 per
1165 4527 1330 4570 usum
1380 4511 1734 4570 vehementer
1787 4513 2150 4584 invalescens,

545 4609 926 4662 succrescente
967 4601 1290 4659 tentationis
1329 4600 1460 4674 ﬁne,
1489 4603 1798 4662 roboratur.
1839 4603 2157 4678 Superabile

547 4707 787 4768 namque
814 4697 898 4749 est
925 4705 1091 4748 omne
1121 4691 1271 4766 quod
1300 4691 1462 4748 initio
1491 4693 1754 4766 suggerit,
1781 4692 1877 4750 sed
1905 4693 2033 4750 inde
2062 4709 2160 4750 se-

551 4784 764 4859 quitur,
793 4781 944 4856 quod
970 4781 1124 4842 vinci
1153 4783 1251 4838 vix
1280 4782 1472 4856 possit.
1503 4782 1662 4840 Prius
1681 4782 1830 4839 enim
1853 4783 2008 4857 quasi
2027 4793 2155 4859 conj

551 4847 966 4931 iulans-blanda
993 4870 1064 4928 ad
1091 4847 1340 4928 animuin
1375 4871 1656 4944 loquitur;
1701 4871 1797 4927 sed
1833 4847 1958 4927 cum
1989 4847 2158 4928 semel

553 4961 1194 5047 dentenkdelectationis
1222 4959 1492 5030 inﬁxerit,
1519 4961 1764 5018 violenta
1788 4967 1910 5036 post
1933 4977 2158 5019 consue.

554 5052 749 5111 tudine
779 5068 916 5128 pene
947 5051 1320 5110 insolubiliter
1367 5048 1684 5110 innodatur.
1733 5049 1884 5108 Unde
1927 5057 1981 5107 et
2021 5050 2160 5109 bene

557 5143 838 5216 stringere
890 5142 1127 5202 caudam
1185 5139 1412 5200 dicitur.
1476 5141 1651 5200 Dente
1704 5141 1853 5200 enim
1906 5141 2161 5199 vulnerat

633 5349 650 5382 ¹
679 5347 783 5404 Ed.
794 5387 809 5418 ,
839 5366 905 5424 eg
909 5348 1146 5424 _neq_uius
1162 5345 1377 5424 incidit.
1403 5345 1790 5424 Expressimus
1808 5346 1936 5408 Mss.
1971 5346 2156 5424 lectiei

558 5427 708 5496 nem,
738 5434 815 5496 se.
859 5421 1082 5496 Ebroic.
1127 5421 1470 5496 aliorumque
1495 5421 1712 5496 Nam},
1733 5423 1976 5496 _Tur9n.,
2008 5423 2158 5496 Vin-

561 5487 714 5572 doc.,_
746 5488 956 5572 Germ.,
997 5491 1198 5572 _Laud.,
1227 5495 1350 5572 V'al.
1382 5487 1478 5552 ’(ὶΙ.
1527 5487 1797 5572 et_Corb._
1838 5487 2047 5564 Germ.,
2097 5493 2158 5550 in

561 5573 670 5633 quo
699 5558 898 5629 legitur
923 5558 1438 5691 inlﬁrnius’quisque,
1467 5582 1565 5638 pro
1595 5565 1880 5637 inﬁrmius.
2031 5558 2042 5564 ’

594 5627 894 5710 Δἴδει-[11η
997 5633 1206 5704 indoc.,
1267 5635 1488 5696 Ebroic.
1542 5636 1746 5710 aliique
1799 5638 2014 5708 Nomm,
2063 5635 2160 5694 di-

558 5699 835 5774 stringere.

2242 1805 2468 1862 caudam
2495 1822 2647 1860 suam
2667 1803 2828 1876 quasi
2853 1804 3088 1870 cedrum,
3117 1811 3179 1860 ut
3209 1810 3360 1860 tanto
3384 1803 3616 1877 quisque
3650 1801 3845 1860 debeat

2243 1894 2406 1951 initia
2429 1893 2750 1951 tentationis
2775 1891 2982 1964 fugere,
3013 1901 3218 1965 quanto
3239 1891 3405 1948 ﬁnem
3435 1891 3554 1964 ejus
3583 1890 3846 1963 intelligit

2243 1983 2409 2040 citius
2433 1982 2574 2039 solvi
2604 1997 2714 2038 non
2745 1996 2921 2054 posse.

2315 2071 2452 2146 [Vet.
2481 2069 2718 2144 XVIII.]
2749 2069 2837 2126 34.
2869 2070 3128 2127 Diabolus
3153 2087 3268 2126 cum
3298 2071 3420 2126 vita:
3435 2071 3560 2142 ﬁnis
3579 2068 3845 2135 imminet,

2245 2167 2363 2216 tunc
2386 2160 2655 2232 graviores
2685 2159 2992 2215 tentationes
3019 2161 3268 2231 suggerit.
3286 2190 3356 2202 —
3379 2158 3672 2216 Sciendum
3703 2174 3844 2232 quo-

2243 2267 2346 2324 que
2373 2256 2454 2306 est
2479 2248 2626 2323 quod
2655 2250 2976 2322 plerumque
3005 2249 3083 2305 eis
3110 2265 3248 2322 quos
3275 2247 3479 2322 ceperit
3523 2255 3659 2305 tunc
3707 2263 3850 2320 gra-

2242 2340 2428 2396 viores
2449 2340 2637 2412 culpas
2665 2338 2886 2411 ingerit,
2929 2354 3056 2395 cum
3098 2339 3382 2411 praesentis
3425 2338 3553 2394 vitae
3601 2336 3848 2394 termino

2243 2430 2370 2486 illos
2397 2429 2763 2502 propinquare
2791 2429 3103 2500 cognoscit;
3150 2435 3206 2484 et
3243 2443 3352 2500 quo
3381 2444 3438 2485 se
3483 2443 3851 2484 consumma-

2242 2527 2431 2577 turum
2461 2519 2822 2576 tentationem
2848 2516 3178 2587 considerat,
3233 2534 3298 2574 eo
3351 2518 3430 2575 eis
3485 2517 3848 2588 iniquitatum

2245 2609 2486 2682 pondera
2525 2609 2778 2682 graviora
2815 2615 3115 2666 coacervat.
3178 2606 3480 2664 Bebemoth
3519 2607 3690 2680 igitur
3725 2623 3850 2664 cau-

2244 2699 2370 2756 dam
2417 2715 2570 2756 suam
2621 2699 2778 2772 quasi
2820 2699 3044 2756 cedrum
3087 2697 3329 2771 stringit,
3386 2699 3515 2772 quia
3560 2713 3700 2772 quos
3757 2712 3852 2770 per

2244 2805 2412 2862 prava
2441 2788 2604 2844 initia
2633 2789 2858 2862 ceperit,
2905 2788 2973 2844 ad
3003 2789 3168 2844 ﬁnem
3200 2788 3500 2846 deteriores
3535 2787 3740 2857 reddit,
3791 2796 3853 2845 ut

2243 2885 2580 2936 tentamenta
2609 2877 2726 2949 ejus
2755 2893 2864 2951 quo
2892 2877 3057 2934 citius
3085 2884 3362 2934 cessatura
3386 2885 3538 2946 sunt,
3567 2893 3632 2934 eo
3662 2877 3850 2934 valen-

2243 2967 2354 3025 tius
2379 2968 2778 3040 compleantur.
2801 2966 2943 3034 Quia
2961 2964 3112 3023 enim
3140 2966 3255 3024 suis
3283 2967 3466 3040 pinnis
3490 2983 3683 3024 eorum
3711 2976 3852 3026 sata-

2165 3096 2210 3158 C
2247 3059 2326 3132 git
2351 3075 2566 3133 aequare
2591 3057 2944 3131 supplicium,
2981 3063 3172 3121 1065
3201 3057 3259 3113 in
3288 3059 3368 3114 eis
3403 3057 3682 3158 ardentius
3722 3066 3852 3114 ante

2250 3165 2482 3215 mortem
2512 3158 2712 3215 nititur
2739 3171 2901 3214 omne
2931 3171 3256 3230 exaggerare
3277 3163 3573 3229 peccatum.
3595 3151 3854 3210 Plerum-

2251 3264 2357 3322 que
2381 3263 2512 3304 vero
2535 3245 2840 3304 Bebemoth
2861 3246 2962 3302 iste
2985 3243 3101 3318 jam
3131 3263 3226 3303 cor
3253 3245 3392 3300 male
3421 3240 3714 3299 subditum
3733 3259 3859 3316 pos-

2253 3337 2415 3407 sidet,
2446 3336 2541 3394 sed
2587 3344 2772 3393 tamen
2824 3334 3016 3392 divina
3064 3335 3223 3392 illum
3279 3332 3450 3408 gratia
3504 3331 3750 3406 repellit,
3807 3341 3860 3390 et

2254 3443 2448 3484 manus
2495 3425 2889 3484 misericordiae
2921 3425 3094 3498 ejicit,
3125 3440 3286 3498 quem
3316 3423 3386 3480 ad
3413 3437 3471 3479 se
3499 3419 3722 3494 captiva
3750 3437 3860 3477 vo-

2255 3515 2780 3574 luntasintroduxit.
2806 3514 3054 3588 Cumque
3073 3511 3276 3572 acorde
3285 3513 3604 3587 expellitur,
3617 3513 3856 3570 acriores

2259 3606 2482 3680 inﬁgere
2511 3605 2868 3680 iniquitatum
2900 3604 3154 3662 stimulos
3181 3609 3434 3669 conatur,
3457 3609 3522 3660 ut
3548 3617 3640 3660 eos
3665 3607 3858 3658 tenta-

2259 3698 2476 3756 tionum
2508 3697 2707 3756 ﬂuctus
2740 3713 2898 3755 mens
2916 3696 2984 3753 ab
3003 3696 3100 3754 illo
3121 3694 3442 3769 impugnata
3467 3693 3692 3763 sentiat,
3723 3708 3858 3768 quos

2260 3791 2425 3846 etiam
2458 3805 2705 3862 possessa
2732 3785 3026 3844 nesciebat.
3079 3783 3238 3854 Quod
3277 3783 3417 3841 bene
3451 3780 3512 3841 in
3553 3782 3856 3856 Evangelia

2261 3878 2611 3951 exprimitur,
2659 3893 2786 3936 cum
2816 3877 2968 3933 exire
2994 3873 3064 3932 ab
3091 3873 3318 3932 homine
3343 3871 3666 3932 immundus
3700 3871 3854 3946 spiri-

2261 3973 2350 4023 tus
2377 3965 2614 4024 Domino
2635 3965 2863 4038 jubente
2891 3973 3165 4023 narratur.
3181 3965 3318 4024 Nam
3341 3980 3469 4024 cum
3488 3962 3857 4021 daemoniacus

2261 4074 2398 4131 puer
2425 4057 2619 4114 fuisset
2641 4056 2877 4128 oblatus,
2923 4057 3189 4131 scriptum
3216 4063 3329 4115 est:
3377 4055 3746 4116 Comminatus
3784 4059 3857 4110 est

2262 4149 2412 4204 Jesus
2429 4147 2646 4221 spiritui
2675 4146 2964 4214 immundo,
2993 4148 3169 4204 dicens
3201 4165 3214 4205 :
3249 4147 3420 4206 Surde
3453 4153 3502 4203 et
3538 4151 3674 4202 mute
3694 4143 3857 4217 spiri-

2265 4244 2368 4308 tus,
2397 4253 2484 4310 ego
2513 4237 2606 4294 tibi
2625 4237 2902 4312 praecipio,
2923 4239 3012 4296 exi
3027 4239 3094 4296 ab
3114 4257 3193 4310 eo,
3215 4245 3262 4296 et
3278 4239 3510 4312 amplius
3535 4254 3596 4293 ne
3622 4235 3855 4292 introeas

2263 4327 2322 4383 in
2347 4343 2483 4386 eum.
2531 4330 2606 4386 Et
2631 4330 2952 4400 exclamans,
3002 4336 3052 4386 et
3092 4330 3318 4386 multum
3371 4329 3664 4401 discerpens
3719 4341 3855 4393 eum.

2262 4415 2425 4472 exivit
2437 4416 2503 4472 ab
2523 4433 2580 4473 eo
2605 4417 2795 4491 (Ma-rc.
2815 4433 2896 4487 1x,
2907 4415 3000 4486 24,
3013 4415 3129 4490 25).
3141 4417 3284 4475 Ecce
3301 4431 3429 4474 eum
3441 4432 3550 4472 non
3561 4413 3856 4486 discerpse-

2261 4515 2346 4564 rat
2373 4523 2502 4565 cum
2535 4506 2776 4577 tenebat,
2819 4505 3010 4564 exiens
3059 4505 3368 4580 discerpsit,
3421 4505 3551 4579 quia
3590 4503 3858 4561 nimirum

2263 4603 2397 4654 tunc
2425 4597 2579 4671 pejus
2616 4596 2976 4671 cogitationes
3020 4595 3220 4654 mentis
3261 4594 3513 4665 dilaniat,
3539 4595 3560 4630 ‘
3587 4609 3719 4652 cum
3745 4592 3857 4667 jam

2263 4687 2505 4761 egressui
2531 4687 2722 4744 divina
2750 4687 2954 4744 virtute
2983 4686 3299 4760 compulsus
3325 4683 3753 4759 appropinquat.
3789 4681 3860 4740 Et

2265 4794 2427 4852 quem
2457 4786 2644 4836 mutus
2671 4776 3004 4853 possederat,
3031 4795 3158 4836 cum
3185 4775 3522 4834 clamoribus
3555 4772 3856 4842 deserebat,

2266 4867 2395 4941 quia
2421 4869 2741 4942 plerumque
2786 4886 2910 4926 cum
2960 4866 3220 4942 possidet,
3262 4865 3480 4924 minora
3523 4868 3860 4922 tentamenta

2266 4957 2506 5032 irrogat;
2539 4977 2664 5016 cum
2696 4975 2824 5016 vero
2854 4959 2921 5016 de
2949 4959 3113 5018 corde
3143 4959 3388 5032 pellitur,
3418 4955 3618 5016 acriori
3641 4955 3858 5012 infesta.

2266 5050 2416 5106 tione
2444 5049 2745 5122 perturbat.
2779 5049 2923 5104 Bene
2951 5049 3136 5124 itaque
3171 5048 3406 5107 dicitur:
3460 5045 3685 5118 Stringit
3725 5059 3858 5100 cau-

2265 5145 2388 5202 dam
2419 5156 2573 5199 suam
2617 5140 2772 5214 quasi
2817 5141 3050 5210 cedrum,
3099 5140 3228 5215 quia
3271 5148 3327 5200 et
3371 5141 3394 5176 ⁵
3441 5154 3538 5197 cor
3577 5133 3858 5212 possidens

2337 5349 2359 5429 εξ
2389 5345 2588 5429 Eratel.
2621 5353 2674 5405 et
2701 5345 2810 5406 duo
2838 5343 3046 5429 Germ.,
3074 5343 3284 5420 quippe.
3357 5419 3366 5429 ,
3413 5421 3457 5429 __
3758 5407 3768 5424 .

2337 5423 2360 5456 ‘
2388 5425 2510 5478 Duo
2539 5421 2744 5489 Germ.,
2767 5437 2883 5476 cum
2893 5417 3012 5490 jam
3030 5417 3262 5492 egressus
3282 5419 3385 5475 sui.
3413 5417 3591 5485 Editi,
3617 5417 3853 5492 eumiant

2269 5494 2486 5548 termino
2514 5509 2744 5562 egressus
2773 5493 2856 5547 sui
2867 5490 3070 5548 divina;
3086 5492 3268 5548 Secuti
3283 5505 3474 5548 sumus
3483 5491 3611 5548 Mss.
3627 5490 3854 5555 Turon.,

2268 5563 2530 5632 Vindoc.,
2561 5563 2734 5620 Laud.
2743 5601 2760 5632 ,
2785 5563 3008 5620 Ebroic.
3039 5564 3282 5632 aliosque
3309 5564 3504 5621 Norm.

2265 5628 2586 5762 da‘wLaud.,
2614 5628 2779 5696 Corb.
2809 5634 2994 5694 Germ.
3025 5651 3088 5694 ac
3114 5628 3236 5696 Val.
3288 5633 3400 5707 CL,
3445 5651 3638 5708 corpus
3673 5628 3856 5708 posti-
