4156 6178
359 356 462 415 657

1134 363 1522 425 MORALIUM
1558 367 1695 427 LIB.
1726 370 1976 430 XXXII.
2019 401 2085 415 -
2119 375 2192 433 ΙΝ
2224 373 2452 433 CAPUT
2489 376 2587 434 XL
2625 378 2688 435 Β.
2727 380 2871 439 JUB.

3550 388 3656 449 658

358 502 577 590 semper
605 484 664 542 in
694 487 906 590 malitia
932 503 1003 589 ex
1022 579 1032 590 .
1039 491 1446 590 posterioribus
1500 497 1715 590 crescit,
1766 504 1821 554 et
1860 515 1956 556 cor
1985 500 2036 561 A
2066 500 2348 560 discernit.
2382 502 2484 561 Cui
2516 505 2745 563 fortasse
2772 506 2820 563 is
2864 507 2961 582 qui
2993 507 3112 567 sine
3145 509 3360 584 judicio
3406 516 3650 590 eligitur,

357 575 617 633 deserens
634 576 1142 638 vehementioribus
1161 580 1556 655 cogitationum
1572 584 1812 644 stimulis
1840 605 1958 662 per-

355 665 519 723 cutit.
547 663 695 739 [Rea
725 667 779 723 Χ
787 666 937 743 VII.]
983 667 1186 728 Adhuc
1225 679 1408 729 autem
1446 673 1759 733 Behemoth
1797 677 1957 735 istius

359 754 504 811 mira
525 753 731 828 pietate
759 756 1073 815 conditoris
1087 759 1354 818 astutiora
1371 773 1691 835 argumenta
1708 767 1955 840 pandun-

358 854 470 915 tur,
502 862 631 902 cum
661 845 920 904 subditur
952 867 965 905 :

960 961 1189 1021 CAPUT
1220 964 1350 1023 XX.

426 1053 817 1110 Imm—Nervi
846 1055 1203 1113 testiculorum
1231 1057 1344 1127 ejus
1366 1060 1611 1132 perplexi
1633 1066 1772 1117 sunt.

426 1141 518 1199 35.
561 1142 783 1199 Peccata
810 1144 888 1199 ita
918 1146 1191 1217 implicata
1220 1155 1363 1218 sunt,
1394 1156 1454 1205 ut
1477 1150 1603 1205 dum
1631 1166 1793 1205 unum
1819 1148 1951 1205 cita-

356 1238 468 1300 tur,
501 1230 615 1303 fere
644 1248 848 1305 semper
880 1235 1123 1291 labamur
1148 1237 1207 1291 in
1234 1240 1404 1296 aliud.
1445 1240 1635 1297 Tribus
1676 1240 1953 1295 ordinibus

353 1327 562 1378 constat
596 1323 1100 1382 Ecclesia.——Nervi
1128 1326 1511 1385 testiculorum
1541 1327 1659 1400 ejus
1678 1337 1808 1385 sunt
1836 1346 1950 1401 pes-

353 1410 518 1469 tifera
545 1420 873 1485 argumenta
886 1414 1363 1473 machinationum
1389 1417 1552 1489 (Dist.
1590 1418 1677 1484 13,
1715 1436 1832 1474 ean.
1866 1419 1947 1491 2).

351 1501 456 1559 Per
482 1503 605 1576 ipsa
621 1504 826 1578 quippe
857 1505 1178 1564 calliditatis
1198 1524 1309 1565 suae
1330 1511 1343 1544 ¹
1366 1509 1515 1566 vires
1532 1509 1713 1581 erigit,
1731 1517 1787 1566 et
1801 1510 1952 1567 ﬂuxa

354 1594 676 1653 mortalium
708 1597 874 1655 corda
888 1600 1241 1673 corrumpit“.
1266 1601 1528 1659 Testiculi
1544 1602 1663 1674 ejus
1680 1609 1810 1659 sunt
1828 1620 1948 1675 sug-

354 1686 629 1756 gestiones
653 1702 856 1759 pravae,
885 1689 1086 1762 quibus
1116 1690 1173 1747 in
1206 1691 1409 1749 mentis
1436 1693 1789 1765 corruptione
1827 1692 1949 1748 fer-

351 1776 551 1846 vescit,
566 1777 807 1851 atquein
823 1786 1170 1837 construrata
1197 1781 1380 1838 anima
1406 1780 1587 1854 iniqui
1608 1781 1790 1854 operis
1809 1797 1947 1854 pro-

2064 608 2191 649 cum
2219 608 2447 666 praeesse
2470 595 2586 667 jam
2614 595 2860 670 coeperit,
2881 599 2903 635 ⁶
2923 600 3010 672 agi
3033 616 3153 673 quae
3181 603 3281 660 Dei
3311 613 3439 662 sunt
3465 606 3652 680 probi-

2063 682 2175 753 bet,
2209 701 2331 758 quae
2358 686 2553 743 mundi
2583 696 2712 746 sunt
2725 687 2901 761 jubet.
2920 690 3161 750 Pensans
3190 693 3374 768 itaque
3400 696 3653 756 subditus

2063 775 2151 830 vel
2181 792 2302 848 quae
2334 778 2407 834 sit
2425 777 2585 851 culpa
2614 778 3023 851 inobedientiae,
3047 781 3133 839 vel
3161 784 3311 856 quod
3338 786 3652 860 contagium

2063 869 2341 925 smcularis
2370 871 2520 940 vita,
2552 878 2606 927 et
2634 870 2857 928 obedire
2886 873 3142 945 trepidat,
3176 882 3230 932 et
3276 892 3387 933 non
3429 876 3653 935 obedire

2063 956 2344 1029 formidat,
2371 976 2439 1015 ne
2475 967 2570 1016 aut
2593 960 2852 1018 obediens
2880 964 3056 1019 Deum
3105 964 3162 1020 in
3212 966 3326 1023 suis
3367 968 3652 1041 praeceptis

2061 1047 2292 1117 deserat,
2325 1056 2420 1105 aut
2461 1067 2681 1107 rursum
2732 1068 2846 1108 non
2892 1052 3153 1111 obediens
3182 1055 3356 1113 Deum
3387 1056 3446 1113 in
3477 1058 3651 1116 electo

2060 1140 2241 1212 priore
2270 1148 2619 1209 contemnat;
2650 1149 2703 1198 et
2723 1151 2836 1213 aut,
2869 1144 3082 1201 illicitis
3115 1145 3515 1221 obtemperans,
3545 1148 3652 1208 hoc

2061 1229 2207 1302 quod
2228 1247 2326 1303 pro
2355 1232 2469 1286 Deo
2490 1233 2697 1305 appetit
2716 1242 2910 1291 contra
2934 1235 3109 1292 Deum
3130 1246 3499 1309 exerceat,aut
3518 1257 3652 1296 rur-

2060 1326 2202 1388 s’um,
2233 1337 2345 1376 non
2375 1320 2778 1394 obtemperans,
2824 1340 2950 1380 eum
3005 1342 3167 1400 quem
3204 1343 3365 1384 suum
3405 1328 3652 1402 judicem

2059 1411 2347 1482 quaesierat
2374 1428 2474 1468 suo
2496 1411 2710 1485 judicio
2739 1421 3029 1486 supponat.
3062 1418 3265 1488 Aperte
3283 1432 3411 1490 ergo
3426 1418 3529 1474 iste
3558 1435 3653 1492 per

2059 1498 2469 1558 indiscretionis
2488 1518 2598 1559 suae
2615 1502 2816 1559 vitium
2838 1504 3115 1577 perplexis
3132 1505 3513 1564 testiculorum
3529 1524 3651 1564 ner-

2059 1589 2143 1645 vis
2173 1591 2517 1664 astringitur,
2540 1594 2670 1667 quia
2688 1602 2782 1651 aut
2813 1594 3225 1668 obtemperans,
3255 1603 3351 1654 aut
3377 1605 3524 1655 certe
3539 1614 3651 1656 non

2057 1679 2461 1754 obtemperans,
2492 1682 2550 1739 in
2580 1684 2741 1757 culpa
2756 1685 3204 1760 transgressionis
3234 1687 3652 1761 ligatur.Stude—

2055 1769 2150 1826 bat
2168 1772 2417 1843 proprias
2435 1774 2749 1831 voluntates
2778 1775 3049 1848 frangere,
3080 1784 3134 1833 et
3171 1786 3327 1836 curat
3359 1793 3448 1835 eas
3486 1779 3653 1836 etiam

352 1866 465 1922 13m
496 1867 689 1940 gignit,
724 1868 830 1925 Sed
861 1868 1061 1927 horum
1104 1871 1483 1928 testiculorum
1514 1870 1673 1927 nervi
1702 1870 1949 1943 perplexi
1979 1868 2025 1929 Β
2060 1866 2376 1932 contempto
2405 1862 2586 1933 priore
2608 1863 2861 1921 solidare.
2884 1866 3143 1923 Decrevit
3162 1867 3431 1924 mundum
3452 1866 3655 1924 fundi—

360 1964 511 2024 sunt,
541 1958 667 2031 quia
693 1959 1105 2032 suggestionum
1129 1961 1280 2019 illius
1305 1969 1629 2033 argumenta
1648 1960 1949 2034 implicatis

353 2048 775 2108 inventionibus
795 2050 1104 2125 illigantur,
1134 2059 1195 2108 ut
1220 2053 1511 2126 plerosque
1530 2051 1609 2109 ita
1627 2070 1851 2127 peccare
1870 2054 1946 2109 fa-

351 2138 796 2213 ciant,quatenus
814 2140 862 2197 si
882 2140 1113 2199 fortasse
1143 2149 1429 2214 peccatum
1450 2142 1639 2215 fugere
1660 2150 1943 2215 appetant,

351 2228 460 2286 hoc
490 2231 513 2266 ³
542 2229 662 2287 sine
690 2229 801 2287 alio
829 2232 1038 2301 peccati
1069 2230 1264 2304 laqueo
1293 2247 1404 2288 non
1435 2231 1706 2298 evadant;
1739 2240 1794 2289 et
1816 2232 1947 2288 cul—

350 2333 472 2390 pam
524 2318 733 2376 faciant
769 2318 902 2375 dum
934 2319 1133 2387 vitant,
1164 2336 1227 2376 ac
1255 2335 1603 2393 nequaquam
1651 2336 1708 2375 se
1738 2320 1806 2376 ab
1835 2336 1947 2376 una

351 2408 571 2465 valeant
594 2408 829 2476 solvere,
849 2408 960 2463 nisi
992 2408 1049 2462 in
1069 2409 1178 2464 alia
1201 2410 1548 2466 consentiant
1566 2411 1586 2444 ⁴
1604 2409 1785 2481 ligari.
1803 2408 1941 2484 [νει.

347 2495 530 2570 ΧΙΧ.]
561 2495 721 2562 Quod
750 2496 948 2552 melius
970 2495 1334 2565 ostendimus,
1355 2498 1401 2553 si
1420 2513 1527 2569 qua
1555 2513 1626 2552 ex
1641 2512 1945 2553 conversa-

348 2586 505 2642 tione
532 2583 830 2640 hominum
862 2581 1186 2655 illigationis
1214 2584 1379 2656 hujus
1410 2586 1663 2657 exempla
1692 2586 1947 2657 profera-

352 2690 501 2731 mus.
534 2673 679 2741 Quia
707 2689 838 2729 vero
874 2673 933 2729 in
964 2674 1143 2730 tribus
1168 2674 1455 2730 ordinibus
1484 2682 1679 2733 sancta
1702 2676 1948 2733 Ecclesia

348 2771 591 2832 constat,
625 2760 1042 2835 conjugatorum
1078 2764 1353 2832 videlicet,
1391 2765 1820 2835 continentium,
1852 2774 1946 2823 at-

347 2866 456 2924 que
483 2858 761 2908 rectorum
784 2868 799 2918 ;
835 2851 983 2907 unde
1012 2860 1065 2907 et
1090 2849 1346 2907 Ezechiel
1368 2859 1477 2907 tres
1506 2852 1655 2909 viros
1685 2853 1944 2911 liberatos

348 2940 515 3009 vidit,
548 2939 811 2996 videlicet
837 2939 973 3007 Noe,
1002 2938 1216 3009 Daniel,
1250 2947 1305 2995 et
1331 2939 1432 2996 Job
1478 2940 1695 3012 (Ezech.
1734 2960 1815 3011 1v,
1855 2943 1939 3012 14,

350 3030 481 3102 seq.)
518 3047 534 3097 ;
564 3036 619 3085 et
649 3029 708 3085 in
726 3028 1029 3101 Evangelio
1058 3029 1328 3085 Dominus
1356 3027 1488 3085 dum
1518 3029 1656 3087 alios
1700 3032 1759 3088 in
1789 3050 1941 3105 agro,

350 3119 486 3176 alios
514 3118 573 3175 in
602 3118 768 3187 lecto,
803 3126 967 3192 atque
994 3135 1109 3175 esse
1137 3120 1196 3174 in
1226 3118 1545 3174 molendino
1581 3120 1719 3177 alios
1747 3121 1945 3194 perbi-

348 3208 439 3267 bet
471 3207 622 3281 (Luc.
655 3224 798 3276 xvn,
820 3207 907 3276 311,
927 3207 1041 3281 35),
1072 3215 1183 3297 tres
1202 3206 1391 3280 procul
1420 3206 1591 3264 dubio
1619 3208 1676 3264 in
1697 3210 1944 3267 Ecclesia
1980 3237 2023 3297 ο

349 3299 570 3356 ordines
597 3297 842 3356 ostendit
869 3316 883 3366 ;
914 3296 1131 3372 liquido
1164 3296 1555 3366 satisfacimus,
1577 3297 1623 3355 si
1637 3299 1855 3374 singula
1872 3317 1942 3358 ex

347 3389 583 3462 singulis
603 3388 981 3462 exquiramus.

417 3464 503 3537 36.
548 3478 876 3536 Tentationes
905 3477 1094 3532 saeculo
1121 3474 1487 3533 militantium.
1520 3506 1592 3518 —
1619 3476 1765 3536 Ecce
1792 3480 1941 3537 enim

345 3570 570 3644 quidam
601 3569 733 3627 dum
751 3569 947 3626 mundi
968 3568 1138 3642 hujus
1156 3567 1429 3625 amicitias
1448 3568 1675 3641 appetit,
1712 3570 1943 3627 cuilibet

344 3657 505 3715 alteri
534 3656 771 3714 similem
800 3656 908 3713 sibi
937 3657 1109 3711 vitam
1141 3655 1365 3712 ducenti
1385 3654 1535 3727 quod
1559 3665 1765 3713 secreta
1789 3658 1941 3715 illius

346 3746 504 3803 omni
530 3746 747 3803 silentio
777 3751 1030 3817 contegat
1058 3761 1116 3801 se
1148 3742 1512 3816 jurejurando
1560 3746 1893 3820 constringit
1922 3765 1936 3815 ;

342 3836 441 3893 sed
462 3836 509 3893 is
535 3836 625 3893 cui
649 3836 898 3909 juratum
927 3841 1010 3892 est
1038 3832 1372 3890 adulterium
1403 3840 1714 3907 perpetrare
1743 3852 1939 3909 cogno-

342 3925 537 3995 scitur,
560 3925 640 3983 ita
668 3933 730 3982 ut
759 3925 924 3982 etiam
945 3924 1208 3980 maritum
1228 3921 1489 3981 adulterae
1509 3923 1755 3981 occidere
1767 3942 1941 3983 cone-

342 4025 452 4075 tur.
484 4018 537 4074 Is
566 4023 747 4073 autem
781 4016 877 4090 qui
904 4013 1294 4088 jusjurandum
1325 4013 1560 4087 praebuit
1596 4014 1666 4070 ad
1698 4024 1938 4073 mentem

343 4106 660 4174 revertitur,
687 4113 741 4162 et
774 4109 964 4168 1066
992 4102 1227 4161 diversis
1255 4103 1389 4160 hinc
1418 4101 1548 4159 inde
1576 4104 1938 4178 cogitationi-

341 4202 444 4260 bus
470 4204 846 4277 impugnatur,
866 4210 1027 4276 atque
1056 4202 1163 4258 hoc
1190 4201 1351 4258 silere
1378 4200 1662 4271 formidat,
1684 4217 1753 4257 ne
1772 4201 1934 4257 silen-

341 4294 433 4365 do,
467 4294 728 4352 adulterii
755 4293 922 4351 simul
951 4302 1005 4350 et
1033 4290 1325 4349 homicidii
1369 4290 1641 4364 particeps
1686 4290 1784 4346 ﬁat
1815 4307 1830 4358 ;
1884 4297 1938 4346 et

340 4384 574 4460 prodere
625 4384 880 4456 trepidat,
936 4399 1005 4439 ne
1056 4389 1211 4439 reatu
1254 4397 1311 4436 se
1354 4380 1582 4453 perjurii
1612 4379 1933 4452 obstringat.

339 4474 626 4549 Perplexis
654 4490 782 4548 ergo
810 4472 1193 4531 testiculorum
1223 4470 1412 4527 nervis
1442 4469 1648 4542 ligatus
1676 4476 1779 4537 est,
1808 4467 1938 4541 quia

340 4566 400 4622 in
428 4565 738 4640 quamlibet
767 4571 976 4638 partem
993 4561 1254 4628 declinet,
1273 4559 1470 4616 metuit
1489 4574 1557 4615 ne
1585 4574 1618 4615 a
1634 4566 1929 4631 transgres-

338 4657 513 4714 sionis
543 4659 564 4693 ⁵
591 4654 848 4729 contagio
883 4653 1023 4710 liber
1060 4667 1172 4707 non
1201 4650 1292 4707 sit.

414 4746 501 4803 37.
534 4747 642 4803 Deo
658 4744 856 4801 servire
876 4759 977 4816 per
991 4739 1336 4798 obedientiam
1349 4736 1710 4804 ambientium,
1724 4738 1935 4810 prtela-

341 4836 775 4893 torum.—Alius
802 4840 1002 4892 cuncta
1030 4850 1149 4907 quae
1180 4829 1371 4888 mundi
1392 4835 1522 4886 sunt
1542 4828 1812 4897 deserens,
1843 4835 1934 4884 at-

339 4941 451 5000 que
481 4942 578 4999 per
593 4925 784 4982 omnia
796 4924 1046 4997 frangere
1067 4922 1316 4996 proprias
1334 4921 1645 4978 voluntates
1664 4936 1931 4994 quaerens,

338 5015 525 5072 alieno
553 5031 609 5071 se
646 5013 879 5070 subdere
908 5012 1165 5087 regimini
1197 5010 1424 5084 appetit,
1455 5008 1549 5066 sed
1569 5025 1695 5066 eum
1711 5009 1807 5083 qui
1826 5008 1932 5066 sibi

341 5105 492 5179 apud
520 5106 695 5161 Deum
728 5119 954 5177 praeesse
982 5101 1173 5159 debeat
1194 5101 1377 5157 minus
1397 5109 1556 5159 cauta
1577 5101 1932 5174 inquisitione

423 5289 434 5320 ¹
467 5288 549 5344 Ita
576 5286 704 5342 Mss.
724 5286 932 5352 Germ.,
957 5284 1186 5350 Turon.,
1209 5282 1471 5349 V'indoc.,
1503 5282 1697 5347 Laud.,
1716 5282 1928 5349 Norm.,

338 5366 447 5414 etc.
478 5358 641 5415 Corb.
666 5357 873 5422 Gerin.,
905 5354 1079 5426 egerit.
1112 5352 1263 5426 Editi
1285 5368 1444 5426 vero,
1473 5353 1610 5426 vires
1638 5353 1824 5426 aperit.

418 5430 439 5464 ²
466 5431 589 5486 Duo
624 5430 835 5493 Germ.,
859 5421 1038 5482 Laud.
1074 5432 1128 5481 et
1158 5422 1419 5491 Vindoc.,
1458 5425 1624 5479 Testes
1648 5421 1762 5492 ejus
1789 5430 1929 5479 sunt.

417 5502 438 5535 ³
470 5500 786 5566 Gratianus,
820 5499 942 5554 loco
967 5495 1228 5563 indicato,
1258 5495 1370 5549 sine
1395 5495 1597 5565 aliquo.

418 5573 437 5606 ‘
471 5572 647 5639 Grat.,
678 5569 838 5637 ihid.,
868 5585 920 5623 se
951 5568 1128 5639 ligari.

418 5644 439 5677 ⁵
468 5642 635 5710 Ibid.,
664 5639 975 5707 Gratianus,
996 5638 1317 5710 contagione.

420 5711 1127 5789 fidem,i_bid.,agere.___
1262 5780 1272 5789 ι
1396 5780 1415 5789 Δ
1517 5785 1526 5789 _
1632 5779 1666 5789 η

419 5787 439 5818 ⁷
457 5779 650 5852 ϐίΙοῐζ,
675 5779 942 5839 ϐιιεδιιιιγῖ
964 5788 1017 5838 et
1036 5781 1150 5848 alii,
1174 5798 1239 5835 ea;
1256 5780 1368 5851 ipsa.
1384 5780 1590 5849 fructus
1611 5779 1929 5908 ditccultate.

419 5872 522 5908 rem
555 5857 737 5908 locum
770 5853 1110 5908 restituimus
1137 5868 1206 5908 ex
1251 5852 1379 5908 Mss.
1411 5852 1625 5908 Norm..
1726 5850 1929 5908 indoc..

346 5856 522 5925 Quem
555 5850 737 5912 locum
770 5853 1110 5909 restituimus
1137 5868 1206 5908 ex
1251 5850 1379 5909 Mss.
1411 5852 1625 5919 Norm.,
1670 5850 1931 5918 'Vindoc.,

1965 4609 2014 4669 D

2057 1954 2147 2002 tus
2162 1948 2492 2021 relinquere,
2515 1959 2569 2007 et
2587 1950 2656 2007 ad
2680 1954 2873 2010 mundi
2894 1971 3053 2012 curas
3068 1956 3157 2012 vel
3172 1973 3242 2012 ex
3262 1957 3442 2013 aliena
3457 1958 3651 2016 volun-

2056 2042 2166 2092 tate
2188 2038 2539 2110 compellitur
2570 2040 2768 2099 redire.
2806 2043 3060 2118 Perplexi
3095 2046 3279 2120 itaque
3316 2047 3477 2104 nervi
3499 2055 3651 2119 sunt,

2056 2142 2182 2182 cum
2204 2128 2284 2184 sic
2304 2144 2404 2185 nos
2437 2139 2756 2202 argumenta
2785 2132 2960 2190 hostis
2994 2134 3233 2207 illigant,
3269 2143 3334 2192 ut
3362 2138 3650 2210 culparum

2055 2214 2188 2271 nodi
2218 2232 2327 2290 quo
2357 2226 2681 2290 quaeruntur
2709 2221 2871 2291 solvi,
2905 2222 3099 2279 durius
3136 2223 3467 2297 astringant.

2127 2305 2214 2361 38.
2247 2306 2407 2363 Alius
2435 2324 2661 2381 pensare
2689 2310 2905 2384 pondus
2923 2310 3153 2369 honoris
3171 2313 3527 2373 ecclesiastici
3556 2332 3650 2373 ne-

2055 2393 2284 2468 gligens,
2325 2396 2393 2453 ad
2421 2397 2605 2455 locum
2632 2399 2919 2473 regiminis
2962 2402 3205 2474 praemiis
3243 2403 3511 2461 ascendit.
3543 2403 3651 2461 Sed

2054 2489 2184 2559 quia
2210 2504 2372 2545 omne
2400 2489 2549 2563 quod
2565 2489 2657 2548 hic
2685 2492 2892 2550 eminet
2908 2492 3031 2565 plus
3060 2493 3391 2551 maeroribus
3411 2495 3650 2553 afﬁcitur

2054 2594 2218 2651 quam
2261 2578 2566 2636 honoribus
2609 2582 2828 2653 gaudet,
2873 2582 3005 2640 dum
3050 2600 3145 2642 cor
3189 2585 3648 2643 tribulationibus

2052 2668 2342 2738 premitur,
2369 2668 2438 2725 ad
2490 2672 2811 2729 memoriam
2840 2673 3002 2747 culpa
3034 2679 3346 2742 revocatur,
3391 2674 3648 2750 doletque

2053 2756 2198 2813 sead
2229 2756 2471 2815 laborem
2502 2776 2628 2817 cum
2676 2763 2841 2834 culpa
2883 2763 3219 2835 pervenisse,
3263 2770 3318 2820 et
3364 2780 3529 2838 quam
3575 2763 3649 2821 sit

2053 2844 2307 2918 iniquum
2338 2849 2486 2921 quod
2514 2850 2800 2908 admiserit
2823 2854 2844 2887 ⁷
2876 2868 2945 2908 ex
2966 2852 3085 2924 ipsa
3100 2852 3307 2910 fractus
3323 2852 3647 2911 difﬁcultate

2052 2936 2320 3007 agnoscit.
2372 2937 2545 2995 Reum
2589 2940 2760 3012 igitur
2810 2957 2867 2997 se
2921 2957 3048 2998 cum
3092 2940 3358 3014 impensis
3405 2942 3646 3014 praemiis

2051 3039 2367 3096 agnoscens,
2400 3029 2523 3084 vult
2542 3027 2749 3100 adeptae
2765 3029 3125 3088 sublimitatis
3144 3032 3331 3089 locum
3376 3031 3644 3103 deserere,

2014 3112 2147 3169 ‘sed
2177 3114 2336 3171 timet
2381 3132 2449 3173 ne
2502 3118 2722 3191 gravius
2764 3117 3029 3180 delictum
3069 3120 3142 3178 sit
3182 3122 3422 3196 suscepti
3469 3123 3645 3196 gregis

2053 3203 2357 3261 custodiam
2410 3207 2727 3282 reliquisse;
2775 3209 2897 3265 vult
2931 3212 3172 3284 suscepti
3217 3212 3394 3286 gregis
3452 3229 3642 3270 curam

2052 3308 2257 3364 gerere,
2288 3294 2384 3352 sed
2412 3296 2675 3356 formidat
2699 3314 2769 3356 ne
2798 3298 3039 3358 deterior
3066 3302 3229 3376 culpa
3257 3303 3331 3359 sit
3375 3303 3645 3376 regimina

2050 3386 2343 3458 pastoralis
2370 3389 2557 3462 gratiae
2587 3399 2769 3465 empta
2794 3392 3090 3465 possidere.
3125 3393 3229 3451 Per
3257 3393 3488 3451 honoris
3517 3410 3645 3466 ergo

2050 3475 2320 3533 ambitum
2351 3478 2580 3551 ligatum
2611 3482 2772 3554 culpa
2799 3481 2932 3541 hinc
2958 3483 3087 3541 inde
3106 3500 3164 3541 se
3190 3483 3481 3557 conspicit.
3511 3484 3644 3540 Esse

2050 3564 2253 3637 quippe
2282 3566 2401 3623 sine
2447 3578 2603 3626 reatu
2644 3571 2896 3628 criminis
2942 3580 3205 3629 neutrum
3249 3572 3425 3643 videt,
3471 3573 3517 3630 si
3549 3578 3645 3628 aut

2048 3661 2335 3727 susceptus
2353 3658 2521 3713 semel
2552 3675 2687 3730 grex
2714 3659 3080 3735 relinquatur,
3111 3671 3207 3720 aut
3239 3678 3460 3719 rursum
3490 3678 3643 3719 sacra

2049 3742 2193 3799 actio
2221 3745 2558 3803 saeculariter
2585 3756 2769 3821 empta
2808 3755 3078 3806 teneatur.
3126 3750 3378 3823 Undique
3420 3751 3638 3817 metuit,

2048 3839 2103 3887 et
2130 3842 2414 3905 suspectus
2443 3837 2584 3892 latus
2612 3853 2775 3894 omne
2802 3838 3159 3910 pertimescit,
3195 3855 3263 3895 ne
3290 3845 3385 3894 aut
3409 3846 3558 3895 stans
3584 3839 3641 3894 in

2048 3929 2233 3993 empto
2261 3921 2527 3995 regimine
2555 3940 2667 3981 non
2683 3925 2846 3999 digne
2875 3927 3074 4000 lugeat,
3110 3930 3132 3965 ⁸
3162 3927 3308 4003 quod
3337 3942 3449 3984 non
3475 3927 3639 3984 etiam

2047 4012 2303 4071 deserens
2332 4015 2617 4086 emendat;
2650 4026 2745 4074 aut
2774 4027 2917 4076 certe
2946 4020 3187 4093 regimen
3216 4019 3493 4091 deserens,
3508 4018 3640 4076 dum

2047 4103 2199 4160 aliud
2226 4104 2355 4162 ﬂere
2384 4105 2604 4179 nititur,
2635 4126 2825 4167 rursus
2853 4109 3003 4167 aliud
3031 4110 3098 4167 de
3127 4110 3245 4184 ipsa
3272 4110 3448 4184 gregis
3477 4109 3639 4168 desti-

2046 4193 2261 4251 tutione
2288 4197 2619 4254 committat.
2654 4198 2794 4267 Quia
2822 4217 2948 4274 ergo
2979 4199 3283 4258 Behemoth
3318 4200 3420 4258 iste
3436 4200 3514 4257 ita
3542 4200 3641 4258 in-

2046 4282 2474 4355 explicabilibus
2502 4286 2664 4344 nodis
2720 4290 2872 4363 ligat,
2913 4296 2975 4347 ut
3015 4289 3338 4364 plerumque
3384 4305 3538 4347 mens
3580 4290 3639 4345 in

2045 4370 2278 4430 dubium
2307 4374 2565 4446 adducta,
2600 4378 2747 4435 unde
2775 4395 2832 4436 se
2874 4397 2906 4436 a
2951 4380 3113 4453 culpa
3157 4380 3371 4437 solvere
3416 4380 3636 4448 nititur,

2045 4461 2174 4519 inde
2226 4463 2286 4520 in
2342 4466 2504 4538 culpa
2555 4468 2759 4525 arctius
2805 4470 3161 4543 astringatur,
3206 4477 3351 4528 recte
3392 4469 3632 4527 dicitur:

2044 4553 2210 4610 Nervi
2262 4556 2617 4614 testiculorum
2665 4558 2777 4627 ejus
2825 4562 3071 4633 perplexi
3127 4567 3270 4620 sunt.
3299 4560 3639 4634 Argumenta

2044 4660 2280 4718 namque
2326 4647 2801 4707 machinationum
2848 4648 2965 4722 ejus
3012 4651 3168 4726 quasi
3216 4667 3324 4725 quo
3379 4651 3637 4708 laxantur

2048 4740 2240 4801 1067
2266 4752 2329 4802 ut
2365 4741 2700 4817 relinquant,
2727 4758 2791 4799 eo
2825 4742 2999 4816 magis
3029 4741 3391 4816 implicantur
3436 4748 3497 4796 ut
3544 4746 3636 4795 te—

2043 4842 2208 4891 neant
2217 4878 2229 4890 .

2115 4924 2254 5000 [Vet.
2286 4924 2431 5001 ΧΧ.]
2472 4924 2559 4983 39.
2609 4920 2705 4985 Ubi
2748 4924 2930 4981 nullus
2967 4919 3218 4979 evadendi
3267 4918 3379 4975 sine
3426 4920 3633 4988 peccato

2036 5022 2185 5088 patet
2204 5016 2401 5084 aditus,
2423 5016 2840 5088 quidagendum.
2879 5011 3298 5085 Conjugatorum
3331 5004 3632 5063 concubitus

2034 5122 2139 5177 pro
2168 5105 2426 5177 explenda
2457 5104 2671 5160 libidine
2698 5106 2865 5175 culpa:
2886 5118 2992 5157 non
3019 5097 3423 5172 expers—Est
3448 5102 3634 5152 tamen

2040 5278 2240 5356 Laud.,
2261 5278 2429 5356 duob.
2462 5279 2670 5356 Germ_.,
2702 5284 2831 5345 etc.,
2863 5283 3027 5356 atque
3044 5291 3125 5356 ex
3152 5280 3262 5356 vet.
3295 5273 3452 5354 Edit.
3488 5343 3526 5356 ν

2115 5351 2136 5385 ⁸
2165 5344 2371 5408 Locum
2400 5350 2549 5406 hunc
2578 5344 2901 5405 obscurrum
2930 5344 3009 5404 sic
3040 5346 3305 5419 intellige,
3326 5361 3390 5401 ac
3410 5344 3456 5401 si
3473 5344 3634 5419 dice—

2041 5428 2124 5504 ret
2141 5423 2317 5504 :ﬂquod
2336 5423 2489 5504 etiam
2505 5420 3007 5504 regimende‘serens,
3024 5417 3242 5504 culpam
3253 5435 3359 5473 non
3376 5417 3631 5504 emendat.

2040 5494 2103 5550 In
2140 5488 2308 5551 Gilot.
2341 5501 2395 5550 et
2414 5492 2689 5566 aliquibus
2708 5491 3035 5566 italegitur:
3073 5488 3213 5562 quod
3228 5489 3505 5566 nonetiam
3531 5488 3633 5544 de-

2041 5567 2385 5641 s_erens,gdum
2401 5561 2831 5641 alin—demendat,
2859 5561 2957 5641 aut
2983 5561 3116 5641 certe
3142 5562 3370 5641 regimen
3397 5561 3633 5641 deserens

2041 5638 2165 5705 ﬂere
2194 5638 2404 5693 nititur.
2439 5635 2651 5704 Quibus
2680 5635 2821 5691 nihil
2869 5634 3174 5691 obscurius.
3203 5632 3468 5705 'Lectioni
3495 5647 3634 5687 nos-

2042 5703 2140 5834 gae
2169 5709 2534 5834 suifraigantur
2560 5708 2687 5765 Mss.
2723 5707 2950 5775 Turon.,
2983 5705 3240 5774 Vindoc.,
3274 5704 3386 5761 duo
3422 5703 3635 5771 Gcrm.,

2093 5797 2255 5834 orm..
2287 5796 2315 5834 e
2343 5797 2390 5834 c.

2093 5797 2256 5849 orm.,
2287 5787 2390 5837 etc.
