4156 6178
471 348 575 406 659

1677 346 1926 406 SANCTI
1963 347 2299 408 GREGORII
2334 351 2564 410 MAGNI

3668 359 3774 418 660

459 469 620 546 .quod
645 468 716 527 ad
744 467 1104 528 destruendas
1129 468 1250 543 ejus
1275 471 1544 529 versutias
1593 469 1809 528 utiliter
1853 470 1969 540 fiat,
2001 480 2066 530 ut
2096 477 2148 536 A
2178 475 2325 548 quod
2379 475 2535 546 dicit,
2592 484 2862 552 quatenus
2901 485 2956 535 et
2999 486 3216 536 ostensa
3258 480 3502 540 utilitate
3532 493 3772 543 mentem

471 560 605 618 dum
634 575 789 617 mens
817 559 963 615 inter
981 559 1198 618 minora
1210 567 1265 616 et
1285 560 1526 616 maxima
1542 567 1772 634 peccata
1796 561 2066 618 constrin-

471 649 640 724 gitur,
659 649 706 706 si
734 648 965 706 omnino
981 651 1171 706 nullus
1198 650 1319 706 sine
1344 657 1570 722 peccato
1597 651 1867 708 evadendi
1883 650 2067 708 aditus

471 746 642 814 patet,
665 739 886 796 minora
904 755 1118 812 semper
1133 739 1430 811 eligantur,
1445 739 1575 814 quia
1595 749 1648 794 et
1669 741 1764 813 qui
1783 757 2067 797 murorum

473 827 720 902 undique
743 827 956 884 ambitu
987 844 1060 884 ne
1095 827 1270 899 fugiat
1299 828 1596 898 clauditur,
1625 829 1703 885 ibi
1723 829 1854 888 sein
1883 831 2069 902 fugam

473 917 802 992 pracipitat,
833 916 928 972 ubi
957 915 1182 972 brevior
1207 933 1400 972 murus
1428 916 1733 973 invenitur.
1765 919 1838 974 Et
1865 919 2068 974 Paulus

476 1007 609 1065 dum
640 1005 904 1080 quosdam
935 1005 995 1062 in
1039 1005 1288 1062 Ecclesia
1328 1004 1738 1064 incontinentes
1783 1008 2068 1080 aspiceret,

475 1096 746 1156 concessit
771 1096 1027 1162 minima,
1075 1102 1139 1151 ut
1179 1094 1386 1169 majora
1433 1095 1798 1168 declinarent,
1841 1097 2067 1154 dicens:

476 1188 704 1259 Propter
755 1185 1162 1257 fornicationem
1215 1191 1389 1242 autem
1437 1187 1794 1259 unusquisque
1851 1203 2074 1242 uxorem

477 1292 629 1332 suam
655 1275 842 1330 habeat
858 1276 923 1346 (Ι
942 1275 1067 1333 Cor.
1100 1291 1202 1345 vn,
1225 1275 1306 1349 2).
1335 1277 1406 1332 Et
1426 1277 1556 1350 quia
1581 1286 1716 1335 tunc
1743 1277 1922 1334 solum
1946 1291 2072 1333 con-

470 1364 630 1438 juges
644 1363 702 1419 in
724 1362 1058 1422 admistione
1079 1365 1198 1422 sine
1228 1365 1390 1439 culpa
1410 1373 1686 1424 suntcum
1709 1383 1820 1424 non
1854 1383 1954 1440 pro
1981 1381 2074 1421 ex-

477 1453 679 1527 plenda
696 1452 950 1522 libidine,
971 1453 1065 1510 sed
1076 1470 1175 1526 pro
1197 1455 1550 1527 suspicienda
1570 1455 1726 1528 prole
1746 1456 2074 1523 miscentur,

478 1541 662 1600 uthoc
679 1545 845 1598 etiam
873 1541 1020 1615 quod
1064 1551 1404 1600 concesserat
1435 1542 1556 1600 sine
1597 1544 1780 1616 culpa,
1821 1543 2077 1617 quamvis

479 1631 732 1701 minima,
747 1647 858 1688 non
879 1647 995 1689 esse
1010 1639 1362 1702 monstraret,
1386 1632 1538 1690 illico
1552 1631 1832 1704 adjunxit:
1853 1633 1963 1689 Hoc
1982 1649 2076 1688 au-

481 1727 575 1776 tem
615 1721 731 1777 dico
747 1722 1031 1778 secundum
1048 1722 1452 1794 indulgentiam,
1473 1739 1581 1778 non
1605 1721 1891 1777 secundum
1905 1721 2080 1793 impe-

2176 567 2436 636 mulceat,
2464 575 2522 624 et
2549 568 2816 626 absconsa
2844 567 3139 642 iniquitate
3167 581 3510 645 corrumpat.

2250 655 2388 730 [Vet.
2420 657 2597 731 ΧΧΙ.]
2629 657 2718 714 41.
2741 659 3021 731 Exemplis
3046 661 3233 732 palam
3261 663 3342 732 ﬁt.
3387 664 3508 730 Qua
3536 669 3654 718 arte
3689 663 3782 720 di-

2177 745 2321 802 vitiis
2347 748 2684 818 acquirendis
2713 749 2964 804 insudare
2983 751 3430 821 suadeat.—Qua
3449 753 3696 826 apertius
3723 754 3780 810 in

2179 837 2394 894 cunctis
2421 837 2781 908 ostendimus,
2829 838 2876 894 si
2919 855 3093 912 pauca
3131 839 3376 897 breviter
3417 843 3780 900 consiliorum

2181 925 2298 998 ejus
2313 936 2630 999 argumenta
2660 927 2990 999 pandamus.
3019 930 3161 986 Ecce
3192 931 3344 986 enim
3363 931 3590 1004 quidam
3619 926 3782 990 rebus

2180 1025 2473 1074 contentus
2501 1017 2760 1090 propriis,
2789 1018 3038 1076 decrevit
3061 1020 3233 1076 nullis
3260 1022 3456 1078 mundi
3484 1022 3652 1095 hujus
3679 1041 3784 1080 oc-

2182 1107 2572 1180 cupationibus
2600 1106 2896 1180 implicari,
2927 1107 3087 1164 valde
3117 1109 3424 1168 formidans
3453 1112 3654 1184 quietis
3673 1129 3782 1168 sua

2183 1197 2472 1254 commoda
2500 1196 2748 1270 perdere,
2775 1204 2830 1253 et
2867 1197 3029 1254 valde
3052 1199 3363 1271 despiciens
3393 1218 3520 1259 cum
3550 1203 3784 1275 peccatis

2184 1289 2339 1346 lucra
2363 1288 2665 1346 cumulare.
2709 1293 2900 1352 1068
2930 1289 3018 1346 Ad
3045 1289 3198 1348 hunc
3225 1291 3403 1348 hostis
3431 1292 3666 1350 callidus
3695 1308 3784 1348 ve-

2184 1386 2365 1454 niens,
2397 1393 2459 1441 ut
2479 1385 2842 1444 intentionem
2861 1387 3022 1444 bona
3039 1387 3352 1446 devotionis
3367 1389 3784 1464 subruat,quasi

2185 1474 2444 1532 utilitatis
2471 1475 2771 1533 consilium
2792 1475 3196 1548 subministrat,
3214 1478 3433 1536 dicens:
3455 1480 3536 1536 Ea
3560 1478 3782 1552 quidem

2189 1567 2210 1602 ³
2240 1582 2362 1640 qua
2391 1565 2581 1636 habes,
2615 1568 2672 1624 in
2705 1567 2962 1640 prasenti
2981 1568 3283 1639 sufﬁciunt,
3306 1569 3404 1626 sed
3421 1567 3512 1626 bis
3529 1569 3784 1626 deﬁcien-

2186 1657 2340 1714 tibus
2368 1657 2503 1732 quid
2521 1665 2744 1716 acturus
2769 1675 2827 1716 es
2846 1659 2874 1716 ?
2890 1660 2946 1717 Si
2976 1661 3125 1717 enim
3139 1669 3261 1733 post
3281 1661 3400 1717 hac
3423 1659 3578 1717 nulla
3597 1658 3788 1732 provi-

2187 1747 2408 1816 dentur,
2447 1748 2651 1805 adsunt
2691 1765 2811 1821 qua
2856 1749 2925 1805 ad
2955 1766 3193 1822 prasens
3240 1747 3608 1822 impendenda
3653 1755 3786 1804 sunt

481 1814 624 1870 rium
646 1813 839 1885 (Ibid.,
869 1813 951 1886 6).
972 1815 1093 1870 Non
1111 1814 1260 1870 enim
1279 1821 1361 1870 est
1380 1813 1500 1870 sine
1522 1813 1662 1869 vitio
1678 1812 1828 1886 quod
1844 1811 2076 1885 ignosci-

2196 1835 2348 1905 ﬁliis,
2379 1811 2475 1893 sed
2503 1844 2686 1894 tamen
2706 1811 3112 1910 paranda‘sunt
3138 1856 3260 1912 qua
3280 1811 3787 1896 serventur.Deesse

479 1909 596 1971 tur,
624 1909 678 1959 et
725 1918 838 1958 non
888 1901 1226 1974 pracipitur.
1270 1901 1558 1960 Peccatum
1609 1901 1854 1974 profecto
1912 1899 2076 1969 vidit,

481 1991 630 2066 quod
657 2006 814 2064 posse
844 1993 860 2026 ¹
893 1990 1177 2064 indulgere
1207 1992 1485 2064 pravidit.
1519 1990 1625 2048 Sed
1653 2007 1778 2047 cum
1809 1989 1868 2045 in
1895 1989 2084 2046 dubiis

481 2079 934 2152 constringiznur,
995 2079 1210 2136 utiliter
1262 2080 1512 2138 minimis
1557 2069 1870 2148 subdimlir,
1915 2095 1984 2134 ne
2026 2079 2084 2134 in

482 2169 698 2242 magnis
729 2169 846 2226 sine
875 2169 1039 2224 venia
1065 2184 1375 2242 peccemus.
1394 2170 1584 2242 Itaque
1612 2169 1938 2241 plerumque
1959 2183 2082 2222 ner-

483 2275 679 2316 vorum
710 2257 1016 2315 Behemoth
1045 2257 1206 2316 istius
1233 2260 1570 2332 perplexitas
1597 2258 1838 2316 solvitur
1853 2257 1982 2314 dum
2015 2256 2084 2314 ad

484 2348 719 2406 virtutes
744 2348 1015 2406 maximas
1042 2363 1138 2423 per
1184 2349 1486 2409 commissa
1523 2349 1751 2408 minora
1793 2346 2082 2406 transitur.

481 2439 742 2516 Sequitur
768 2457 782 2497 :

1067 2581 1299 2641 CAPUT
1340 2581 1496 2640 XXI.

561 2699 735 2758 Vsus.
772 2694 1073 2764 13.—0ssa
1099 2693 1212 2765 ejus
1242 2693 1383 2750 sicut
1397 2693 1592 2768 ﬁstula!
1619 2689 1764 2750 aris.

557 2814 647 2872 40.
677 2817 947 2882 Quantum
968 2828 1036 2868 ea
1060 2811 1252 2868 astatis
1279 2810 1480 2869 diaboli
1519 2810 1756 2869 consiliis
1786 2807 2088 2882 periculum

491 2901 1002 2970 immineat.—Quid
1017 2917 1114 2975 per
1132 2917 1253 2960 ossa
1271 2900 1578 2960 Behemotb
1599 2899 1779 2968 istius,
1812 2897 1921 2955 nisi
1943 2913 2086 2955 con-

490 2992 618 3051 silia
630 2991 989 3064 designantur
1001 2989 1030 3045 ?
1048 2989 1186 3046 Nam
1207 2987 1352 3045 sicut
1366 2988 1424 3044 in
1442 2987 1658 3046 ossibus
1678 2984 1879 3060 positio
1895 2999 2086 3056 corpo-

489 3084 571 3143 ris
613 3083 891 3156 roburque
921 3079 1194 3150 subsistit,
1229 3079 1308 3136 ita
1342 3077 1400 3136 in
1429 3078 1801 3137 fraudulentis
1839 3074 2088 3132 consiliis

489 3178 607 3228 tota
635 3185 692 3226 se
717 3168 839 3241 ejus
863 3167 1075 3224 malitia
1102 3165 1283 3238 erigit.
1302 3167 1488 3238 Neque
1507 3166 1657 3222 enim
1685 3163 1746 3219 vi
1775 3161 2086 3236 quempiam

491 3257 716 3334 premit,
746 3255 843 3314 sed
869 3253 1173 3313 calliditate
1192 3253 1464 3326 pestifera
1493 3251 1867 3326 persuasionis
1882 3248 2088 3306 interﬁ-

489 3349 587 3408 cit.
619 3348 692 3404 Et
734 3361 976 3412 rursum,
1027 3345 1174 3402 sicut
1221 3359 1343 3400 ossa
1383 3360 1506 3416 qua
1553 3343 1786 3415 irrigant
1829 3340 2090 3398 medulla

489 3436 829 3504 confortant,
861 3434 939 3491 ita
991 3431 1110 3505 ejus
1155 3431 1393 3489 consilia
1437 3449 1534 3504 per
1572 3429 1840 3506 spiritalis
1877 3432 2091 3486 natura

491 3523 794 3600 potentiam
851 3521 1037 3578 infusa
1091 3519 1301 3594 ingenii
1362 3519 1640 3577 subtilitas
1685 3519 1928 3576 roborat.
1975 3519 2092 3576 Hoc

492 3630 627 3670 vero
645 3611 892 3670 testiculi
915 3610 1035 3683 ejus
1062 3609 1134 3675 ab
1169 3608 1406 3678 ossibus,
1439 3607 1498 3666 id
1535 3618 1618 3667 est
1659 3609 2033 3684 suggestiones
2061 3624 2095 3664 a

492 3701 762 3770 consiliis,
795 3701 1022 3770 distant,
1055 3699 1202 3774 quod
1230 3714 1328 3772 per
1347 3698 1471 3756 illas
1488 3705 1675 3772 aperte
1689 3699 1860 3756 noxia
1873 3697 2092 3766 inserit,

493 3809 591 3867 per
618 3791 737 3850 hac
765 3798 950 3848 autem
980 3789 1136 3864 quasi
1164 3805 1235 3846 ex
1262 3787 1410 3845 bono
1445 3787 1738 3845 consulens
1773 3787 1842 3844 ad
1873 3787 2092 3860 culpam

493 3883 687 3950 trahit,
717 3899 814 3956 per
841 3882 968 3938 illas
1004 3879 1302 3956 pugnando
1338 3886 1578 3953 superat,
1624 3895 1720 3952 per
1767 3878 1887 3936 hac
1943 3879 2096 3936 velut

495 3971 838 4031 consulendo
867 3971 1206 4043 supplantat.
1243 3967 1398 4026 Unde
1427 3977 1480 4024 et
1507 3967 1645 4024 bene
1691 3966 1808 4039 ejus
1851 3983 1996 4034 ossa,
2038 3966 2098 4022 id

494 4072 578 4122 est
605 4063 724 4119 hac
752 4059 943 4117 eadem
971 4059 1224 4127 consilia,
1271 4058 1395 4114 aris
1437 4056 1640 4112 ﬁstulis
1685 4063 2094 4128 comparantur.

497 4151 651 4210 JEris
679 4150 882 4224 quippe
923 4147 1122 4205 ﬁstula
1153 4147 1370 4204 sonoris
1407 4145 1583 4218 aptari
1612 4144 1867 4202 cantibus
1896 4145 2094 4214 solent,

499 4258 622 4317 qua
639 4239 872 4296 admota
887 4235 1115 4292 auribus
1141 4235 1272 4290 dum
1287 4234 1555 4290 blandum
1575 4249 1799 4290 carmen
1819 4231 2101 4289 subtiliter

498 4328 824 4392 concinunt,
847 4321 1110 4380 interiora
1129 4321 1330 4378 mentis
1351 4319 1409 4376 in
1426 4320 1700 4378 exteriora
1717 4319 2100 4378 delectationis

499 4416 766 4483 trahunt;
798 4420 854 4470 et
873 4411 1008 4468 dum
1029 4409 1190 4468 dulce
1211 4417 1293 4468 est
1303 4408 1450 4484 quod
1477 4409 1704 4467 auribus
1731 4418 1948 4479 sonant,
1967 4410 2100 4467 viri-

501 4505 713 4562 litatem
738 4501 922 4561 cordis
943 4499 1000 4556 in
1021 4499 1322 4574 voluptatis
1341 4499 1500 4556 ﬂuxu
1514 4499 1827 4558 debilitant.
1847 4499 2096 4574 Cumque

501 4593 724 4652 auditus
753 4591 824 4650 ad
863 4589 1287 4648 delectationem
1331 4587 1594 4658 trahitur,
1637 4605 1828 4647 sensus
1873 4607 1906 4647 a
1951 4597 2096 4647 statu

501 4701 613 4741 sua
653 4677 1001 4740 fortitudinis
1049 4686 1360 4736 enervatur.
1413 4679 1492 4735 Ita
1513 4694 1731 4752 quoque
1760 4686 1942 4736 astuta
1987 4678 2104 4751 ejus

511 4770 745 4830 consilia
774 4769 909 4826 dum
938 4764 1097 4840 quasi
1126 4766 1151 4804 ²
1188 4765 1392 4822 blanda
1423 4765 1742 4837 provisione
1784 4766 2102 4833 consulunt,

509 4879 605 4922 cor
631 4879 666 4920 a
691 4859 825 4918 forti
853 4857 1164 4915 intentione
1177 4853 1496 4922 invertunt;
1518 4861 1573 4910 et
1591 4853 1726 4910 dum
1747 4853 1932 4911 dulcia
1962 4870 2105 4912 reso-

509 4959 664 5021 nant,
682 4949 752 5007 ad
767 4947 937 5006 noxia
957 4945 1248 5005 inclinant.
1268 4943 1434 5012 Quasi
1451 4959 1579 5016 ergo
1595 4943 1718 5000 aris
1733 4943 1934 5000 ﬁstula
1953 4951 2104 5010 sunt,

507 5057 629 5116 qua
655 5040 791 5098 dum
821 5038 1059 5096 libenter
1086 5035 1414 5101 audiuntur,
1444 5032 1513 5090 ab
1542 5031 1760 5089 interna
1797 5032 2108 5090 intentione

507 5133 754 5189 animum
787 5131 844 5187 in
873 5125 1170 5186 exterioris
1197 5124 1329 5182 vitae
1357 5121 1786 5180 delectationem
1816 5121 2104 5196 dejiciunt.

507 5221 624 5278 Hoc
651 5222 802 5278 enim
831 5216 1139 5276 Behemoth
1153 5217 1259 5274 iste
1274 5229 1604 5289 magnopere
1621 5213 1690 5270 ad
1703 5211 2108 5288 exsequendam

508 5309 885 5382 deceptionem
915 5306 1135 5380 satagit,
1163 5315 1228 5364 ut
1265 5307 1398 5363 dum
1428 5302 1804 5378 perversitatis
1831 5319 1944 5361 sua
1965 5317 2110 5360 con-

508 5397 698 5455 silium
724 5397 883 5472 quasi
917 5396 1054 5454 utile
1083 5395 1346 5463 ostendit,
1396 5392 1642 5450 suaviter
1688 5391 1868 5448 valeat
1914 5405 2108 5448 sonare

587 5593 606 5666 ξ
637 5591 836 5666 grate].
869 5590 1114 5666 et__(}orb.
1136 5590 1360 5666 _Germ.,
1384 5586 1679 5666 indulgeri.
1839 5656 1850 5666 .

587 5662 608 5698 ²
639 5660 862 5717 Ebroic.
893 5659 1100 5730 aliique
1136 5662 1352 5728 Norm.,
1380 5657 1578 5716 blanda
1601 5657 1968 5730 persuasione.
1985 5657 2106 5713 Ve-

588 5677 608 5698 ι
639 5677 862 5717 δηΐοιο.
893 5677 1100 5784 aliique
1137 5677 1352 5728 morm,
1380 5677 1578 5716 otanaa

513 5743 605 5810 tus
631 5731 736 5810 Ed.
769 5730 963 5810 B_asil.,
1040 5731 1202 5810 lauda
1224 5731 1593 5810 promissione:

582 5807 605 5842 ³
635 5806 756 5862 Duo
785 5803 970 5860 Germ.
1002 5809 1057 5858 et
1084 5801 1307 5860 Ebroic.
1325 5815 1452 5857 cum
1481 5801 1553 5857 al.
1575 5801 1791 5868 Norm.,
1813 5816 1932 5872 qua:
1959 5804 2102 5856 sunt.

2193 1933 2374 2000 potest
2400 1926 2567 1984 citius
2588 1927 2752 1983 etiam
2799 1927 2947 2000 quod
2988 1927 3162 1997 adest,
3217 1929 3262 1985 si
3305 1928 3627 1986 sollicitudo
3655 1943 3790 2000 pro-

2195 2015 2325 2072 vida
2351 2023 2524 2072 cesset
2549 2031 2738 2088 parare
2767 2015 2915 2088 quod
2961 2015 3133 2073 deest.
3183 2017 3271 2072 An
3321 2033 3432 2074 non
3478 2025 3534 2074 et
3575 2025 3792 2074 terrena

2194 2111 2372 2178 potest
2401 2103 2547 2160 actio
2569 2104 2774 2176 peragi,
2804 2111 2858 2160 et
2887 2111 3068 2160 tamen
3099 2105 3157 2160 in
3186 2106 3407 2162 actione
3433 2107 3596 2178 culpa
3622 2105 3790 2162 decli-

2194 2193 2337 2262 nari,
2363 2201 2630 2266 quatenus
2657 2199 2712 2248 et
2738 2193 3016 2248 exteriora
3039 2193 3316 2266 stipendia
3345 2193 3604 2266 prabeat,
3635 2201 3691 2249 et
3713 2202 3789 2249 ta-

2195 2299 2321 2340 men
2354 2283 2626 2340 internam
2654 2280 3041 2339 rectitudinem
3072 2299 3190 2339 non
3218 2282 3464 2340 inﬂectat
3495 2284 3522 2340 ‘i
3553 2285 3684 2339 Hac
3712 2283 3793 2338 in-

2197 2375 2357 2432 terim
2385 2374 2678 2434 blandiens
2707 2375 3046 2444 insinuat,et
3065 2391 3316 2432 seorsum
3343 2373 3457 2446 jam
3486 2373 3546 2429 in
3574 2372 3793 2446 negotio

2194 2473 2414 2522 terreno
2443 2465 2589 2540 quod
2617 2460 2872 2538 providet
2898 2465 3108 2537 peccati
3131 2466 3364 2538 laqueos
3392 2463 3794 2522 occultat.Ossa

2197 2558 2384 2632 itaque
2410 2556 2528 2630 ejus
2557 2554 2702 2612 sicut
2730 2553 2928 2611 ﬁstula
2953 2554 3076 2611 aris
3103 2561 3260 2624 sunt,
3305 2555 3436 2628 quia
3481 2553 3793 2628 perniciosa

2197 2646 2322 2720 ojus
2349 2645 2582 2704 consilia
2598 2642 2842 2701 auditori
2857 2659 2958 2700 suo
2986 2642 3326 2701 consulentis
3353 2643 3507 2702 vocis
3525 2642 3794 2700 suavitate

2196 2737 2578 2796 blandiuntur.

2267 2853 2357 2910 42.
2385 2854 2461 2908 Et
2486 2851 2680 2906 mundo
2708 2849 2954 2904 nuntium
2979 2851 3246 2907 remittere
3270 2850 3599 2908 meditantem
3625 2868 3792 2906 aver—

2199 2950 2293 2999 tat.
2317 2973 2388 2984 —
2415 2940 2574 2998 Alius
2623 2955 2839 3013 quoque
2882 2955 2994 2996 non
3048 2941 3230 2996 solum
3278 2940 3521 2998 decrevit
3575 2948 3794 2996 terrena

2197 3030 2486 3089 commoda
2513 3045 2626 3086 non
2655 3043 2918 3102 quaerere,
2945 3027 3041 3084 sed
3069 3029 3236 3086 etiam
3273 3028 3486 3085 cunctis
3505 3045 3626 3102 qua
3654 3045 3794 3101 pos—

2196 3121 2337 3178 sidet
2358 3121 2672 3178 renuntiare
2699 3127 2762 3176 ut
2788 3119 2846 3176 in
2867 3119 3206 3193 discipulatu
3227 3121 3462 3177 cmlestis
3490 3119 3794 3192 magisterii

2122 3204 2166 3266 Ο
2199 3219 2353 3268 tanto
2381 3227 2438 3268 se
2467 3209 2696 3266 liberior
2722 3216 2992 3278 exerceat,
3025 3218 3233 3282 quanto
3255 3217 3310 3266 et
3339 3209 3651 3282 expeditior
3677 3209 3795 3266 red-

2197 3299 2368 3370 ditus,
2387 3315 2449 3356 ea
2464 3315 2584 3373 qua
2600 3297 2968 3370 possidentem
2990 3314 3236 3370 premere
3265 3307 3521 3372 poterant
3541 3298 3798 3356 deserens

2197 3390 2388 3447 calcat.
2422 3386 2598 3461 Hujus
2629 3402 2726 3444 cor
2744 3385 2919 3442 hostis
2931 3386 3204 3443 insidians
3219 3387 3435 3445 occulta
3452 3388 3798 3460 suggestione

2200 3479 2522 3554 alloquitur,
2547 3477 2738 3535 dicens
2762 3495 2774 3533 :
2809 3477 2964 3534 Unde
2991 3476 3108 3534 hac
3133 3478 3460 3535 temeritatis
3477 3485 3643 3536 tanta
3665 3495 3800 3534 sur-

2200 3569 2347 3625 rexit
2373 3567 2622 3636 audacia,
2651 3573 2716 3622 ut
2743 3565 2966 3624 credere
2994 3566 3193 3624 audeas
3221 3567 3370 3640 quod
3401 3567 3592 3624 omnia
3618 3566 3800 3624 relin-

2202 3657 2420 3733 quendo
2449 3657 2716 3715 subsistas
2743 3657 2772 3713 ?
2806 3656 2984 3712 Aliter
3011 3664 3066 3712 te
3095 3663 3308 3714 creator
3335 3655 3610 3725 condidit,
3637 3663 3802 3728 atque

2202 3749 2362 3804 aliter
2388 3755 2450 3804 tu
2479 3747 2715 3820 teipsum
2732 3745 3012 3818 disponis;
3036 3745 3400 3802 valentiorem
3429 3752 3484 3802 te
3513 3745 3802 3804 robustio-

2204 3856 2428 3914 remque
2456 3840 2678 3906 faceret,
2709 3837 2754 3894 si
2784 3837 2940 3910 sequi
2967 3844 3021 3892 te
3046 3853 3145 3894 sua
3171 3836 3406 3910 vestigia
3436 3855 3565 3895 cum
3597 3837 3801 3911 inopia

2205 3939 2525 3998 necessitate
2553 3937 2838 3993 voluisset.
2871 3937 2960 3991 An
2980 3951 3094 3992 non
3123 3934 3372 4010 plerique
3388 3943 3443 3992 et
3462 3944 3677 3992 terrena
3696 3951 3804 4007 pa-

2204 4027 2466 4084 trimonia
2493 4041 2842 4099 nequaquam
2868 4023 3150 4093 deserunt,
3193 4032 3248 4082 et
3275 4025 3462 4082 tanien
3491 4041 3562 4082 ex
3590 4024 3678 4081 bis
3707 4041 3806 4096 per

2207 4114 2597 4172 misericordia
2617 4128 2780 4186 opera
2805 4129 3054 4186 superna
3074 4113 3244 4170 sortis
3263 4113 3412 4170 bona
3426 4121 3632 4170 aterna
3651 4129 3804 4168 mer-

2205 4212 2400 4260 cantur
2427 4204 2457 4260 ?
2491 4204 2618 4260 Hac
2646 4202 2933 4259 blandiens
2980 4203 3242 4276 suggerit,
3277 4219 3520 4260 seorsum
3569 4217 3700 4258 vero
3743 4201 3804 4257 in

2206 4293 2412 4351 eisdem
2442 4291 2605 4349 rebus
2632 4307 2769 4365 quas
2795 4292 3032 4348 retinere
3060 4291 3325 4348 admonet
3355 4301 3482 4348 ante
3509 4288 3805 4348 retinentis

2207 4383 2396 4440 oculos
2445 4381 2834 4438 delectationes
2887 4380 3172 4453 pestiferas
3217 4380 3499 4452 decipiens
3554 4379 3804 4452 apponit,

2208 4480 2476 4546 quatenus
2499 4470 2786 4528 seductum
2815 4485 2911 4526 cor
2953 4471 2975 4506 ι
3025 4469 3094 4526 ad
3121 4468 3506 4526 blandimenta
3532 4468 3811 4526 exteriora

2129 4563 2178 4622 D
2207 4561 2506 4634 pertrahat,
2528 4570 2583 4618 et
2598 4560 2796 4617 intima
2816 4557 3175 4632 perfectionis
3200 4564 3330 4614 vota
3357 4553 3658 4630 pervertatf
3676 4558 3810 4614 Ossa

2213 4649 2394 4723 itaque
2421 4648 2540 4722 ejus
2554 4649 2697 4708 sicut
2724 4648 2921 4706 ﬁstula
2949 4647 3076 4706 aris
3101 4657 3253 4718 sunt,
3288 4647 3419 4721 quia
3453 4647 3647 4704 dolosa
3691 4644 3810 4717 ejus

2211 4738 2442 4797 consilia
2469 4739 2604 4795 dum
2627 4737 2896 4795 blandum
2923 4754 2993 4794 ex
3023 4739 3397 4796 exterioribus
3438 4754 3642 4794 sonum
3689 4735 3809 4792 red-

2212 4828 2373 4896 dunt,
2405 4827 2770 4900 perniciosum
2800 4826 3150 4900 dispendium
3182 4827 3251 4884 de
3283 4827 3645 4886 interioribus
3661 4825 3810 4897 inge-

2215 4925 2364 4974 runt.

2286 5034 2374 5092 43.
2404 5033 2638 5092 Maxime
2681 5032 2728 5088 si
2766 5032 2839 5088 ad
2877 5033 3177 5089 monasticae
3221 5032 3559 5106 perfectionis
3610 5031 3814 5087 culmen

2218 5124 2412 5180 tendat.
2445 5154 2466 5161 ο
2489 5121 2668 5190 Alius,
2701 5123 2723 5158 ³
2753 5120 2962 5180 relictis
2989 5120 3252 5179 omnibus
3272 5138 3394 5195 qua
3415 5119 3662 5177 exterius
3690 5130 3814 5192 pos-

2218 5213 2450 5281 sederat,
2476 5219 2538 5268 ut
2567 5211 2822 5269 ordinem
2851 5210 3194 5268 sublimioris
3227 5210 3594 5283 discipulatus
3621 5223 3818 5281 appre-

2219 5302 2444 5370 hendat,
2473 5301 2638 5360 etiam
2669 5301 2892 5358 intimas
2923 5301 3170 5373 frangere
3202 5299 3517 5356 voluntates
3539 5306 3718 5371 parat,
3752 5305 3816 5353 ut

2218 5392 2543 5450 rectioribus
2590 5407 2646 5447 se
2685 5390 2910 5447 alterius
2957 5389 3340 5447 voluntatibus
3385 5388 3646 5456 subdens,
3701 5403 3813 5441 non

2259 5585 2311 5667 ,⁸
2339 5582 2537 5651 Laud.,
2569 5583 2773 5641 Turon.
2814 5593 2869 5642 et
2912 5583 3023 5642 duo
3066 5584 3250 5642 Germ.
3295 5584 3367 5640 ad
3413 5581 3615 5639 blanda
3659 5586 3820 5637 arte-

2216 5674 2386 5712 riora.

2290 5729 2312 5763 ⁵
2341 5725 2542 5794 Laud.,
2572 5725 2794 5797 rejectis.
