4156 6178
385 263 484 320 661
1154 267 1526 324 MORALIUM
1565 267 1698 323 LIB.
1735 265 1968 323 XXXII.
2010 296 2080 308 —
2118 266 2188 323 IN
2228 264 2454 324 CAPUT
2496 266 2616 322 XLI
2657 267 2720 323 B.
2759 267 2900 324 JOB.

3597 282 3700 339 662

377 391 562 448 solum
584 389 772 462 pravis
790 389 1102 460 desideriis,
1130 393 1224 448 sed
1246 392 1314 448 ad
1335 392 1686 464 perfectionis
1706 393 1989 449 cumulum
2024 391 2075 452 A
2105 407 2249 459 nem,
2283 391 2389 448 nisi
2419 390 2699 448 simulatio
2729 391 2846 463 ejus
2881 392 3192 467 accipitur?
3222 398 3494 474 Cartilago
3535 418 3700 459 naru-

379 481 548 538 etiam
582 479 643 535 in
666 479 828 536 bonis
862 481 1006 537 votis
1035 480 1367 555 sibimetipsi
1398 482 1697 551 renuntiet,
1720 492 1771 538 et
1799 491 1997 547 cuncta,

377 588 503 645 quae
539 568 645 625 sibi
690 567 899 639 agenda
942 578 1073 626 sunt
1104 587 1173 626 ex
1221 571 1402 628 alieno
1449 572 1679 628 arbitrio
1723 572 1991 628 observet.

390 660 552 715 Hunc
584 657 764 713 hostis
793 657 1202 716 callidustanto
1220 661 1444 718 mollius
1475 662 1798 734 alloquitur,
1829 677 1994 733 quan-

383 761 439 806 to
474 752 488 785 ¹
526 747 597 804 ab
642 748 934 804 excelsiori
981 749 1103 806 loco
1145 749 1379 822 dejicere
1416 751 1698 808 ardentius
1743 761 1992 820 conatur,

382 856 623 914 moxque
685 839 966 897 virulenta
1003 843 1349 913 suggestione
1396 829 1706 909 blandiens,
1736 843 1873 899 dicit
1904 861 1915 899 :
1950 844 1994 900 Ο

385 943 591 1009 quanta
633 949 732 1004 per
775 935 1130 1006 temetipsum
1186 935 1436 991 miranda
1481 953 1637 1007 agere
1691 937 1915 1008 poteris,
1949 936 1994 991 si

381 1038 729 1097 nequaquam
755 1029 806 1077 te
821 1022 1036 1093 judicio
1061 1025 1290 1081 alterius
1305 1025 1528 1084 subdisl
1559 1025 1668 1082 Cur
1689 1026 1992 1097 profectum

379 1123 538 1170 tuum
573 1111 676 1169 sub
706 1111 894 1167 studio
942 1112 1345 1171 meliorationis
1375 1115 1710 1172 imminuis?
1751 1115 1866 1172 Cur
1894 1116 1990 1170 in-

387 1201 652 1260 tentionis
695 1210 802 1257 tua;
842 1200 1073 1270 bonum,
1126 1203 1258 1259 dum
1291 1205 1435 1259 ultra
1470 1221 1633 1277 quam
1665 1221 1879 1261 necesse
1914 1213 1994 1260 est

384 1292 684 1350 extendere
706 1291 922 1359 niteris,
954 1291 1160 1364 frangis
1179 1294 1206 1349 ἵ
1226 1295 1356 1361 Quae
1382 1295 1530 1350 enim
1553 1295 1682 1351 dum
1711 1295 1992 1351 voluntate

383 1382 606 1458 propria
632 1398 767 1438 usus
795 1397 870 1448 es,
905 1398 1158 1453 perversa
1187 1386 1504 1456 perpetrasti
1531 1386 1558 1440 ?
1597 1386 1702 1453 Qui
1733 1401 1860 1456 ergo
1887 1384 1989 1439 tibi

383 1474 542 1545 plene
571 1471 640 1527 ad
669 1471 808 1528 bene
847 1473 1151 1530 vivendum
1197 1477 1422 1545 suﬂicis,
1469 1477 1708 1533 alienum
1750 1493 1912 1550 super
1939 1484 1990 1532 te

380 1561 662 1634 judicium
693 1578 794 1618 cur
816 1563 1054 1634 requiris
1074 1564 1102 1620 ?
1123 1565 1250 1622 Haec
1269 1565 1557 1622 blandiens
1586 1567 1826 1634 intimat,
1848 1583 1988 1622 seor-

386 1668 510 1706 sum
541 1667 675 1706 vero
706 1651 762 1706 in
807 1651 1192 1708 voluntatibus
1229 1654 1346 1726 ejus
1393 1656 1630 1728 propriis
1672 1656 1988 1712 exercenda:

2105 500 2208 557 que
2239 483 2375 540 ossis
2405 483 2645 562 ostendit
2674 485 2934 556 speciem,
2965 485 3058 542 sed
3089 488 3227 545 ossis
3259 507 3372 546 non
3402 491 3566 550 habet
3595 494 3700 552 ﬁr-

2103 575 2372 630 mitatem.
2404 576 2476 631 Et
2504 583 2632 631 sunt
2661 576 2930 632 nonnulla
2951 576 3085 632 vitia
3107 594 3227 650 quae
3249 581 3547 638 ostendunt
3568 583 3624 639 in
3645 602 3701 641 se

2103 663 2455 719 rectitudinis
2485 664 2743 736 speciem,
2779 665 2872 721 sed
2902 681 2972 721 ex
3002 667 3290 739 pravitatis
3319 671 3590 741 prodeunt
3621 674 3702 730 in-

2102 753 2383 810 ﬁrmitate.
2420 755 2606 810 Hostis
2654 755 2799 811 enim
2847 756 3022 812 nostri
3071 759 3282 815 malitia
3321 767 3474 816 tanta
3503 779 3560 818 se
3586 772 3702 820 arte

2102 843 2312 915 palliat,
2365 851 2428 899 ut
2471 845 2794 917 plerumque
2837 854 2962 902 ante
2993 846 3231 920 deceptae
3275 852 3476 908 mentis
3514 856 3702 911 oculos

2102 935 2290 1004 culpas
2319 933 2554 989 virtutes
2579 934 2771 1005 ﬁngat,
2803 943 2864 990 ut
2897 935 3024 992 inde
3054 939 3283 1011 quisque
3314 941 3467 1013 quasi
3497 958 3704 1016 exspe-

2101 1030 2211 1078 ctet
2241 1023 2484 1094 praemia,
2533 1024 2679 1080 unde
2709 1024 2907 1096 dignus
2949 1034 3031 1082 est
3060 1035 3262 1084 aeterna
3301 1029 3549 1086 invenire
3578 1040 3703 1090 tor-

2102 1119 2307 1167 menta.
2340 1112 2666 1186 Plerumque
2695 1113 2842 1170 enim
2875 1116 2931 1171 in
2961 1116 3292 1175 ulciscendis
3325 1121 3480 1178 vitiis
3509 1123 3702 1180 crude-

2101 1202 2226 1257 litas
2267 1201 2470 1272 agitur,
2517 1212 2569 1258 et
2593 1201 2808 1275 justitia
2855 1214 3103 1277 putatur,
3151 1216 3313 1282 atque
3342 1209 3703 1270 immoderata

2101 1289 2181 1344 ira
2205 1290 2344 1362 justi
2387 1290 2489 1346 zeli
2536 1292 2795 1349 meritum
2841 1295 3118 1363 creditur;
3158 1305 3212 1354 et
3240 1317 3365 1357 cum
3394 1318 3424 1357 a
3455 1301 3704 1360 distortis

2101 1379 2350 1436 moribus
2375 1391 2664 1452 peccantes
2694 1383 2857 1455 dirigi
2887 1394 3043 1441 caute
3073 1386 3326 1458 debeant,
3349 1391 3592 1448 violenta
3621 1393 3701 1449 in-

2099 1469 2336 1527 ﬂexione
2381 1471 2730 1544 franguntur.
2785 1475 3111 1550 Plerumque
3155 1478 3419 1537 dissoluta
3450 1483 3702 1540 remissio

2099 1561 2252 1632 quasi
2287 1564 2650 1619 mansuetudo
2684 1580 2747 1620 ac
2793 1565 2966 1638 pietas
3019 1566 3280 1638 habetur;
3317 1579 3370 1628 et
3413 1572 3544 1628 dum
3578 1574 3702 1645 plus

2097 1667 2259 1724 quam
2308 1651 2467 1709 decet
2518 1652 2971 1727 delinquentibus
3018 1660 3394 1731 temporaliter
3436 1663 3698 1734 parcitur,

383 1740 652 1813 superbia:
682 1757 871 1797 causas
918 1751 1106 1814 parat;
1163 1752 1216 1800 et
1247 1745 1377 1801 dum
1416 1745 1602 1801 laudat
1631 1763 1726 1801 cor
1754 1745 1820 1800 de
1851 1745 1985 1800 inte-
2023 1757 2069 1818 Β
2099 1741 2165 1798 ad
2196 1751 2399 1799 aeterna
2426 1744 2696 1816 supplicia
2719 1746 3015 1803 crudeliter
3044 1761 3414 1809 reservantur.
3437 1754 3700 1810 Nonnun-

384 1833 534 1888 stina
575 1831 928 1900 rectitudine,
975 1832 1276 1905 investigat
1310 1835 1506 1892 callide
1546 1836 1640 1891 ubi
1671 1834 1901 1891 subruat
1931 1836 1986 1890 in

392 1921 680 1993 pravitate.
737 1923 869 1978 Ossa
912 1922 1099 1996 itaque
1124 1924 1242 1996 ejus
1271 1927 1414 1982 sicut
1456 1926 1652 1982 fistulae
1687 1927 1811 1982 aeris
1836 1936 1983 1994 sunt,

389 2010 519 2081 quia
559 2009 898 2066 clandestina
927 2010 1046 2084 ejus
1093 2013 1326 2069 consilia
1359 2014 1504 2069 unde
1551 2015 1704 2087 quasi
1738 2015 1985 2070 animum

390 2097 587 2154 blanda
613 2097 910 2168 delectant,
948 2107 1138 2164 1069
1170 2102 1298 2158 inde
1329 2102 1640 2175 perniciosa
1668 2119 1699 2157 a
1728 2110 1875 2159 recta
1907 2103 1987 2158 in-

388 2196 630 2253 tentione
659 2197 949 2270 dissipant.

455 2283 542 2340 ’14.
588 2287 858 2354 Quomodo
887 2288 953 2342 ab
983 2287 1164 2359 officiis
1194 2288 1472 2343 charitatis
1500 2305 1723 2343 avocare
1758 2289 1984 2344 student.

383 2405 452 2415 —
481 2376 642 2432 Alius
673 2375 864 2431 fractis
887 2378 907 2410 ²
929 2377 1090 2448 plene
1117 2377 1496 2433 voluntatibus
1519 2379 1652 2446 suis,
1684 2377 1858 2432 multa
1872 2377 1986 2449 jam

388 2464 595 2519 vetusti
626 2463 874 2519 hominis
901 2465 1043 2520 vitia
1068 2472 1122 2519 et
1150 2467 1454 2521 mutatione
1475 2465 1624 2534 vitae,
1657 2473 1710 2520 et
1732 2467 1988 2521 lamenta-

389 2553 546 2607 tione
577 2553 916 2623 pmnitentiae
949 2555 969 2587 ³
1012 2555 1287 2620 correxit;
1338 2563 1392 2610 et
1432 2562 1584 2609 tanto
1634 2555 1826 2626 majori
1875 2557 1989 2611 zelo

390 2647 587 2697 contra
613 2642 792 2696 aliena
813 2649 1034 2714 peccata
1061 2643 1399 2712 accenditur,
1432 2653 1635 2716 quanto
1663 2644 1987 2717 sibimetipsi

387 2730 650 2786 funditus
691 2739 965 2800 mortuus,
1011 2733 1397 2804 iniquitatibus
1426 2734 1664 2805 propriis
1703 2752 1814 2791 non
1845 2743 1989 2790 tene-

392 2828 504 2876 tur.
542 2821 704 2876 Hunc
734 2821 909 2878 hostis
953 2823 1207 2890 callidus,
1258 2824 1386 2895 quia
1412 2824 1528 2880 zelo
1561 2823 1791 2896 justitiaa
1826 2828 1987 2882 etiam

396 2909 608 2966 caeteris
639 2909 895 2982 prodesse
941 2912 1244 2983 cognoscit,
1285 2928 1390 2983 qua
1418 2913 1465 2968 si
1496 2931 1752 2986 prospera
1780 2933 1989 2972 consu-

391 3001 634 3057 lentibus
662 3002 845 3058 verbis
874 3002 1112 3075 impetit,
1143 3002 1333 3059 dicens
1364 3022 1375 3059 :
1437 3006 1583 3074 Quid
1619 3015 1672 3062 te
1713 3008 1780 3063 ad
1811 3009 1989 3064 aliena

2097 1848 2263 1904 quam
2313 1832 2507 1888 eﬂ‘usio
2544 1833 2923 1891 misericordia
2969 1839 3233 1908 creditur,
3279 1851 3334 1898 et
3376 1842 3507 1898 dum
3559 1845 3701 1901 male

2097 1937 2313 1977 servare
2355 1921 2516 1993 culpa
2559 1921 2650 1989 sit,
2699 1922 2854 1994 pejus
2901 1927 3081 1998 spargi
3127 1929 3272 2000 quod
3304 1939 3588 2004 acceptum
3619 1940 3702 1989 est

2097 2025 2208 2066 non
2240 2010 2488 2066 timetur.
2519 2011 2926 2085 Nonnunquam
2950 2017 3164 2072 tenacia
3193 2018 3427 2089 parcitas
3455 2030 3702 2094 putatur,

2097 2105 2151 2153 et
2171 2114 2296 2153 cum
2321 2115 2487 2169 grave
2516 2099 2588 2154 sit
2609 2101 2809 2156 vitium
2832 2119 2945 2158 non
2965 2103 3229 2174 tribuere,
3262 2108 3439 2164 virtus
3459 2110 3702 2168 creditur

2097 2193 2318 2256 accepta
2345 2185 2599 2242 retinere.
2633 2187 2785 2259 Saepe
2816 2190 3087 2246 malorum
3118 2193 3420 2264 pertinacia
3448 2205 3700 2254 constan-

2099 2273 2177 2328 tia
2205 2273 2436 2340 dicitur,
2476 2282 2529 2330 et
2559 2274 2690 2330 dum
2722 2293 2879 2333 mens
2912 2295 2943 2334 a
2973 2280 3243 2351 pravitate
3285 2300 3382 2339 sua
3412 2283 3558 2341 ﬂecti
3587 2303 3698 2342 non

2097 2364 2328 2436 patitur,
2375 2365 2532 2438 quasi
2563 2381 2633 2420 ex
2663 2365 2799 2422 recti
2843 2367 3159 2426 defensione
3206 2372 3490 2441 gloriatur.
3549 2373 3700 2446 Saepe

2100 2455 2470 2510 inconstantia
2491 2455 2646 2527 quasi
2676 2456 3040 2514 tractabilitas
3069 2458 3320 2530 habetur,
3352 2470 3406 2518 et
3425 2479 3534 2536 quo
3553 2463 3702 2536 quis-

2099 2559 2203 2616 que
2232 2543 2395 2599 ﬁdem
2433 2544 2701 2616 integram
2731 2546 2870 2602 nulli
2901 2555 3104 2616 servat,
3134 2566 3199 2606 eo
3227 2551 3466 2608 amicum
3496 2568 3552 2607 se
3587 2551 3700 2608 ho-

2100 2633 2345 2690 minibus
2373 2635 2628 2692 aestimat.
2664 2638 2979 2711 Aliquando
3006 2640 3175 2696 timor
3205 2641 3579 2714 incompetens
3599 2641 3699 2696 hu-

2099 2724 2308 2780 militas
2335 2725 2602 2794 creditur,
2648 2734 2703 2783 et
2729 2744 2857 2784 cum
2891 2731 3180 2802 temporali
3213 2731 3510 2788 formidine
3540 2749 3701 2805 pres-

2098 2831 2192 2869 sus
2213 2815 2444 2886 quisque
2477 2817 2497 2850 ⁵
2521 2832 2551 2870 a
2577 2815 2898 2874 defensione
2930 2820 3180 2876 veritatis
3208 2827 3371 2888 tacet,
3403 2822 3701 2880 arbitratur

2098 2902 2243 2974 quod
2282 2902 2443 2973 juxta
2475 2905 2573 2960 Dei
2626 2907 2876 2962 ordinem
2929 2907 3195 2964 humilem
3237 2926 3292 2965 se
3323 2913 3344 2946 °
3392 2912 3700 2982 potioribus

2098 2991 2376 3047 exhibeat.
2415 2999 2604 3056 1070
2634 2995 2953 3068 Aliquando
2999 2999 3151 3054 vocis
3194 3000 3449 3071 superbia
3485 3000 3602 3056 veri
3636 3001 3700 3057 li-

387 3091 628 3147 curanda
656 3092 898 3148 dilatas?
951 3093 1170 3149 Utinam
1205 3101 1298 3149 tua
1330 3095 1678 3150 considerare
1724 3100 1990 3154 convale—
2024 3121 2070 3184 ο
2104 3093 2286 3148 bertas
2341 3092 2662 3158 IBStimalul‘,
2719 3100 2772 3147 et
2819 3110 2946 3149 cum
2991 3111 3085 3166 per
3129 3095 3420 3152 elationem
3476 3098 3697 3155 veritati

387 3197 520 3238 scas.
548 3182 634 3236 An
658 3198 769 3237 non
800 3183 1096 3255 perpendis
1115 3183 1242 3256 quia
1272 3200 1397 3239 cum
1430 3184 1497 3240 ad
1527 3187 1705 3241 aliena
1733 3188 1988 3245 extende-

392 3266 490 3335 ris,
521 3284 646 3341 erga
674 3286 735 3325 ea
765 3270 1009 3327 curanda
1038 3288 1158 3344 quae
1188 3281 1280 3327 tua
1315 3283 1440 3329 sunt
1468 3273 1650 3329 minor
1678 3275 1991 3332 inveniris?

389 3358 456 3413 Et
486 3359 620 3432 quid
652 3361 873 3432 prodest
901 3362 1067 3418 alieni
1116 3364 1364 3420 vulneris
1394 3381 1644 3421 cruorem
1675 3374 1905 3439 tergere,
1936 3375 1990 3423 et

389 3448 733 3518 putredinem
766 3453 974 3523 proprii
1025 3453 1352 3526 negligendo
1382 3454 1657 3510 dilatare?
1703 3458 1828 3513 Haec
1856 3456 1986 3512 dum

391 3539 543 3611 quasi
584 3541 876 3596 consulens
905 3542 1066 3610 dicit,
1107 3544 1283 3598 zelum
1315 3543 1605 3600 charitatis
1637 3547 1656 3578 ⁴
1688 3544 1904 3613 adimit,
1937 3553 1990 3599 et

391 3646 553 3686 omne
578 3630 788 3686 bonum
811 3631 959 3704 quod
984 3630 1202 3703 prodire
1232 3648 1298 3686 ex
1329 3632 1596 3689 charitate
1626 3642 1858 3704 poterat,
1881 3635 1988 3706 gla-

388 3719 483 3775 dio
503 3719 912 3777 subintroducti
933 3721 1173 3791 torporis
1194 3721 1518 3792 exstinguit.
1544 3721 1598 3776 Si
1621 3723 1765 3776 enim
1798 3723 1986 3793 proxi-

387 3826 506 3866 mos
549 3810 692 3866 sicut
721 3810 1088 3882 nosmetipsos
1130 3809 1358 3881 diligere
1388 3810 1739 3883 praecipimur
1772 3812 1982 3881 (Matth.

383 3915 506 3965 xxx,
532 3899 597 3956 19
619 3917 632 3966 ;
665 3916 806 3967 xxn,
827 3900 945 3972 39),
973 3899 1202 3971 dignum
1224 3908 1305 3956 est
1325 3907 1386 3955 ut
1409 3899 1488 3956 sic
1509 3917 1696 3956 eorum
1727 3901 1842 3956 zelo
1861 3918 1987 3958 con-

387 3995 468 4044 tra
488 3989 648 4057 vitia,
677 3989 822 4046 sicut
842 3997 895 4044 et
927 3998 1136 4058 nostro,
1161 3991 1470 4063 flagremus.
1499 3991 1639 4058 Quia
1665 3991 1832 4064 igitur
1853 3991 1984 4048 dum

385 4079 627 4136 suaviter
679 4079 941 4146 consulit,
1001 4089 1239 4137 mentem
1289 4081 1358 4137 ab
1404 4081 1713 4139 intentione
1768 4082 1988 4155 propria

384 4168 617 4224 alienam
644 4167 850 4236 reddit,
894 4176 1038 4225 recte
1064 4169 1300 4226 dicitur:
1339 4172 1468 4228 Ossa
1498 4170 1608 4240 ejus
1637 4171 1774 4225 sicut
1798 4172 1988 4242 ﬁstulce

385 4257 766 4324 reris.Quando
796 4257 943 4313 enim
968 4274 1065 4330 per
1085 4258 1436 4315 fraudulenta
1464 4261 1692 4316 consilia
1714 4261 1987 4317 audientis

384 4347 572 4403 animo
600 4346 866 4404 blandum
899 4355 1075 4416 sonat,
1096 4348 1251 4420 quasi
1273 4365 1399 4403 cum
1421 4347 1605 4403 ﬁstula
1630 4349 1754 4404 aeris
1783 4359 1984 4418 cantat,

387 4443 446 4491 ut
487 4435 632 4492 unde
663 4437 890 4504 mulcet,
948 4436 1077 4493 inde
1131 4436 1386 4508 decipiat.
1448 4435 1584 4509 [νει.
1618 4437 1827 4512 ΧΧΙΙ.]
1882 4438 1985 4494 Sed

387 4525 688 4582 Behemoth
707 4526 812 4583 iste
834 4525 994 4582 valde
1015 4525 1240 4582 mollius
1259 4535 1533 4583 certamen
1555 4528 1985 4600 movet,quando

383 4631 439 4669 se
470 4614 526 4670 in
559 4615 779 4672 insidiis
805 4615 910 4671 sub
929 4622 1199 4687 praetextu
1226 4614 1566 4671 inﬁrmitatis
1583 4623 1816 4672 exercet.
1833 4617 1986 4673 Tunc

383 4713 566 4759 autem
627 4703 879 4760 duriores
936 4704 1264 4761 tentationes
1315 4705 1542 4774 excitat,
1597 4705 1814 4778 quando
1860 4713 1985 4762 ante

386 4792 586 4847 tentati
609 4793 798 4849 oculos
828 4792 1138 4866 iniquitatis
1167 4793 1390 4866 laqueos
1413 4794 1515 4850 sub
1545 4793 1724 4866 specie
1762 4793 1985 4850 virtutis

382 4881 646 4938 occultat.
679 4881 832 4937 Unde
861 4889 915 4938 et
945 4890 1089 4939 recte
1119 4881 1472 4955 subjungitur
1505 4901 1516 4938 :

945 4972 1173 5029 CAPUT
1215 4973 1395 5030 XXII.

454 5060 623 5115 Vrsas.
663 5059 746 5114 I3.
779 5090 848 5099 —
881 5060 1154 5134 Cartilago
1197 5061 1307 5132 ejus
1337 5062 1493 5133 quasi
1525 5062 1733 5118 lamina:
1773 5062 1979 5132 ferrem.

455 5148 542 5205 45.
588 5151 848 5204 Duriores
897 5151 1200 5206 lentationes
1242 5151 1436 5206 excitat
1489 5168 1604 5206 cum
1637 5153 1847 5221 laqueos
1885 5151 1978 5206 sub

380 5240 543 5313 specie
589 5241 800 5294 virtutis
845 5243 1087 5296 occultat.
1120 5271 1190 5282 —
1219 5240 1362 5309 Quid
1390 5240 1537 5297 enim
1569 5257 1665 5313 per
1691 5241 1977 5313 cartilagi—

459 5445 470 5476 ¹
501 5443 592 5500 Sic
620 5444 745 5500 Mss.
781 5442 973 5499 nostri.
1007 5440 1160 5496 Editi
1192 5457 1342 5509 vero,
1364 5444 1429 5499 ab
1459 5443 1814 5499 excellentiori
1847 5445 1974 5499 loco.

457 5516 628 5590 ἔρειο
655 5515 849 5590 Angl_._,
869 5531 1030 5590 pene._
1232 5585 1252 5590 _
1365 5583 1376 5590 _
1474 5584 1486 5590 _
1619 5588 1622 5590 η

454 5588 474 5620 ³
506 5586 726 5643 Ebroic.
751 5583 963 5657 aliique
984 5585 1198 5651 Norm.,
1231 5583 1426 5650 Laud.,
1456 5584 1566 5641 duo
1595 5587 1778 5642 Germ.
1798 5593 1851 5642 et
1879 5587 1973 5655 al.,

381 5660 606 5714 excoxit.

456 5732 475 5765 ‘
507 5730 754 5798 Iibroie,
786 5730 998 5784 amittit.

2103 3181 2522 3249 contradicitur,
2553 3181 2814 3254 loquendi
2844 3185 3147 3256 procacitas
3175 3186 3424 3242 veritatis
3452 3187 3698 3244 defensio

2097 3280 2341 3342 putatur.
2361 3272 2692 3344 Plerumque
2717 3273 2940 3345 pigritia
2957 3275 3111 3347 quasi
3133 3276 3477 3333 continentia
3497 3278 3698 3351 quietis

2097 3361 2421 3430 attenditur,
2470 3369 2524 3417 et
2554 3377 2679 3418 cum
2724 3364 2905 3434 gravis
2951 3366 3126 3437 culpae
3163 3365 3236 3422 sit
3274 3375 3418 3424 recta
3455 3367 3697 3424 studiose

2100 3467 2208 3506 non
2235 3469 2411 3524 agere,
2442 3468 2652 3524 magnae
2672 3453 2899 3510 virtutis
2929 3455 3186 3512 meritum
3207 3457 3453 3514 creditur
3479 3474 3509 3513 a
3529 3473 3698 3530 prava

2098 3547 2312 3595 tantum
2343 3541 2560 3596 actione
2589 3557 2814 3597 cessare.
2862 3543 3190 3617 Plerumque
3220 3546 3546 3618 inquietudo
3574 3546 3698 3619 spi-

2098 3629 2256 3697 ritus,
2276 3629 2513 3701 vigilans
2534 3630 2851 3686 sollicitudo
2872 3633 3219 3702 nominatur;
3247 3642 3299 3691 et
3311 3652 3438 3691 cum
3455 3635 3694 3707 quietem

2099 3719 2329 3790 quisque
2371 3735 2481 3774 non
2524 3719 2742 3786 tolerat,
2789 3719 2999 3790 agendo
3041 3737 3162 3793 quae
3206 3722 3432 3794 appetit,
3471 3723 3696 3778 virtutis

2097 3807 2294 3863 debitae
2337 3807 2567 3878 implere
2623 3823 2680 3862 se
2732 3807 3055 3863 exercitium
3114 3816 3286 3880 putat.
3345 3811 3496 3881 Saepe
3537 3810 3605 3866 ad
3633 3825 3696 3866 ea

2097 3913 2217 3970 quae
2246 3895 2454 3968 agenda
2482 3902 2611 3951 sunt
2638 3895 2858 3952 incauta
2886 3895 3246 3968 praecipitatio
3275 3896 3535 3953 laudandi
3567 3905 3695 3954 stu—

2097 3987 2174 4043 dii
2208 3987 2396 4043 fervor
2423 3985 2669 4042 creditur
2693 4003 2704 4053 ;
2743 3993 2796 4040 et
2825 4001 2949 4041 cum
2980 3985 3348 4044 desideratum
3373 3986 3582 4042 bonum
3612 3986 3694 4042 in-

2097 4076 2422 4149 tempestiva
2457 4076 2676 4132 actione
2720 4075 3115 4149 corrumpitur,
3147 4092 3212 4133 eo
3241 4077 3327 4150 agi
3357 4075 3556 4133 melius
3584 4092 3693 4150 quo

2095 4165 2328 4222 celerius
2358 4165 2680 4222 aestimatur.
2733 4166 2884 4238 Saepe
2925 4166 3263 4224 accelerandi
3305 4166 3436 4222 boni
3466 4165 3694 4224 tarditas

2095 4255 2390 4311 consilium
2433 4263 2691 4328 putatur;
2725 4262 2780 4310 et
2820 4271 2947 4312 cum
2976 4263 3321 4327 exspectatur
3349 4261 3410 4310 ut
3439 4270 3508 4311 ex
3538 4257 3559 4291 ⁷
3594 4272 3693 4312 re-

2097 4344 2422 4400 tractatione
2452 4345 2722 4415 proﬁciat,
2747 4343 2855 4400 hoc
2879 4344 3146 4401 insidians
3173 4361 3328 4401 mora
3354 4345 3689 4418 supplantat.

2101 4429 2239 4504 [Vet.
2272 4432 2509 4505 XXIII.]
2541 4433 2716 4504 Igitur
2741 4449 2868 4489 cum
2910 4433 3071 4505 culpa
3099 4435 3252 4491 velut
3279 4434 3458 4490 virtus
3482 4435 3692 4507 aspici-

2099 4527 2210 4585 tur,
2256 4519 2561 4577 necessario
2609 4521 2950 4593 pensandum
2991 4530 3072 4579 est
3116 4523 3247 4596 quia
3291 4531 3444 4581 tanto
3480 4523 3692 4582 tardius

2095 4627 2248 4666 mens
2279 4609 2476 4666 vitium
2511 4627 2669 4668 suum
2701 4612 2926 4679 deserit,
2956 4620 3162 4686 quanto
3191 4613 3301 4671 hoc
3328 4614 3476 4688 quod
3505 4631 3690 4687 perpe-

2095 4706 2225 4764 trat,
2259 4716 2369 4755 non
2400 4701 2705 4768 erubescit;
2753 4709 2806 4757 et
2834 4709 2988 4758 tanto
3035 4719 3190 4760 mens
3235 4703 3446 4760 tardius
3490 4703 3687 4758 vitium

2093 4791 2315 4862 deserit,
2347 4803 2572 4866 quanto,
2623 4811 2716 4867 per
2747 4795 2970 4852 virtutis
2997 4796 3233 4869 speciem
3265 4796 3507 4868 decepta,
3540 4811 3690 4866 pra:-

2094 4880 2333 4955 miorum
2355 4883 2518 4938 etiam
2541 4882 2608 4939 de
2629 4899 2692 4938 eo
2708 4883 3127 4941 retributionem
3146 4883 3362 4956 quaerit.
3394 4881 3574 4938 Facile
3595 4897 3686 4937 au-

2092 4978 2199 5026 tem
2233 4973 2394 5043 culpa
2436 4973 2734 5044 corrigitur
2775 4991 2895 5045 quae
2942 4980 2995 5028 et
3032 4972 3372 5028 erubescitur
3416 4970 3546 5043 quia
3572 4985 3686 5027 esse

2091 5059 2251 5132 culpa
2280 5061 2534 5116 sentitur.
2579 5061 2719 5128 Quia
2747 5061 2929 5133 itaque
2956 5077 3108 5116 error
3136 5076 3261 5117 cum
3293 5059 3470 5115 virtus
3497 5058 3687 5115 credi-

2089 5154 2179 5202 tur
2219 5147 2503 5203 diﬂicilius
2545 5148 2893 5218 emendatur,
2937 5154 3083 5204 recte
3112 5145 3357 5202 dicitur:
3413 5147 3684 5217 Cartilago

2087 5237 2200 5306 ejus
2225 5237 2381 5308 quasi
2419 5237 2628 5292 lamina:
2666 5236 2871 5305 ferreae.
2917 5234 3221 5291 Behemoth
3260 5236 3407 5292 enim
3440 5235 3540 5292 iste
3577 5253 3684 5309 quo

2159 5444 2179 5478 δ
2211 5440 2382 5509 Editi,
2405 5441 2476 5496 ad
2505 5439 2872 5510 defensionem.
2891 5439 3087 5497 Melius
3118 5441 3176 5496 in
3198 5439 3461 5509 Vindoc.,
3485 5441 3682 5509 Laud.,

2085 5515 2300 5580 Norm.,
2318 5512 2483 5569 duob.
2505 5513 2714 5580 Germ.,
2737 5529 2872 5639 unos
2900 5511 3202 5585 sequimur,
3232 5531 3266 5567 a
3295 5512 3609 5584 defensione.

2158 5588 2179 5621 δ
2210 5585 2440 5639 Turon..
2471 5584 2751 5639 potentiori
2790 5601 2865 5639 us.

2158 5588 2179 5621 δ
2210 5585 2440 5650 Turon.,
2467 5584 2865 5650 potentioribus.

2158 5659 2175 5690 ⁷
2209 5656 2432 5723 Pratel.,
2463 5655 2662 5724 Laud.,
2690 5655 2800 5711 duo
2829 5655 3181 5723 Germ.,Val.
3207 5656 3315 5726 CL,
3349 5656 3680 5714 tractatione.

2086 5729 2210 5784 Vet.
2233 5727 2336 5784 Ed.
2369 5727 2542 5785 Paris.
2573 5734 2627 5784 et
2650 5727 2840 5796 Basil.,
2872 5745 2937 5784 ex
2970 5728 3240 5785 tractione.
