4156 6178
555 412 806 486 exhibet,
837 431 904 474 eo
937 417 996 476 in
1025 419 1189 495 culpa
1219 433 1458 486 mentem
1491 429 1684 491 durius
1711 441 1880 496 tenet.

593 562 713 622 .46.
758 563 864 634 Qui
889 565 1036 624 viam
1061 571 1362 630 sanctitatis
1389 583 1664 650 appetunt,
1681 581 1974 654 aliquando
2004 587 2062 643 in
2085 606 2164 644 er.

552 670 732 744 rorem
765 655 924 730 lapsi,
975 661 1184 718 tardius
1223 667 1591 726 emendantur.
1641 672 1882 744 Frigidis
1908 677 2164 732 mentibus

551 743 866 818 frigidiores
911 749 1066 822 ﬁunt.
1094 781 1166 794 —
1192 753 1337 812 Hinc
1374 764 1456 812 est
1485 759 1633 832 quod
1674 743 2073 838 nonnunquam
2104 765 2163 822 hi

553 834 650 906 qui
683 835 834 894 viam
867 839 1182 898 sanctitatis
1208 852 1475 916 appetunt
1501 849 1561 905 in
1603 865 1843 910 errorem
1877 834 2012 928 lapsi
2043 863 2165 912 tar-

553 921 681 981 dius
730 927 1114 987 emendantur.
1171 933 1403 992 Rectum
1461 938 1663 1013 quippe
1718 921 1995 1000 aestimant
2047 961 2162 1002 esse

554 1013 702 1088 quod
725 1025 916 1088 agunt,
929 1025 984 1074 et
1003 1019 1148 1078 sicut
1163 1025 1480 1085 excolendae
1495 1029 1716 1100 virtuti,
1729 1032 1810 1090 sic
1827 1033 1967 1091 vitio
1985 1051 2162 1108 perse-

555 1105 860 1162 verantiam
883 1105 1149 1182 jungunt.
1176 1112 1408 1170 Rectum
1439 1117 1766 1177 existimant
1795 1121 1942 1195 quod
1969 1105 2158 1198 agunt,

552 1197 608 1248 et
631 1193 842 1252 idcirco
865 1211 966 1252 suo
987 1197 1202 1270 judicio
1221 1205 1442 1263 enixius
1465 1209 1734 1268 serviunt.
1754 1193 1908 1269 Unde
1928 1193 2067 1271 bene
2077 1215 2160 1270 Je-

549 1281 754 1339 remias
778 1301 904 1342 cum
935 1285 1145 1346 diceret
1170 1309 1184 1348 :
1221 1293 1574 1354 Candidiores
1593 1301 1852 1358 Nazarcei
1877 1303 1993 1375 ejus
2019 1305 2158 1370 nive,

549 1371 826 1430 nitidiores
859 1377 1008 1444 lacte,
1038 1380 1443 1442 rubicundiores
1468 1387 1618 1446 ebore
1643 1391 1882 1464 antiquo,
1899 1371 2158 1466 sapphiro

549 1559 599 1643 et
624 1569 733 1610 non
758 1564 884 1613 sunt
909 1561 1104 1632 cogniti
1129 1564 1188 1619 in
1204 1567 1426 1637 plateis,
1449 1568 1603 1627 illico
1635 1569 1892 1643 adjunxit
1923 1591 1935 1628 :
1967 1573 2158 1630 Adhae-

549 1641 621 1698 sit
663 1645 795 1701 cutis
836 1664 1017 1705 eorum
1055 1653 1282 1724 ossibus,
1331 1658 1502 1726 aruit,
1534 1665 1583 1714 et
1607 1641 1754 1730 facta
1783 1667 1858 1715 est
1894 1663 2050 1732 quasi
2080 1663 2156 1718 li-

1773 221 2024 285 SANCTI
2071 230 2408 295 GREGORII
2443 241 2670 302 MAGNI
2702 245 2706 248 ’
3755 279 3856 336 664

2274 558 2381 615 qua
2424 545 2690 649 fracltione
2735 554 2951 614 Veritas
2992 560 3128 620 dicit
3155 545 3182 620 ε-
3212 545 3417 625 Intrate
3451 589 3556 644 per
3581 545 3860 649 Vangustdni

2267 641 2482 742 portam
2526 639 2738 742 (Matth.
2771 663 2882 742 vn,
2919 650 3030 722 13).
3076 652 3222 721 Quid
3262 639 3688 723 autem—latiusv
3703 683 3857 742 quam

2273 727 2443 782 nullis
2472 731 2712 802 propriis
2743 737 2764 770 ³
2795 737 3176 800 voluntatibus
3203 747 3488 819 reluctari,
3532 762 3586 810 et
3615 727 3859 832 qua‘qua-

2273 831 2494 874 versum
2517 821 2789 896 impulsus
2814 827 3030 886 arbitrii
3061 831 3284 893 duxerit
3310 855 3369 894 se
3392 841 3511 898 sine
3537 821 3859 906 retractione

2270 905 2623 970 diffundere?
2664 915 2770 986 Qui
2797 934 2926 990 ergo
2953 937 3051 992 per
3080 922 3340 984 ﬁduciam
3369 933 3677 993 sanctitatis
3704 947 3860 1010 post-

2270 1001 2451 1072 posito
2497 1005 2791 1064 meliorum
2827 1007 3040 1081 judicio
3068 1015 3090 1049 ⁴
3119 1030 3175 1071 se
3214 1029 3558 1093 sequuntur,
3587 1001 3739 1099 quasi
3767 1045 3860 1102 per

2271 1089 2476 1160 plateas
2520 1103 2772 1168 pergunt.
2822 1099 2927 1156 Sed
2969 1117 3080 1158 non
3122 1113 3250 1161 sunt
3288 1089 3504 1182 cogniti
3524 1089 3619 1170 vin-
3647 1089 3856 1188 plateis,

2270 1182 2398 1252 quia
2423 1183 2490 1241 de
2511 1187 2625 1243 vita
2643 1205 2744 1246 sua
2771 1190 2923 1248 aliud
2950 1194 3303 1254 ostenderant
3322 1203 3544 1272 quando
3562 1182 3857 1280 frangendo

2270 1275 2580 1334 voluntates
2607 1281 2857 1354 proprias
2901 1283 2960 1339 in
2997 1296 3230 1358 angusto
3271 1306 3329 1347 se
3364 1293 3502 1350 calle
3530 1275 3854 1374 retinebant.

2267 1365 2340 1420 Et
2365 1364 2504 1422 bene
2535 1368 2758 1426 additur
2786 1389 2797 1427 :
2825 1372 3063 1430 Adhaesit
3087 1377 3222 1432 cutis
3247 1396 3424 1437 eorum
3465 1383 3682 1442 ossibus.
3713 1364 3858 1457 Quid

2268 1452 2326 1509 in
2357 1471 2476 1512 osse
2506 1459 2614 1515 nisi
2645 1458 2854 1518 duritia
2892 1463 3260 1537 fortitudinis,
3309 1471 3442 1543 quid
3495 1473 3551 1530 in
3597 1485 3719 1534 cute
3748 1477 3857 1534 nisi

2265 1544 2530 1604 mollities
2557 1551 2888 1622 exprimitur
2917 1554 3256 1616 inﬁrmitatis
3277 1560 3304 1616 εἰ
3334 1561 3490 1620 Cutis
3515 1580 3640 1638 ergo
3666 1583 3856 1624 eorum

2266 1633 2546 1696 adhaerere
2571 1640 2786 1699 ossibus
2814 1641 3040 1716 dicitur,
3075 1648 3204 1720 quia
3229 1649 3299 1708 ab
3327 1651 3406 1708 eis
3431 1633 3600 1725 prava
3625 1657 3859 1713 sentien-

547 1736 1342 1817 g,mm(Thrva,7’8)_Quid
1359 1725 1506 1804 enim
1518 1725 2152 1825 Naiamowm'nomine,
2183 1734 2230 1796 Β
2264 1725 2414 1825 tibus
2437 1729 2733 1790 inﬁrmitas
2757 1735 2884 1825 vitii
2904 1737 3112 1796 duritia
3131 1741 3354 1799 virtutis
3374 1751 3620 1816 putatur.
3635 1747 3859 1803 Inﬁrma

547 1823 659 1880 nisi
682 1824 1081 1886 abstinentium
1103 1839 1158 1888 et
1179 1835 1582 1894 continentium
1606 1840 1718 1896 vita
1743 1839 2010 1913 signatur,
2033 1823 2154 1917 quas

551 1913 680 1970 nive
725 1925 781 1972 et
811 1917 950 1976 lacte
997 1920 1233 1980 nitidior
1275 1925 1527 1986 dicitur?
1562 1930 1671 1987 Nix
1713 1931 1862 1988 enim
1905 1949 1976 1988 ex
2015 1913 2155 2007 aqua

549 2005 882 2076 congelascit
920 2025 1042 2082 quae
1084 2011 1318 2086 desuper
1355 2017 1531 2086 venit,
1573 2021 1658 2076 lac
1683 2021 1866 2078 autem
1895 2039 1961 2078 ex
1991 2005 2153 2080 carne

549 2093 894 2166 exprimitur
921 2113 1042 2172 quae
1071 2101 1129 2156 in
1167 2103 1527 2164 inferioribus
1555 2111 1819 2169 nutritur.
1853 2112 1998 2180 Quid
2025 2130 2152 2186 ergo

553 2197 653 2254 per
679 2184 870 2242 nivem
900 2188 1008 2246 nisi
1039 2191 1245 2249 candor
1295 2197 1424 2253 vitae
1470 2199 1728 2270 caelestis,
1777 2201 1912 2275 quid
1943 2219 2040 2275 per
2068 2184 2152 2263 lac

549 2271 660 2328 nisi
685 2277 1008 2348 temporalis
1036 2279 1464 2354 dispensationis
1491 2271 1898 2348 administratio
1929 2271 2152 2350 demon-

547 2367 802 2424 stratur?
827 2369 899 2425 Et
929 2371 1058 2444 quia
1082 2374 1406 2452 plerumque
1437 2381 1784 2439 continentes
1815 2383 1922 2440 viri
1948 2384 2007 2442 in
2034 2385 2152 2442 Ec-

545 2453 710 2512 clesia
737 2463 851 2514 tam
895 2461 1036 2518 mira
1081 2480 1245 2538 opera
1277 2467 1510 2539 faciunt,
1555 2478 1618 2528 ut
1645 2471 1714 2528 ab
1755 2473 1834 2529 eis
1863 2474 2025 2530 multi
2055 2475 2149 2548 qui

549 2546 826 2606 caalestem
857 2549 1031 2609 vitam
1063 2561 1381 2628 tenuerunt,
1417 2562 1581 2618 multi
1623 2561 1720 2636 qui
1753 2570 1969 2620 terrena
2013 2546 2151 2622 bene

549 2634 1033 2710 dispensaverunt,
1078 2647 1324 2718 superari
1362 2634 1678 2720 videantur,
1724 2659 1780 2709 et
1805 2653 2152 2712 candidiores

549 2725 705 2796 nive,
763 2735 816 2784 et
859 2729 1154 2791 nitidiores
1214 2737 1352 2794 lacte
1407 2740 1738 2797 referuntur.
1799 2742 1906 2810 Qui
1961 2744 2146 2816 etiam,

548 2816 682 2890 quia
721 2834 819 2891 per
847 2818 1119 2880 fervorem
1152 2825 1400 2898 spiritus,
1447 2831 1801 2904 antiquorum
1831 2848 1894 2890 ac
1920 2831 2148 2890 fortium

545 2915 768 2980 patrum
799 2927 1196 2990 nonnunquam
1233 2919 1454 2978 vincere
1482 2921 1654 2980 vitam
1685 2922 1965 2993 videntur,
2005 2933 2150 2982 recte

543 2999 925 3075 subjungitur:
951 3005 1381 3066 Rubicundiores
1401 3011 1550 3069 ebore
1567 3013 1806 3084 antiquo.
1829 3015 1974 3070 Dum
2000 3015 2147 3071 enim

2264 1819 2414 1875 enim
2443 1829 2573 1878 sunt
2609 1839 2728 1896 quae
2755 1823 2987 1896 faciunt,
3031 1829 3148 1900 sed,
3179 1831 3434 1890 elationis
3462 1835 3664 1894 ﬁducia
3692 1838 3858 1895 dece-

2262 1909 2363 1980 pti,
2397 1909 2635 1969 fortibus
2671 1929 2737 1970 ea
2762 1917 3172 1988 suspicionibus
3193 1919 3460 1995 jungunt,
3493 1933 3546 1982 et
3572 1942 3680 1999 quo
3707 1927 3776 1984 de
3803 1944 3858 1984 se

2262 2015 2458 2072 magna
2484 2002 2750 2072 sentiunt,
2796 2022 2860 2062 eo
2887 2005 2954 2063 de
2982 2025 3080 2064 sua
3110 2013 3360 2084 nequitia
3405 2016 3686 2074 emendari
3731 2035 3857 2076 con-

2260 2097 2534 2149 temnunt.
2577 2094 2732 2150 Unde
2760 2103 2815 2152 et
2843 2104 2988 2154 recte
3015 2089 3337 2174 adjungitur
3367 2121 3380 2159 :
3426 2105 3592 2161 Aruit
3623 2115 3674 2163 et
3709 2107 3860 2179 facta

2260 2187 2333 2236 est
2359 2183 2514 2252 quasi
2541 2184 2764 2256 lignum.
2815 2185 2990 2260 Culpa
3017 2189 3218 2263 quippe
3257 2208 3447 2250 eorum
3474 2202 3630 2253 tanto
3657 2197 3861 2256 insen-

2259 2274 2474 2333 sibilior
2521 2278 2789 2350 redditur,
2837 2291 3044 2354 quanto
3071 2285 3216 2357 apud
3245 2302 3336 2344 eos
3367 2287 3533 2344 etiam
3561 2290 3860 2350 laudabilis

2259 2366 2510 2426 habetur.
2545 2371 2719 2438 Quam
2747 2381 2893 2430 recte
2925 2374 3134 2432 aridam
3163 2378 3376 2447 asserit,
3421 2381 3550 2452 quia
3588 2381 3746 2438 nulla
3773 2384 3858 2440 sui

2259 2458 2281 2492 ⁵
2299 2459 2630 2531 cogitatione
2648 2461 2952 2520 viridescit.
2973 2464 3133 2532 Quod
3149 2482 3278 2540 ergo
3297 2468 3443 2542 apud
3453 2470 3747 2528 Jeremiam
3763 2489 3858 2546 per

2260 2548 2640 2606 inﬁrmitatem
2667 2552 2834 2619 cutis,
2863 2551 2970 2612 hoc
2989 2554 3132 2628 apud
3159 2555 3384 2613 beatum
3411 2558 3514 2616 Job
3531 2576 3630 2632 per
3649 2561 3852 2635 fragili-

2259 2645 2428 2696 tatem
2458 2639 2666 2698 dicitur
2693 2643 2992 2716 cartilago;
3035 2653 3089 2702 et
3113 2645 3263 2719 quod
3293 2647 3412 2704 illic
3433 2664 3554 2706 ossa
3581 2667 3682 2724 per
3709 2651 3852 2708 duri-

2258 2729 2414 2800 tiam,
2474 2730 2580 2788 hoc
2635 2731 2729 2790 hic
2787 2731 3004 2792 laminas
3061 2736 3250 2795 ferreae
3293 2755 3410 2796 esse
3453 2749 3848 2800 memorantur.

2261 2818 2400 2894 [Vet.
2431 2821 2566 2878 XXI
2573 2821 2656 2897 V.]
2706 2823 2812 2880 Sed
2837 2823 3143 2882 Bebemoth
3183 2826 3306 2893 iste,
3347 2829 3442 2902 qui
3479 2845 3576 2902 per
3605 2833 3855 2890 membra

2257 2927 2356 2968 sua
2395 2920 2643 2970 extremo
2690 2921 2936 2987 tempore
2981 2923 3172 2973 contra
3212 2916 3408 2975 electos
3449 2919 3544 2976 Dei
3591 2928 3752 2978 tanta
3795 2939 3854 2978 se

2257 3008 2372 3058 arte
2401 3001 2712 3076 iniquitatis
2751 3014 2988 3076 exercet,
3039 3007 3136 3082 qui
3171 3009 3338 3066 etiam
3370 3025 3464 3082 per
3491 3012 3849 3084 semetipsum

546 3090 564 3125 ³
586 3089 806 3148 ruboris
825 3109 1028 3151 nomen
1049 3097 1412 3171 imprimitur,
1433 3103 1607 3160 sancti
1637 3102 1896 3160 desiderii
1927 3104 2149 3162 ﬂamma

2259 3089 2328 3147 ad
2347 3091 2698 3166 decipiendas
2721 3103 2931 3152 mentes
2960 3096 3020 3153 in
3048 3105 3201 3154 tanta
3225 3097 3549 3156 insidiarum
3570 3101 3854 3174 tergiver—

541 3177 811 3250 signatur.
859 3181 1016 3238 Ebur
1043 3201 1176 3242 vero
1203 3203 1319 3244 esse
1362 3206 1425 3245 os
1455 3207 1777 3264 magnorum
1821 3194 2148 3252 animalium

541 3283 658 3324 non
680 3269 1020 3341 ignoramus.
1043 3275 1226 3332 Ebore
1257 3277 1441 3350 itaque
1469 3283 1699 3355 antiquo
1728 3283 2148 3343 rubicundiores

540 3363 692 3426 sunt,
727 3359 858 3430 quia
877 3377 1018 3433 saepe
1038 3371 1163 3420 ante
1183 3364 1456 3425 humanos
1483 3371 1673 3427 oculos
1701 3373 1986 3430 nonnullis
2015 3390 2148 3446 prat-

539 3446 866 3506 cedentibus
896 3449 1148 3523 patribus
1168 3453 1190 3488 ²
1210 3454 1380 3512 studii
1407 3455 1760 3516 ferventioris
1779 3460 2040 3518 existunt.
2069 3463 2148 3520 De

539 3535 742 3610 quibus
771 3547 834 3596 ut
861 3545 1043 3598 totum
1064 3541 1232 3600 simul
1259 3545 1598 3615 ostendatur,
1621 3547 1942 3622 adjungitur
1969 3568 1980 3606 :
2017 3551 2146 3624 Sap-

531 3627 696 3700 phiro
721 3631 1078 3702 pulchriores.
1123 3632 1379 3693 Etherei
1407 3637 1612 3711 quippe
1652 3639 1855 3696 coloris
1895 3648 1977 3698 est
2013 3657 2148 3714 sap-

535 3715 751 3790 phirus.
791 3720 865 3777 Et
905 3721 1036 3794 quia
1081 3723 1453 3796 praecedentes
1493 3728 1720 3798 multos,
1754 3737 1918 3804 atque
1946 3729 2014 3788 ad
2043 3747 2146 3788 su-

536 3822 710 3879 perna
727 3811 1014 3870 tendentes
1032 3829 1131 3888 per
1157 3817 1435 3876 caelestem
1455 3821 1929 3879 conversationem
1954 3829 2136 3888 1071

535 3903 800 3963 videntur
849 3909 1095 3980 vincere,
1157 3921 1460 3972 narrantur
1511 3915 1774 3990 sapphiro
1801 3918 2142 3991 pulchriores

535 3993 833 4053 exstitisse.
865 3997 972 4054 Sed
999 3998 1324 4075 plerumque
1345 4001 1478 4060 dum
1501 4005 1772 4063 virtutum
1800 4008 1958 4080 copia
1975 4009 2139 4066 etiam

534 4083 662 4170 plus
687 4101 854 4159 quam
883 4088 1108 4160 expedit
1139 4101 1514 4165 prosperatur,
1547 4095 1606 4150 in
1632 4096 1924 4170 quamdam
1951 4100 2037 4155 sui
2063 4099 2140 4156 ﬁ-

535 4169 757 4230 duciam
799 4190 958 4232 mens
1010 4176 1326 4250 adducitur,
1369 4188 1424 4238 et
1461 4181 1686 4255 decepta
1715 4187 2138 4260 praesumptione

533 4263 779 4335 propria,
801 4273 1026 4338 repente
1053 4275 1282 4340 peccato
1311 4268 1651 4344 subripiente
1683 4271 1958 4343 fuscatur;
1990 4277 2137 4334 unde

532 4358 677 4408 recte
719 4351 1074 4427 subjungitur
1106 4374 1120 4413 :
1149 4357 1445 4431 Denigrata
1473 4367 1546 4417 est
1575 4379 1734 4435 super
1763 4364 2012 4422 carbones
2037 4367 2136 4437 Ταα-

2257 3181 2469 3238 satione
2486 3199 2544 3239 se
2569 3183 2816 3252 exhibet,
2848 3184 3007 3258 cujus
3034 3194 3267 3257 naturae,
3287 3188 3447 3264 cujus
3475 3189 3548 3246 sit
3578 3190 3853 3247 conditio-

2257 3271 2344 3328 nis
2373 3271 2679 3331 audiamus.
2717 3275 2906 3348 Neque
2935 3276 3085 3332 enim
3117 3285 3225 3334 tam
3253 3279 3398 3336 mira
3427 3281 3449 3316 ⁵
3478 3280 3567 3336 vel
3597 3280 3660 3336 in
3692 3281 3858 3338 mali-

2257 3375 2362 3432 gna
2389 3363 2704 3433 operatione
2731 3373 2936 3438 posset,
2980 3367 3028 3424 si
3057 3384 3170 3424 non
3199 3385 3269 3425 ex
3311 3385 3507 3443 magna
3534 3373 3854 3432 conditione

2256 3449 2595 3510 subsisteret.
2640 3453 2796 3512 Unde
2825 3463 2879 3512 et
2907 3473 3042 3514 mox
3069 3460 3212 3516 mira
3239 3459 3441 3532 pietate
3468 3463 3764 3533 Dominus,
3793 3483 3854 3524 ac

2255 3539 2302 3596 si
2329 3556 2520 3598 causas
2541 3549 2712 3601 tantae
2739 3545 2956 3602 astutiae
2984 3554 3258 3622 tantaeque
3285 3549 3639 3610 fortitudinis
3669 3553 3852 3612 redde-

2253 3637 2357 3702 ret,
2383 3631 2469 3706 adj
2477 3635 2663 3702 unxit,
2692 3634 2880 3694 dicens
2913 3655 2925 3694 :

2587 3722 2816 3784 CAPUT
2852 3726 3038 3786 XXIII
3077 3727 3220 3804 [Rea
3251 3729 3488 3806 XVIII].

2323 3811 2497 3872 Vnus.
2529 3814 2616 3872 14.
2645 3847 2717 3858 -
2740 3817 2858 3888 Ipse
2893 3826 2969 3875 est
2987 3821 3318 3894 principium
3343 3821 3558 3878 viarum
3581 3821 3708 3879 Dei.

2234 3904 2237 3906 ’
2321 3901 2410 3959 47.
2449 3903 2638 3962 Prima
2667 3911 2719 3962 et
2741 3906 2974 3962 nobilior
2998 3915 3248 3966 creatura
3273 3910 3382 3982 fuit
3407 3912 3623 3984 angelus
3653 3911 3748 3984 qui
3773 3926 3845 3966 ce-

2249 3991 2395 4048 cidit.
2424 4021 2497 4036 —-
2524 3993 2692 4050 Velut
2733 3994 2780 4051 si
2827 4006 3010 4068 aperte
3055 3999 3306 4056 diceret:
3357 4000 3570 4058 Idcirco
3613 4000 3686 4057 ad
3731 4009 3838 4056 tam

2249 4079 2424 4137 multa
2468 4081 2686 4140 fortiter
2720 4083 2944 4155 sufﬁcit,
2994 4087 3125 4160 quia
3153 4089 3212 4145 in
3240 4097 3438 4146 natura
3479 4105 3659 4147 rerum
3691 4089 3841 4147 hunc

2247 4171 2481 4228 creando
2528 4189 2623 4244 per
2667 4172 3030 4232 substantiam
3076 4176 3330 4235 conditor
3379 4179 3615 4252 primum
3657 4180 3790 4238 fecit
3821 4196 3834 4234 :

2247 4257 2391 4326 Quid
2421 4259 2569 4316 enim
2601 4261 2720 4318 vias
2745 4263 2868 4332 Dei,
2914 4264 3023 4322 nisi
3055 4265 3174 4338 ejus
3211 4269 3454 4326 actiones
3490 4268 3838 4342 accipimus?

2243 4349 2322 4406 De
2341 4349 2542 4424 quibus
2561 4367 2657 4424 per
2669 4352 2992 4426 prophetam
3003 4355 3140 4414 dicit
3159 4375 3172 4415 :
3185 4359 3307 4416 Non
3324 4360 3459 4415 enim
3470 4366 3593 4416 sunt
3606 4361 3708 4428 eice
3719 4377 3842 4417 mea

532 4439 633 4495 cies
661 4457 862 4498 eorum.
897 4443 1053 4516 Nigri
1093 4445 1242 4502 enim
1271 4457 1394 4520 post
1437 4450 1729 4508 candorem
1775 4452 1938 4525 ﬁunt,
1981 4456 2128 4528 quia,

2259 4441 2376 4498 ricut
2399 4443 2496 4500 via:
2521 4449 2706 4500 vestra
2733 4444 2887 4518 (Isai.
2919 4463 3012 4517 Lv,
3041 4449 3122 4523 8).
3152 4451 3224 4507 Et
3253 4453 3590 4525 principium
3618 4455 3836 4510 viarum

530 4528 732 4586 amissa
769 4531 870 4588 Dei
907 4531 1144 4604 justitia,
1195 4553 1322 4594 cum
1369 4536 1437 4595 de
1479 4557 1536 4597 se
1573 4550 1931 4614 praesumunt,
1983 4543 2040 4600 in
2070 4560 2132 4602 ea

2259 4532 2340 4588 )ei
2383 4531 2690 4590 Bebemoth
2738 4532 2944 4592 dicitur
2993 4537 3095 4610 (De
3123 4540 3334 4610 pauit,
3381 4541 3504 4597 dist.
3531 4543 3593 4642 ‘2,
3638 4559 3687 4599 c.
3719 4541 3832 4642 44),

533 4619 706 4676 etiam
735 4636 856 4694 quas
884 4638 996 4679 non
1037 4624 1378 4700 intelligunt,
1430 4641 1649 4703 peccata
1676 4632 2028 4702 dilabuntur;
2075 4643 2130 4692 et

2259 4620 2368 4692 [uia
2394 4621 2662 4680 nimirum
2690 4640 2818 4683 cum
2855 4633 3057 4683 cuncta
3080 4643 3270 4686 creans
3296 4638 3498 4702 ageret,
3531 4629 3686 4690 hunc
3713 4631 3834 4705 pri—

529 4710 662 4784 quia
693 4717 817 4783 post
846 4714 1054 4772 amoris
1085 4716 1266 4788 ignem
1295 4719 1366 4776 ad
1395 4719 1570 4794 frigus
1607 4722 1843 4795 torporis
1871 4724 2124 4793 veniunt,

535 4799 818 4822 ----A:..-A:-
849 4799 1139 4822 -__L_‘91,,
1204 4821 1237 4822 ,,
1543 4809 1578 4822 .-
1855 4809 1876 4822 Α
2016 4819 2026 4822 -

2259 4725 2388 4768 num
2419 4713 2690 4784 condidit,
2724 4731 2887 4790 quem
2916 4717 3144 4791 reliquis
3172 4720 3380 4792 angelis
3407 4721 3830 4793 eminentiorem

529 4799 822 4858 exstinctis
843 4799 1174 4862 carbonibus
1193 4821 1264 4861 ex
1283 4809 1711 4880 comparatione,
1735 4809 2119 4882 praeferuntur.
2233 4799 2382 4859 ῗθοίῖ·
2403 4803 2580 4876 Huius
2599 4805 2868 4878 Primam18
2881 4807 3238 4866 eminentiam
3268 4811 3537 4884 θοῖιδῐιίοίι
3561 4812 3830 4886 Propheta

528 4888 938 4964 Nonnunquam
967 4893 1116 4948 enim
1145 4892 1280 4950 dum
1305 4893 1562 4952 timorem
1591 4898 1692 4954 Dei
1731 4914 1828 4971 per
1853 4899 1941 4957 sui
1969 4899 2124 4957 ﬁdu-
2231 4909 2359 4950 cum
2390 4895 2528 4953 dicit
2559 4913 2572 4952 ε
2619 4897 2780 4954 0θάνὶ
2811 4905 3001 4964 1072
3025 4918 3131 4958 non
3157 4901 3380 4974 fuerunt
3401 4903 3620 4961 altiores
3647 4904 3744 4962 illo
3775 4905 3830 4961 in

527 4977 672 5034 ciam
701 4978 985 5046 deserunt,
1033 4981 1201 5036 etiam
1246 4982 1464 5056 frigidis
1505 4985 1782 5046 mentibus
1809 4987 2120 5062 frigidiores
2223 4989 2484 5064 paradiso
2513 4995 2654 5063 Dei;
2682 4997 2870 5054 abietes
2897 5015 3004 5054 non
3030 5001 3448 5074 adaquaverunt
3473 5005 3822 5062 summitatem

525 5067 689 5126 ﬁunt.
718 5070 800 5128 De
827 5069 1030 5144 quibus
1057 5079 1202 5128 recte
1221 5071 1575 5148 subjungitur
1595 5093 1607 5132 :
1631 5077 1751 5134 Non
1779 5084 1904 5134 sunt
1928 5080 2122 5152 cogniti
2227 5082 2382 5153 ejus;
2406 5085 2616 5156 platani
2660 5103 2765 5144 non
2805 5089 3026 5160 fuerunt
3053 5092 3073 5126 ⁷
3121 5067 3286 5164 (equae
3317 5093 3598 5165 frondibus
3633 5095 3826 5160 illius;

523 5157 582 5212 in
611 5160 825 5230 plateis.
879 5161 1066 5218 Platea
1117 5160 1316 5234 quippe
1372 5165 1640 5223 sermonis
1687 5167 1865 5227 Graeci
1907 5170 2118 5228 ratione
2226 5187 2375 5228 omne
2405 5174 2604 5248 lignum
2625 5157 2876 5248 paradisi
2910 5179 3010 5236 Dei
3035 5197 3140 5237 non
3168 5157 3242 5238 est
3279 5157 3636 5241 assimilatum
3662 5185 3750 5241 illi
3776 5157 3825 5239 et

597 5356 612 5427 ξ
644 5355 815 5427 Laud.
827 5402 841 5427 ,
870 5359 1058 5416 eboris.

593 5425 615 5459 ²
645 5425 905 5518 Χίηάοδη
932 5432 1156 5518 Ebrpic.
1179 5435 1384 5518 aliique
1401 5437 1613 5506 Norm.,
1635 5438 1825 5494 studiis
1835 5439 2112 5512 fer‘ventio-

520 5513 622 5576 res.
641 5497 865 5576 _Gerr_n.,
891 5497 1061 5560 studii
1084 5497 1445 5576 ferventiores.

591 5570 612 5646 ξ’
639 5567 1241 5646 Daudwpoluptatibus.

589 5639 610 5674 ἰ
641 5637 804 5766 (ἔοι-13.
821 5628 1394 5722 ’ϐθιέηῖξὲίῗὶἶίάοοη
1419 5628 1676 5726 proprias
1704 5656 1994 5712 voluntates
2021 5671 2110 5712 se-

589 5726 658 5766 un
684 5727 770 5766 ur.

513 5726 770 5782 quuntur.

2295 5373 2317 5406 ⁵
2343 5365 2475 5456 Duo
2495 5376 2705 5446 Germ.,
2746 5376 2974 5446 Turon.,
3008 5377 3252 5448 Ebroic.,
3280 5380 3572 5454 caaterique
3600 5382 3814 5450 Norm.,

2218 5460 2244 5498 c
2309 5451 2410 5500 n't'
2511 5491 2523 5504 .

2245 5461 2800 5610 ogiritgioéepovGermz,
2833 5521 3062 5592 Turon.,
3103 5525 3364 5610 Vindoc.,
3393 5526 3606 5610 Norm.,
3636 5526 3811 5610 Laud.

2217 5595 2272 5644 et
2288 5588 2422 5678 "val.
2449 5588 2790 5678 CILAVulgati
2806 5608 2954 5678 vero,
2986 5588 3176 5678 magna
3194 5600 3276 5678 uel
3303 5588 3519 5678 operari
3541 5588 3734 5670 posset.

2288 5660 2308 5692 ⁷
2340 5659 2504 5732 Apud
2533 5661 2800 5733 Gratiam,
2831 5659 2952 5724 loco
2981 5659 3273 5740 assignato,
3313 5659 3558 5742 équales:
