  <div class='ocr_page' id='page_1' title='image "/cluster/home/n/w/nwhite01/storage/ocr_20150623/76/hvd.32044052772456/340.png"; bbox 0 0 4156 6178; ppageno 0'>
   <div class='ocr_carea' id='block_1_1' title="bbox 302 256 406 314">
    <p class='ocr_par' dir='ltr' id='par_1_1' title="bbox 302 256 406 314">
     <span class='ocr_line' id='line_1_1' title="bbox 302 256 406 314; baseline 0 0"><span class='ocrx_word' id='word_1_1' title='bbox 302 256 406 314; x_wconf 80' lang='lat'>665</span> 
     </span>
    </p>
   </div>
   <div class='ocr_carea' id='block_1_2' title="bbox 295 378 2449 468">
    <p class='ocr_par' dir='ltr' id='par_1_2' title="bbox 295 378 2449 468">
     <span class='ocr_line' id='line_1_2' title="bbox 295 378 2449 468; baseline 0.016 -34"><span class='ocrx_word' id='word_1_2' title='bbox 295 378 685 454; x_wconf 77' lang='lat' dir='ltr'>pulchritudini</span> <span class='ocrx_word' id='word_1_3' title='bbox 728 385 862 457; x_wconf 82' lang='lat' dir='ltr'>ejus,</span> <span class='ocrx_word' id='word_1_4' title='bbox 908 389 1159 460; x_wconf 84' lang='lat' dir='ltr'>quoniam</span> <span class='ocrx_word' id='word_1_5' title='bbox 1198 392 1484 464; x_wconf 83' lang='lat' dir='ltr'>speciosum</span> <span class='ocrx_word' id='word_1_6' title='bbox 1526 394 1649 468; x_wconf 86' lang='lat' dir='ltr'>fecit</span> <span class='ocrx_word' id='word_1_7' title='bbox 1690 414 1807 454; x_wconf 84' lang='lat' dir='ltr'>eum</span> <span class='ocrx_word' id='word_1_8' title='bbox 1833 400 1894 456; x_wconf 90' lang='lat' dir='ltr'>in</span> <span class='ocrx_word' id='word_1_9' title='bbox 1925 401 1971 468; x_wconf 88' lang='grc' dir='ltr'><strong>Α</strong></span> <span class='ocrx_word' id='word_1_10' title='bbox 2004 420 2140 465; x_wconf 90' lang='lat' dir='ltr'>rere.</span> <span class='ocrx_word' id='word_1_11' title='bbox 2189 407 2246 465; x_wconf 93' lang='lat' dir='ltr'>Si</span> <span class='ocrx_word' id='word_1_12' title='bbox 2302 410 2449 467; x_wconf 91' lang='lat' dir='ltr'>enim</span> 
     </span>
    </p>
   </div>
   <div class='ocr_carea' id='block_1_3' title="bbox 300 469 1893 562">
    <p class='ocr_par' dir='ltr' id='par_1_3' title="bbox 300 469 1893 562">
     <span class='ocr_line' id='line_1_3' title="bbox 300 469 1893 562; baseline 0.014 -38"><span class='ocrx_word' id='word_1_13' title='bbox 300 469 483 525; x_wconf 83' lang='lat' dir='ltr'>multis</span> <span class='ocrx_word' id='word_1_14' title='bbox 525 474 893 548; x_wconf 80' lang='lat' dir='ltr'>condensiqu</span> <span class='ocrx_word' id='word_1_15' title='bbox 935 477 1218 551; x_wconf 78' lang='lat' dir='ltr'>frondibus</span> <span class='ocrx_word' id='word_1_16' title='bbox 1278 482 1494 556; x_wconf 82' lang='lat' dir='ltr'>(Ezech.</span> <span class='ocrx_word' id='word_1_17' title='bbox 1535 502 1700 557; x_wconf 83' lang='lat' dir='ltr'>xxxr,</span> <span class='ocrx_word' id='word_1_18' title='bbox 1732 488 1787 557; x_wconf 89' lang='lat'>8,</span> <span class='ocrx_word' id='word_1_19' title='bbox 1810 488 1893 562; x_wconf 89' lang='lat'>9).</span> 
     </span>
    </p>
   </div>
   <div class='ocr_carea' id='block_1_4' title="bbox 306 562 1897 653">
    <p class='ocr_par' dir='ltr' id='par_1_4' title="bbox 306 562 1897 653">
     <span class='ocr_line' id='line_1_4' title="bbox 306 562 1897 653; baseline 0.013 -35"><span class='ocrx_word' id='word_1_20' title='bbox 306 562 322 597; x_wconf 85' lang='grc'>¹</span> <span class='ocrx_word' id='word_1_21' title='bbox 356 562 464 631; x_wconf 87' lang='lat' dir='ltr'>Qui</span> <span class='ocrx_word' id='word_1_22' title='bbox 500 581 737 640; x_wconf 82' lang='lat' dir='ltr'>namque</span> <span class='ocrx_word' id='word_1_23' title='bbox 755 569 931 643; x_wconf 85' lang='lat' dir='ltr'>accipi</span> <span class='ocrx_word' id='word_1_24' title='bbox 961 571 1018 627; x_wconf 91' lang='lat' dir='ltr'>in</span> <span class='ocrx_word' id='word_1_25' title='bbox 1040 573 1238 644; x_wconf 89' lang='lat' dir='ltr'>cedris,</span> <span class='ocrx_word' id='word_1_26' title='bbox 1270 575 1547 635; x_wconf 86' lang='lat' dir='ltr'>abietibus</span> <span class='ocrx_word' id='word_1_27' title='bbox 1575 588 1629 637; x_wconf 90' lang='lat' dir='ltr'>et</span> <span class='ocrx_word' id='word_1_28' title='bbox 1655 580 1897 653; x_wconf 81' lang='lat' dir='ltr'>platanis</span> 
     </span>
    </p>
   </div>
   <div class='ocr_carea' id='block_1_5' title="bbox 300 657 1896 741">
    <p class='ocr_par' dir='ltr' id='par_1_5' title="bbox 300 657 1896 741">
     <span class='ocr_line' id='line_1_5' title="bbox 300 657 1896 741; baseline 0.013 -34"><span class='ocrx_word' id='word_1_29' title='bbox 300 662 552 724; x_wconf 91' lang='lat' dir='ltr'>possunt,</span> <span class='ocrx_word' id='word_1_30' title='bbox 587 657 698 712; x_wconf 87' lang='lat' dir='ltr'>nisi</span> <span class='ocrx_word' id='word_1_31' title='bbox 728 658 823 715; x_wconf 90' lang='lat' dir='ltr'>illa</span> <span class='ocrx_word' id='word_1_32' title='bbox 851 661 1123 719; x_wconf 89' lang='lat' dir='ltr'>virtutum</span> <span class='ocrx_word' id='word_1_33' title='bbox 1154 665 1459 723; x_wconf 70' lang='lat' dir='ltr'>caelestium</span> <span class='ocrx_word' id='word_1_34' title='bbox 1480 685 1721 741; x_wconf 74' lang='lat' dir='ltr'>procerae</span> <span class='ocrx_word' id='word_1_35' title='bbox 1741 671 1896 728; x_wconf 90' lang='lat' dir='ltr'>celsi-</span> 
     </span>
    </p>
   </div>
   <div class='ocr_carea' id='block_1_6' title="bbox 301 743 1898 833">
    <p class='ocr_par' dir='ltr' id='par_1_6' title="bbox 301 743 1898 833">
     <span class='ocr_line' id='line_1_6' title="bbox 301 743 1898 833; baseline 0.013 -35"><span class='ocrx_word' id='word_1_36' title='bbox 301 743 519 833; x_wconf 81' lang='lat' dir='ltr'>tudinis</span> <span class='ocrx_word' id='word_1_37' title='bbox 539 749 759 820; x_wconf 83' lang='lat' dir='ltr'>agmina</span> <span class='ocrx_word' id='word_1_38' title='bbox 776 751 833 807; x_wconf 89' lang='lat' dir='ltr'>in</span> <span class='ocrx_word' id='word_1_39' title='bbox 854 760 1069 810; x_wconf 69' lang='lat' dir='ltr'>aeternis</span> <span class='ocrx_word' id='word_1_40' title='bbox 1092 755 1298 813; x_wconf 74' lang='lat' dir='ltr'>laetitiae</span> <span class='ocrx_word' id='word_1_41' title='bbox 1320 757 1604 816; x_wconf 78' lang='lat' dir='ltr'>viriditate</span> <span class='ocrx_word' id='word_1_42' title='bbox 1623 760 1898 833; x_wconf 82' lang='lat' dir='ltr'>plantata?</span> 
     </span>
    </p>
   </div>
   <div class='ocr_carea' id='block_1_7' title="bbox 302 832 1899 918">
    <p class='ocr_par' dir='ltr' id='par_1_7' title="bbox 302 832 1899 918">
     <span class='ocr_line' id='line_1_7' title="bbox 302 832 1899 918; baseline 0.014 -31"><span class='ocrx_word' id='word_1_43' title='bbox 302 832 436 901; x_wconf 71' lang='lat' dir='ltr'>Qum</span> <span class='ocrx_word' id='word_1_44' title='bbox 472 838 727 908; x_wconf 88' lang='lat' dir='ltr'>quamvis</span> <span class='ocrx_word' id='word_1_45' title='bbox 754 842 967 899; x_wconf 88' lang='lat' dir='ltr'>excelsa</span> <span class='ocrx_word' id='word_1_46' title='bbox 995 844 1106 900; x_wconf 90' lang='lat' dir='ltr'>sint</span> <span class='ocrx_word' id='word_1_47' title='bbox 1135 846 1378 918; x_wconf 88' lang='lat' dir='ltr'>condita,</span> <span class='ocrx_word' id='word_1_48' title='bbox 1410 848 1544 905; x_wconf 90' lang='lat' dir='ltr'>huic</span> <span class='ocrx_word' id='word_1_49' title='bbox 1586 832 1769 907; x_wconf 84' lang='lat' dir='ltr'>tamen</span> <span class='ocrx_word' id='word_1_50' title='bbox 1798 867 1899 909; x_wconf 91' lang='lat' dir='ltr'>nec</span> 
     </span>
    </p>
   </div>
   <div class='ocr_carea' id='block_1_8' title="bbox 303 923 1897 1009">
    <p class='ocr_par' dir='ltr' id='par_1_8' title="bbox 303 923 1897 1009">
     <span class='ocr_line' id='line_1_8' title="bbox 303 923 1897 1009; baseline 0.012 -32"><span class='ocrx_word' id='word_1_51' title='bbox 303 923 530 995; x_wconf 79' lang='lat' dir='ltr'>praelata</span> <span class='ocrx_word' id='word_1_52' title='bbox 562 936 693 984; x_wconf 88' lang='lat' dir='ltr'>sunt</span> <span class='ocrx_word' id='word_1_53' title='bbox 723 972 739 997; x_wconf 94' lang='lat'>,</span> <span class='ocrx_word' id='word_1_54' title='bbox 772 947 872 987; x_wconf 90' lang='lat' dir='ltr'>nec</span> <span class='ocrx_word' id='word_1_55' title='bbox 900 942 1130 1006; x_wconf 85' lang='lat' dir='ltr'>aequata.</span> <span class='ocrx_word' id='word_1_56' title='bbox 1165 935 1272 1003; x_wconf 91' lang='lat' dir='ltr'>Qui</span> <span class='ocrx_word' id='word_1_57' title='bbox 1301 938 1585 1009; x_wconf 88' lang='lat' dir='ltr'>speciosus</span> <span class='ocrx_word' id='word_1_58' title='bbox 1614 940 1793 998; x_wconf 87' lang='lat' dir='ltr'>factus</span> <span class='ocrx_word' id='word_1_59' title='bbox 1837 940 1897 996; x_wconf 90' lang='lat' dir='ltr'>in</span> 
     </span>
    </p>
   </div>
   <div class='ocr_carea' id='block_1_9' title="bbox 304 1014 1932 1104">
    <p class='ocr_par' dir='ltr' id='par_1_9' title="bbox 304 1014 1932 1104">
     <span class='ocr_line' id='line_1_9' title="bbox 304 1014 1932 1104; baseline 0.012 -36"><span class='ocrx_word' id='word_1_60' title='bbox 304 1014 500 1071; x_wconf 89' lang='lat' dir='ltr'>multis</span> <span class='ocrx_word' id='word_1_61' title='bbox 543 1018 944 1094; x_wconf 86' lang='lat' dir='ltr'>condensisque</span> <span class='ocrx_word' id='word_1_62' title='bbox 989 1023 1281 1081; x_wconf 85' lang='lat' dir='ltr'>frondibus</span> <span class='ocrx_word' id='word_1_63' title='bbox 1331 1043 1447 1083; x_wconf 90' lang='lat' dir='ltr'>esse</span> <span class='ocrx_word' id='word_1_64' title='bbox 1495 1027 1721 1100; x_wconf 90' lang='lat' dir='ltr'>dicitur,</span> <span class='ocrx_word' id='word_1_65' title='bbox 1770 1030 1932 1104; x_wconf 86' lang='lat' dir='ltr'>quia&#39;</span> 
     </span>
    </p>
   </div>
   <div class='ocr_carea' id='block_1_10' title="bbox 303 1104 1900 1194">
    <p class='ocr_par' dir='ltr' id='par_1_10' title="bbox 303 1104 1900 1194">
     <span class='ocr_line' id='line_1_10' title="bbox 303 1104 1900 1194; baseline 0.011 -35"><span class='ocrx_word' id='word_1_66' title='bbox 303 1104 590 1194; x_wconf 82' lang='lat' dir='ltr'>praelatum</span> <span class='ocrx_word' id='word_1_67' title='bbox 646 1108 856 1164; x_wconf 62' lang='lat' dir='ltr'>caeteris</span> <span class='ocrx_word' id='word_1_68' title='bbox 903 1111 1232 1185; x_wconf 80' lang='lat' dir='ltr'>legionibus,</span> <span class='ocrx_word' id='word_1_69' title='bbox 1282 1125 1435 1174; x_wconf 85' lang='lat' dir='ltr'>tanta</span> <span class='ocrx_word' id='word_1_70' title='bbox 1485 1117 1644 1175; x_wconf 91' lang='lat' dir='ltr'>illum</span> <span class='ocrx_word' id='word_1_71' title='bbox 1691 1120 1900 1194; x_wconf 87' lang='lat' dir='ltr'>species</span> 
     </span>
    </p>
   </div>
   <div class='ocr_carea' id='block_1_11' title="bbox 301 1192 1899 1283">
    <p class='ocr_par' dir='ltr' id='par_1_11' title="bbox 301 1192 1899 1283">
     <span class='ocr_line' id='line_1_11' title="bbox 301 1192 1899 1283; baseline 0.012 -36"><span class='ocrx_word' id='word_1_72' title='bbox 301 1192 679 1265; x_wconf 88' lang='lat' dir='ltr'>pulchriorem</span> <span class='ocrx_word' id='word_1_73' title='bbox 710 1198 973 1267; x_wconf 82' lang='lat' dir='ltr'>reddidit,</span> <span class='ocrx_word' id='word_1_74' title='bbox 1006 1203 1028 1237; x_wconf 80' lang='grc'>²</span> <span class='ocrx_word' id='word_1_75' title='bbox 1053 1213 1257 1277; x_wconf 88' lang='lat' dir='ltr'>quanta</span> <span class='ocrx_word' id='word_1_76' title='bbox 1285 1215 1339 1263; x_wconf 88' lang='lat' dir='ltr'>et</span> <span class='ocrx_word' id='word_1_77' title='bbox 1368 1208 1649 1281; x_wconf 89' lang='lat' dir='ltr'>supposita</span> <span class='ocrx_word' id='word_1_78' title='bbox 1683 1192 1899 1283; x_wconf 83' lang='lat' dir='ltr'>angelo-</span> 
     </span>
    </p>
   </div>
   <div class='ocr_carea' id='block_1_12' title="bbox 303 1283 1901 1372">
    <p class='ocr_par' dir='ltr' id='par_1_12' title="bbox 303 1283 1901 1372">
     <span class='ocr_line' id='line_1_12' title="bbox 303 1283 1901 1372; baseline 0.012 -35"><span class='ocrx_word' id='word_1_79' title='bbox 303 1298 427 1338; x_wconf 86' lang='lat' dir='ltr'>rum</span> <span class='ocrx_word' id='word_1_80' title='bbox 458 1283 762 1343; x_wconf 74' lang='lat' dir='ltr'>multitudo</span> <span class='ocrx_word' id='word_1_81' title='bbox 791 1288 1092 1350; x_wconf 82' lang='lat' dir='ltr'>decoravit.</span> <span class='ocrx_word' id='word_1_82' title='bbox 1115 1295 1228 1351; x_wconf 88' lang='lat' dir='ltr'>Ista</span> <span class='ocrx_word' id='word_1_83' title='bbox 1256 1295 1418 1353; x_wconf 88' lang='lat' dir='ltr'>arbor</span> <span class='ocrx_word' id='word_1_84' title='bbox 1433 1296 1492 1353; x_wconf 91' lang='lat' dir='ltr'>in</span> <span class='ocrx_word' id='word_1_85' title='bbox 1519 1298 1773 1372; x_wconf 86' lang='lat' dir='ltr'>paradiso</span> <span class='ocrx_word' id='word_1_86' title='bbox 1800 1299 1901 1357; x_wconf 89' lang='lat' dir='ltr'>Dei</span> 
     </span>
    </p>
   </div>
   <div class='ocr_carea' id='block_1_13' title="bbox 301 1379 1901 1466">
    <p class='ocr_par' dir='ltr' id='par_1_13' title="bbox 301 1379 1901 1466">
     <span class='ocr_line' id='line_1_13' title="bbox 301 1379 1901 1466; baseline 0.01 -34"><span class='ocrx_word' id='word_1_87' title='bbox 301 1384 382 1434; x_wconf 87' lang='lat' dir='ltr'>tot</span> <span class='ocrx_word' id='word_1_88' title='bbox 406 1379 564 1451; x_wconf 91' lang='lat' dir='ltr'>quasi</span> <span class='ocrx_word' id='word_1_89' title='bbox 594 1380 897 1441; x_wconf 76' lang='lat' dir='ltr'>condensae</span> <span class='ocrx_word' id='word_1_90' title='bbox 922 1385 1145 1446; x_wconf 91' lang='lat' dir='ltr'>frondes</span> <span class='ocrx_word' id='word_1_91' title='bbox 1174 1388 1390 1460; x_wconf 88' lang='lat' dir='ltr'>habuit,</span> <span class='ocrx_word' id='word_1_92' title='bbox 1413 1401 1549 1466; x_wconf 88' lang='lat' dir='ltr'>quot</span> <span class='ocrx_word' id='word_1_93' title='bbox 1563 1392 1666 1449; x_wconf 90' lang='lat' dir='ltr'>sub</span> <span class='ocrx_word' id='word_1_94' title='bbox 1687 1410 1744 1450; x_wconf 89' lang='lat' dir='ltr'>se</span> <span class='ocrx_word' id='word_1_95' title='bbox 1759 1394 1901 1465; x_wconf 85' lang='lat' dir='ltr'>posi-</span> 
     </span>
    </p>
   </div>
   <div class='ocr_carea' id='block_1_14' title="bbox 304 1478 1902 1555">
    <p class='ocr_par' dir='ltr' id='par_1_14' title="bbox 304 1478 1902 1555">
     <span class='ocr_line' id='line_1_14' title="bbox 304 1478 1902 1555; baseline 0.01 -29"><span class='ocrx_word' id='word_1_96' title='bbox 304 1478 384 1527; x_wconf 89' lang='lat' dir='ltr'>tas</span> <span class='ocrx_word' id='word_1_97' title='bbox 404 1488 768 1545; x_wconf 85' lang='lat' dir='ltr'>supernorum</span> <span class='ocrx_word' id='word_1_98' title='bbox 793 1478 1091 1551; x_wconf 84' lang='lat' dir='ltr'>spirituum</span> <span class='ocrx_word' id='word_1_99' title='bbox 1124 1482 1364 1555; x_wconf 84' lang='lat' dir='ltr'>legiones</span> <span class='ocrx_word' id='word_1_100' title='bbox 1402 1485 1660 1541; x_wconf 90' lang='lat' dir='ltr'>attendit.</span> <span class='ocrx_word' id='word_1_101' title='bbox 1679 1484 1787 1552; x_wconf 88' lang='lat' dir='ltr'>Qui</span> <span class='ocrx_word' id='word_1_102' title='bbox 1815 1484 1902 1541; x_wconf 90' lang='lat' dir='ltr'>id-</span> 
     </span>
    </p>
   </div>
   <div class='ocr_carea' id='block_1_15' title="bbox 299 1562 1903 1649">
    <p class='ocr_par' dir='ltr' id='par_1_15' title="bbox 299 1562 1903 1649">
     <span class='ocr_line' id='line_1_15' title="bbox 299 1562 1903 1649; baseline 0.008 -30"><span class='ocrx_word' id='word_1_103' title='bbox 299 1562 449 1620; x_wconf 91' lang='lat' dir='ltr'>circo</span> <span class='ocrx_word' id='word_1_104' title='bbox 478 1579 711 1637; x_wconf 88' lang='lat' dir='ltr'>peccans</span> <span class='ocrx_word' id='word_1_105' title='bbox 740 1566 857 1623; x_wconf 91' lang='lat' dir='ltr'>sine</span> <span class='ocrx_word' id='word_1_106' title='bbox 889 1569 1052 1626; x_wconf 89' lang='lat' dir='ltr'>venia</span> <span class='ocrx_word' id='word_1_107' title='bbox 1077 1570 1372 1630; x_wconf 88' lang='lat' dir='ltr'>damnatus</span> <span class='ocrx_word' id='word_1_108' title='bbox 1401 1584 1502 1644; x_wconf 88' lang='lat' dir='ltr'>est,</span> <span class='ocrx_word' id='word_1_109' title='bbox 1522 1576 1652 1649; x_wconf 85' lang='lat' dir='ltr'>quia</span> <span class='ocrx_word' id='word_1_110' title='bbox 1671 1592 1903 1647; x_wconf 87' lang='lat' dir='ltr'>magnus</span> 
     </span>
    </p>
   </div>
   <div class='ocr_carea' id='block_1_16' title="bbox 300 1652 1901 1727">
    <p class='ocr_par' dir='ltr' id='par_1_16' title="bbox 300 1652 1901 1727">
     <span class='ocr_line' id='line_1_16' title="bbox 300 1652 1901 1727; baseline 0.008 -20"><span class='ocrx_word' id='word_1_111' title='bbox 300 1652 419 1709; x_wconf 90' lang='lat' dir='ltr'>sine</span> <span class='ocrx_word' id='word_1_112' title='bbox 461 1654 871 1727; x_wconf 85' lang='lat' dir='ltr'>comparatione</span> <span class='ocrx_word' id='word_1_113' title='bbox 921 1657 1102 1716; x_wconf 85' lang='lat' dir='ltr'>fuerat</span> <span class='ocrx_word' id='word_1_114' title='bbox 1150 1670 1389 1719; x_wconf 89' lang='lat' dir='ltr'>creatus.</span> <span class='ocrx_word' id='word_1_115' title='bbox 1432 1663 1574 1720; x_wconf 88' lang='lat' dir='ltr'>Hinc</span> <span class='ocrx_word' id='word_1_116' title='bbox 1600 1664 1652 1720; x_wconf 90' lang='lat' dir='ltr'>ei</span> <span class='ocrx_word' id='word_1_117' title='bbox 1682 1681 1901 1722; x_wconf 85' lang='lat' dir='ltr'>rursum</span> 
     </span>
    </p>
   </div>
   <div class='ocr_carea' id='block_1_17' title="bbox 302 1744 1905 1852">
    <p class='ocr_par' dir='ltr' id='par_1_17' title="bbox 302 1744 1901 1827">
     <span class='ocr_line' id='line_1_17' title="bbox 302 1744 1901 1827; baseline 0.006 -27"><span class='ocrx_word' id='word_1_118' title='bbox 302 1760 399 1817; x_wconf 89' lang='lat' dir='ltr'>per</span> <span class='ocrx_word' id='word_1_119' title='bbox 424 1744 678 1802; x_wconf 91' lang='lat' dir='ltr'>eumdem</span> <span class='ocrx_word' id='word_1_120' title='bbox 712 1747 1034 1821; x_wconf 83' lang='lat' dir='ltr'>prophetam</span> <span class='ocrx_word' id='word_1_121' title='bbox 1064 1751 1272 1810; x_wconf 90' lang='lat' dir='ltr'>dicitur</span> <span class='ocrx_word' id='word_1_122' title='bbox 1311 1772 1323 1809; x_wconf 95' lang='lat'>:</span> <span class='ocrx_word' id='word_1_123' title='bbox 1366 1756 1443 1811; x_wconf 89' lang='lat' dir='ltr'>Tu</span> <span class='ocrx_word' id='word_1_124' title='bbox 1472 1755 1804 1827; x_wconf 76' lang='lat' dir='ltr'>signaculum</span> <span class='ocrx_word' id='word_1_125' title='bbox 1831 1756 1901 1810; x_wconf 86' lang='lat' dir='ltr'>si-</span> 
     </span>
    </p>
   </div>
   <div class='ocr_carea' id='block_1_18' title="bbox 2011 1744 2611 1852">
    <p class='ocr_par' dir='ltr' id='par_1_18' title="bbox 2014 1744 2611 1852">
     <span class='ocr_line' id='line_1_18' title="bbox 2014 1744 2611 1852; baseline 0.015 -25"><span class='ocrx_word' id='word_1_126' title='bbox 2014 1744 2228 1844; x_wconf 58' lang='lat' dir='ltr'>(Esech.</span> <span class='ocrx_word' id='word_1_127' title='bbox 2261 1793 2463 1845; x_wconf 85' lang='lat' dir='ltr'>xxvm,</span> <span class='ocrx_word' id='word_1_128' title='bbox 2491 1744 2611 1852; x_wconf 50' lang='lat' dir='ltr'>lli).</span> 
     </span>
    </p>
   </div>
   <div class='ocr_carea' id='block_1_19' title="bbox 302 1836 1899 1917">
    <p class='ocr_par' dir='ltr' id='par_1_19' title="bbox 302 1836 1899 1917">
     <span class='ocr_line' id='line_1_19' title="bbox 302 1836 1899 1917; baseline 0.008 -27"><span class='ocrx_word' id='word_1_129' title='bbox 302 1836 623 1893; x_wconf 86' lang='lat' dir='ltr'>militudinis</span> <span class='ocrx_word' id='word_1_130' title='bbox 649 1838 770 1906; x_wconf 86' lang='lat' dir='ltr'>Dei,</span> <span class='ocrx_word' id='word_1_131' title='bbox 794 1841 989 1912; x_wconf 86' lang='lat' dir='ltr'>plenus</span> <span class='ocrx_word' id='word_1_132' title='bbox 1015 1844 1275 1914; x_wconf 85' lang='lat' dir='ltr'>sapienita</span> <span class='ocrx_word' id='word_1_133' title='bbox 1305 1851 1353 1900; x_wconf 84' lang='lat' dir='ltr'>et</span> <span class='ocrx_word' id='word_1_134' title='bbox 1388 1846 1658 1917; x_wconf 79' lang='lat' dir='ltr'>perfectus</span> <span class='ocrx_word' id='word_1_135' title='bbox 1694 1847 1899 1912; x_wconf 80' lang='lat' dir='ltr'>decore,</span> 
     </span>
    </p>
   </div>
   <div class='ocr_carea' id='block_1_20' title="bbox 301 1924 1897 2009">
    <p class='ocr_par' dir='ltr' id='par_1_20' title="bbox 301 1924 1897 2009">
     <span class='ocr_line' id='line_1_20' title="bbox 301 1924 1897 2009; baseline 0.01 -31"><span class='ocrx_word' id='word_1_136' title='bbox 301 1924 365 1979; x_wconf 89' lang='lat' dir='ltr'>in</span> <span class='ocrx_word' id='word_1_137' title='bbox 393 1928 592 1984; x_wconf 80' lang='lat' dir='ltr'>deliciis</span> <span class='ocrx_word' id='word_1_138' title='bbox 604 1931 855 2002; x_wconf 80' lang='lat' dir='ltr'>paradisi</span> <span class='ocrx_word' id='word_1_139' title='bbox 882 1935 983 1992; x_wconf 90' lang='lat' dir='ltr'>Dei</span> <span class='ocrx_word' id='word_1_140' title='bbox 1008 1935 1165 2007; x_wconf 80' lang='lat' dir='ltr'>fuisti</span> <span class='ocrx_word' id='word_1_141' title='bbox 1190 1937 1424 2008; x_wconf 83' lang='lat' dir='ltr'>(Ezech.</span> <span class='ocrx_word' id='word_1_142' title='bbox 1449 1954 1654 2005; x_wconf 84' lang='lat' dir='ltr'>xxvm,</span> <span class='ocrx_word' id='word_1_143' title='bbox 1676 1938 1761 2005; x_wconf 82' lang='grc'>12,</span> <span class='ocrx_word' id='word_1_144' title='bbox 1784 1938 1897 2009; x_wconf 81' lang='grc'>13).</span> 
     </span>
    </p>
   </div>
   <div class='ocr_carea' id='block_1_21' title="bbox 299 2016 1901 2100">
    <p class='ocr_par' dir='ltr' id='par_1_21' title="bbox 299 2016 1901 2100">
     <span class='ocr_line' id='line_1_21' title="bbox 299 2016 1901 2100; baseline 0.007 -27"><span class='ocrx_word' id='word_1_145' title='bbox 299 2016 480 2075; x_wconf 86' lang='lat' dir='ltr'>Multa</span> <span class='ocrx_word' id='word_1_146' title='bbox 508 2020 653 2077; x_wconf 87' lang='lat' dir='ltr'>enim</span> <span class='ocrx_word' id='word_1_147' title='bbox 691 2021 759 2079; x_wconf 90' lang='lat' dir='ltr'>de</span> <span class='ocrx_word' id='word_1_148' title='bbox 789 2022 909 2096; x_wconf 91' lang='lat' dir='ltr'>ejus</span> <span class='ocrx_word' id='word_1_149' title='bbox 949 2027 1334 2099; x_wconf 77' lang='lat' dir='ltr'>magnitudine</span> <span class='ocrx_word' id='word_1_150' title='bbox 1382 2028 1690 2094; x_wconf 90' lang='lat' dir='ltr'>locuturus,</span> <span class='ocrx_word' id='word_1_151' title='bbox 1721 2028 1901 2100; x_wconf 89' lang='lat' dir='ltr'>primo</span> 
     </span>
    </p>
   </div>
   <div class='ocr_carea' id='block_1_22' title="bbox 303 2107 1902 2191">
    <p class='ocr_par' dir='ltr' id='par_1_22' title="bbox 303 2107 1902 2191">
     <span class='ocr_line' id='line_1_22' title="bbox 303 2107 1902 2191; baseline 0.006 -28"><span class='ocrx_word' id='word_1_152' title='bbox 303 2107 476 2167; x_wconf 85' lang='lat' dir='ltr'>verbo</span> <span class='ocrx_word' id='word_1_153' title='bbox 502 2119 701 2168; x_wconf 87' lang='lat' dir='ltr'>cuncta</span> <span class='ocrx_word' id='word_1_154' title='bbox 728 2115 1049 2187; x_wconf 84' lang='lat' dir='ltr'>complexus</span> <span class='ocrx_word' id='word_1_155' title='bbox 1078 2126 1178 2174; x_wconf 89' lang='lat' dir='ltr'>est.</span> <span class='ocrx_word' id='word_1_156' title='bbox 1202 2117 1347 2186; x_wconf 90' lang='lat' dir='ltr'>Quid</span> <span class='ocrx_word' id='word_1_157' title='bbox 1375 2133 1612 2191; x_wconf 86' lang='lat' dir='ltr'>namque</span> <span class='ocrx_word' id='word_1_158' title='bbox 1635 2117 1770 2174; x_wconf 91' lang='lat' dir='ltr'>boni</span> <span class='ocrx_word' id='word_1_159' title='bbox 1790 2133 1902 2173; x_wconf 91' lang='lat' dir='ltr'>non</span> 
     </span>
    </p>
   </div>
   <div class='ocr_carea' id='block_1_23' title="bbox 302 2196 1903 2274">
    <p class='ocr_par' dir='ltr' id='par_1_23' title="bbox 302 2196 1903 2274">
     <span class='ocr_line' id='line_1_23' title="bbox 302 2196 1903 2274; baseline 0.006 -21"><span class='ocrx_word' id='word_1_160' title='bbox 302 2196 523 2269; x_wconf 89' lang='lat' dir='ltr'>habuit,</span> <span class='ocrx_word' id='word_1_161' title='bbox 542 2201 588 2257; x_wconf 90' lang='lat' dir='ltr'>si</span> <span class='ocrx_word' id='word_1_162' title='bbox 617 2202 961 2274; x_wconf 81' lang='lat' dir='ltr'>signaculum</span> <span class='ocrx_word' id='word_1_163' title='bbox 991 2206 1091 2261; x_wconf 92' lang='lat' dir='ltr'>Dei</span> <span class='ocrx_word' id='word_1_164' title='bbox 1121 2206 1510 2264; x_wconf 89' lang='lat' dir='ltr'>similitudinis</span> <span class='ocrx_word' id='word_1_165' title='bbox 1539 2206 1692 2263; x_wconf 85' lang='lat' dir='ltr'>fuit?</span> <span class='ocrx_word' id='word_1_166' title='bbox 1720 2208 1798 2262; x_wconf 90' lang='lat' dir='ltr'>De</span> <span class='ocrx_word' id='word_1_167' title='bbox 1817 2206 1903 2262; x_wconf 91' lang='lat' dir='ltr'>si-</span> 
     </span>
    </p>
   </div>
   <div class='ocr_carea' id='block_1_24' title="bbox 302 2288 1904 2369">
    <p class='ocr_par' dir='ltr' id='par_1_24' title="bbox 302 2288 1904 2369">
     <span class='ocr_line' id='line_1_24' title="bbox 302 2288 1904 2369; baseline 0.005 -25"><span class='ocrx_word' id='word_1_168' title='bbox 302 2288 438 2360; x_wconf 88' lang='lat' dir='ltr'>gillo</span> <span class='ocrx_word' id='word_1_169' title='bbox 468 2293 670 2365; x_wconf 88' lang='lat' dir='ltr'>quippe</span> <span class='ocrx_word' id='word_1_170' title='bbox 698 2293 894 2349; x_wconf 89' lang='lat' dir='ltr'>annuli</span> <span class='ocrx_word' id='word_1_171' title='bbox 918 2295 1047 2351; x_wconf 91' lang='lat' dir='ltr'>talis</span> <span class='ocrx_word' id='word_1_172' title='bbox 1068 2296 1378 2352; x_wconf 89' lang='lat' dir='ltr'>similitudo</span> <span class='ocrx_word' id='word_1_173' title='bbox 1408 2296 1783 2369; x_wconf 88' lang='lat' dir='ltr'>imaginaliter</span> <span class='ocrx_word' id='word_1_174' title='bbox 1809 2312 1904 2352; x_wconf 87' lang='lat' dir='ltr'>ex-</span> 
     </span>
    </p>
   </div>
   <div class='ocr_carea' id='block_1_25' title="bbox 300 2378 1905 2456">
    <p class='ocr_par' dir='ltr' id='par_1_25' title="bbox 300 2378 1905 2456">
     <span class='ocr_line' id='line_1_25' title="bbox 300 2378 1905 2456; baseline 0.006 -22"><span class='ocrx_word' id='word_1_175' title='bbox 300 2378 587 2449; x_wconf 84' lang='lat' dir='ltr'>primitur,</span> <span class='ocrx_word' id='word_1_176' title='bbox 619 2383 799 2455; x_wconf 90' lang='lat' dir='ltr'>qualis</span> <span class='ocrx_word' id='word_1_177' title='bbox 828 2383 887 2438; x_wconf 93' lang='lat' dir='ltr'>in</span> <span class='ocrx_word' id='word_1_178' title='bbox 908 2384 1092 2456; x_wconf 91' lang='lat' dir='ltr'>sigillo</span> <span class='ocrx_word' id='word_1_179' title='bbox 1119 2386 1312 2442; x_wconf 90' lang='lat' dir='ltr'>eodem</span> <span class='ocrx_word' id='word_1_180' title='bbox 1342 2388 1707 2444; x_wconf 88' lang='lat' dir='ltr'>essentialiter</span> <span class='ocrx_word' id='word_1_181' title='bbox 1723 2385 1905 2443; x_wconf 90' lang='lat' dir='ltr'>habe-</span> 
     </span>
    </p>
   </div>
   <div class='ocr_carea' id='block_1_26' title="bbox 301 2471 1907 2534">
    <p class='ocr_par' dir='ltr' id='par_1_26' title="bbox 301 2471 1907 2534">
     <span class='ocr_line' id='line_1_26' title="bbox 301 2471 1907 2534; baseline 0.007 -12"><span class='ocrx_word' id='word_1_182' title='bbox 301 2475 417 2525; x_wconf 89' lang='lat' dir='ltr'>tur.</span> <span class='ocrx_word' id='word_1_183' title='bbox 448 2471 522 2527; x_wconf 92' lang='lat' dir='ltr'>Et</span> <span class='ocrx_word' id='word_1_184' title='bbox 550 2471 682 2528; x_wconf 91' lang='lat' dir='ltr'>licet</span> <span class='ocrx_word' id='word_1_185' title='bbox 718 2472 887 2527; x_wconf 91' lang='lat' dir='ltr'>homo</span> <span class='ocrx_word' id='word_1_186' title='bbox 917 2472 986 2528; x_wconf 90' lang='lat' dir='ltr'>ad</span> <span class='ocrx_word' id='word_1_187' title='bbox 1010 2474 1433 2532; x_wconf 87' lang='lat' dir='ltr'>similitudinem</span> <span class='ocrx_word' id='word_1_188' title='bbox 1464 2478 1566 2533; x_wconf 92' lang='lat' dir='ltr'>Dei</span> <span class='ocrx_word' id='word_1_189' title='bbox 1594 2486 1810 2534; x_wconf 86' lang='lat' dir='ltr'>creatus</span> <span class='ocrx_word' id='word_1_190' title='bbox 1832 2477 1907 2533; x_wconf 89' lang='lat' dir='ltr'>sit</span> 
     </span>
    </p>
   </div>
   <div class='ocr_carea' id='block_1_27' title="bbox 303 2557 1905 2640">
    <p class='ocr_par' dir='ltr' id='par_1_27' title="bbox 303 2557 1905 2640">
     <span class='ocr_line' id='line_1_27' title="bbox 303 2557 1905 2640; baseline 0.006 -26"><span class='ocrx_word' id='word_1_191' title='bbox 303 2557 524 2628; x_wconf 88' lang='lat' dir='ltr'>(Genes.</span> <span class='ocrx_word' id='word_1_192' title='bbox 558 2577 601 2627; x_wconf 82' lang='grc' dir='ltr'>ι,</span> <span class='ocrx_word' id='word_1_193' title='bbox 631 2560 749 2632; x_wconf 83' lang='lat'>27),</span> <span class='ocrx_word' id='word_1_194' title='bbox 778 2562 971 2633; x_wconf 83' lang='lat' dir='ltr'>angelo</span> <span class='ocrx_word' id='word_1_195' title='bbox 987 2571 1166 2618; x_wconf 90' lang='lat' dir='ltr'>tamen</span> <span class='ocrx_word' id='word_1_196' title='bbox 1198 2566 1355 2637; x_wconf 90' lang='lat' dir='ltr'>quasi</span> <span class='ocrx_word' id='word_1_197' title='bbox 1380 2565 1560 2639; x_wconf 88' lang='lat' dir='ltr'>majus</span> <span class='ocrx_word' id='word_1_198' title='bbox 1584 2566 1797 2640; x_wconf 90' lang='lat' dir='ltr'>aliquid</span> <span class='ocrx_word' id='word_1_199' title='bbox 1810 2567 1905 2623; x_wconf 85' lang='lat' dir='ltr'>tri-</span> 
     </span>
    </p>
   </div>
   <div class='ocr_carea' id='block_1_28' title="bbox 301 2646 1905 2725">
    <p class='ocr_par' dir='ltr' id='par_1_28' title="bbox 301 2646 1905 2725">
     <span class='ocr_line' id='line_1_28' title="bbox 301 2646 1905 2725; baseline 0.007 -23"><span class='ocrx_word' id='word_1_200' title='bbox 301 2646 510 2715; x_wconf 87' lang='lat' dir='ltr'>buens,</span> <span class='ocrx_word' id='word_1_201' title='bbox 536 2663 649 2704; x_wconf 93' lang='lat' dir='ltr'>non</span> <span class='ocrx_word' id='word_1_202' title='bbox 670 2666 795 2705; x_wconf 92' lang='lat' dir='ltr'>eum</span> <span class='ocrx_word' id='word_1_203' title='bbox 818 2650 886 2707; x_wconf 89' lang='lat' dir='ltr'>ad</span> <span class='ocrx_word' id='word_1_204' title='bbox 913 2651 1337 2709; x_wconf 89' lang='lat' dir='ltr'>similitudinem</span> <span class='ocrx_word' id='word_1_205' title='bbox 1356 2655 1455 2711; x_wconf 90' lang='lat' dir='ltr'>Dei</span> <span class='ocrx_word' id='word_1_206' title='bbox 1483 2656 1789 2725; x_wconf 89' lang='lat' dir='ltr'>conditum,</span> <span class='ocrx_word' id='word_1_207' title='bbox 1812 2656 1905 2713; x_wconf 90' lang='lat' dir='ltr'>sed</span> 
     </span>
    </p>
   </div>
   <div class='ocr_carea' id='block_1_29' title="bbox 301 2735 1905 2820">
    <p class='ocr_par' dir='ltr' id='par_1_29' title="bbox 301 2735 1905 2820">
     <span class='ocr_line' id='line_1_29' title="bbox 301 2735 1905 2820; baseline 0.008 -30"><span class='ocrx_word' id='word_1_208' title='bbox 301 2735 493 2809; x_wconf 91' lang='lat' dir='ltr'>ipsum</span> <span class='ocrx_word' id='word_1_209' title='bbox 521 2737 865 2810; x_wconf 82' lang='lat' dir='ltr'>signaculum</span> <span class='ocrx_word' id='word_1_210' title='bbox 881 2741 982 2798; x_wconf 92' lang='lat' dir='ltr'>Dei</span> <span class='ocrx_word' id='word_1_211' title='bbox 1002 2741 1386 2799; x_wconf 90' lang='lat' dir='ltr'>similitudinis</span> <span class='ocrx_word' id='word_1_212' title='bbox 1403 2743 1558 2815; x_wconf 92' lang='lat' dir='ltr'>dicit,</span> <span class='ocrx_word' id='word_1_213' title='bbox 1574 2756 1635 2803; x_wconf 91' lang='lat' dir='ltr'>ut</span> <span class='ocrx_word' id='word_1_214' title='bbox 1654 2762 1763 2820; x_wconf 89' lang='lat' dir='ltr'>quo</span> <span class='ocrx_word' id='word_1_215' title='bbox 1781 2746 1905 2803; x_wconf 89' lang='lat' dir='ltr'>sub-</span> 
     </span>
    </p>
   </div>
   <div class='ocr_carea' id='block_1_30' title="bbox 299 2825 1905 2910">
    <p class='ocr_par' dir='ltr' id='par_1_30' title="bbox 299 2825 1905 2910">
     <span class='ocr_line' id='line_1_30' title="bbox 299 2825 1905 2910; baseline 0.007 -30"><span class='ocrx_word' id='word_1_216' title='bbox 299 2825 464 2883; x_wconf 90' lang='lat' dir='ltr'>tilior</span> <span class='ocrx_word' id='word_1_217' title='bbox 492 2835 576 2883; x_wconf 91' lang='lat' dir='ltr'>est</span> <span class='ocrx_word' id='word_1_218' title='bbox 608 2828 668 2883; x_wconf 91' lang='lat' dir='ltr'>in</span> <span class='ocrx_word' id='word_1_219' title='bbox 694 2838 910 2899; x_wconf 88' lang='lat' dir='ltr'>natura,</span> <span class='ocrx_word' id='word_1_220' title='bbox 941 2846 1006 2887; x_wconf 89' lang='lat' dir='ltr'>eo</span> <span class='ocrx_word' id='word_1_221' title='bbox 1035 2831 1093 2887; x_wconf 93' lang='lat' dir='ltr'>in</span> <span class='ocrx_word' id='word_1_222' title='bbox 1114 2831 1211 2888; x_wconf 95' lang='lat' dir='ltr'>illo</span> <span class='ocrx_word' id='word_1_223' title='bbox 1232 2833 1542 2891; x_wconf 89' lang='lat' dir='ltr'>similitudo</span> <span class='ocrx_word' id='word_1_224' title='bbox 1558 2835 1659 2893; x_wconf 91' lang='lat' dir='ltr'>Dei</span> <span class='ocrx_word' id='word_1_225' title='bbox 1688 2834 1905 2910; x_wconf 91' lang='lat' dir='ltr'>plenius</span> 
     </span>
    </p>
   </div>
   <div class='ocr_carea' id='block_1_31' title="bbox 301 2915 864 2992">
    <p class='ocr_par' dir='ltr' id='par_1_31' title="bbox 301 2915 864 2992">
     <span class='ocr_line' id='line_1_31' title="bbox 301 2915 864 2992; baseline 0.009 -19"><span class='ocrx_word' id='word_1_226' title='bbox 301 2915 562 2974; x_wconf 88' lang='lat' dir='ltr'>credatur</span> <span class='ocrx_word' id='word_1_227' title='bbox 590 2935 864 2992; x_wconf 88' lang='lat' dir='ltr'>expressa.</span> 
     </span>
    </p>
   </div>
   <div class='ocr_carea' id='block_1_32' title="bbox 384 3032 1906 3117">
    <p class='ocr_par' dir='ltr' id='par_1_32' title="bbox 384 3032 1906 3117">
     <span class='ocr_line' id='line_1_32' title="bbox 384 3032 1906 3117; baseline 0.005 -23"><span class='ocrx_word' id='word_1_228' title='bbox 384 3032 523 3109; x_wconf 83' lang='lat' dir='ltr'>[Vet.</span> <span class='ocrx_word' id='word_1_229' title='bbox 552 3038 657 3095; x_wconf 83' lang='lat' dir='ltr'>XX</span> <span class='ocrx_word' id='word_1_230' title='bbox 664 3039 749 3114; x_wconf 84' lang='lat' dir='ltr'>V.]</span> <span class='ocrx_word' id='word_1_231' title='bbox 766 3040 853 3098; x_wconf 78' lang='grc'>48.</span> <span class='ocrx_word' id='word_1_232' title='bbox 876 3041 1016 3112; x_wconf 82' lang='lat' dir='ltr'>Ejus</span> <span class='ocrx_word' id='word_1_233' title='bbox 1032 3044 1303 3116; x_wconf 81' lang='lat' dir='ltr'>primatus</span> <span class='ocrx_word' id='word_1_234' title='bbox 1321 3046 1378 3101; x_wconf 89' lang='lat' dir='ltr'>in</span> <span class='ocrx_word' id='word_1_235' title='bbox 1396 3062 1579 3101; x_wconf 84' lang='lat' dir='ltr'>novem</span> <span class='ocrx_word' id='word_1_236' title='bbox 1599 3047 1906 3117; x_wconf 85' lang='lat' dir='ltr'>angelorum</span> 
     </span>
    </p>
   </div>
   <div class='ocr_carea' id='block_1_33' title="bbox 3490 306 3595 365">
    <p class='ocr_par' dir='ltr' id='par_1_33' title="bbox 3490 306 3595 365">
     <span class='ocr_line' id='line_1_33' title="bbox 3490 306 3595 365; baseline 0.01 -1"><span class='ocrx_word' id='word_1_237' title='bbox 3490 306 3595 365; x_wconf 83' lang='lat'>666</span> 
     </span>
    </p>
   </div>
   <div class='ocr_carea' id='block_1_34' title="bbox 2504 413 3595 498">
    <p class='ocr_par' dir='ltr' id='par_1_34' title="bbox 2504 413 3595 498">
     <span class='ocr_line' id='line_1_34' title="bbox 2504 413 3595 498; baseline 0.016 -26"><span class='ocrx_word' id='word_1_238' title='bbox 2504 413 2789 473; x_wconf 89' lang='lat' dir='ltr'>charitatis</span> <span class='ocrx_word' id='word_1_239' title='bbox 2844 434 2977 475; x_wconf 90' lang='lat' dir='ltr'>auro</span> <span class='ocrx_word' id='word_1_240' title='bbox 3028 438 3145 480; x_wconf 89' lang='lat' dir='ltr'>sese</span> <span class='ocrx_word' id='word_1_241' title='bbox 3200 428 3595 498; x_wconf 84' lang='lat' dir='ltr'>penetrabilem</span> 
     </span>
    </p>
   </div>
   <div class='ocr_carea' id='block_1_35' title="bbox 2004 497 3592 592">
    <p class='ocr_par' dir='ltr' id='par_1_35' title="bbox 2004 497 3592 592">
     <span class='ocr_line' id='line_1_35' title="bbox 2004 497 3592 592; baseline 0.018 -40"><span class='ocrx_word' id='word_1_242' title='bbox 2004 497 2341 570; x_wconf 63' lang='lat' dir='ltr'>praebuisset,</span> <span class='ocrx_word' id='word_1_243' title='bbox 2364 504 2569 562; x_wconf 83' lang='lat' dir='ltr'>sanctis</span> <span class='ocrx_word' id='word_1_244' title='bbox 2604 508 2812 580; x_wconf 82' lang='lat' dir='ltr'>angelis</span> <span class='ocrx_word' id='word_1_245' title='bbox 2860 511 3119 584; x_wconf 87' lang='lat' dir='ltr'>sociatus,</span> <span class='ocrx_word' id='word_1_246' title='bbox 3150 497 3219 573; x_wconf 14' lang='lat' dir='ltr'>in,</span> <span class='ocrx_word' id='word_1_247' title='bbox 3247 531 3592 592; x_wconf 88' lang='lat' dir='ltr'>ornamento,</span> 
     </span>
    </p>
   </div>
   <div class='ocr_carea' id='block_1_36' title="bbox 2004 588 3595 687">
    <p class='ocr_par' dir='ltr' id='par_1_36' title="bbox 2004 588 3595 687">
     <span class='ocr_line' id='line_1_36' title="bbox 2004 588 3595 687; baseline 0.017 -44"><span class='ocrx_word' id='word_1_248' title='bbox 2004 596 2067 687; x_wconf 77' lang='lat' dir='ltr'>ut</span> <span class='ocrx_word' id='word_1_249' title='bbox 2102 588 2378 687; x_wconf 72' lang='lat' dir='ltr'>diximus,</span> <span class='ocrx_word' id='word_1_250' title='bbox 2402 596 2550 667; x_wconf 90' lang='lat' dir='ltr'>regio</span> <span class='ocrx_word' id='word_1_251' title='bbox 2579 596 2717 670; x_wconf 89' lang='lat' dir='ltr'>lapis</span> <span class='ocrx_word' id='word_1_252' title='bbox 2756 598 2902 658; x_wconf 87' lang='lat' dir='ltr'>ﬁxus</span> <span class='ocrx_word' id='word_1_253' title='bbox 2949 614 3216 663; x_wconf 90' lang='lat' dir='ltr'>maneret.</span> <span class='ocrx_word' id='word_1_254' title='bbox 3239 608 3447 668; x_wconf 86' lang='lat' dir='ltr'>Habuit</span> <span class='ocrx_word' id='word_1_255' title='bbox 3467 588 3595 687; x_wconf 85' lang='lat' dir='ltr'>ergo</span> 
     </span>
    </p>
   </div>
   <div class='ocr_carea' id='block_1_37' title="bbox 2005 679 3596 770">
    <p class='ocr_par' dir='ltr' id='par_1_37' title="bbox 2005 679 3596 770">
     <span class='ocr_line' id='line_1_37' title="bbox 2005 679 3596 770; baseline 0.016 -36"><span class='ocrx_word' id='word_1_256' title='bbox 2005 679 2145 752; x_wconf 88' lang='lat' dir='ltr'>lapis</span> <span class='ocrx_word' id='word_1_257' title='bbox 2171 680 2272 739; x_wconf 87' lang='lat' dir='ltr'>iste</span> <span class='ocrx_word' id='word_1_258' title='bbox 2293 683 2583 756; x_wconf 86' lang='lat' dir='ltr'>foramina,</span> <span class='ocrx_word' id='word_1_259' title='bbox 2621 694 2809 753; x_wconf 84' lang='lat'>1073</span> <span class='ocrx_word' id='word_1_260' title='bbox 2840 691 2934 749; x_wconf 88' lang='lat' dir='ltr'>sed</span> <span class='ocrx_word' id='word_1_261' title='bbox 2963 710 3060 767; x_wconf 90' lang='lat' dir='ltr'>per</span> <span class='ocrx_word' id='word_1_262' title='bbox 3096 698 3365 770; x_wconf 66' lang='lat' dir='ltr'>superbiai</span> <span class='ocrx_word' id='word_1_263' title='bbox 3395 679 3596 760; x_wconf 66' lang='lat' dir='ltr'>vitium</span> 
     </span>
    </p>
   </div>
   <div class='ocr_carea' id='block_1_38' title="bbox 2005 778 3597 869">
    <p class='ocr_par' dir='ltr' id='par_1_38' title="bbox 2005 778 3597 869">
     <span class='ocr_line' id='line_1_38' title="bbox 2005 778 3597 869; baseline 0.014 -35"><span class='ocrx_word' id='word_1_264' title='bbox 2005 778 2293 838; x_wconf 87' lang='lat' dir='ltr'>charitatis</span> <span class='ocrx_word' id='word_1_265' title='bbox 2320 799 2455 840; x_wconf 91' lang='lat' dir='ltr'>auro</span> <span class='ocrx_word' id='word_1_266' title='bbox 2482 801 2594 842; x_wconf 89' lang='lat' dir='ltr'>non</span> <span class='ocrx_word' id='word_1_267' title='bbox 2624 796 2752 844; x_wconf 90' lang='lat' dir='ltr'>sunt</span> <span class='ocrx_word' id='word_1_268' title='bbox 2781 792 3004 863; x_wconf 89' lang='lat' dir='ltr'>repleta.</span> <span class='ocrx_word' id='word_1_269' title='bbox 3036 793 3172 852; x_wconf 88' lang='lat' dir='ltr'>Nam</span> <span class='ocrx_word' id='word_1_270' title='bbox 3220 796 3349 869; x_wconf 89' lang='lat' dir='ltr'>quia</span> <span class='ocrx_word' id='word_1_271' title='bbox 3391 797 3597 857; x_wconf 89' lang='lat' dir='ltr'>idcirco</span> 
     </span>
    </p>
   </div>
   <div class='ocr_carea' id='block_1_39' title="bbox 2007 869 3599 962">
    <p class='ocr_par' dir='ltr' id='par_1_39' title="bbox 2007 869 3599 962">
     <span class='ocr_line' id='line_1_39' title="bbox 2007 869 3599 962; baseline 0.014 -39"><span class='ocrx_word' id='word_1_272' title='bbox 2007 869 2249 942; x_wconf 83' lang='lat' dir='ltr'>ligantur</span> <span class='ocrx_word' id='word_1_273' title='bbox 2278 888 2410 928; x_wconf 91' lang='lat' dir='ltr'>auro</span> <span class='ocrx_word' id='word_1_274' title='bbox 2440 892 2509 932; x_wconf 91' lang='lat' dir='ltr'>ne</span> <span class='ocrx_word' id='word_1_275' title='bbox 2550 876 2767 948; x_wconf 87' lang='lat' dir='ltr'>cadant,</span> <span class='ocrx_word' id='word_1_276' title='bbox 2801 880 3007 939; x_wconf 91' lang='lat' dir='ltr'>idcirco</span> <span class='ocrx_word' id='word_1_277' title='bbox 3059 883 3160 942; x_wconf 92' lang='lat' dir='ltr'>iste</span> <span class='ocrx_word' id='word_1_278' title='bbox 3209 886 3433 957; x_wconf 89' lang='lat' dir='ltr'>cecidit,</span> <span class='ocrx_word' id='word_1_279' title='bbox 3467 888 3599 962; x_wconf 88' lang='lat' dir='ltr'>quia</span> 
     </span>
    </p>
   </div>
   <div class='ocr_carea' id='block_1_40' title="bbox 2008 961 3597 1045">
    <p class='ocr_par' dir='ltr' id='par_1_40' title="bbox 2008 961 3597 1045">
     <span class='ocr_line' id='line_1_40' title="bbox 2008 961 3597 1045; baseline 0.013 -29"><span class='ocrx_word' id='word_1_280' title='bbox 2008 961 2171 1017; x_wconf 87' lang='lat' dir='ltr'>etiam</span> <span class='ocrx_word' id='word_1_281' title='bbox 2202 964 2509 1035; x_wconf 90' lang='lat' dir='ltr'>perforatus</span> <span class='ocrx_word' id='word_1_282' title='bbox 2540 984 2705 1024; x_wconf 91' lang='lat' dir='ltr'>manu</span> <span class='ocrx_word' id='word_1_283' title='bbox 2751 972 3002 1045; x_wconf 84' lang='lat' dir='ltr'>artificis,</span> <span class='ocrx_word' id='word_1_284' title='bbox 3033 977 3235 1033; x_wconf 88' lang='lat' dir='ltr'>amoris</span> <span class='ocrx_word' id='word_1_285' title='bbox 3265 961 3504 1034; x_wconf 86' lang='lat' dir='ltr'>vinculis</span> <span class='ocrx_word' id='word_1_286' title='bbox 3535 978 3597 1034; x_wconf 88' lang='lat' dir='ltr'>li-</span> 
     </span>
    </p>
   </div>
   <div class='ocr_carea' id='block_1_41' title="bbox 2008 1050 3599 1138">
    <p class='ocr_par' dir='ltr' id='par_1_41' title="bbox 2008 1050 3599 1138">
     <span class='ocr_line' id='line_1_41' title="bbox 2008 1050 3599 1138; baseline 0.011 -34"><span class='ocrx_word' id='word_1_287' title='bbox 2008 1050 2121 1138; x_wconf 88' lang='lat' dir='ltr'>gari</span> <span class='ocrx_word' id='word_1_288' title='bbox 2169 1057 2517 1126; x_wconf 88' lang='lat' dir='ltr'>contempsit.</span> <span class='ocrx_word' id='word_1_289' title='bbox 2550 1058 2708 1116; x_wconf 91' lang='lat' dir='ltr'>Nunc</span> <span class='ocrx_word' id='word_1_290' title='bbox 2762 1069 2945 1118; x_wconf 86' lang='lat' dir='ltr'>autem</span> <span class='ocrx_word' id='word_1_291' title='bbox 2991 1065 3173 1121; x_wconf 82' lang='lat' dir='ltr'>caeteri</span> <span class='ocrx_word' id='word_1_292' title='bbox 3230 1065 3457 1138; x_wconf 88' lang='lat' dir='ltr'>lapides,</span> <span class='ocrx_word' id='word_1_293' title='bbox 3503 1065 3599 1138; x_wconf 91' lang='lat' dir='ltr'>qui</span> 
     </span>
    </p>
   </div>
   <div class='ocr_carea' id='block_1_42' title="bbox 2010 1137 3599 1226">
    <p class='ocr_par' dir='ltr' id='par_1_42' title="bbox 2010 1137 3599 1226">
     <span class='ocr_line' id='line_1_42' title="bbox 2010 1137 3599 1226; baseline 0.013 -33"><span class='ocrx_word' id='word_1_294' title='bbox 2010 1137 2142 1198; x_wconf 88' lang='lat' dir='ltr'>huic</span> <span class='ocrx_word' id='word_1_295' title='bbox 2169 1142 2425 1200; x_wconf 89' lang='lat' dir='ltr'>similiter</span> <span class='ocrx_word' id='word_1_296' title='bbox 2443 1146 2661 1204; x_wconf 84' lang='lat' dir='ltr'>fuerant</span> <span class='ocrx_word' id='word_1_297' title='bbox 2706 1149 2987 1223; x_wconf 89' lang='lat' dir='ltr'>perforati,</span> <span class='ocrx_word' id='word_1_298' title='bbox 3014 1137 3330 1226; x_wconf 84' lang='lat' dir='ltr'>penetrante</span> <span class='ocrx_word' id='word_1_299' title='bbox 3357 1172 3413 1213; x_wconf 91' lang='lat' dir='ltr'>se</span> <span class='ocrx_word' id='word_1_300' title='bbox 3442 1137 3599 1213; x_wconf 79' lang='lat' dir='ltr'>invi-</span> 
     </span>
    </p>
   </div>
   <div class='ocr_carea' id='block_1_43' title="bbox 2010 1231 3597 1316">
    <p class='ocr_par' dir='ltr' id='par_1_43' title="bbox 2010 1231 3597 1316">
     <span class='ocr_line' id='line_1_43' title="bbox 2010 1231 3597 1316; baseline 0.011 -31"><span class='ocrx_word' id='word_1_301' title='bbox 2010 1244 2127 1285; x_wconf 88' lang='lat' dir='ltr'>cem</span> <span class='ocrx_word' id='word_1_302' title='bbox 2156 1231 2423 1291; x_wconf 88' lang='lat' dir='ltr'>charitate</span> <span class='ocrx_word' id='word_1_303' title='bbox 2452 1235 2604 1308; x_wconf 86' lang='lat' dir='ltr'>ligati</span> <span class='ocrx_word' id='word_1_304' title='bbox 2634 1246 2783 1309; x_wconf 88' lang='lat' dir='ltr'>sunt,</span> <span class='ocrx_word' id='word_1_305' title='bbox 2813 1248 2977 1315; x_wconf 90' lang='lat' dir='ltr'>atque</span> <span class='ocrx_word' id='word_1_306' title='bbox 3002 1242 3109 1301; x_wconf 88' lang='lat' dir='ltr'>hoc</span> <span class='ocrx_word' id='word_1_307' title='bbox 3134 1244 3193 1299; x_wconf 92' lang='lat' dir='ltr'>in</span> <span class='ocrx_word' id='word_1_308' title='bbox 3224 1262 3471 1316; x_wconf 90' lang='lat' dir='ltr'>munere,</span> <span class='ocrx_word' id='word_1_309' title='bbox 3492 1247 3597 1303; x_wconf 88' lang='lat' dir='ltr'>isto</span> 
     </span>
    </p>
   </div>
   <div class='ocr_carea' id='block_1_44' title="bbox 2011 1322 3604 1408">
    <p class='ocr_par' dir='ltr' id='par_1_44' title="bbox 2011 1322 3604 1408">
     <span class='ocr_line' id='line_1_44' title="bbox 2011 1322 3604 1408; baseline 0.011 -31"><span class='ocrx_word' id='word_1_310' title='bbox 2011 1322 2255 1393; x_wconf 84' lang='lat' dir='ltr'>cadente,</span> <span class='ocrx_word' id='word_1_311' title='bbox 2309 1339 2628 1387; x_wconf 86' lang='lat' dir='ltr'>meruerunt</span> <span class='ocrx_word' id='word_1_312' title='bbox 2653 1339 2717 1387; x_wconf 90' lang='lat' dir='ltr'>ut</span> <span class='ocrx_word' id='word_1_313' title='bbox 2745 1348 3091 1408; x_wconf 89' lang='lat' dir='ltr'>nequaquam</span> <span class='ocrx_word' id='word_1_314' title='bbox 3132 1334 3253 1408; x_wconf 91' lang='lat' dir='ltr'>jam</span> <span class='ocrx_word' id='word_1_315' title='bbox 3313 1336 3380 1393; x_wconf 91' lang='lat' dir='ltr'>de</span> <span class='ocrx_word' id='word_1_316' title='bbox 3429 1353 3604 1393; x_wconf 88' lang='lat' dir='ltr'>orna-</span> 
     </span>
    </p>
   </div>
   <div class='ocr_carea' id='block_1_45' title="bbox 2010 1417 3601 1499">
    <p class='ocr_par' dir='ltr' id='par_1_45' title="bbox 2010 1417 3601 1499">
     <span class='ocr_line' id='line_1_45' title="bbox 2010 1417 3601 1499; baseline 0.011 -33"><span class='ocrx_word' id='word_1_317' title='bbox 2010 1420 2196 1470; x_wconf 89' lang='lat' dir='ltr'>mento</span> <span class='ocrx_word' id='word_1_318' title='bbox 2226 1417 2375 1488; x_wconf 88' lang='lat' dir='ltr'>regio</span> <span class='ocrx_word' id='word_1_319' title='bbox 2401 1418 2645 1476; x_wconf 89' lang='lat' dir='ltr'>cadendo</span> <span class='ocrx_word' id='word_1_320' title='bbox 2674 1421 2978 1480; x_wconf 90' lang='lat' dir='ltr'>solvantur.</span> <span class='ocrx_word' id='word_1_321' title='bbox 3005 1426 3027 1461; x_wconf 70' lang='lat'><strong>‘</strong></span> <span class='ocrx_word' id='word_1_322' title='bbox 3054 1424 3230 1498; x_wconf 87' lang='lat' dir='ltr'>Hujus</span> <span class='ocrx_word' id='word_1_323' title='bbox 3260 1425 3601 1499; x_wconf 88' lang='lat' dir='ltr'>principatus</span> 
     </span>
    </p>
   </div>
   <div class='ocr_carea' id='block_1_46' title="bbox 2011 1503 3602 1588">
    <p class='ocr_par' dir='ltr' id='par_1_46' title="bbox 2011 1503 3602 1588">
     <span class='ocr_line' id='line_1_46' title="bbox 2011 1503 3602 1588; baseline 0.008 -28"><span class='ocrx_word' id='word_1_324' title='bbox 2011 1503 2394 1563; x_wconf 88' lang='lat' dir='ltr'>celsitudinem</span> <span class='ocrx_word' id='word_1_325' title='bbox 2424 1507 2608 1568; x_wconf 88' lang='lat' dir='ltr'>adhuc</span> <span class='ocrx_word' id='word_1_326' title='bbox 2637 1511 2782 1569; x_wconf 91' lang='lat' dir='ltr'>idem</span> <span class='ocrx_word' id='word_1_327' title='bbox 2814 1513 3081 1586; x_wconf 88' lang='lat' dir='ltr'>propheta</span> <span class='ocrx_word' id='word_1_328' title='bbox 3120 1514 3364 1586; x_wconf 90' lang='lat' dir='ltr'>intuens,</span> <span class='ocrx_word' id='word_1_329' title='bbox 3394 1513 3602 1588; x_wconf 89' lang='lat' dir='ltr'>adjun-</span> 
     </span>
    </p>
   </div>
   <div class='ocr_carea' id='block_1_47' title="bbox 2011 1594 3601 1677">
    <p class='ocr_par' dir='ltr' id='par_1_47' title="bbox 2011 1594 3601 1677">
     <span class='ocr_line' id='line_1_47' title="bbox 2011 1594 3601 1677; baseline 0.006 -27"><span class='ocrx_word' id='word_1_330' title='bbox 2011 1594 2089 1665; x_wconf 88' lang='lat' dir='ltr'>git</span> <span class='ocrx_word' id='word_1_331' title='bbox 2121 1612 2134 1651; x_wconf 91' lang='lat'><em>:</em></span> <span class='ocrx_word' id='word_1_332' title='bbox 2176 1598 2252 1653; x_wconf 90' lang='lat' dir='ltr'>Tu</span> <span class='ocrx_word' id='word_1_333' title='bbox 2281 1599 2471 1655; x_wconf 81' lang='lat' dir='ltr'>cherub</span> <span class='ocrx_word' id='word_1_334' title='bbox 2500 1608 2737 1659; x_wconf 70' lang='lat' dir='ltr'>extentus</span> <span class='ocrx_word' id='word_1_335' title='bbox 2761 1610 2809 1659; x_wconf 87' lang='lat' dir='ltr'>et</span> <span class='ocrx_word' id='word_1_336' title='bbox 2830 1611 3108 1677; x_wconf 81' lang='lat' dir='ltr'>protegens</span> <span class='ocrx_word' id='word_1_337' title='bbox 3137 1605 3194 1661; x_wconf 89' lang='lat' dir='ltr'>in</span> <span class='ocrx_word' id='word_1_338' title='bbox 3224 1612 3399 1663; x_wconf 87' lang='lat' dir='ltr'>monte</span> <span class='ocrx_word' id='word_1_339' title='bbox 3425 1612 3601 1661; x_wconf 87' lang='lat' dir='ltr'>sancto</span> 
     </span>
    </p>
   </div>
   <div class='ocr_carea' id='block_1_48' title="bbox 2014 1683 3605 1767">
    <p class='ocr_par' dir='ltr' id='par_1_48' title="bbox 2014 1683 3605 1767">
     <span class='ocr_line' id='line_1_48' title="bbox 2014 1683 3605 1767; baseline 0.008 -30"><span class='ocrx_word' id='word_1_340' title='bbox 2014 1683 2128 1750; x_wconf 85' lang='lat' dir='ltr'>Dei,</span> <span class='ocrx_word' id='word_1_341' title='bbox 2159 1686 2215 1739; x_wconf 90' lang='lat' dir='ltr'>in</span> <span class='ocrx_word' id='word_1_342' title='bbox 2241 1688 2411 1743; x_wconf 86' lang='lat' dir='ltr'>medio</span> <span class='ocrx_word' id='word_1_343' title='bbox 2442 1690 2680 1761; x_wconf 84' lang='lat' dir='ltr'>lapidum</span> <span class='ocrx_word' id='word_1_344' title='bbox 2702 1693 2993 1764; x_wconf 84' lang='lat' dir='ltr'>ignitorum</span> <span class='ocrx_word' id='word_1_345' title='bbox 3014 1695 3279 1767; x_wconf 83' lang='lat' dir='ltr'>perfectus</span> <span class='ocrx_word' id='word_1_346' title='bbox 3320 1694 3605 1751; x_wconf 86' lang='lat' dir='ltr'>ambulasti</span> 
     </span>
    </p>
   </div>
   <div class='ocr_carea' id='block_1_49' title="bbox 2644 1781 3601 1858">
    <p class='ocr_par' dir='ltr' id='par_1_49' title="bbox 2644 1781 3601 1858">
     <span class='ocr_line' id='line_1_49' title="bbox 2644 1781 3601 1858; baseline 0.003 -19"><span class='ocrx_word' id='word_1_347' title='bbox 2644 1781 2864 1839; x_wconf 91' lang='lat' dir='ltr'>Cherub</span> <span class='ocrx_word' id='word_1_348' title='bbox 2893 1785 3095 1857; x_wconf 90' lang='lat' dir='ltr'>quippe</span> <span class='ocrx_word' id='word_1_349' title='bbox 3122 1785 3410 1858; x_wconf 88' lang='lat' dir='ltr'>plenitudo</span> <span class='ocrx_word' id='word_1_350' title='bbox 3429 1786 3601 1842; x_wconf 89' lang='lat' dir='ltr'>scien-</span> 
     </span>
    </p>
   </div>
   <div class='ocr_carea' id='block_1_50' title="bbox 2010 1864 3600 1942">
    <p class='ocr_par' dir='ltr' id='par_1_50' title="bbox 2010 1864 3600 1942">
     <span class='ocr_line' id='line_1_50' title="bbox 2010 1864 3600 1942; baseline 0.007 -24"><span class='ocrx_word' id='word_1_351' title='bbox 2010 1864 2100 1919; x_wconf 82' lang='lat' dir='ltr'>tiae</span> <span class='ocrx_word' id='word_1_352' title='bbox 2141 1865 2565 1937; x_wconf 87' lang='lat' dir='ltr'>interpretatur;</span> <span class='ocrx_word' id='word_1_353' title='bbox 2612 1879 2667 1927; x_wconf 90' lang='lat' dir='ltr'>et</span> <span class='ocrx_word' id='word_1_354' title='bbox 2710 1871 2917 1930; x_wconf 91' lang='lat' dir='ltr'>idcirco</span> <span class='ocrx_word' id='word_1_355' title='bbox 2962 1873 3063 1929; x_wconf 86' lang='lat' dir='ltr'>iste</span> <span class='ocrx_word' id='word_1_356' title='bbox 3120 1872 3341 1932; x_wconf 88' lang='lat' dir='ltr'>Cherub</span> <span class='ocrx_word' id='word_1_357' title='bbox 3371 1874 3600 1942; x_wconf 91' lang='lat' dir='ltr'>dicitur,</span> 
     </span>
    </p>
   </div>
   <div class='ocr_carea' id='block_1_51' title="bbox 2010 1953 3599 2027">
    <p class='ocr_par' dir='ltr' id='par_1_51' title="bbox 2010 1953 3599 2027">
     <span class='ocr_line' id='line_1_51' title="bbox 2010 1953 3599 2027; baseline 0.004 -17"><span class='ocrx_word' id='word_1_358' title='bbox 2010 1953 2140 2027; x_wconf 84' lang='lat' dir='ltr'>quia</span> <span class='ocrx_word' id='word_1_359' title='bbox 2158 1958 2558 2015; x_wconf 86' lang='lat' dir='ltr'>transcendisse</span> <span class='ocrx_word' id='word_1_360' title='bbox 2586 1969 2815 2018; x_wconf 90' lang='lat' dir='ltr'>cunctos</span> <span class='ocrx_word' id='word_1_361' title='bbox 2856 1963 3088 2021; x_wconf 91' lang='lat' dir='ltr'>scientia</span> <span class='ocrx_word' id='word_1_362' title='bbox 3131 1979 3242 2020; x_wconf 89' lang='lat' dir='ltr'>non</span> <span class='ocrx_word' id='word_1_363' title='bbox 3289 1963 3599 2020; x_wconf 88' lang='lat' dir='ltr'>dubitatur.</span> 
     </span>
    </p>
   </div>
   <div class='ocr_carea' id='block_1_52' title="bbox 2010 2043 3603 2125">
    <p class='ocr_par' dir='ltr' id='par_1_52' title="bbox 2010 2043 3603 2125">
     <span class='ocr_line' id='line_1_52' title="bbox 2010 2043 3603 2125; baseline 0.008 -27"><span class='ocrx_word' id='word_1_364' title='bbox 2010 2043 2115 2111; x_wconf 87' lang='lat' dir='ltr'>Qui</span> <span class='ocrx_word' id='word_1_365' title='bbox 2145 2045 2205 2100; x_wconf 91' lang='lat' dir='ltr'>in</span> <span class='ocrx_word' id='word_1_366' title='bbox 2223 2046 2406 2103; x_wconf 89' lang='lat' dir='ltr'>medio</span> <span class='ocrx_word' id='word_1_367' title='bbox 2444 2048 2743 2121; x_wconf 86' lang='lat' dir='ltr'>ignitorum</span> <span class='ocrx_word' id='word_1_368' title='bbox 2768 2051 3013 2125; x_wconf 88' lang='lat' dir='ltr'>lapidum</span> <span class='ocrx_word' id='word_1_369' title='bbox 3044 2052 3317 2125; x_wconf 90' lang='lat' dir='ltr'>perfectus</span> <span class='ocrx_word' id='word_1_370' title='bbox 3344 2053 3603 2110; x_wconf 86' lang='lat' dir='ltr'>ambula-</span> 
     </span>
    </p>
   </div>
   <div class='ocr_carea' id='block_1_53' title="bbox 2010 2133 3603 2215">
    <p class='ocr_par' dir='ltr' id='par_1_53' title="bbox 2010 2133 3603 2215">
     <span class='ocr_line' id='line_1_53' title="bbox 2010 2133 3603 2215; baseline 0.006 -26"><span class='ocrx_word' id='word_1_371' title='bbox 2010 2133 2113 2203; x_wconf 85' lang='lat' dir='ltr'>vit,</span> <span class='ocrx_word' id='word_1_372' title='bbox 2145 2136 2275 2208; x_wconf 89' lang='lat' dir='ltr'>quia</span> <span class='ocrx_word' id='word_1_373' title='bbox 2302 2136 2447 2194; x_wconf 89' lang='lat' dir='ltr'>inter</span> <span class='ocrx_word' id='word_1_374' title='bbox 2473 2140 2791 2210; x_wconf 76' lang='lat' dir='ltr'>angelorum</span> <span class='ocrx_word' id='word_1_375' title='bbox 2818 2142 2986 2199; x_wconf 85' lang='lat' dir='ltr'>corda</span> <span class='ocrx_word' id='word_1_376' title='bbox 3014 2142 3299 2199; x_wconf 88' lang='lat' dir='ltr'>charitatis</span> <span class='ocrx_word' id='word_1_377' title='bbox 3329 2143 3453 2215; x_wconf 91' lang='lat' dir='ltr'>igne</span> <span class='ocrx_word' id='word_1_378' title='bbox 3484 2159 3603 2199; x_wconf 84' lang='lat' dir='ltr'>suc-</span> 
     </span>
    </p>
   </div>
   <div class='ocr_carea' id='block_1_54' title="bbox 2010 2226 3601 2300">
    <p class='ocr_par' dir='ltr' id='par_1_54' title="bbox 2010 2226 3601 2300">
     <span class='ocr_line' id='line_1_54' title="bbox 2010 2226 3601 2300; baseline 0.004 -19"><span class='ocrx_word' id='word_1_379' title='bbox 2010 2238 2192 2294; x_wconf 91' lang='lat' dir='ltr'>censa,</span> <span class='ocrx_word' id='word_1_380' title='bbox 2222 2226 2402 2283; x_wconf 88' lang='lat' dir='ltr'>clarus</span> <span class='ocrx_word' id='word_1_381' title='bbox 2431 2228 2602 2300; x_wconf 86' lang='lat' dir='ltr'>gloria</span> <span class='ocrx_word' id='word_1_382' title='bbox 2634 2229 2969 2288; x_wconf 89' lang='lat' dir='ltr'>conditionis</span> <span class='ocrx_word' id='word_1_383' title='bbox 2987 2230 3220 2288; x_wconf 81' lang='lat' dir='ltr'>exstitit.</span> <span class='ocrx_word' id='word_1_384' title='bbox 3260 2232 3434 2299; x_wconf 90' lang='lat' dir='ltr'>Quem</span> <span class='ocrx_word' id='word_1_385' title='bbox 3463 2231 3601 2287; x_wconf 86' lang='lat' dir='ltr'>bene</span> 
     </span>
    </p>
   </div>
   <div class='ocr_carea' id='block_1_55' title="bbox 2016 2317 3602 2393">
    <p class='ocr_par' dir='ltr' id='par_1_55' title="bbox 2016 2317 3602 2393">
     <span class='ocr_line' id='line_1_55' title="bbox 2016 2317 3602 2393; baseline 0.004 -24"><span class='ocrx_word' id='word_1_386' title='bbox 2016 2323 2303 2372; x_wconf 83' lang='lat' dir='ltr'>extentum</span> <span class='ocrx_word' id='word_1_387' title='bbox 2352 2334 2415 2375; x_wconf 93' lang='lat' dir='ltr'>ac</span> <span class='ocrx_word' id='word_1_388' title='bbox 2463 2328 2835 2392; x_wconf 90' lang='lat' dir='ltr'>protegentem</span> <span class='ocrx_word' id='word_1_389' title='bbox 2882 2318 3037 2377; x_wconf 89' lang='lat' dir='ltr'>dicit.</span> <span class='ocrx_word' id='word_1_390' title='bbox 3068 2321 3243 2378; x_wconf 89' lang='lat' dir='ltr'>Omne</span> <span class='ocrx_word' id='word_1_391' title='bbox 3276 2320 3423 2376; x_wconf 90' lang='lat' dir='ltr'>enim</span> <span class='ocrx_word' id='word_1_392' title='bbox 3453 2317 3602 2393; x_wconf 90' lang='lat' dir='ltr'>quod</span> 
     </span>
    </p>
   </div>
   <div class='ocr_carea' id='block_1_56' title="bbox 2012 2405 3600 2484">
    <p class='ocr_par' dir='ltr' id='par_1_56' title="bbox 2012 2405 3600 2484">
     <span class='ocr_line' id='line_1_56' title="bbox 2012 2405 3600 2484; baseline 0.003 -25"><span class='ocrx_word' id='word_1_393' title='bbox 2012 2405 2222 2462; x_wconf 86' lang='lat' dir='ltr'>extenti</span> <span class='ocrx_word' id='word_1_394' title='bbox 2238 2406 2595 2479; x_wconf 88' lang='lat' dir='ltr'>protegimus,</span> <span class='ocrx_word' id='word_1_395' title='bbox 2621 2408 3034 2467; x_wconf 87' lang='lat' dir='ltr'>obumbramus.</span> <span class='ocrx_word' id='word_1_396' title='bbox 3068 2410 3140 2466; x_wconf 90' lang='lat' dir='ltr'>Et</span> <span class='ocrx_word' id='word_1_397' title='bbox 3167 2410 3297 2484; x_wconf 88' lang='lat' dir='ltr'>quia</span> <span class='ocrx_word' id='word_1_398' title='bbox 3324 2424 3600 2482; x_wconf 85' lang='lat' dir='ltr'>compara-</span> 
     </span>
    </p>
   </div>
   <div class='ocr_carea' id='block_1_57' title="bbox 2012 2494 3602 2559">
    <p class='ocr_par' dir='ltr' id='par_1_57' title="bbox 2012 2494 3602 2559">
     <span class='ocr_line' id='line_1_57' title="bbox 2012 2494 3602 2559; baseline 0.005 -10"><span class='ocrx_word' id='word_1_399' title='bbox 2012 2494 2163 2551; x_wconf 87' lang='lat' dir='ltr'>tione</span> <span class='ocrx_word' id='word_1_400' title='bbox 2209 2497 2476 2555; x_wconf 86' lang='lat' dir='ltr'>claritatis</span> <span class='ocrx_word' id='word_1_401' title='bbox 2518 2516 2629 2556; x_wconf 85' lang='lat' dir='ltr'>suae</span> <span class='ocrx_word' id='word_1_402' title='bbox 2676 2510 2998 2559; x_wconf 75' lang='lat' dir='ltr'>caeterorum</span> <span class='ocrx_word' id='word_1_403' title='bbox 3027 2501 3338 2559; x_wconf 88' lang='lat' dir='ltr'>claritatem</span> <span class='ocrx_word' id='word_1_404' title='bbox 3394 2499 3602 2558; x_wconf 85' lang='lat' dir='ltr'>obum-</span> 
     </span>
    </p>
   </div>
   <div class='ocr_carea' id='block_1_58' title="bbox 2012 2583 3601 2665">
    <p class='ocr_par' dir='ltr' id='par_1_58' title="bbox 2012 2583 3601 2665">
     <span class='ocr_line' id='line_1_58' title="bbox 2012 2583 3601 2665; baseline 0.004 -26"><span class='ocrx_word' id='word_1_405' title='bbox 2012 2583 2196 2642; x_wconf 90' lang='lat' dir='ltr'>brasse</span> <span class='ocrx_word' id='word_1_406' title='bbox 2242 2587 2508 2657; x_wconf 90' lang='lat' dir='ltr'>creditur,</span> <span class='ocrx_word' id='word_1_407' title='bbox 2540 2588 2655 2662; x_wconf 89' lang='lat' dir='ltr'>ipse</span> <span class='ocrx_word' id='word_1_408' title='bbox 2696 2597 2953 2648; x_wconf 87' lang='lat' dir='ltr'>extentus</span> <span class='ocrx_word' id='word_1_409' title='bbox 2999 2600 3053 2649; x_wconf 91' lang='lat' dir='ltr'>et</span> <span class='ocrx_word' id='word_1_410' title='bbox 3100 2600 3388 2665; x_wconf 86' lang='lat' dir='ltr'>protegens</span> <span class='ocrx_word' id='word_1_411' title='bbox 3430 2590 3601 2646; x_wconf 90' lang='lat' dir='ltr'>fuisse</span> 
     </span>
    </p>
   </div>
   <div class='ocr_carea' id='block_1_59' title="bbox 2013 2674 3597 2756">
    <p class='ocr_par' dir='ltr' id='par_1_59' title="bbox 2013 2674 3597 2756">
     <span class='ocr_line' id='line_1_59' title="bbox 2013 2674 3597 2756; baseline 0.003 -25"><span class='ocrx_word' id='word_1_412' title='bbox 2013 2674 2351 2746; x_wconf 87' lang='lat' dir='ltr'>perhibetur.</span> <span class='ocrx_word' id='word_1_413' title='bbox 2382 2678 2643 2754; x_wconf 82' lang='lat' dir='ltr'>Reliquos</span> <span class='ocrx_word' id='word_1_414' title='bbox 2676 2681 2824 2737; x_wconf 91' lang='lat' dir='ltr'>enim</span> <span class='ocrx_word' id='word_1_415' title='bbox 2854 2682 3010 2756; x_wconf 89' lang='lat' dir='ltr'>quasi</span> <span class='ocrx_word' id='word_1_416' title='bbox 3057 2680 3439 2740; x_wconf 90' lang='lat' dir='ltr'>obumbrando</span> <span class='ocrx_word' id='word_1_417' title='bbox 3466 2697 3597 2754; x_wconf 90' lang='lat' dir='ltr'>ope-</span> 
     </span>
    </p>
   </div>
   <div class='ocr_carea' id='block_1_60' title="bbox 2013 2766 3599 2843">
    <p class='ocr_par' dir='ltr' id='par_1_60' title="bbox 2013 2766 3599 2843">
     <span class='ocr_line' id='line_1_60' title="bbox 2013 2766 3599 2843; baseline 0.003 -23"><span class='ocrx_word' id='word_1_418' title='bbox 2013 2766 2145 2835; x_wconf 90' lang='lat' dir='ltr'>ruit,</span> <span class='ocrx_word' id='word_1_419' title='bbox 2173 2768 2269 2841; x_wconf 92' lang='lat' dir='ltr'>qui</span> <span class='ocrx_word' id='word_1_420' title='bbox 2315 2785 2504 2826; x_wconf 91' lang='lat' dir='ltr'>eorum</span> <span class='ocrx_word' id='word_1_421' title='bbox 2545 2770 2982 2843; x_wconf 88' lang='lat' dir='ltr'>magnitudinem</span> <span class='ocrx_word' id='word_1_422' title='bbox 3037 2772 3365 2829; x_wconf 83' lang='lat' dir='ltr'>excellentia</span> <span class='ocrx_word' id='word_1_423' title='bbox 3393 2769 3599 2843; x_wconf 89' lang='lat' dir='ltr'>majore</span> 
     </span>
    </p>
   </div>
   <div class='ocr_carea' id='block_1_61' title="bbox 2015 2858 3601 2933">
    <p class='ocr_par' dir='ltr' id='par_1_61' title="bbox 2015 2858 3601 2933">
     <span class='ocr_line' id='line_1_61' title="bbox 2015 2858 3601 2933; baseline 0.002 -21"><span class='ocrx_word' id='word_1_424' title='bbox 2015 2859 2367 2917; x_wconf 87' lang='lat' dir='ltr'>transcendit.</span> <span class='ocrx_word' id='word_1_425' title='bbox 2391 2859 2549 2928; x_wconf 90' lang='lat' dir='ltr'>Quod</span> <span class='ocrx_word' id='word_1_426' title='bbox 2574 2876 2702 2933; x_wconf 90' lang='lat' dir='ltr'>ergo</span> <span class='ocrx_word' id='word_1_427' title='bbox 2723 2860 2840 2917; x_wconf 91' lang='lat' dir='ltr'>illic</span> <span class='ocrx_word' id='word_1_428' title='bbox 2859 2860 3135 2933; x_wconf 87' lang='lat' dir='ltr'>speciosus</span> <span class='ocrx_word' id='word_1_429' title='bbox 3162 2861 3221 2916; x_wconf 90' lang='lat' dir='ltr'>in</span> <span class='ocrx_word' id='word_1_430' title='bbox 3243 2858 3432 2916; x_wconf 89' lang='lat' dir='ltr'>multis</span> <span class='ocrx_word' id='word_1_431' title='bbox 3452 2858 3601 2915; x_wconf 89' lang='lat' dir='ltr'>fron-</span> 
     </span>
    </p>
   </div>
   <div class='ocr_carea' id='block_1_62' title="bbox 2013 2946 3605 3022">
    <p class='ocr_par' dir='ltr' id='par_1_62' title="bbox 2013 2946 3605 3022">
     <span class='ocr_line' id='line_1_62' title="bbox 2013 2946 3605 3022; baseline 0.002 -21"><span class='ocrx_word' id='word_1_432' title='bbox 2013 2946 2197 3016; x_wconf 89' lang='lat' dir='ltr'>dibus,</span> <span class='ocrx_word' id='word_1_433' title='bbox 2226 2949 2372 3022; x_wconf 90' lang='lat' dir='ltr'>quod</span> <span class='ocrx_word' id='word_1_434' title='bbox 2399 2949 2515 3006; x_wconf 91' lang='lat' dir='ltr'>illic</span> <span class='ocrx_word' id='word_1_435' title='bbox 2536 2950 2881 3022; x_wconf 89' lang='lat' dir='ltr'>signaculum</span> <span class='ocrx_word' id='word_1_436' title='bbox 2900 2949 3304 3017; x_wconf 90' lang='lat' dir='ltr'>similitudinis,</span> <span class='ocrx_word' id='word_1_437' title='bbox 3325 2946 3473 3022; x_wconf 89' lang='lat' dir='ltr'>quod</span> <span class='ocrx_word' id='word_1_438' title='bbox 3486 2946 3605 3004; x_wconf 86' lang='lat' dir='ltr'>illic</span> 
     </span>
    </p>
   </div>
   <div class='ocr_carea' id='block_1_63' title="bbox 2015 3036 3602 3113">
    <p class='ocr_par' dir='ltr' id='par_1_63' title="bbox 2015 3036 3602 3113">
     <span class='ocr_line' id='line_1_63' title="bbox 2015 3036 3602 3113; baseline 0.001 -21"><span class='ocrx_word' id='word_1_439' title='bbox 2015 3036 2241 3107; x_wconf 89' lang='lat' dir='ltr'>cherub,</span> <span class='ocrx_word' id='word_1_440' title='bbox 2274 3039 2422 3113; x_wconf 89' lang='lat' dir='ltr'>quod</span> <span class='ocrx_word' id='word_1_441' title='bbox 2474 3039 2591 3096; x_wconf 91' lang='lat' dir='ltr'>illic</span> <span class='ocrx_word' id='word_1_442' title='bbox 2637 3047 2923 3112; x_wconf 87' lang='lat' dir='ltr'>protegens</span> <span class='ocrx_word' id='word_1_443' title='bbox 2952 3038 3176 3107; x_wconf 89' lang='lat' dir='ltr'>dicitur,</span> <span class='ocrx_word' id='word_1_444' title='bbox 3209 3038 3315 3096; x_wconf 88' lang='lat' dir='ltr'>hoc</span> <span class='ocrx_word' id='word_1_445' title='bbox 3346 3037 3439 3096; x_wconf 90' lang='lat' dir='ltr'>hic</span> <span class='ocrx_word' id='word_1_446' title='bbox 3467 3052 3602 3094; x_wconf 89' lang='lat' dir='ltr'>voce</span> 
     </span>
    </p>
   </div>
   <div class='ocr_carea' id='block_1_64' title="bbox 305 3125 3600 3211">
    <p class='ocr_par' dir='ltr' id='par_1_64' title="bbox 305 3125 3600 3211">
     <span class='ocr_line' id='line_1_64' title="bbox 305 3125 3600 3211; baseline 0.002 -31"><span class='ocrx_word' id='word_1_447' title='bbox 305 3126 543 3183; x_wconf 82' lang='lat' dir='ltr'>ordines.</span> <span class='ocrx_word' id='word_1_448' title='bbox 595 3129 799 3186; x_wconf 69' lang='lat' dir='ltr'>Cherub</span> <span class='ocrx_word' id='word_1_449' title='bbox 849 3133 979 3204; x_wconf 72' lang='lat' dir='ltr'>quid</span> <span class='ocrx_word' id='word_1_450' title='bbox 1024 3135 1293 3208; x_wconf 65' lang='lat' dir='ltr'>signiﬁcet,</span> <span class='ocrx_word' id='word_1_451' title='bbox 1344 3167 1415 3178; x_wconf 92' lang='lat'><strong>_</strong></span> <span class='ocrx_word' id='word_1_452' title='bbox 1461 3136 1604 3194; x_wconf 74' lang='lat' dir='ltr'>Hinc</span> <span class='ocrx_word' id='word_1_453' title='bbox 1648 3134 1906 3209; x_wconf 72' lang='lat' dir='ltr'>estquod</span> <span class='ocrx_word' id='word_1_454' title='bbox 1936 3152 1979 3211; x_wconf 69' lang='grc' dir='ltr'><strong>ρ</strong></span> <span class='ocrx_word' id='word_1_455' title='bbox 2016 3125 2295 3183; x_wconf 89' lang='lat' dir='ltr'>dominica</span> <span class='ocrx_word' id='word_1_456' title='bbox 2338 3126 2645 3185; x_wconf 88' lang='lat' dir='ltr'>Bebemoth</span> <span class='ocrx_word' id='word_1_457' title='bbox 2692 3128 2795 3185; x_wconf 90' lang='lat' dir='ltr'>iste</span> <span class='ocrx_word' id='word_1_458' title='bbox 2838 3128 3053 3186; x_wconf 90' lang='lat' dir='ltr'>viarum</span> <span class='ocrx_word' id='word_1_459' title='bbox 3103 3128 3205 3186; x_wconf 92' lang='lat' dir='ltr'>Dei</span> <span class='ocrx_word' id='word_1_460' title='bbox 3263 3127 3600 3203; x_wconf 86' lang='lat' dir='ltr'>principium</span> 
     </span>
    </p>
   </div>
   <div class='ocr_carea' id='block_1_65' title="bbox 310 3216 1910 3299">
    <p class='ocr_par' dir='ltr' id='par_1_65' title="bbox 310 3216 1910 3299">
     <span class='ocr_line' id='line_1_65' title="bbox 310 3216 1910 3299; baseline 0.005 -26"><span class='ocrx_word' id='word_1_461' title='bbox 310 3216 584 3289; x_wconf 88' lang='lat' dir='ltr'>primatus</span> <span class='ocrx_word' id='word_1_462' title='bbox 613 3220 732 3292; x_wconf 90' lang='lat' dir='ltr'>ejus</span> <span class='ocrx_word' id='word_1_463' title='bbox 757 3223 1058 3296; x_wconf 89' lang='lat' dir='ltr'>potentiam</span> <span class='ocrx_word' id='word_1_464' title='bbox 1087 3225 1269 3283; x_wconf 86' lang='lat' dir='ltr'>adhuc</span> <span class='ocrx_word' id='word_1_465' title='bbox 1297 3227 1585 3284; x_wconf 88' lang='lat' dir='ltr'>insinuans</span> <span class='ocrx_word' id='word_1_466' title='bbox 1604 3225 1749 3283; x_wconf 91' lang='lat' dir='ltr'>idem</span> <span class='ocrx_word' id='word_1_467' title='bbox 1772 3242 1910 3299; x_wconf 91' lang='lat' dir='ltr'>pro—</span> 
     </span>
    </p>
   </div>
   <div class='ocr_carea' id='block_1_66' title="bbox 306 3308 1909 3390">
    <p class='ocr_par' dir='ltr' id='par_1_66' title="bbox 306 3308 1909 3390">
     <span class='ocr_line' id='line_1_66' title="bbox 306 3308 1909 3390; baseline 0.003 -25"><span class='ocrx_word' id='word_1_468' title='bbox 306 3308 494 3381; x_wconf 86' lang='lat' dir='ltr'>pheta,</span> <span class='ocrx_word' id='word_1_469' title='bbox 527 3310 812 3387; x_wconf 87' lang='lat' dir='ltr'>subjungit</span> <span class='ocrx_word' id='word_1_470' title='bbox 844 3332 855 3370; x_wconf 89' lang='lat'><strong>:</strong></span> <span class='ocrx_word' id='word_1_471' title='bbox 893 3316 1074 3371; x_wconf 80' lang='lat' dir='ltr'>Omnis</span> <span class='ocrx_word' id='word_1_472' title='bbox 1092 3317 1229 3388; x_wconf 84' lang='lat' dir='ltr'>lapis</span> <span class='ocrx_word' id='word_1_473' title='bbox 1245 3318 1511 3390; x_wconf 86' lang='lat' dir='ltr'>pretiosus</span> <span class='ocrx_word' id='word_1_474' title='bbox 1531 3317 1909 3389; x_wconf 83' lang='lat' dir='ltr'>operimentum</span> 
     </span>
    </p>
   </div>
   <div class='ocr_carea' id='block_1_67' title="bbox 311 3401 1906 3479">
    <p class='ocr_par' dir='ltr' id='par_1_67' title="bbox 311 3401 1906 3479">
     <span class='ocr_line' id='line_1_67' title="bbox 311 3401 1906 3479; baseline 0.004 -26"><span class='ocrx_word' id='word_1_475' title='bbox 311 3403 487 3467; x_wconf 88' lang='lat' dir='ltr'>tuum,</span> <span class='ocrx_word' id='word_1_476' title='bbox 509 3401 726 3457; x_wconf 88' lang='lat' dir='ltr'>sardius</span> <span class='ocrx_word' id='word_1_477' title='bbox 749 3408 797 3458; x_wconf 89' lang='lat' dir='ltr'>et</span> <span class='ocrx_word' id='word_1_478' title='bbox 813 3404 1054 3476; x_wconf 78' lang='lat' dir='ltr'>topazius</span> <span class='ocrx_word' id='word_1_479' title='bbox 1073 3411 1121 3460; x_wconf 86' lang='lat' dir='ltr'>et</span> <span class='ocrx_word' id='word_1_480' title='bbox 1132 3405 1331 3479; x_wconf 83' lang='lat' dir='ltr'>jaspis,</span> <span class='ocrx_word' id='word_1_481' title='bbox 1352 3408 1719 3479; x_wconf 84' lang='lat' dir='ltr'>chrysolithus,</span> <span class='ocrx_word' id='word_1_482' title='bbox 1742 3423 1906 3477; x_wconf 73' lang='lat' dir='ltr'>onyx,</span> 
     </span>
    </p>
   </div>
   <div class='ocr_carea' id='block_1_68' title="bbox 308 3490 1908 3569">
    <p class='ocr_par' dir='ltr' id='par_1_68' title="bbox 308 3490 1908 3569">
     <span class='ocr_line' id='line_1_68' title="bbox 308 3490 1908 3569; baseline 0.005 -26"><span class='ocrx_word' id='word_1_483' title='bbox 308 3495 363 3544; x_wconf 84' lang='lat' dir='ltr'>et</span> <span class='ocrx_word' id='word_1_484' title='bbox 416 3490 654 3557; x_wconf 88' lang='lat' dir='ltr'>berillus,</span> <span class='ocrx_word' id='word_1_485' title='bbox 715 3494 1022 3565; x_wconf 86' lang='lat' dir='ltr'>sapphirus,</span> <span class='ocrx_word' id='word_1_486' title='bbox 1079 3497 1431 3553; x_wconf 84' lang='lat' dir='ltr'>carbunculus</span> <span class='ocrx_word' id='word_1_487' title='bbox 1484 3504 1532 3552; x_wconf 88' lang='lat' dir='ltr'>et</span> <span class='ocrx_word' id='word_1_488' title='bbox 1594 3497 1908 3569; x_wconf 85' lang='lat' dir='ltr'>smaragdus</span> 
     </span>
    </p>
   </div>
   <div class='ocr_carea' id='block_1_69' title="bbox 314 3582 1906 3660">
    <p class='ocr_par' dir='ltr' id='par_1_69' title="bbox 314 3582 1906 3660">
     <span class='ocr_line' id='line_1_69' title="bbox 314 3582 1906 3660; baseline 0.004 -23"><span class='ocrx_word' id='word_1_489' title='bbox 314 3582 535 3651; x_wconf 77' lang='lat' dir='ltr'>(Ezech.</span> <span class='ocrx_word' id='word_1_490' title='bbox 571 3600 778 3652; x_wconf 84' lang='lat' dir='ltr'>xxvm,</span> <span class='ocrx_word' id='word_1_491' title='bbox 812 3584 928 3657; x_wconf 88' lang='grc'>13).</span> <span class='ocrx_word' id='word_1_492' title='bbox 959 3586 1169 3643; x_wconf 88' lang='lat' dir='ltr'>Novem</span> <span class='ocrx_word' id='word_1_493' title='bbox 1199 3587 1344 3643; x_wconf 82' lang='lat' dir='ltr'>dixit</span> <span class='ocrx_word' id='word_1_494' title='bbox 1375 3589 1395 3623; x_wconf 85' lang='grc'><strong>³</strong></span> <span class='ocrx_word' id='word_1_495' title='bbox 1428 3604 1625 3660; x_wconf 89' lang='lat' dir='ltr'>genera</span> <span class='ocrx_word' id='word_1_496' title='bbox 1639 3587 1906 3660; x_wconf 89' lang='lat' dir='ltr'>lapidum,</span> 
     </span>
    </p>
   </div>
   <div class='ocr_carea' id='block_1_70' title="bbox 312 3672 1908 3749">
    <p class='ocr_par' dir='ltr' id='par_1_70' title="bbox 312 3672 1908 3749">
     <span class='ocr_line' id='line_1_70' title="bbox 312 3672 1908 3749; baseline 0.004 -23"><span class='ocrx_word' id='word_1_497' title='bbox 312 3687 430 3744; x_wconf 88' lang='lat' dir='ltr'>qua</span> <span class='ocrx_word' id='word_1_498' title='bbox 456 3672 722 3730; x_wconf 89' lang='lat' dir='ltr'>nimirum</span> <span class='ocrx_word' id='word_1_499' title='bbox 753 3690 955 3730; x_wconf 90' lang='lat' dir='ltr'>novem</span> <span class='ocrx_word' id='word_1_500' title='bbox 984 3683 1116 3731; x_wconf 92' lang='lat' dir='ltr'>sunt</span> <span class='ocrx_word' id='word_1_501' title='bbox 1144 3676 1368 3733; x_wconf 89' lang='lat' dir='ltr'>ordines</span> <span class='ocrx_word' id='word_1_502' title='bbox 1397 3677 1740 3749; x_wconf 88' lang='lat' dir='ltr'>angelorum.</span> <span class='ocrx_word' id='word_1_503' title='bbox 1770 3677 1908 3732; x_wconf 90' lang='lat' dir='ltr'>Nam</span> 
     </span>
    </p>
   </div>
   <div class='ocr_carea' id='block_1_71' title="bbox 313 3764 1905 3839">
    <p class='ocr_par' dir='ltr' id='par_1_71' title="bbox 313 3764 1905 3839">
     <span class='ocr_line' id='line_1_71' title="bbox 313 3764 1905 3839; baseline 0.002 -22"><span class='ocrx_word' id='word_1_504' title='bbox 313 3776 448 3817; x_wconf 89' lang='lat' dir='ltr'>cum</span> <span class='ocrx_word' id='word_1_505' title='bbox 504 3778 600 3834; x_wconf 89' lang='lat' dir='ltr'>per</span> <span class='ocrx_word' id='word_1_506' title='bbox 657 3764 777 3836; x_wconf 91' lang='lat' dir='ltr'>ipsa</span> <span class='ocrx_word' id='word_1_507' title='bbox 831 3779 985 3821; x_wconf 89' lang='lat' dir='ltr'>sacra</span> <span class='ocrx_word' id='word_1_508' title='bbox 1046 3765 1265 3838; x_wconf 89' lang='lat' dir='ltr'>eloquia</span> <span class='ocrx_word' id='word_1_509' title='bbox 1314 3765 1516 3839; x_wconf 86' lang='lat' dir='ltr'>angeli,</span> <span class='ocrx_word' id='word_1_510' title='bbox 1573 3764 1905 3837; x_wconf 86' lang='lat' dir='ltr'>archangeli,</span> 
     </span>
    </p>
   </div>
   <div class='ocr_carea' id='block_1_72' title="bbox 309 3848 1910 3928">
    <p class='ocr_par' dir='ltr' id='par_1_72' title="bbox 309 3848 1910 3928">
     <span class='ocr_line' id='line_1_72' title="bbox 309 3848 1910 3928; baseline 0.004 -23"><span class='ocrx_word' id='word_1_511' title='bbox 309 3848 530 3917; x_wconf 85' lang='lat' dir='ltr'>throni,</span> <span class='ocrx_word' id='word_1_512' title='bbox 561 3850 987 3922; x_wconf 88' lang='lat' dir='ltr'>dominationes,</span> <span class='ocrx_word' id='word_1_513' title='bbox 1035 3852 1285 3924; x_wconf 88' lang='lat' dir='ltr'>virtutes,</span> <span class='ocrx_word' id='word_1_514' title='bbox 1336 3854 1695 3928; x_wconf 90' lang='lat' dir='ltr'>principatus,</span> <span class='ocrx_word' id='word_1_515' title='bbox 1746 3861 1910 3928; x_wconf 90' lang='lat' dir='ltr'>pote-</span> 
     </span>
    </p>
   </div>
   <div class='ocr_carea' id='block_1_73' title="bbox 310 3940 1908 4018">
    <p class='ocr_par' dir='ltr' id='par_1_73' title="bbox 310 3940 1908 4018">
     <span class='ocr_line' id='line_1_73' title="bbox 310 3940 1908 4018; baseline 0.004 -23"><span class='ocrx_word' id='word_1_516' title='bbox 310 3947 499 4008; x_wconf 88' lang='lat' dir='ltr'>states,</span> <span class='ocrx_word' id='word_1_517' title='bbox 560 3940 869 4013; x_wconf 89' lang='lat' dir='ltr'>cherubim,</span> <span class='ocrx_word' id='word_1_518' title='bbox 918 3951 972 4001; x_wconf 91' lang='lat' dir='ltr'>et</span> <span class='ocrx_word' id='word_1_519' title='bbox 1027 3943 1323 4018; x_wconf 91' lang='lat' dir='ltr'>seraphim,</span> <span class='ocrx_word' id='word_1_520' title='bbox 1356 3952 1540 4018; x_wconf 88' lang='lat' dir='ltr'>aperta</span> <span class='ocrx_word' id='word_1_521' title='bbox 1598 3944 1908 4002; x_wconf 89' lang='lat' dir='ltr'>narratione</span> 
     </span>
    </p>
   </div>
   <div class='ocr_carea' id='block_1_74' title="bbox 314 4033 1907 4109">
    <p class='ocr_par' dir='ltr' id='par_1_74' title="bbox 314 4033 1907 4109">
     <span class='ocr_line' id='line_1_74' title="bbox 314 4033 1907 4109; baseline 0.004 -26"><span class='ocrx_word' id='word_1_522' title='bbox 314 4038 712 4100; x_wconf 88' lang='lat' dir='ltr'>memorantur,</span> <span class='ocrx_word' id='word_1_523' title='bbox 731 4040 949 4105; x_wconf 86' lang='lat' dir='ltr'>quantae</span> <span class='ocrx_word' id='word_1_524' title='bbox 978 4033 1089 4090; x_wconf 91' lang='lat' dir='ltr'>sint</span> <span class='ocrx_word' id='word_1_525' title='bbox 1104 4050 1469 4109; x_wconf 88' lang='lat' dir='ltr'>supernorum</span> <span class='ocrx_word' id='word_1_526' title='bbox 1488 4034 1697 4092; x_wconf 88' lang='lat' dir='ltr'>civium</span> <span class='ocrx_word' id='word_1_527' title='bbox 1714 4034 1907 4091; x_wconf 90' lang='lat' dir='ltr'>distin-</span> 
     </span>
    </p>
   </div>
   <div class='ocr_carea' id='block_1_75' title="bbox 314 4117 1907 4190">
    <p class='ocr_par' dir='ltr' id='par_1_75' title="bbox 314 4117 1907 4190">
     <span class='ocr_line' id='line_1_75' title="bbox 314 4117 1907 4190; baseline 0.004 -17"><span class='ocrx_word' id='word_1_528' title='bbox 314 4117 528 4175; x_wconf 90' lang='lat' dir='ltr'>ctiones</span> <span class='ocrx_word' id='word_1_529' title='bbox 576 4120 908 4177; x_wconf 88' lang='lat' dir='ltr'>ostenditur.</span> <span class='ocrx_word' id='word_1_530' title='bbox 956 4122 1168 4190; x_wconf 89' lang='lat' dir='ltr'>Quibus</span> <span class='ocrx_word' id='word_1_531' title='bbox 1216 4132 1397 4182; x_wconf 87' lang='lat' dir='ltr'>tamen</span> <span class='ocrx_word' id='word_1_532' title='bbox 1456 4123 1762 4181; x_wconf 90' lang='lat' dir='ltr'>Bebemoth</span> <span class='ocrx_word' id='word_1_533' title='bbox 1804 4124 1907 4180; x_wconf 90' lang='lat' dir='ltr'>iste</span> 
     </span>
    </p>
   </div>
   <div class='ocr_carea' id='block_1_76' title="bbox 312 4210 1909 4289">
    <p class='ocr_par' dir='ltr' id='par_1_76' title="bbox 312 4210 1909 4289">
     <span class='ocr_line' id='line_1_76' title="bbox 312 4210 1909 4289; baseline 0.004 -25"><span class='ocrx_word' id='word_1_534' title='bbox 312 4217 537 4282; x_wconf 90' lang='lat' dir='ltr'>opertus</span> <span class='ocrx_word' id='word_1_535' title='bbox 566 4210 738 4268; x_wconf 89' lang='lat' dir='ltr'>fuisse</span> <span class='ocrx_word' id='word_1_536' title='bbox 767 4211 1121 4282; x_wconf 89' lang='lat' dir='ltr'>describitur,</span> <span class='ocrx_word' id='word_1_537' title='bbox 1152 4214 1283 4287; x_wconf 91' lang='lat' dir='ltr'>quia</span> <span class='ocrx_word' id='word_1_538' title='bbox 1308 4230 1401 4271; x_wconf 90' lang='lat' dir='ltr'>eos</span> <span class='ocrx_word' id='word_1_539' title='bbox 1420 4216 1574 4289; x_wconf 89' lang='lat' dir='ltr'>quasi</span> <span class='ocrx_word' id='word_1_540' title='bbox 1595 4224 1802 4272; x_wconf 90' lang='lat' dir='ltr'>vestem</span> <span class='ocrx_word' id='word_1_541' title='bbox 1838 4214 1909 4271; x_wconf 92' lang='lat' dir='ltr'>ad</span> 
     </span>
    </p>
   </div>
   <div class='ocr_carea' id='block_1_77' title="bbox 312 4299 1908 4375">
    <p class='ocr_par' dir='ltr' id='par_1_77' title="bbox 312 4299 1908 4375">
     <span class='ocr_line' id='line_1_77' title="bbox 312 4299 1908 4375; baseline 0.004 -22"><span class='ocrx_word' id='word_1_542' title='bbox 312 4307 569 4354; x_wconf 86' lang='lat' dir='ltr'>ornatum</span> <span class='ocrx_word' id='word_1_543' title='bbox 591 4316 753 4356; x_wconf 90' lang='lat' dir='ltr'>suum</span> <span class='ocrx_word' id='word_1_544' title='bbox 777 4299 993 4370; x_wconf 88' lang='lat' dir='ltr'>habuit,</span> <span class='ocrx_word' id='word_1_545' title='bbox 1013 4317 1247 4375; x_wconf 90' lang='lat' dir='ltr'>quorum</span> <span class='ocrx_word' id='word_1_546' title='bbox 1264 4303 1395 4359; x_wconf 91' lang='lat' dir='ltr'>dum</span> <span class='ocrx_word' id='word_1_547' title='bbox 1413 4303 1717 4361; x_wconf 89' lang='lat' dir='ltr'>claritatem</span> <span class='ocrx_word' id='word_1_548' title='bbox 1733 4312 1908 4360; x_wconf 86' lang='lat' dir='ltr'>trans-</span> 
     </span>
    </p>
   </div>
   <div class='ocr_carea' id='block_1_78' title="bbox 310 4388 1908 4465">
    <p class='ocr_par' dir='ltr' id='par_1_78' title="bbox 310 4388 1908 4465">
     <span class='ocr_line' id='line_1_78' title="bbox 310 4388 1908 4465; baseline 0.003 -21"><span class='ocrx_word' id='word_1_549' title='bbox 310 4388 590 4458; x_wconf 89' lang='lat' dir='ltr'>cenderet,</span> <span class='ocrx_word' id='word_1_550' title='bbox 622 4406 693 4447; x_wconf 88' lang='lat' dir='ltr'>ex</span> <span class='ocrx_word' id='word_1_551' title='bbox 736 4406 927 4447; x_wconf 89' lang='lat' dir='ltr'>eorum</span> <span class='ocrx_word' id='word_1_552' title='bbox 978 4393 1385 4465; x_wconf 89' lang='lat' dir='ltr'>comparatione</span> <span class='ocrx_word' id='word_1_553' title='bbox 1427 4394 1627 4451; x_wconf 89' lang='lat' dir='ltr'>clarior</span> <span class='ocrx_word' id='word_1_554' title='bbox 1672 4393 1799 4450; x_wconf 88' lang='lat' dir='ltr'>fuit.</span> <span class='ocrx_word' id='word_1_555' title='bbox 1831 4394 1908 4449; x_wconf 91' lang='lat' dir='ltr'>De</span> 
     </span>
    </p>
   </div>
   <div class='ocr_carea' id='block_1_79' title="bbox 2018 3224 2266 3275">
    <p class='ocr_par' dir='ltr' id='par_1_79' title="bbox 2018 3224 2266 3275">
     <span class='ocr_line' id='line_1_79' title="bbox 2018 3224 2266 3275; baseline 0.02 -5"><span class='ocrx_word' id='word_1_556' title='bbox 2018 3224 2266 3275; x_wconf 88' lang='lat' dir='ltr'>vocatur.</span> 
     </span>
    </p>
   </div>
   <div class='ocr_carea' id='block_1_80' title="bbox 2091 3305 3605 3386">
    <p class='ocr_par' dir='ltr' id='par_1_80' title="bbox 2091 3305 3605 3386">
     <span class='ocr_line' id='line_1_80' title="bbox 2091 3305 3605 3386; baseline -0.001 -19"><span class='ocrx_word' id='word_1_557' title='bbox 2091 3305 2228 3381; x_wconf 84' lang='lat' dir='ltr'>[Vet.</span> <span class='ocrx_word' id='word_1_558' title='bbox 2260 3310 2364 3366; x_wconf 84' lang='lat' dir='ltr'><strong><em>XX</em></strong></span> <span class='ocrx_word' id='word_1_559' title='bbox 2371 3309 2487 3386; x_wconf 82' lang='lat' dir='ltr'>VL]</span> <span class='ocrx_word' id='word_1_560' title='bbox 2517 3310 2606 3367; x_wconf 82' lang='grc'><strong>49.</strong></span> <span class='ocrx_word' id='word_1_561' title='bbox 2638 3312 2731 3368; x_wconf 78' lang='lat' dir='ltr'>Ea:</span> <span class='ocrx_word' id='word_1_562' title='bbox 2757 3311 2933 3384; x_wconf 87' lang='lat' dir='ltr'>angeli</span> <span class='ocrx_word' id='word_1_563' title='bbox 2959 3327 3086 3367; x_wconf 87' lang='lat' dir='ltr'>casu</span> <span class='ocrx_word' id='word_1_564' title='bbox 3115 3311 3287 3368; x_wconf 88' lang='lat' dir='ltr'>discat</span> <span class='ocrx_word' id='word_1_565' title='bbox 3311 3310 3463 3368; x_wconf 90' lang='lat' dir='ltr'>homo</span> <span class='ocrx_word' id='word_1_566' title='bbox 3496 3326 3605 3366; x_wconf 89' lang='lat' dir='ltr'>non</span> 
     </span>
    </p>
   </div>
   <div class='ocr_carea' id='block_1_81' title="bbox 2015 3399 3605 3478">
    <p class='ocr_par' dir='ltr' id='par_1_81' title="bbox 2015 3399 3605 3478">
     <span class='ocr_line' id='line_1_81' title="bbox 2015 3399 3605 3478; baseline 0.004 -26"><span class='ocrx_word' id='word_1_567' title='bbox 2015 3400 2303 3471; x_wconf 86' lang='lat' dir='ltr'>superbire.</span> <span class='ocrx_word' id='word_1_568' title='bbox 2332 3430 2400 3443; x_wconf 90' lang='lat'><strong><em>—</em></strong></span> <span class='ocrx_word' id='word_1_569' title='bbox 2428 3403 2506 3458; x_wconf 91' lang='lat' dir='ltr'>De</span> <span class='ocrx_word' id='word_1_570' title='bbox 2535 3415 2643 3475; x_wconf 89' lang='lat' dir='ltr'>quo</span> <span class='ocrx_word' id='word_1_571' title='bbox 2673 3400 2879 3461; x_wconf 88' lang='lat' dir='ltr'>idcirco</span> <span class='ocrx_word' id='word_1_572' title='bbox 2899 3410 3012 3460; x_wconf 89' lang='lat' dir='ltr'>tam</span> <span class='ocrx_word' id='word_1_573' title='bbox 3041 3401 3182 3460; x_wconf 87' lang='lat' dir='ltr'>mira</span> <span class='ocrx_word' id='word_1_574' title='bbox 3200 3401 3476 3478; x_wconf 88' lang='lat' dir='ltr'>inquibus</span> <span class='ocrx_word' id='word_1_575' title='bbox 3497 3399 3605 3459; x_wconf 87' lang='lat' dir='ltr'>fuit</span> 
     </span>
    </p>
   </div>
   <div class='ocr_carea' id='block_1_82' title="bbox 2016 3492 3607 3562">
    <p class='ocr_par' dir='ltr' id='par_1_82' title="bbox 2016 3492 3607 3562">
     <span class='ocr_line' id='line_1_82' title="bbox 2016 3492 3607 3562; baseline 0.004 -19"><span class='ocrx_word' id='word_1_576' title='bbox 2016 3495 2071 3544; x_wconf 91' lang='lat' dir='ltr'>et</span> <span class='ocrx_word' id='word_1_577' title='bbox 2108 3506 2229 3562; x_wconf 81' lang='lat' dir='ltr'>quae</span> <span class='ocrx_word' id='word_1_578' title='bbox 2275 3492 2461 3549; x_wconf 89' lang='lat' dir='ltr'>amisit</span> <span class='ocrx_word' id='word_1_579' title='bbox 2508 3492 2753 3550; x_wconf 88' lang='lat' dir='ltr'>insinuat</span> <span class='ocrx_word' id='word_1_580' title='bbox 2781 3501 2842 3549; x_wconf 90' lang='lat' dir='ltr'>ut</span> <span class='ocrx_word' id='word_1_581' title='bbox 2885 3494 3080 3550; x_wconf 90' lang='lat' dir='ltr'>territo</span> <span class='ocrx_word' id='word_1_582' title='bbox 3108 3493 3323 3552; x_wconf 91' lang='lat' dir='ltr'>homini</span> <span class='ocrx_word' id='word_1_583' title='bbox 3355 3492 3607 3551; x_wconf 83' lang='lat' dir='ltr'>ostendat</span> 
     </span>
    </p>
   </div>
   <div class='ocr_carea' id='block_1_83' title="bbox 2016 3579 3607 3658">
    <p class='ocr_par' dir='ltr' id='par_1_83' title="bbox 2016 3579 3607 3658">
     <span class='ocr_line' id='line_1_83' title="bbox 2016 3579 3607 3658; baseline 0.003 -25"><span class='ocrx_word' id='word_1_584' title='bbox 2016 3579 2151 3649; x_wconf 89' lang='lat' dir='ltr'>quid</span> <span class='ocrx_word' id='word_1_585' title='bbox 2180 3580 2295 3651; x_wconf 90' lang='lat' dir='ltr'>ipse</span> <span class='ocrx_word' id='word_1_586' title='bbox 2310 3582 2356 3637; x_wconf 89' lang='lat' dir='ltr'>si</span> <span class='ocrx_word' id='word_1_587' title='bbox 2377 3583 2656 3654; x_wconf 88' lang='lat' dir='ltr'>superbiat</span> <span class='ocrx_word' id='word_1_588' title='bbox 2671 3582 2738 3638; x_wconf 89' lang='lat' dir='ltr'>de</span> <span class='ocrx_word' id='word_1_589' title='bbox 2752 3584 3007 3640; x_wconf 86' lang='lat' dir='ltr'>elationis</span> <span class='ocrx_word' id='word_1_590' title='bbox 3022 3601 3133 3640; x_wconf 65' lang='lat' dir='ltr'>sua;</span> <span class='ocrx_word' id='word_1_591' title='bbox 3159 3585 3322 3658; x_wconf 90' lang='lat' dir='ltr'>culpa</span> <span class='ocrx_word' id='word_1_592' title='bbox 3345 3599 3607 3655; x_wconf 88' lang='lat' dir='ltr'>passurus</span> 
     </span>
    </p>
   </div>
   <div class='ocr_carea' id='block_1_84' title="bbox 2016 3667 3606 3745">
    <p class='ocr_par' dir='ltr' id='par_1_84' title="bbox 2016 3667 3606 3745">
     <span class='ocr_line' id='line_1_84' title="bbox 2016 3667 3606 3745; baseline 0.004 -25"><span class='ocrx_word' id='word_1_593' title='bbox 2016 3667 2107 3734; x_wconf 90' lang='lat' dir='ltr'>sit,</span> <span class='ocrx_word' id='word_1_594' title='bbox 2139 3669 2185 3723; x_wconf 89' lang='lat' dir='ltr'>si</span> <span class='ocrx_word' id='word_1_595' title='bbox 2216 3668 2463 3727; x_wconf 81' lang='lat' dir='ltr'>feriendo</span> <span class='ocrx_word' id='word_1_596' title='bbox 2491 3670 2576 3726; x_wconf 91' lang='lat' dir='ltr'>illi</span> <span class='ocrx_word' id='word_1_597' title='bbox 2597 3686 2816 3742; x_wconf 88' lang='lat' dir='ltr'>parcere</span> <span class='ocrx_word' id='word_1_598' title='bbox 2843 3671 3025 3727; x_wconf 88' lang='lat' dir='ltr'>noluit</span> <span class='ocrx_word' id='word_1_599' title='bbox 3068 3688 3230 3745; x_wconf 89' lang='lat' dir='ltr'>quem</span> <span class='ocrx_word' id='word_1_600' title='bbox 3283 3668 3519 3728; x_wconf 88' lang='lat' dir='ltr'>creando</span> <span class='ocrx_word' id='word_1_601' title='bbox 3546 3669 3606 3726; x_wconf 91' lang='lat' dir='ltr'>in</span> 
     </span>
    </p>
   </div>
   <div class='ocr_carea' id='block_1_85' title="bbox 2016 3755 3606 3831">
    <p class='ocr_par' dir='ltr' id='par_1_85' title="bbox 2016 3755 3606 3831">
     <span class='ocr_line' id='line_1_85' title="bbox 2016 3755 3606 3831; baseline 0.001 -20"><span class='ocrx_word' id='word_1_602' title='bbox 2016 3755 2245 3827; x_wconf 89' lang='lat' dir='ltr'>gloriam</span> <span class='ocrx_word' id='word_1_603' title='bbox 2286 3767 2451 3815; x_wconf 65' lang='lat' dir='ltr'>tantae</span> <span class='ocrx_word' id='word_1_604' title='bbox 2498 3759 2762 3816; x_wconf 88' lang='lat' dir='ltr'>claritatis</span> <span class='ocrx_word' id='word_1_605' title='bbox 2818 3760 3074 3816; x_wconf 87' lang='lat' dir='ltr'>elevavit.</span> <span class='ocrx_word' id='word_1_606' title='bbox 3108 3758 3430 3817; x_wconf 89' lang='lat' dir='ltr'>Consideret</span> <span class='ocrx_word' id='word_1_607' title='bbox 3478 3772 3606 3831; x_wconf 89' lang='lat' dir='ltr'>ergo</span> 
     </span>
    </p>
   </div>
   <div class='ocr_carea' id='block_1_86' title="bbox 2017 3844 3604 3920">
    <p class='ocr_par' dir='ltr' id='par_1_86' title="bbox 2017 3844 3604 3920">
     <span class='ocr_line' id='line_1_86' title="bbox 2017 3844 3604 3920; baseline 0 -18"><span class='ocrx_word' id='word_1_608' title='bbox 2017 3844 2183 3903; x_wconf 89' lang='lat' dir='ltr'>homo</span> <span class='ocrx_word' id='word_1_609' title='bbox 2212 3847 2348 3920; x_wconf 91' lang='lat' dir='ltr'>quid</span> <span class='ocrx_word' id='word_1_610' title='bbox 2377 3849 2550 3905; x_wconf 90' lang='lat' dir='ltr'>elatus</span> <span class='ocrx_word' id='word_1_611' title='bbox 2578 3848 2637 3904; x_wconf 92' lang='lat' dir='ltr'>in</span> <span class='ocrx_word' id='word_1_612' title='bbox 2666 3856 2811 3906; x_wconf 87' lang='lat' dir='ltr'>terra</span> <span class='ocrx_word' id='word_1_613' title='bbox 2837 3857 3133 3917; x_wconf 87' lang='lat' dir='ltr'>mereatur,</span> <span class='ocrx_word' id='word_1_614' title='bbox 3161 3849 3209 3906; x_wconf 90' lang='lat' dir='ltr'>si</span> <span class='ocrx_word' id='word_1_615' title='bbox 3250 3856 3304 3904; x_wconf 90' lang='lat' dir='ltr'>et</span> <span class='ocrx_word' id='word_1_616' title='bbox 3342 3846 3604 3920; x_wconf 65' lang='lat' dir='ltr'>praelatus</span> 
     </span>
    </p>
   </div>
   <div class='ocr_carea' id='block_1_87' title="bbox 2015 3935 3598 4012">
    <p class='ocr_par' dir='ltr' id='par_1_87' title="bbox 2015 3935 3598 4012">
     <span class='ocr_line' id='line_1_87' title="bbox 2015 3935 3598 4012; baseline -0.003 -17"><span class='ocrx_word' id='word_1_617' title='bbox 2015 3937 2486 4011; x_wconf 72' lang='lat' dir='ltr'>angelisangelus</span> <span class='ocrx_word' id='word_1_618' title='bbox 2514 3938 2574 3995; x_wconf 93' lang='lat' dir='ltr'>in</span> <span class='ocrx_word' id='word_1_619' title='bbox 2603 3939 2742 3996; x_wconf 74' lang='lat' dir='ltr'>cmlo</span> <span class='ocrx_word' id='word_1_620' title='bbox 2765 3937 3147 4012; x_wconf 89' lang='lat' dir='ltr'>prosternitur.</span> <span class='ocrx_word' id='word_1_621' title='bbox 3194 3936 3349 3995; x_wconf 88' lang='lat' dir='ltr'>Unde</span> <span class='ocrx_word' id='word_1_622' title='bbox 3375 3943 3430 3993; x_wconf 90' lang='lat' dir='ltr'>et</span> <span class='ocrx_word' id='word_1_623' title='bbox 3456 3935 3598 3993; x_wconf 90' lang='lat' dir='ltr'>bene</span> 
     </span>
    </p>
   </div>
   <div class='ocr_carea' id='block_1_88' title="bbox 2015 4024 3607 4101">
    <p class='ocr_par' dir='ltr' id='par_1_88' title="bbox 2015 4024 3607 4101">
     <span class='ocr_line' id='line_1_88' title="bbox 2015 4024 3607 4101; baseline -0.003 -17"><span class='ocrx_word' id='word_1_624' title='bbox 2015 4042 2113 4101; x_wconf 88' lang='lat' dir='ltr'>per</span> <span class='ocrx_word' id='word_1_625' title='bbox 2140 4026 2460 4100; x_wconf 87' lang='lat' dir='ltr'>prophetam</span> <span class='ocrx_word' id='word_1_626' title='bbox 2485 4027 2720 4085; x_wconf 90' lang='lat' dir='ltr'>dicitur:</span> <span class='ocrx_word' id='word_1_627' title='bbox 2742 4027 3040 4084; x_wconf 86' lang='lat' dir='ltr'>Inebriatus</span> <span class='ocrx_word' id='word_1_628' title='bbox 3068 4032 3142 4083; x_wconf 84' lang='lat' dir='ltr'>est</span> <span class='ocrx_word' id='word_1_629' title='bbox 3168 4026 3228 4083; x_wconf 88' lang='lat' dir='ltr'>in</span> <span class='ocrx_word' id='word_1_630' title='bbox 3253 4027 3378 4083; x_wconf 71' lang='lat' dir='ltr'>caelo</span> <span class='ocrx_word' id='word_1_631' title='bbox 3397 4024 3607 4097; x_wconf 82' lang='lat' dir='ltr'>gladius</span> 
     </span>
    </p>
   </div>
   <div class='ocr_carea' id='block_1_89' title="bbox 2014 4114 3607 4190">
    <p class='ocr_par' dir='ltr' id='par_1_89' title="bbox 2014 4114 3607 4190">
     <span class='ocr_line' id='line_1_89' title="bbox 2014 4114 3607 4190; baseline -0.001 -18"><span class='ocrx_word' id='word_1_632' title='bbox 2014 4133 2158 4173; x_wconf 86' lang='lat' dir='ltr'>meus</span> <span class='ocrx_word' id='word_1_633' title='bbox 2188 4117 2346 4190; x_wconf 87' lang='lat' dir='ltr'>(Isai.</span> <span class='ocrx_word' id='word_1_634' title='bbox 2369 4134 2568 4186; x_wconf 80' lang='lat' dir='ltr'>xxxrv,</span> <span class='ocrx_word' id='word_1_635' title='bbox 2599 4117 2680 4189; x_wconf 81' lang='lat'>5).</span> <span class='ocrx_word' id='word_1_636' title='bbox 2708 4120 2790 4175; x_wconf 85' lang='lat' dir='ltr'>Ac</span> <span class='ocrx_word' id='word_1_637' title='bbox 2817 4118 2865 4175; x_wconf 90' lang='lat' dir='ltr'>si</span> <span class='ocrx_word' id='word_1_638' title='bbox 2892 4124 3077 4190; x_wconf 89' lang='lat' dir='ltr'>aperte</span> <span class='ocrx_word' id='word_1_639' title='bbox 3105 4116 3312 4174; x_wconf 90' lang='lat' dir='ltr'>diceret</span> <span class='ocrx_word' id='word_1_640' title='bbox 3340 4132 3352 4172; x_wconf 92' lang='lat'>:</span> <span class='ocrx_word' id='word_1_641' title='bbox 3389 4114 3507 4185; x_wconf 86' lang='lat' dir='ltr'>Qua</span> <span class='ocrx_word' id='word_1_642' title='bbox 3526 4115 3607 4172; x_wconf 87' lang='lat' dir='ltr'>ira</span> 
     </span>
    </p>
   </div>
   <div class='ocr_carea' id='block_1_90' title="bbox 2016 4204 3607 4280">
    <p class='ocr_par' dir='ltr' id='par_1_90' title="bbox 2016 4204 3607 4280">
     <span class='ocr_line' id='line_1_90' title="bbox 2016 4204 3607 4280; baseline 0 -18"><span class='ocrx_word' id='word_1_643' title='bbox 2016 4206 2209 4263; x_wconf 85' lang='lat' dir='ltr'>feriam</span> <span class='ocrx_word' id='word_1_644' title='bbox 2239 4206 2499 4280; x_wconf 90' lang='lat' dir='ltr'>superbos</span> <span class='ocrx_word' id='word_1_645' title='bbox 2514 4214 2671 4264; x_wconf 70' lang='lat' dir='ltr'>terrae</span> <span class='ocrx_word' id='word_1_646' title='bbox 2688 4207 3027 4280; x_wconf 88' lang='lat' dir='ltr'>perpendite,</span> <span class='ocrx_word' id='word_1_647' title='bbox 3049 4207 3096 4263; x_wconf 92' lang='lat' dir='ltr'>si</span> <span class='ocrx_word' id='word_1_648' title='bbox 3117 4207 3267 4279; x_wconf 91' lang='lat' dir='ltr'>ipsos</span> <span class='ocrx_word' id='word_1_649' title='bbox 3287 4204 3453 4262; x_wconf 89' lang='lat' dir='ltr'>etiam</span> <span class='ocrx_word' id='word_1_650' title='bbox 3468 4221 3607 4280; x_wconf 89' lang='lat' dir='ltr'>quos</span> 
     </span>
    </p>
   </div>
   <div class='ocr_carea' id='block_1_91' title="bbox 1966 4298 3606 4372">
    <p class='ocr_par' dir='ltr' id='par_1_91' title="bbox 1966 4298 3606 4372">
     <span class='ocr_line' id='line_1_91' title="bbox 1966 4298 3606 4372; baseline 0.001 -19"><span class='ocrx_word' id='word_1_651' title='bbox 1966 4300 1974 4309; x_wconf 86' lang='grc'><em>’</em></span> <span class='ocrx_word' id='word_1_652' title='bbox 2017 4298 2075 4353; x_wconf 92' lang='lat' dir='ltr'>in</span> <span class='ocrx_word' id='word_1_653' title='bbox 2105 4300 2243 4356; x_wconf 75' lang='lat' dir='ltr'>ccelo</span> <span class='ocrx_word' id='word_1_654' title='bbox 2262 4298 2427 4371; x_wconf 84' lang='lat' dir='ltr'>juxta</span> <span class='ocrx_word' id='word_1_655' title='bbox 2448 4316 2535 4355; x_wconf 94' lang='lat' dir='ltr'>me</span> <span class='ocrx_word' id='word_1_656' title='bbox 2548 4298 2773 4357; x_wconf 88' lang='lat' dir='ltr'>condidi</span> <span class='ocrx_word' id='word_1_657' title='bbox 2790 4317 2888 4372; x_wconf 89' lang='lat' dir='ltr'>pro</span> <span class='ocrx_word' id='word_1_658' title='bbox 2899 4300 3153 4356; x_wconf 90' lang='lat' dir='ltr'>elationis</span> <span class='ocrx_word' id='word_1_659' title='bbox 3164 4298 3304 4355; x_wconf 90' lang='lat' dir='ltr'>vitio</span> <span class='ocrx_word' id='word_1_660' title='bbox 3324 4304 3606 4371; x_wconf 87' lang='lat' dir='ltr'>percutere</span> 
     </span>
    </p>
   </div>
   <div class='ocr_carea' id='block_1_92' title="bbox 2016 4387 3605 4462">
    <p class='ocr_par' dir='ltr' id='par_1_92' title="bbox 2016 4387 3605 4462">
     <span class='ocr_line' id='line_1_92' title="bbox 2016 4387 3605 4462; baseline 0.001 -20"><span class='ocrx_word' id='word_1_661' title='bbox 2016 4404 2127 4444; x_wconf 91' lang='lat' dir='ltr'>non</span> <span class='ocrx_word' id='word_1_662' title='bbox 2143 4387 2396 4460; x_wconf 78' lang='lat' dir='ltr'>peperci?</span> <span class='ocrx_word' id='word_1_663' title='bbox 2418 4388 2521 4443; x_wconf 89' lang='lat' dir='ltr'>Tot</span> <span class='ocrx_word' id='word_1_664' title='bbox 2544 4388 2730 4460; x_wconf 89' lang='lat' dir='ltr'>itaque</span> <span class='ocrx_word' id='word_1_665' title='bbox 2759 4387 2936 4445; x_wconf 89' lang='lat' dir='ltr'>hostis</span> <span class='ocrx_word' id='word_1_666' title='bbox 2954 4388 3170 4462; x_wconf 90' lang='lat' dir='ltr'>antiqui</span> <span class='ocrx_word' id='word_1_667' title='bbox 3190 4388 3493 4446; x_wconf 87' lang='lat' dir='ltr'>virtutibus</span> <span class='ocrx_word' id='word_1_668' title='bbox 3513 4405 3605 4445; x_wconf 86' lang='lat' dir='ltr'>au-</span> 
     </span>
    </p>
   </div>
   <div class='ocr_carea' id='block_1_93' title="bbox 310 4475 3604 4576">
    <p class='ocr_par' dir='ltr' id='par_1_93' title="bbox 310 4475 3604 4576">
     <span class='ocr_line' id='line_1_93' title="bbox 310 4475 3604 4576; baseline 0.001 -42"><span class='ocrx_word' id='word_1_669' title='bbox 310 4475 473 4550; x_wconf 86' lang='lat' dir='ltr'>cujus</span> <span class='ocrx_word' id='word_1_670' title='bbox 487 4478 607 4535; x_wconf 93' lang='lat' dir='ltr'>illic</span> <span class='ocrx_word' id='word_1_671' title='bbox 623 4478 806 4536; x_wconf 91' lang='lat' dir='ltr'>adhuc</span> <span class='ocrx_word' id='word_1_672' title='bbox 824 4479 1192 4552; x_wconf 88' lang='lat' dir='ltr'>descriptione</span> <span class='ocrx_word' id='word_1_673' title='bbox 1212 4480 1496 4554; x_wconf 88' lang='lat' dir='ltr'>subjungit</span> <span class='ocrx_word' id='word_1_674' title='bbox 1515 4499 1526 4536; x_wconf 92' lang='lat'>:</span> <span class='ocrx_word' id='word_1_675' title='bbox 1546 4482 1759 4538; x_wconf 86' lang='lat' dir='ltr'>Aurum</span> <span class='ocrx_word' id='word_1_676' title='bbox 1776 4496 1907 4552; x_wconf 80' lang='lat' dir='ltr'>opus</span> <span class='ocrx_word' id='word_1_677' title='bbox 1936 4517 1987 4576; x_wconf 80' lang='lat' dir='ltr'>D</span> <span class='ocrx_word' id='word_1_678' title='bbox 2021 4479 2174 4547; x_wconf 89' lang='lat' dir='ltr'>ditis,</span> <span class='ocrx_word' id='word_1_679' title='bbox 2203 4486 2357 4576; x_wconf 71' lang='lat' dir='ltr'>tanta</span> <span class='ocrx_word' id='word_1_680' title='bbox 2400 4477 2734 4576; x_wconf 71' lang='lat' dir='ltr'>conditipnis</span> <span class='ocrx_word' id='word_1_681' title='bbox 2759 4478 2897 4576; x_wconf 64' lang='lat' dir='ltr'>ejus</span> <span class='ocrx_word' id='word_1_682' title='bbox 2943 4479 3321 4576; x_wconf 76' lang='lat' dir='ltr'>magnitudine</span> <span class='ocrx_word' id='word_1_683' title='bbox 3365 4480 3604 4576; x_wconf 71' lang='lat' dir='ltr'>cognita,</span> 
     </span>
    </p>
   </div>
   <div class='ocr_carea' id='block_1_94' title="bbox 308 4568 1909 4643">
    <p class='ocr_par' dir='ltr' id='par_1_94' title="bbox 308 4568 1909 4643">
     <span class='ocr_line' id='line_1_94' title="bbox 308 4568 1909 4643; baseline 0.002 -20"><span class='ocrx_word' id='word_1_684' title='bbox 308 4568 512 4624; x_wconf 87' lang='lat' dir='ltr'>decoris</span> <span class='ocrx_word' id='word_1_685' title='bbox 557 4570 634 4625; x_wconf 89' lang='lat' dir='ltr'>tui</span> <span class='ocrx_word' id='word_1_686' title='bbox 681 4575 727 4625; x_wconf 88' lang='lat' dir='ltr'>et</span> <span class='ocrx_word' id='word_1_687' title='bbox 769 4570 1039 4641; x_wconf 85' lang='lat' dir='ltr'>foramina</span> <span class='ocrx_word' id='word_1_688' title='bbox 1092 4576 1183 4626; x_wconf 87' lang='lat' dir='ltr'>tua</span> <span class='ocrx_word' id='word_1_689' title='bbox 1228 4571 1286 4626; x_wconf 89' lang='lat' dir='ltr'>in</span> <span class='ocrx_word' id='word_1_690' title='bbox 1325 4571 1409 4627; x_wconf 85' lang='lat' dir='ltr'>die</span> <span class='ocrx_word' id='word_1_691' title='bbox 1434 4588 1539 4643; x_wconf 85' lang='lat' dir='ltr'>qua</span> <span class='ocrx_word' id='word_1_692' title='bbox 1567 4572 1805 4627; x_wconf 81' lang='lat' dir='ltr'>conditus</span> <span class='ocrx_word' id='word_1_693' title='bbox 1836 4588 1909 4641; x_wconf 87' lang='lat' dir='ltr'>es,</span> 
     </span>
    </p>
   </div>
   <div class='ocr_carea' id='block_1_95' title="bbox 304 4659 1914 4733">
    <p class='ocr_par' dir='ltr' id='par_1_95' title="bbox 304 4659 1914 4733">
     <span class='ocr_line' id='line_1_95' title="bbox 304 4659 1914 4733; baseline 0.003 -20"><span class='ocrx_word' id='word_1_694' title='bbox 304 4665 621 4731; x_wconf 67' lang='lat' dir='ltr'>praparata</span> <span class='ocrx_word' id='word_1_695' title='bbox 655 4667 781 4715; x_wconf 86' lang='lat' dir='ltr'>sunt</span> <span class='ocrx_word' id='word_1_696' title='bbox 810 4659 997 4731; x_wconf 73' lang='lat' dir='ltr'>(Ibid,</span> <span class='ocrx_word' id='word_1_697' title='bbox 1018 4659 1129 4733; x_wconf 85' lang='lat' dir='ltr'>l3).</span> <span class='ocrx_word' id='word_1_698' title='bbox 1155 4664 1369 4716; x_wconf 88' lang='lat' dir='ltr'>Aurum</span> <span class='ocrx_word' id='word_1_699' title='bbox 1399 4677 1536 4733; x_wconf 89' lang='lat' dir='ltr'>opus</span> <span class='ocrx_word' id='word_1_700' title='bbox 1564 4661 1776 4719; x_wconf 90' lang='lat' dir='ltr'>decoris</span> <span class='ocrx_word' id='word_1_701' title='bbox 1795 4660 1914 4733; x_wconf 87' lang='lat' dir='ltr'>ejus</span> 
     </span>
    </p>
   </div>
   <div class='ocr_carea' id='block_1_96' title="bbox 309 4748 1913 4824">
    <p class='ocr_par' dir='ltr' id='par_1_96' title="bbox 309 4748 1913 4824">
     <span class='ocr_line' id='line_1_96' title="bbox 309 4748 1913 4824; baseline 0.002 -22"><span class='ocrx_word' id='word_1_702' title='bbox 309 4749 547 4817; x_wconf 85' lang='lat' dir='ltr'>exstitit,</span> <span class='ocrx_word' id='word_1_703' title='bbox 580 4748 710 4823; x_wconf 89' lang='lat' dir='ltr'>quia</span> <span class='ocrx_word' id='word_1_704' title='bbox 738 4749 1025 4822; x_wconf 66' lang='lat' dir='ltr'>sapientiae</span> <span class='ocrx_word' id='word_1_705' title='bbox 1055 4748 1303 4806; x_wconf 88' lang='lat' dir='ltr'>claritate</span> <span class='ocrx_word' id='word_1_706' title='bbox 1326 4750 1569 4819; x_wconf 91' lang='lat' dir='ltr'>canduit,</span> <span class='ocrx_word' id='word_1_707' title='bbox 1592 4767 1755 4824; x_wconf 89' lang='lat' dir='ltr'>quam</span> <span class='ocrx_word' id='word_1_708' title='bbox 1774 4750 1913 4807; x_wconf 89' lang='lat' dir='ltr'>bene</span> 
     </span>
    </p>
   </div>
   <div class='ocr_carea' id='block_1_97' title="bbox 307 4841 1912 4916">
    <p class='ocr_par' dir='ltr' id='par_1_97' title="bbox 307 4841 1912 4916">
     <span class='ocr_line' id='line_1_97' title="bbox 307 4841 1912 4916; baseline 0.001 -19"><span class='ocrx_word' id='word_1_709' title='bbox 307 4848 526 4898; x_wconf 88' lang='lat' dir='ltr'>creatus</span> <span class='ocrx_word' id='word_1_710' title='bbox 554 4841 785 4913; x_wconf 88' lang='lat' dir='ltr'>accepit.</span> <span class='ocrx_word' id='word_1_711' title='bbox 826 4841 1122 4899; x_wconf 90' lang='lat' dir='ltr'>Foramina</span> <span class='ocrx_word' id='word_1_712' title='bbox 1147 4858 1280 4898; x_wconf 84' lang='lat' dir='ltr'>vero</span> <span class='ocrx_word' id='word_1_713' title='bbox 1328 4841 1536 4900; x_wconf 91' lang='lat' dir='ltr'>idcirco</span> <span class='ocrx_word' id='word_1_714' title='bbox 1556 4842 1615 4897; x_wconf 91' lang='lat' dir='ltr'>in</span> <span class='ocrx_word' id='word_1_715' title='bbox 1637 4841 1912 4916; x_wconf 90' lang='lat' dir='ltr'>lapidibus</span> 
     </span>
    </p>
   </div>
   <div class='ocr_carea' id='block_1_98' title="bbox 309 4929 1912 5005">
    <p class='ocr_par' dir='ltr' id='par_1_98' title="bbox 309 4929 1912 5005">
     <span class='ocr_line' id='line_1_98' title="bbox 309 4929 1912 5005; baseline 0.002 -19"><span class='ocrx_word' id='word_1_716' title='bbox 309 4929 473 5001; x_wconf 86' lang='lat' dir='ltr'>ﬁunt,</span> <span class='ocrx_word' id='word_1_717' title='bbox 504 4938 570 4987; x_wconf 89' lang='lat' dir='ltr'>ut</span> <span class='ocrx_word' id='word_1_718' title='bbox 603 4930 874 4989; x_wconf 87' lang='lat' dir='ltr'>vinculati</span> <span class='ocrx_word' id='word_1_719' title='bbox 904 4948 1038 4988; x_wconf 90' lang='lat' dir='ltr'>auro</span> <span class='ocrx_word' id='word_1_720' title='bbox 1068 4931 1129 4987; x_wconf 90' lang='lat' dir='ltr'>in</span> <span class='ocrx_word' id='word_1_721' title='bbox 1158 4932 1470 4989; x_wconf 87' lang='lat' dir='ltr'>ornamenti</span> <span class='ocrx_word' id='word_1_722' title='bbox 1513 4931 1912 5005; x_wconf 78' lang='lat' dir='ltr'>compositione</span> 
     </span>
    </p>
   </div>
   <div class='ocr_carea' id='block_1_99' title="bbox 302 5018 1910 5096">
    <p class='ocr_par' dir='ltr' id='par_1_99' title="bbox 302 5018 1910 5096">
     <span class='ocr_line' id='line_1_99' title="bbox 302 5018 1910 5096; baseline 0.001 -20"><span class='ocrx_word' id='word_1_723' title='bbox 302 5018 629 5093; x_wconf 88' lang='lat' dir='ltr'>jungantur,</span> <span class='ocrx_word' id='word_1_724' title='bbox 662 5027 716 5078; x_wconf 89' lang='lat' dir='ltr'>et</span> <span class='ocrx_word' id='word_1_725' title='bbox 744 5037 1089 5095; x_wconf 88' lang='lat' dir='ltr'>nequaquam</span> <span class='ocrx_word' id='word_1_726' title='bbox 1108 5037 1140 5076; x_wconf 90' lang='lat' dir='ltr'>a</span> <span class='ocrx_word' id='word_1_727' title='bbox 1168 5037 1225 5077; x_wconf 90' lang='lat' dir='ltr'>se</span> <span class='ocrx_word' id='word_1_728' title='bbox 1253 5020 1575 5092; x_wconf 88' lang='lat' dir='ltr'>dissideant,</span> <span class='ocrx_word' id='word_1_729' title='bbox 1594 5038 1731 5096; x_wconf 91' lang='lat' dir='ltr'>quos</span> <span class='ocrx_word' id='word_1_730' title='bbox 1745 5022 1910 5079; x_wconf 90' lang='lat' dir='ltr'>inter-</span> 
     </span>
    </p>
   </div>
   <div class='ocr_carea' id='block_1_100' title="bbox 307 5110 1911 5184">
    <p class='ocr_par' dir='ltr' id='par_1_100' title="bbox 307 5110 1911 5184">
     <span class='ocr_line' id='line_1_100' title="bbox 307 5110 1911 5184; baseline 0.001 -18"><span class='ocrx_word' id='word_1_731' title='bbox 307 5110 493 5168; x_wconf 90' lang='lat' dir='ltr'>fusum</span> <span class='ocrx_word' id='word_1_732' title='bbox 524 5126 724 5167; x_wconf 88' lang='lat' dir='ltr'>aurum</span> <span class='ocrx_word' id='word_1_733' title='bbox 754 5110 977 5183; x_wconf 88' lang='lat' dir='ltr'>repletis</span> <span class='ocrx_word' id='word_1_734' title='bbox 1004 5110 1373 5168; x_wconf 89' lang='lat' dir='ltr'>foraminibus</span> <span class='ocrx_word' id='word_1_735' title='bbox 1401 5112 1553 5184; x_wconf 87' lang='lat' dir='ltr'>ligat.</span> <span class='ocrx_word' id='word_1_736' title='bbox 1580 5111 1758 5184; x_wconf 86' lang='lat' dir='ltr'>Hujus</span> <span class='ocrx_word' id='word_1_737' title='bbox 1783 5127 1911 5184; x_wconf 87' lang='lat' dir='ltr'>ergo</span> 
     </span>
    </p>
   </div>
   <div class='ocr_carea' id='block_1_101' title="bbox 306 5198 1913 5274">
    <p class='ocr_par' dir='ltr' id='par_1_101' title="bbox 306 5198 1913 5274">
     <span class='ocr_line' id='line_1_101' title="bbox 306 5198 1913 5274; baseline 0.003 -19"><span class='ocrx_word' id='word_1_738' title='bbox 306 5199 507 5274; x_wconf 89' lang='lat' dir='ltr'>lapidis</span> <span class='ocrx_word' id='word_1_739' title='bbox 531 5200 590 5256; x_wconf 91' lang='lat' dir='ltr'>in</span> <span class='ocrx_word' id='word_1_740' title='bbox 620 5199 711 5256; x_wconf 90' lang='lat' dir='ltr'>die</span> <span class='ocrx_word' id='word_1_741' title='bbox 748 5198 1085 5257; x_wconf 89' lang='lat' dir='ltr'>conditionis</span> <span class='ocrx_word' id='word_1_742' title='bbox 1130 5216 1243 5256; x_wconf 82' lang='lat' dir='ltr'>suae</span> <span class='ocrx_word' id='word_1_743' title='bbox 1285 5198 1566 5256; x_wconf 86' lang='lat' dir='ltr'>foramina</span> <span class='ocrx_word' id='word_1_744' title='bbox 1613 5208 1913 5274; x_wconf 68' lang='lat' dir='ltr'>praeparata</span> 
     </span>
    </p>
   </div>
   <div class='ocr_carea' id='block_1_102' title="bbox 308 5288 1904 5367">
    <p class='ocr_par' dir='ltr' id='par_1_102' title="bbox 308 5288 1904 5367">
     <span class='ocr_line' id='line_1_102' title="bbox 308 5288 1904 5367; baseline 0.001 -21"><span class='ocrx_word' id='word_1_745' title='bbox 308 5299 455 5360; x_wconf 89' lang='lat' dir='ltr'>sunt,</span> <span class='ocrx_word' id='word_1_746' title='bbox 489 5289 619 5363; x_wconf 88' lang='lat' dir='ltr'>quia</span> <span class='ocrx_word' id='word_1_747' title='bbox 658 5288 921 5347; x_wconf 77' lang='lat' dir='ltr'>Videlicet</span> <span class='ocrx_word' id='word_1_748' title='bbox 948 5305 1123 5361; x_wconf 84' lang='lat' dir='ltr'>capax</span> <span class='ocrx_word' id='word_1_749' title='bbox 1169 5288 1454 5345; x_wconf 88' lang='lat' dir='ltr'>charitatis</span> <span class='ocrx_word' id='word_1_750' title='bbox 1502 5296 1584 5345; x_wconf 90' lang='lat' dir='ltr'>est</span> <span class='ocrx_word' id='word_1_751' title='bbox 1629 5289 1904 5367; x_wconf 87' lang='lat' dir='ltr'>conditus.</span> 
     </span>
    </p>
   </div>
   <div class='ocr_carea' id='block_1_103' title="bbox 307 5378 1907 5454">
    <p class='ocr_par' dir='ltr' id='par_1_103' title="bbox 307 5378 1907 5454">
     <span class='ocr_line' id='line_1_103' title="bbox 307 5378 1907 5454; baseline -0.001 -15"><span class='ocrx_word' id='word_1_752' title='bbox 307 5380 424 5449; x_wconf 89' lang='lat' dir='ltr'>Qua</span> <span class='ocrx_word' id='word_1_753' title='bbox 452 5381 501 5438; x_wconf 91' lang='lat' dir='ltr'>si</span> <span class='ocrx_word' id='word_1_754' title='bbox 535 5380 735 5454; x_wconf 89' lang='lat' dir='ltr'>repleri</span> <span class='ocrx_word' id='word_1_755' title='bbox 766 5378 1051 5447; x_wconf 84' lang='lat' dir='ltr'>voluisset,</span> <span class='ocrx_word' id='word_1_756' title='bbox 1095 5378 1369 5435; x_wconf 89' lang='lat' dir='ltr'>stantibus</span> <span class='ocrx_word' id='word_1_757' title='bbox 1396 5378 1604 5454; x_wconf 89' lang='lat' dir='ltr'>angelis</span> <span class='ocrx_word' id='word_1_758' title='bbox 1650 5388 1907 5453; x_wconf 89' lang='lat' dir='ltr'>tanquam</span> 
     </span>
    </p>
   </div>
   <div class='ocr_carea' id='block_1_104' title="bbox 307 5467 1906 5543">
    <p class='ocr_par' dir='ltr' id='par_1_104' title="bbox 307 5467 1906 5543">
     <span class='ocr_line' id='line_1_104' title="bbox 307 5467 1906 5543; baseline 0 -17"><span class='ocrx_word' id='word_1_759' title='bbox 307 5470 500 5542; x_wconf 87' lang='lat' dir='ltr'>positis</span> <span class='ocrx_word' id='word_1_760' title='bbox 530 5471 587 5527; x_wconf 92' lang='lat' dir='ltr'>in</span> <span class='ocrx_word' id='word_1_761' title='bbox 618 5472 760 5543; x_wconf 88' lang='lat' dir='ltr'>regis</span> <span class='ocrx_word' id='word_1_762' title='bbox 790 5474 1113 5527; x_wconf 87' lang='lat' dir='ltr'>ornamento</span> <span class='ocrx_word' id='word_1_763' title='bbox 1143 5467 1420 5541; x_wconf 88' lang='lat' dir='ltr'>lapidibus</span> <span class='ocrx_word' id='word_1_764' title='bbox 1444 5469 1714 5543; x_wconf 89' lang='lat' dir='ltr'>potuisset</span> <span class='ocrx_word' id='word_1_765' title='bbox 1738 5468 1906 5526; x_wconf 86' lang='lat' dir='ltr'>inhae-</span> 
     </span>
    </p>
   </div>
   <div class='ocr_carea' id='block_1_105' title="bbox 385 5690 1598 5765">
    <p class='ocr_par' dir='ltr' id='par_1_105' title="bbox 385 5690 1598 5765">
     <span class='ocr_line' id='line_1_105' title="bbox 385 5690 1598 5765; baseline 0 -16"><span class='ocrx_word' id='word_1_766' title='bbox 385 5694 398 5727; x_wconf 87' lang='grc'>¹</span> <span class='ocrx_word' id='word_1_767' title='bbox 438 5692 695 5760; x_wconf 87' lang='lat' dir='ltr'>Viudoc.,</span> <span class='ocrx_word' id='word_1_768' title='bbox 728 5692 858 5763; x_wconf 82' lang='lat' dir='ltr'>quid</span> <span class='ocrx_word' id='word_1_769' title='bbox 884 5708 1109 5765; x_wconf 83' lang='lat' dir='ltr'>namque</span> <span class='ocrx_word' id='word_1_770' title='bbox 1126 5690 1383 5764; x_wconf 86' lang='lat' dir='ltr'>accipi....</span> <span class='ocrx_word' id='word_1_771' title='bbox 1412 5698 1598 5765; x_wconf 84' lang='lat' dir='ltr'>potest.</span> 
     </span>
    </p>
   </div>
   <div class='ocr_carea' id='block_1_106' title="bbox 380 5763 1192 5837">
    <p class='ocr_par' dir='ltr' id='par_1_106' title="bbox 380 5763 1192 5837">
     <span class='ocr_line' id='line_1_106' title="bbox 380 5763 1192 5837; baseline -0.004 -14"><span class='ocrx_word' id='word_1_772' title='bbox 380 5765 399 5799; x_wconf 78' lang='grc'>²</span> <span class='ocrx_word' id='word_1_773' title='bbox 431 5765 705 5834; x_wconf 64' lang='lat' dir='ltr'>Gratiam,</span> <span class='ocrx_word' id='word_1_774' title='bbox 736 5770 937 5836; x_wconf 86' lang='lat' dir='ltr'>quanta</span> <span class='ocrx_word' id='word_1_775' title='bbox 964 5763 1013 5821; x_wconf 88' lang='lat' dir='ltr'>ei</span> <span class='ocrx_word' id='word_1_776' title='bbox 1040 5781 1192 5837; x_wconf 83' lang='lat' dir='ltr'>supp.</span> 
     </span>
    </p>
   </div>
   <div class='ocr_carea' id='block_1_107' title="bbox 2024 4566 3609 4643">
    <p class='ocr_par' dir='ltr' id='par_1_107' title="bbox 2024 4566 3609 4643">
     <span class='ocr_line' id='line_1_107' title="bbox 2024 4566 3609 4643; baseline 0.001 -20"><span class='ocrx_word' id='word_1_777' title='bbox 2024 4568 2147 4642; x_wconf 89' lang='lat' dir='ltr'>quis</span> <span class='ocrx_word' id='word_1_778' title='bbox 2174 4583 2287 4624; x_wconf 89' lang='lat' dir='ltr'>non</span> <span class='ocrx_word' id='word_1_779' title='bbox 2314 4567 2583 4623; x_wconf 87' lang='lat' dir='ltr'>immensa</span> <span class='ocrx_word' id='word_1_780' title='bbox 2609 4566 2906 4624; x_wconf 88' lang='lat' dir='ltr'>formidine</span> <span class='ocrx_word' id='word_1_781' title='bbox 2933 4570 3183 4627; x_wconf 80' lang='lat' dir='ltr'>corruat?</span> <span class='ocrx_word' id='word_1_782' title='bbox 3212 4569 3336 4643; x_wconf 90' lang='lat' dir='ltr'>quis</span> <span class='ocrx_word' id='word_1_783' title='bbox 3363 4585 3473 4627; x_wconf 88' lang='lat' dir='ltr'>non</span> <span class='ocrx_word' id='word_1_784' title='bbox 3502 4568 3609 4625; x_wconf 91' lang='lat' dir='ltr'>de-</span> 
     </span>
    </p>
   </div>
   <div class='ocr_carea' id='block_1_108' title="bbox 2018 4658 3605 4735">
    <p class='ocr_par' dir='ltr' id='par_1_108' title="bbox 2018 4658 3605 4735">
     <span class='ocr_line' id='line_1_108' title="bbox 2018 4658 3605 4735; baseline -0.002 -19"><span class='ocrx_word' id='word_1_785' title='bbox 2018 4659 2342 4732; x_wconf 90' lang='lat' dir='ltr'>sperationis</span> <span class='ocrx_word' id='word_1_786' title='bbox 2391 4658 2739 4731; x_wconf 89' lang='lat' dir='ltr'>percussione</span> <span class='ocrx_word' id='word_1_787' title='bbox 2776 4660 3127 4718; x_wconf 80' lang='lat' dir='ltr'>succumbat?</span> <span class='ocrx_word' id='word_1_788' title='bbox 3143 4660 3248 4719; x_wconf 88' lang='lat' dir='ltr'>Sed</span> <span class='ocrx_word' id='word_1_789' title='bbox 3264 4660 3394 4735; x_wconf 88' lang='lat' dir='ltr'>quia</span> <span class='ocrx_word' id='word_1_790' title='bbox 3413 4659 3605 4718; x_wconf 86' lang='lat' dir='ltr'>elatio-</span> 
     </span>
    </p>
   </div>
   <div class='ocr_carea' id='block_1_109' title="bbox 2018 4748 3598 4825">
    <p class='ocr_par' dir='ltr' id='par_1_109' title="bbox 2018 4748 3598 4825">
     <span class='ocr_line' id='line_1_109' title="bbox 2018 4748 3598 4825; baseline -0.002 -19"><span class='ocrx_word' id='word_1_791' title='bbox 2018 4766 2142 4807; x_wconf 89' lang='lat' dir='ltr'>nem</span> <span class='ocrx_word' id='word_1_792' title='bbox 2158 4758 2400 4808; x_wconf 89' lang='lat' dir='ltr'>nostram</span> <span class='ocrx_word' id='word_1_793' title='bbox 2421 4760 2638 4809; x_wconf 88' lang='lat' dir='ltr'>ostensa</span> <span class='ocrx_word' id='word_1_794' title='bbox 2656 4750 2833 4809; x_wconf 90' lang='lat' dir='ltr'>hostis</span> <span class='ocrx_word' id='word_1_795' title='bbox 2855 4753 3030 4810; x_wconf 89' lang='lat' dir='ltr'>nostri</span> <span class='ocrx_word' id='word_1_796' title='bbox 3059 4751 3306 4825; x_wconf 88' lang='lat' dir='ltr'>potentia</span> <span class='ocrx_word' id='word_1_797' title='bbox 3322 4748 3598 4822; x_wconf 89' lang='lat' dir='ltr'>reprimit,</span> 
     </span>
    </p>
   </div>
   <div class='ocr_carea' id='block_1_110' title="bbox 2018 4837 3605 4911">
    <p class='ocr_par' dir='ltr' id='par_1_110' title="bbox 2018 4837 3605 4911">
     <span class='ocr_line' id='line_1_110' title="bbox 2018 4837 3605 4911; baseline -0.004 -16"><span class='ocrx_word' id='word_1_798' title='bbox 2018 4839 2184 4896; x_wconf 89' lang='lat' dir='ltr'>etiam</span> <span class='ocrx_word' id='word_1_799' title='bbox 2213 4839 2590 4897; x_wconf 85' lang='lat' dir='ltr'>inﬁrmitatem</span> <span class='ocrx_word' id='word_1_800' title='bbox 2617 4848 2857 4899; x_wconf 87' lang='lat' dir='ltr'>nostram</span> <span class='ocrx_word' id='word_1_801' title='bbox 2886 4840 3156 4900; x_wconf 91' lang='lat' dir='ltr'>Dominus</span> <span class='ocrx_word' id='word_1_802' title='bbox 3193 4837 3462 4911; x_wconf 85' lang='lat' dir='ltr'>patefacta</span> <span class='ocrx_word' id='word_1_803' title='bbox 3489 4850 3605 4907; x_wconf 87' lang='lat' dir='ltr'>gra-</span> 
     </span>
    </p>
   </div>
   <div class='ocr_carea' id='block_1_111' title="bbox 2016 4922 3604 5002">
    <p class='ocr_par' dir='ltr' id='par_1_111' title="bbox 2016 4922 3604 5002">
     <span class='ocr_line' id='line_1_111' title="bbox 2016 4922 3604 5002; baseline -0.003 -18"><span class='ocrx_word' id='word_1_804' title='bbox 2016 4927 2109 4985; x_wconf 68' lang='lat' dir='ltr'>tiae</span> <span class='ocrx_word' id='word_1_805' title='bbox 2135 4945 2247 4985; x_wconf 63' lang='lat' dir='ltr'>sua)</span> <span class='ocrx_word' id='word_1_806' title='bbox 2274 4929 2680 5002; x_wconf 88' lang='lat' dir='ltr'>dispensatione</span> <span class='ocrx_word' id='word_1_807' title='bbox 2710 4931 2879 4988; x_wconf 85' lang='lat' dir='ltr'>fovet.</span> <span class='ocrx_word' id='word_1_808' title='bbox 2909 4929 3065 4988; x_wconf 90' lang='lat' dir='ltr'>Unde</span> <span class='ocrx_word' id='word_1_809' title='bbox 3094 4942 3221 4985; x_wconf 89' lang='lat' dir='ltr'>cum</span> <span class='ocrx_word' id='word_1_810' title='bbox 3240 4941 3367 4983; x_wconf 88' lang='lat' dir='ltr'>eum</span> <span class='ocrx_word' id='word_1_811' title='bbox 3397 4922 3604 4997; x_wconf 81' lang='lat' dir='ltr'>princi-</span> 
     </span>
    </p>
   </div>
   <div class='ocr_carea' id='block_1_112' title="bbox 2017 5012 3431 5091">
    <p class='ocr_par' dir='ltr' id='par_1_112' title="bbox 2017 5012 3431 5091">
     <span class='ocr_line' id='line_1_112' title="bbox 2017 5012 3431 5091; baseline 0 -19"><span class='ocrx_word' id='word_1_812' title='bbox 2017 5018 2169 5091; x_wconf 89' lang='lat' dir='ltr'>pium</span> <span class='ocrx_word' id='word_1_813' title='bbox 2199 5017 2415 5074; x_wconf 89' lang='lat' dir='ltr'>viarum</span> <span class='ocrx_word' id='word_1_814' title='bbox 2444 5036 2666 5075; x_wconf 86' lang='lat' dir='ltr'>suarum</span> <span class='ocrx_word' id='word_1_815' title='bbox 2693 5019 2919 5087; x_wconf 88' lang='lat' dir='ltr'>diceret,</span> <span class='ocrx_word' id='word_1_816' title='bbox 2951 5018 3104 5074; x_wconf 91' lang='lat' dir='ltr'>illico</span> <span class='ocrx_word' id='word_1_817' title='bbox 3124 5012 3382 5087; x_wconf 84' lang='lat' dir='ltr'>adjunxit</span> <span class='ocrx_word' id='word_1_818' title='bbox 3419 5030 3431 5072; x_wconf 90' lang='lat'>:</span> 
     </span>
    </p>
   </div>
   <div class='ocr_carea' id='block_1_113' title="bbox 2405 5101 3223 5180">
    <p class='ocr_par' dir='ltr' id='par_1_113' title="bbox 2405 5101 3223 5180">
     <span class='ocr_line' id='line_1_113' title="bbox 2405 5101 3223 5180; baseline -0.004 -17"><span class='ocrx_word' id='word_1_819' title='bbox 2405 5104 2633 5164; x_wconf 84' lang='lat' dir='ltr'>CAPUT</span> <span class='ocrx_word' id='word_1_820' title='bbox 2663 5107 2847 5165; x_wconf 85' lang='lat' dir='ltr'>xx1v</span> <span class='ocrx_word' id='word_1_821' title='bbox 2876 5104 3019 5180; x_wconf 62' lang='lat' dir='ltr'>[Rea</span> <span class='ocrx_word' id='word_1_822' title='bbox 3046 5101 3223 5179; x_wconf 81' lang='lat' dir='ltr'>XIX].</span> 
     </span>
    </p>
   </div>
   <div class='ocr_carea' id='block_1_114' title="bbox 2086 5196 3516 5273">
    <p class='ocr_par' dir='ltr' id='par_1_114' title="bbox 2086 5196 3516 5273">
     <span class='ocr_line' id='line_1_114' title="bbox 2086 5196 3516 5273; baseline -0.002 -16"><span class='ocrx_word' id='word_1_823' title='bbox 2086 5200 2222 5257; x_wconf 76' lang='lat' dir='ltr'>Iern.</span> <span class='ocrx_word' id='word_1_824' title='bbox 2253 5229 2325 5243; x_wconf 92' lang='lat'><strong>--</strong></span> <span class='ocrx_word' id='word_1_825' title='bbox 2354 5200 2461 5269; x_wconf 82' lang='lat' dir='ltr'>Qui</span> <span class='ocrx_word' id='word_1_826' title='bbox 2484 5200 2609 5271; x_wconf 82' lang='lat' dir='ltr'>fecit</span> <span class='ocrx_word' id='word_1_827' title='bbox 2635 5216 2773 5269; x_wconf 83' lang='lat' dir='ltr'>eum,</span> <span class='ocrx_word' id='word_1_828' title='bbox 2805 5198 3094 5273; x_wconf 83' lang='lat' dir='ltr'>applicavit</span> <span class='ocrx_word' id='word_1_829' title='bbox 3118 5196 3358 5272; x_wconf 84' lang='lat' dir='ltr'>gladium</span> <span class='ocrx_word' id='word_1_830' title='bbox 3384 5196 3516 5269; x_wconf 86' lang='lat' dir='ltr'>ejus.</span> 
     </span>
    </p>
   </div>
   <div class='ocr_carea' id='block_1_115' title="bbox 2085 5286 3602 5364">
    <p class='ocr_par' dir='ltr' id='par_1_115' title="bbox 2085 5286 3602 5364">
     <span class='ocr_line' id='line_1_115' title="bbox 2085 5286 3602 5364; baseline -0.002 -16"><span class='ocrx_word' id='word_1_831' title='bbox 2085 5290 2176 5348; x_wconf 81' lang='lat'>50.</span> <span class='ocrx_word' id='word_1_832' title='bbox 2211 5290 2401 5362; x_wconf 83' lang='lat' dir='ltr'>Angeli</span> <span class='ocrx_word' id='word_1_833' title='bbox 2427 5295 2680 5364; x_wconf 74' lang='lat' dir='ltr'>apostata:</span> <span class='ocrx_word' id='word_1_834' title='bbox 2691 5289 2981 5363; x_wconf 76' lang='lat' dir='ltr'>potentiam</span> <span class='ocrx_word' id='word_1_835' title='bbox 2997 5289 3139 5347; x_wconf 84' lang='lat' dir='ltr'>Deus</span> <span class='ocrx_word' id='word_1_836' title='bbox 3163 5295 3372 5347; x_wconf 83' lang='lat' dir='ltr'>coercet.</span> <span class='ocrx_word' id='word_1_837' title='bbox 3390 5317 3463 5334; x_wconf 91' lang='lat'>--</span> <span class='ocrx_word' id='word_1_838' title='bbox 3480 5286 3602 5347; x_wconf 89' lang='lat' dir='ltr'>Gla-</span> 
     </span>
    </p>
   </div>
   <div class='ocr_carea' id='block_1_116' title="bbox 2016 5378 3600 5456">
    <p class='ocr_par' dir='ltr' id='par_1_116' title="bbox 2016 5378 3600 5456">
     <span class='ocr_line' id='line_1_116' title="bbox 2016 5378 3600 5456; baseline 0 -18"><span class='ocrx_word' id='word_1_839' title='bbox 2016 5378 2140 5440; x_wconf 90' lang='lat' dir='ltr'>dius</span> <span class='ocrx_word' id='word_1_840' title='bbox 2160 5382 2362 5456; x_wconf 88' lang='lat' dir='ltr'>quippe</span> <span class='ocrx_word' id='word_1_841' title='bbox 2392 5380 2696 5440; x_wconf 89' lang='lat' dir='ltr'>Bebemotb</span> <span class='ocrx_word' id='word_1_842' title='bbox 2716 5381 2877 5440; x_wconf 88' lang='lat' dir='ltr'>istius</span> <span class='ocrx_word' id='word_1_843' title='bbox 2896 5381 3015 5456; x_wconf 90' lang='lat' dir='ltr'>ipsa</span> <span class='ocrx_word' id='word_1_844' title='bbox 3037 5380 3270 5442; x_wconf 89' lang='lat' dir='ltr'>nocendi</span> <span class='ocrx_word' id='word_1_845' title='bbox 3292 5379 3505 5439; x_wconf 84' lang='lat' dir='ltr'>malitia</span> <span class='ocrx_word' id='word_1_846' title='bbox 3519 5388 3600 5438; x_wconf 89' lang='lat' dir='ltr'>est</span> 
     </span>
    </p>
   </div>
   <div class='ocr_carea' id='block_1_117' title="bbox 2013 5469 3596 5549">
    <p class='ocr_par' dir='ltr' id='par_1_117' title="bbox 2013 5469 3596 5549">
     <span class='ocr_line' id='line_1_117' title="bbox 2013 5469 3596 5549; baseline -0.003 -18"><span class='ocrx_word' id='word_1_847' title='bbox 2013 5473 2120 5531; x_wconf 90' lang='lat' dir='ltr'>Sed</span> <span class='ocrx_word' id='word_1_848' title='bbox 2149 5474 2218 5532; x_wconf 85' lang='lat' dir='ltr'>ab</span> <span class='ocrx_word' id='word_1_849' title='bbox 2257 5490 2320 5531; x_wconf 90' lang='lat' dir='ltr'>eo</span> <span class='ocrx_word' id='word_1_850' title='bbox 2349 5490 2381 5531; x_wconf 88' lang='lat' dir='ltr'>a</span> <span class='ocrx_word' id='word_1_851' title='bbox 2399 5491 2508 5549; x_wconf 90' lang='lat' dir='ltr'>quo</span> <span class='ocrx_word' id='word_1_852' title='bbox 2538 5474 2718 5533; x_wconf 92' lang='lat' dir='ltr'>bonus</span> <span class='ocrx_word' id='word_1_853' title='bbox 2745 5490 2841 5548; x_wconf 88' lang='lat' dir='ltr'>per</span> <span class='ocrx_word' id='word_1_854' title='bbox 2864 5482 3116 5533; x_wconf 87' lang='lat' dir='ltr'>naturam</span> <span class='ocrx_word' id='word_1_855' title='bbox 3144 5474 3323 5535; x_wconf 88' lang='lat' dir='ltr'>factus</span> <span class='ocrx_word' id='word_1_856' title='bbox 3352 5480 3455 5543; x_wconf 87' lang='lat' dir='ltr'>est,</span> <span class='ocrx_word' id='word_1_857' title='bbox 3478 5469 3596 5545; x_wconf 89' lang='lat' dir='ltr'>ejus</span> 
     </span>
    </p>
   </div>
   <div class='ocr_carea' id='block_1_118' title="bbox 2084 5694 2924 5765">
    <p class='ocr_par' dir='ltr' id='par_1_118' title="bbox 2084 5694 2924 5765">
     <span class='ocr_line' id='line_1_118' title="bbox 2084 5694 2924 5765; baseline -0.001 -15"><span class='ocrx_word' id='word_1_858' title='bbox 2084 5697 2105 5729; x_wconf 79' lang='grc'><strong>³</strong></span> <span class='ocrx_word' id='word_1_859' title='bbox 2136 5694 2394 5761; x_wconf 82' lang='lat' dir='ltr'>Vindoc.,</span> <span class='ocrx_word' id='word_1_860' title='bbox 2426 5694 2637 5749; x_wconf 83' lang='lat' dir='ltr'>nomina</span> <span class='ocrx_word' id='word_1_861' title='bbox 2668 5694 2924 5765; x_wconf 82' lang='lat' dir='ltr'>lapidum.</span> 
     </span>
    </p>
   </div>
   <div class='ocr_carea' id='block_1_119' title="bbox 2086 5765 3593 5841">
    <p class='ocr_par' dir='ltr' id='par_1_119' title="bbox 2086 5765 3593 5841">
     <span class='ocr_line' id='line_1_119' title="bbox 2086 5765 3593 5841; baseline 0 -18"><span class='ocrx_word' id='word_1_862' title='bbox 2086 5767 2104 5801; x_wconf 56' lang='grc' dir='ltr'>θ</span> <span class='ocrx_word' id='word_1_863' title='bbox 2136 5765 2392 5834; x_wconf 83' lang='lat' dir='ltr'>Vindoc.,</span> <span class='ocrx_word' id='word_1_864' title='bbox 2425 5766 2620 5822; x_wconf 88' lang='lat' dir='ltr'>Pratel.</span> <span class='ocrx_word' id='word_1_865' title='bbox 2653 5766 2855 5840; x_wconf 90' lang='lat' dir='ltr'>aliique</span> <span class='ocrx_word' id='word_1_866' title='bbox 2884 5767 3093 5836; x_wconf 86' lang='lat' dir='ltr'>Norm.,</span> <span class='ocrx_word' id='word_1_867' title='bbox 3126 5766 3283 5838; x_wconf 84' lang='lat' dir='ltr'>hujus</span> <span class='ocrx_word' id='word_1_868' title='bbox 3306 5765 3593 5841; x_wconf 85' lang='lat' dir='ltr'>primatus.</span> 
     </span>
    </p>
   </div>
  </div>
