4156 6178
487 264 589 321 667

1579 233 1593 246 ’
1683 257 1932 318 SANCTI
1969 257 2308 318 cnaoonn
2344 258 2571 318 MAGNI

3675 265 3785 324 668

472 384 684 462 gladius
709 382 1036 457 applicatur,
1051 383 1184 456 quia
1200 381 1321 455 ejus
1349 382 1560 440 malitia
1575 382 1766 440 divina
1784 383 2060 457 dispensa-
2091 393 2142 452 Α
2169 392 2348 459 perest
2364 401 2490 459 ergo
2507 394 2568 443 ut
2583 386 2750 444 Arius
2767 387 2788 422 ³
2804 395 2901 444 aut
2911 402 3023 445 non
3035 385 3242 444 factum
3263 387 3473 446 Filium
3491 391 3784 464 praedicet,

472 477 621 535 tione
641 471 1016 546 restringitur,
1033 485 1102 528 ne
1129 471 1294 529 ferire
1314 481 1529 530 tantum
1546 481 1758 531 mentes
1778 473 2068 532 hominum

471 571 739 642 quantum
757 562 966 637 appetit
984 561 1357 634 permittatur.
1381 561 1522 630 Quia
1541 579 1670 636 ergo
1689 563 1864 622 hostis
1885 573 2070 622 noster

472 664 528 714 et
560 654 797 710 multum
827 660 1026 725 potest,
1057 657 1112 707 et
1140 652 1326 708 minus
1380 651 1641 726 percutit,
1663 651 1782 724 ejus
1825 653 2070 726 gladium

472 744 648 819 pietas
677 741 980 800 conditoris
1009 741 1286 814 astringit,
1316 749 1378 798 ut
1423 741 1716 814 replicatus
1758 742 1902 800 intra
1953 742 2072 815 ejus

475 833 871 894 conscientiam
903 833 1087 900 lateat,
1112 840 1166 888 et
1195 833 1341 889 ultra
1369 849 1532 906 quam
1553 833 1784 906 desuper
1797 833 1944 906 juste
1963 833 2070 890 dis-

475 927 720 1000 ponitur,
747 941 864 982 sese
893 924 952 980 in
994 931 1198 980 mortes
1238 923 1528 980 hominum
1559 923 1677 996 ejus
1721 925 1932 982 malitia
1961 942 2072 981 non

475 1015 920 1085 extendatQu‘od
949 1015 1119 1087 igitur
1138 1015 1207 1072 ad
1226 1016 1399 1072 multa
1427 1015 1646 1073 fortiter
1664 1018 1946 1088 praevalet,
1967 1015 2074 1072 hoc

475 1107 542 1164 de
571 1105 844 1180 principio
873 1121 1083 1176 magnae
1115 1103 1457 1162 conditionis
1485 1113 1681 1180 potest,
1705 1105 1853 1178 quod
1883 1121 2015 1162 vero
2043 1121 2075 1160 a

475 1193 803 1270 quibusdam
825 1192 1088 1260 vincitur,
1107 1192 1226 1266 ejus
1246 1193 1511 1251 nimirum
1537 1195 1752 1268 gladius
1771 1195 1838 1251 ab
1853 1203 2074 1252 auctore

476 1284 790 1356 replicatur.
831 1287 1024 1346 1074
1051 1282 1158 1340 Iste
1179 1299 1423 1357 namque
1445 1283 1780 1353 Behemorh,
1799 1283 1894 1357 qui
1913 1284 2076 1357 prin-

474 1381 681 1456 cipium
713 1381 928 1438 viarum
957 1381 1058 1438 Dei
1085 1388 1184 1450 est,
1232 1399 1358 1438 cum
1393 1388 1584 1439 contra
1611 1389 1861 1439 sanctum
1890 1382 2072 1438 virum

477 1473 757 1531 licentiam
790 1473 1119 1530 tentationis
1162 1474 1400 1546 accepit,
1433 1481 1620 1546 gentes
1659 1473 1858 1542 movit,
1887 1489 2074 1546 greges

475 1561 727 1632 abstulit,
775 1563 958 1635 ignem
1008 1561 1078 1619 de
1127 1563 1264 1620 caelo
1294 1561 1571 1634 deposuit,
1604 1563 1924 1636 perturbato
1953 1579 2077 1620 aere

477 1659 672 1708 ventos
699 1651 985 1721 excitavit,
1018 1651 1246 1709 domum
1277 1651 1599 1710 concutiens
1627 1651 1864 1721 subruit,
1889 1653 2075 1709 convi-

2177 480 2272 530 aut
2300 490 2426 531 eum
2446 485 2570 548 post
2588 475 2894 532 Behemoth
2923 475 3212 534 conditum
3233 477 3441 534 stultus
3461 481 3786 552 putet.Quia

2178 579 2310 620 vero
2337 581 2500 622 omne
2529 566 2678 638 quod
2705 566 3012 638 applicatur
3031 566 3089 622 in
3105 567 3462 640 semetipsum
3479 569 3782 642 reducitur,

2178 664 2325 712 recte
2352 651 2659 728 applicatus
2686 655 2990 713 Behemoth
3009 655 3224 729 gladius
3244 655 3473 716 dicitur.
3500 661 3564 716 In
3595 670 3786 719 semet-

2181 743 2356 816 ipsam
2384 761 2622 818 namque
2649 762 2706 802 se
2736 745 2852 818 ejus
2882 745 3095 802 malitia
3122 745 3409 820 decoquit,
3433 767 3558 806 cum
3593 751 3664 809 ad
3695 770 3787 810 vo-

2180 842 2299 891 tum
2315 851 2475 890 suum
2499 851 2612 892 sese
2627 843 2822 893 contra
2834 836 3134 893 electorum
3158 837 3328 894 vitam
3361 839 3647 912 prohibita
3673 859 3786 902 non

2181 935 2418 982 exercet.
2450 927 2654 983 Multos
2698 934 2880 984 autem
2933 925 3284 1000 exigentibus
3341 931 3556 987 meritis
3607 933 3774 990 ferire

2183 1015 2204 1048 ⁴
2223 1015 2584 1086 permittitur,
2616 1025 2677 1073 ut
2705 1033 2831 1074 cum
2851 1017 3026 1072 Deum
3053 1015 3334 1086 deserunt,
3352 1017 3621 1083 damnato
3639 1021 3788 1079 hosti

2181 1101 2538 1161 famulentur.
2558 1103 2644 1160 Ab
2663 1105 2852 1162 electis
2875 1121 3008 1161 vero
3022 1122 3086 1162 eo
3101 1105 3382 1164 valentius
3399 1109 3662 1180 vincitur,
3679 1127 3786 1184 quo

2182 1193 2286 1250 soli
2315 1195 2528 1251 auctori
2559 1195 2810 1251 omnium
2839 1195 3110 1251 humilius
3165 1195 3618 1256 substernuntur.
3650 1201 3791 1270 Quia

2184 1283 2353 1355 igitur
2387 1300 2483 1356 per
2511 1283 2618 1342 hoc
2646 1284 2794 1358 quod
2836 1283 3052 1340 viarum
3073 1284 3171 1342 Dei
3193 1286 3529 1360 principium
3553 1288 3788 1358 dicitur,

2184 1375 2206 1409 ⁸
2237 1391 2335 1448 per
2354 1373 2460 1432 hoc
2479 1373 2628 1448 quod
2649 1375 3005 1447 permittente
3023 1375 3259 1432 Domino
3288 1376 3446 1434 valde
3468 1378 3788 1435 intolerabi-

2182 1463 2254 1521 lis
2302 1463 2732 1534 demonstratur,
2759 1473 2945 1537 aperte
2992 1465 3371 1538 cognoscimus
3416 1483 3544 1524 cum
3577 1476 3785 1542 quanto

2185 1552 2342 1610 hoste
2373 1569 2699 1627 pugnemus.
2723 1555 2982 1626 Superest
2998 1554 3166 1627 igitur
3195 1562 3257 1611 ut
3291 1556 3670 1630 unusquisque
3690 1574 3787 1613 no-

2184 1655 2360 1703 strum
2381 1655 2536 1704 tanto
2565 1663 2622 1704 se
2651 1647 2871 1720 plenius
2890 1648 3104 1705 auctori
3123 1648 3405 1721 subjiciat,
3436 1657 3642 1724 quanto
3660 1666 3787 1706 con-

477 1749 668 1798 vantes
683 1741 829 1798 ﬁlios
853 1742 1148 1810 exstinxit,
1177 1741 1370 1798 uxoris
1384 1749 1623 1798 mentem
1654 1741 1714 1797 in
1743 1741 1870 1798 dolo
1895 1758 2077 1815 pravae
2112 1756 2158 1817 Β
2185 1747 2269 1794 tra
2297 1751 2354 1793 se
2381 1736 2569 1793 verius
2597 1736 2871 1794 violentas
2899 1737 3202 1794 adversarii
3232 1739 3380 1794 vires
3409 1747 3620 1811 pensat.
3645 1737 3789 1806 Quid

477 1831 750 1888 suasionis
769 1833 786 1867 ¹
808 1833 1078 1900 exercuit,
1111 1830 1299 1886 mariti
1317 1846 1546 1888 carnem
1567 1831 1795 1889 inﬂictis
1815 1832 2078 1889 vulneri—

477 1921 583 1978 bus
611 1919 859 1978 confodit
921 1920 1047 1992 (Job
1075 1939 1118 1990 ι,
1155 1921 1242 1988 13,
1283 1921 1455 1993 seq.);
1508 1919 1598 1977 sed
1641 1919 1760 1994 ejus
1801 1921 2013 1994 gladius
2051 1940 2082 1980 a

480 2009 766 2068 conditore
819 2009 1138 2081 replicatur,
1185 2026 1310 2066 cum
1350 2009 1600 2066 dicitur:
1647 2011 1898 2066 Animam
1933 2011 2083 2068 illius

479 2117 634 2155 serva
665 2099 852 2170 (Ibid.,
885 2115 948 2167 ιι,
979 2099 1060 2170 6).
1093 2098 1202 2166 Qui
1234 2099 1500 2170 replicato
1527 2099 1708 2171 gladio
1748 2107 1964 2173 quanta:
2011 2101 2084 2157 sit

481 2185 840 2254 inﬁrmitatis,
856 2186 1194 2258 evangelista
1213 2193 1450 2244 testante
1470 2186 1823 2258 describitur,
1839 2189 1970 2261 quia
1983 2206 2083 2246 nec

481 2292 699 2334 manere
727 2275 788 2331 in
817 2274 1038 2332 obsesso
1058 2275 1291 2332 homine
1317 2276 1524 2349 potuit,
1557 2293 1658 2333 nec
1681 2294 1885 2334 rursus:
1929 2279 2081 2336 inva-

481 2365 610 2424 dere
635 2366 799 2423 bruta
829 2365 1096 2422 animalia
1123 2365 1237 2422 nisi
1260 2365 1450 2437 jussus
1469 2367 1844 2440 praesumpsit,
1861 2367 2077 2426 dicens:

484 2457 544 2515 Si
585 2456 729 2526 ejicis
773 2474 891 2522 nos,
933 2457 1078 2512 mitte
1103 2474 1199 2513 nos
1241 2457 1299 2513 in
1325 2475 1528 2530 gregem
1544 2476 1835 2531 porcorum
1866 2458 2077 2529 (Matth.

485 2563 610 2616 VIII,
641 2545 758 2619 31).
789 2545 1018 2604 Malitiae
1035 2546 1237 2620 quippe
1265 2546 1385 2619 ejus
1411 2546 1628 2620 gladius
1647 2565 1808 2621 quam
1831 2547 1904 2604 sit
1922 2549 2082 2620 repli-

483 2647 636 2695 catus
673 2638 1002 2708 ostenditur,
1047 2638 1137 2696 cui
1166 2639 1212 2695 si
1243 2647 1485 2712 potestas
1531 2655 1748 2695 summa
1801 2639 2082 2696 licentiam

481 2743 595 2784 non
623 2727 909 2802 praeberet,
929 2729 950 2764 ³
971 2743 1074 2785 nec
1094 2729 1328 2802 grassari
1346 2729 1404 2784 in
1427 2745 1718 2801 porcorum
1743 2744 1958 2800 gregem
1991 2745 2083 2786 va-

483 2818 638 2876 leret.
672 2817 903 2886 Quando
940 2835 1070 2892 ergo
1097 2819 1202 2876 iste
1231 2833 1330 2874 sua
1359 2828 1552 2890 sponte
1601 2834 1798 2875 nocere
1825 2817 1986 2874 factis
2015 2817 2083 2874 ad

483 2908 582 2966 Dei
613 2907 911 2981 imaginem
941 2907 1264 2966 hominibus
1292 2907 1512 2978 audeat,
1561 2907 1628 2966 de
1677 2925 1786 2982 quo
1818 2909 2084 2964 nimirum

483 3007 698 3057 constat
727 2999 874 3074 quod
903 3016 1012 3058 non
1038 2999 1228 3073 jussus
1255 2999 1572 3074 contingere
1602 3016 1703 3058 nec
1731 3017 1926 3074 porcos
1950 3016 2084 3072 prae-

483 3090 704 3148 sumat?

553 3178 644 3235 51.
675 3178 803 3234 Arii
829 3179 1041 3234 hwresis
1069 3179 1397 3250 confutatur.
1430 3209 1501 3221 —
1527 3177 1839 3236 Notandum
1869 3195 2084 3252 quoque

487 3273 570 3323 est
591 3267 738 3340 quod
757 3267 888 3322 dum
911 3267 1127 3324 viarum
1146 3269 1246 3324 Dei
1268 3268 1600 3342 principium
1626 3267 1930 3326 Behemoth
1953 3268 2088 3326 dici-

491 3362 602 3424 tur,
637 3371 900 3413 vesanum
934 3355 1134 3429 dogma
1161 3357 1283 3412 Arii
1310 3365 1497 3430 aperta
1524 3357 1736 3413 ratione
1764 3357 2082 3430 dissipatur.

496 3446 784 3504 Facturam
815 3445 1022 3519 quippe
1049 3445 1150 3503 Dei
1179 3446 1384 3502 Filium
1415 3446 1638 3515 fatetur,
1665 3453 1720 3502 et
1747 3461 1873 3504 ecce
1901 3445 2088 3503 Behe-

501 3533 655 3592 moth
671 3533 731 3592 in
749 3533 963 3593 factura
981 3551 1164 3593 rerum
1186 3534 1398 3609 primus
1416 3541 1628 3592 creatus
1647 3533 1975 3591 ostenditur.
1989 3535 2087 3592 Su-

565 3731 582 3767 ¹
613 3731 736 3788 Val.
768 3732 878 3801 CL,
907 3733 1138 3790 exacuit.

564 3803 586 3838 ³
613 3803 812 3877 Laud.,
844 3804 1071 3874 Pratel.,
1102 3806 1177 3862 al.
1209 3805 1397 3863 Norm.
1416 3811 1470 3860 et
1497 3801 1838 3873 dquerm.,
1854 3803 2093 3877 grassari

491 3891 582 3931 nec
605 3875 663 3930 in
695 3893 888 3947 porcos
911 3878 1071 3932 calet.
1785 3876 1790 3882 ’

563 3947 598 4027 ³.
616 3947 680 4002 In
703 3947 1008 4029 gussanvq
1025 3948 1196 4029 “gravi
1232 3965 1437 4014 errore,
1465 3954 1563 4004 aut
1587 3947 1806 4020 factum.
1825 3947 2008 4004 Germ.
2035 3950 2096 4001 ut

492 4017 662 4072 Arius
690 4019 865 4088 filium
886 4017 1156 4088 prwdicet.

2190 1843 2429 1900 namque
2453 1845 2554 1884 nos
2583 1828 2691 1884 nisi
2722 1828 2906 1900 pulvis
2935 1844 3126 1884 sumus
3147 1828 3176 1885 ?
3205 1828 3351 1896 Quid
3383 1845 3514 1885 vero
3545 1829 3660 1898 ille,
3681 1829 3788 1886 nisi

2191 1935 2337 1974 unus
2365 1935 2434 1974 ex
2460 1918 2775 1974 coelestibus
2801 1917 3110 1990 spiritibus,
3134 1926 3208 1986 et,
3235 1918 3385 1991 quod
3409 1917 3592 1976 adhuc
3614 1916 3791 1990 majus

2187 2014 2289 2074 est,
2320 2022 2572 2062 summus
2593 2005 2622 2060 ’ἲ
2647 2005 2792 2073 Quid
2821 2022 2950 2078 ergo
2979 2005 3048 2062 de
3075 2007 3300 2078 propria
3329 2007 3536 2064 virtute
3564 2007 3786 2076 audeat,

2191 2095 2409 2170 quando
2437 2105 2630 2152 contra
2643 2095 2963 2168 angelorum
2989 2095 3300 2168 principem
3329 2097 3516 2168 pulvis
3544 2097 3791 2168 pugnat?

2189 2185 2296 2242 Sed
2324 2185 2455 2260 quia
2482 2202 2844 2259 supernorum
2876 2185 3171 2258 spirituum
3216 2185 3472 2243 conditor
3503 2193 3789 2242 terrenum

2190 2290 2388 2346 corpus
2415 2274 2734 2346 assumpsit,
2767 2281 2914 2332 recte
2939 2273 3053 2347 jam
3095 2275 3505 2348 superbientem
3535 2275 3790 2347 angelum

2189 2361 2420 2420 humilis
2452 2363 2638 2437 pulvis
2665 2363 2864 2421 vincit.
2889 2363 3218 2421 Inhazrendo
3247 2363 3448 2438 quippe
3477 2380 3620 2420 verae
3639 2362 3794 2420 forti-

2188 2452 2376 2509 tudini
2395 2453 2544 2510 vires
2563 2453 2784 2526 accipit,
2809 2470 2948 2528 quas
2965 2454 3246 2527 transfega
3270 2455 3516 2528 spiritus,
3546 2470 3672 2512 cum
3692 2469 3790 2510 se—

2192 2541 2486 2614 metipsum
2517 2543 2788 2616 sequitur,
2812 2543 3020 2600 amisit.
3051 2544 3123 2600 Et
3151 2543 3380 2616 dignum
3409 2552 3493 2600 est
3519 2551 3581 2600 ut
3609 2543 3793 2602 vinca-

2191 2639 2292 2688 tur
2316 2647 2348 2687 a
2377 2632 2626 2706 pulvere,
2659 2633 2756 2706 qui
2801 2632 3001 2690 fortem
3033 2649 3090 2690 se
3116 2633 3354 2690 credidit
3402 2634 3618 2691 deserto
3648 2650 3792 2692 crea-

2189 2731 2342 2787 tore;
2391 2731 2456 2780 ut
2509 2732 2798 2798 superatus
2855 2723 3125 2792 inveniat,
3175 2725 3308 2795 quia
3361 2724 3564 2782 defecit
3591 2724 3791 2781 elatus.

2191 2811 2366 2870 Valde
2393 2823 2575 2870 autem
2605 2813 2825 2869 anhelat
2855 2811 3106 2879 saeviens,
3128 2811 3276 2885 quod
3305 2829 3430 2868 cum
3460 2813 3641 2884 ipsum
3675 2814 3791 2869 ima

2192 2903 2462 2970 cruciant,
2483 2902 2648 2958 homo
2685 2902 2756 2958 ad
2792 2917 3008 2958 summa
3038 2899 3400 2968 conscendat;
3433 2902 3581 2974 quod
3611 2903 3668 2957 in
3688 2903 3789 2959 illa

2192 2992 2520 3050 celsitudine
2547 2992 2810 3050 subvecta
2835 3009 2964 3050 caro
2978 2999 3280 3064 permanet,
3298 3008 3330 3048 a
3348 3008 3452 3066 qua
3467 2999 3652 3049 tantus
3672 2993 3795 3066 ipse

2193 3081 2420 3154 spiritus
2447 3083 2566 3138 sine
2594 3081 2704 3138 ﬁne
2733 3080 3008 3154 projectus
3055 3080 3218 3153 jacet.
3243 3081 3350 3139 Sed
3379 3083 3496 3140 loca
3521 3082 3796 3138 mentium

2195 3171 2434 3227 mutavit
2451 3169 2589 3227 ordo
2611 3172 2959 3227 meritorum.
2986 3169 3077 3228 Sic
3095 3170 3178 3228 sic
3203 3169 3461 3242 superbia
3476 3170 3681 3227 meruit
3703 3171 3794 3228 de-

2188 3257 2312 3330 jici,
2341 3257 2421 3315 sic
2451 3259 2744 3314 humilitas
2786 3259 3044 3326 exaltari,
3067 3267 3336 3332 quatenus
3356 3267 3410 3316 et
3435 3259 3671 3317 caelestis
3689 3260 3797 3332 spi-

2194 3348 2336 3404 ritus
2363 3347 2625 3420 erigendo
2653 3363 2709 3404 se
2739 3355 3009 3405 tartarum
3040 3349 3256 3418 toleret,
3286 3357 3341 3406 et
3383 3355 3525 3408 terra
3568 3347 3798 3406 humilis

2195 3438 2313 3496 sine
2342 3437 2582 3495 termino
2609 3453 2776 3512 super
2801 3437 2970 3495 coelos
2999 3439 3021 3475 θ
3047 3447 3252 3512 regnet.

2273 3727 2294 3761 ‘
2330 3723 2530 3792 Laud.,
2558 3724 2772 3780 nititur.

2271 3799 2293 3833 ⁵
2324 3796 2522 3868 Laud.,
2553 3797 2705 3868 quod
2711 3813 2813 3868 per
2839 3796 2933 3851 hoc
2960 3795 3188 3868 mittente
3222 3795 3351 3852 Deo.

2203 3941 2248 3996 Α
2274 3871 2296 3904 ⁸
2325 3866 2576 3925 Additur
2591 3867 2650 3924 in
2681 3866 2886 3924 Turon.
2912 3885 3012 3941 per
3030 3867 3210 3923 omnia
3237 3867 3429 3924 saecula
3457 3866 3792 3924 scecutorum.

2253 3956 2388 3996 men.

1300 4327 1636 4414 LIBER
1715 4321 2396 4409 TRIGESIMUS
2482 4319 2990 4407 TERTIUS.

503 4510 992 4595 Expositionem
1030 4531 1254 4595 versus
1283 4513 1518 4595 decimi
1545 4513 1762 4595 quinti
1804 4517 1868 4595 et
1895 4507 2325 4595 reliquarum
2356 4510 2596 4595 capitis
2633 4527 2732 4583 XL,
2778 4525 2898 4572 nec
2937 4524 3078 4571 non
3121 4507 3466 4595 duodecim
3499 4509 3804 4595 priorum

579 4587 726 4676 cap.
751 4594 1301 4676 xmgemhibettubi
1329 4593 1532 4656 varia
1558 4587 2082 4676 daemonisjartes
2109 4587 2522 4669 deteguntur,
2551 4589 2938 4670 doceturque
2960 4589 3458 4671 prxdestinatio
3483 4587 3802 4671 gratuita,

581 4682 638 4737 et
660 4671 820 4738 cum
853 4675 1046 4737 libero
1077 4675 1345 4737 arbitrio
1387 4671 1804 4736 conciliatur.

587 4840 779 4900 1075
816 4834 955 4908 [Vet.
973 4839 1023 4889 et
1047 4835 1168 4890 Rea.
1190 4830 1268 4905 I.]
1293 4832 1342 4888 1.
1369 4831 1592 4904 Superbi
1619 4830 1828 4888 diabolo
1853 4829 2096 4902 familia-
2130 4831 2181 4891 D

499 4935 618 4992 rius
646 4933 980 4992 serviunt.—
997 4928 1246 5002 Antiquo
1266 4927 1434 4997 hosti,
1453 4928 1550 5001 qui
1565 4927 1667 4984 sub
1681 4926 1987 4984 Behemoth
2007 4944 2101 4984 no-

501 5025 651 5082 mine
671 5020 958 5082 dominica
967 5034 1104 5078 voce
1123 5017 1475 5088 describitur,
1491 5017 1711 5092 superbi
1731 5018 1935 5093 quique
1947 5024 2102 5074 tanto

501 5113 834 5172 familiarius
859 5111 1134 5176 serviunt,
1167 5115 1375 5184 quanto
1405 5106 1572 5182 hujus
1597 5107 1728 5165 vitae
1756 5107 2102 5166 successibus

502 5203 647 5276 apud
668 5202 994 5274 semetipsos
1009 5199 1177 5256 altius
1197 5199 1592 5256 intumescunt.
1604 5197 1708 5254 His
1725 5214 1960 5272 namque
1975 5213 2100 5255 cum

503 5293 677 5366 gloria
704 5301 934 5365 augetur
951 5291 1138 5359 elatio,
1157 5305 1284 5346 cum
1301 5288 1537 5346 elatione
1563 5303 1696 5345 vero
1713 5287 1936 5344 additur
1949 5302 2098 5355 cura,

505 5381 616 5437 huc
643 5380 884 5455 illucque
912 5378 1132 5436 animus
1161 5377 1428 5448 tenditur,
1447 5377 1579 5452 quia
1604 5383 1659 5434 et
1685 5375 1956 5434 desideria
1975 5391 2097 5434 cum

506 5469 668 5527 rebus
683 5477 954 5528 crescunt.
972 5468 1221 5544 Cumque
1235 5467 1592 5542 cogitationes
1612 5465 1930 5524 innumeras
1946 5463 2102 5538 quasi

507 5559 622 5635 agri
663 5559 854 5616 fenum
896 5559 1204 5632 proferunt,
1237 5557 1448 5616 eisdem
1487 5555 1921 5630 cogitationibus
1949 5555 2102 5610 velut

507 5648 816 5708 desiderato
853 5646 1054 5720 pabulo
1075 5645 1380 5702 Behemoth
1410 5645 1572 5704 istius
1599 5645 1800 5702 famem
1849 5648 2098 5716 pascunt.

509 5737 664 5798 Unde
694 5752 842 5794 nunc
869 5739 1014 5792 recte
1037 5731 1243 5790 dicitur
1278 5749 1289 5786 :

2731 4829 2958 4888 CAPUT
2995 4829 3285 4888 PRIMUM.

2279 4919 2450 4977 Vens.
2478 4919 2562 4976 15.
2593 4948 2663 4960 -
2691 4919 2833 4976 Huic
2859 4925 3060 4975 montes
3089 4918 3273 4976 herbas
3301 4916 3502 4990 ferunt.

2287 5011 2338 5068 2.
2349 5009 2490 5079 Quid
2499 5009 2862 5080 mons,quidve
2873 5016 3070 5066 montes
3088 5009 3147 5065 in
3161 5027 3315 5066 sacra
3337 5009 3619 5082 Scriptura
3632 5008 3744 5081 sign
3752 5009 3809 5064 i-

2210 5101 2378 5174 ﬁcent.
2403 5131 2474 5142 —
2501 5101 2563 5158 In
2597 5099 2876 5173 Scriptura
2903 5115 3055 5156 sacra
3090 5116 3216 5158 cum
3266 5115 3496 5158 numero
3541 5097 3806 5172 singulari

2211 5206 2373 5247 mons
2399 5189 2646 5262 ponitur,
2672 5188 2972 5262 aliquando
3016 5189 3330 5246 incarnatus
3375 5188 3664 5255 Dominus,
3695 5187 3810 5244 ali-

2216 5279 2436 5354 quando
2465 5287 2652 5336 sancta
2671 5277 3246 5352 Ecclesia,aliquando
3263 5284 3654 5336 testamentum
3683 5276 3805 5344 Dei,

2213 5369 2513 5442 aliquando
2540 5374 2783 5440 apostata
2802 5367 3048 5441 angelus,
3065 5367 3363 5441 aliquando
3389 5367 3626 5442 quilibet
3640 5365 3809 5422 haere-

2211 5458 2356 5516 ticus
2384 5458 2718 5532 designatur.
2751 5456 2890 5514 Cum
2925 5474 3058 5515 vero
3087 5467 3304 5516 montes
3333 5457 3534 5532 plurali
3579 5472 3810 5513 numero

2214 5548 2594 5619 nominantur,
2631 5547 2926 5623 aliquando
2946 5547 3216 5607 celsitudo
3242 5548 3616 5622 apostolorum
3645 5553 3812 5620 atque

2212 5637 2624 5712 prophetarum,
2642 5637 2938 5712 aliquando
2957 5653 3087 5696 vero
3106 5639 3454 5696 saecularium
3477 5642 3812 5712 potestatum

2210 5735 2396 5784 tumor
2421 5727 2774 5802 exprimitur.
2786 5728 2944 5787 Mons
2963 5743 3194 5802 namque
3213 5728 3516 5788 Dominum
3534 5727 3808 5801 designat,
