4156 6178
342 330 448 390 669

1022 392 1029 401 ,
1113 330 1488 391 MORALIUM
1524 332 1657 391 LIB.
1698 334 1958 393 XXXIII.
1999 367 2069 380 —
2107 339 2179 396 IN
2216 337 2442 398 CAPUT
2481 340 2577 396 XL
2616 341 2677 396 B.
2726 342 2871 398 JOB.

3555 352 3659 410 670

340 457 487 514 sicut
514 455 779 528 scriptum
803 464 884 513 est
908 474 920 512 :
956 458 1031 514 Et
1056 457 1158 513 erit
1185 458 1241 547 in
1267 458 1566 515 novissimis
1590 460 1769 516 diebus
1803 478 1939 533 prae-
1966 472 2018 532 Α
2051 467 2179 538 quia
2210 483 2280 523 ex
2309 483 2373 522 eo
2395 466 2551 522 illum
2573 466 2848 535 reﬁciunt,
2880 467 3028 541 quod
3056 472 3308 544 nequiter
3345 483 3661 547 operantur.

336 553 571 622 paratus
600 563 748 602 mons
771 548 955 602 domus
982 546 1197 605 Domini
1216 548 1273 603 in
1293 548 1479 604 vertice
1498 550 1753 605 montium
1779 552 1943 619 (Isai.

339 654 404 705 ιι,
439 636 519 708 2).
543 637 700 692 Mons
715 637 915 709 quippe
937 642 1018 692 est
1033 635 1090 692 in
1111 636 1317 693 vertice
1334 636 1608 693 montium
1631 638 1948 695 incarnatus

339 727 639 793 Dominus,
679 728 1073 785 transcendens
1105 728 1493 785 celsitudinem
1531 728 1945 800 prophetarum.

341 818 585 875 Rursum
616 833 712 888 per
743 824 987 872 montem
1017 824 1203 873 sancta
1231 817 1546 889 designatur
1578 818 1847 885 Ecclesia,
1878 818 1947 872 si-

341 918 436 967 cut
451 909 719 981 scriptum
741 918 822 965 est
847 926 859 964 :
887 910 989 976 Qui
1007 910 1277 980 conﬁdunt
1296 909 1353 963 in
1372 909 1617 975 Domino,
1651 908 1785 963 sicut
1802 925 1951 964 mons

344 1000 473 1056 Sion
507 1000 681 1071 (Psat.
716 1015 909 1067 cxxiv,
960 998 1037 1070 1).
1077 998 1209 1054 Sion
1252 1013 1486 1069 namque
1532 998 1834 1070 speculatio
1869 997 1948 1053 di-

342 1088 510 1155 citur,
541 1103 638 1159 per
667 1102 830 1159 quam
871 1086 1082 1142 scilicet
1112 1085 1544 1157 speculationem
1573 1085 1951 1156 contemplans

341 1181 518 1236 Deum
546 1177 796 1233 Ecclesia
825 1176 1111 1248 ﬁguratur.
1146 1176 1385 1232 Rursum
1406 1191 1502 1247 per
1524 1183 1768 1231 montem
1790 1181 1951 1230 testa-

343 1277 595 1325 mentum
628 1268 727 1323 Dei
767 1266 1120 1339 exprimitur,
1152 1266 1296 1323 sicut
1324 1265 1579 1322 Habacuc
1606 1266 1714 1321 ait:
1749 1267 1891 1321 Deus
1915 1282 1951 1319 a

344 1357 546 1415 Libano
575 1356 762 1424 veniet,
793 1362 840 1411 et
858 1362 1068 1411 sanctus
1088 1355 1151 1411 de
1176 1362 1346 1411 monte
1366 1355 1611 1409 umbroso
1632 1360 1680 1408 et
1696 1354 1952 1409 condenso

350 1448 577 1518 (Habac.
612 1464 696 1514 III,
725 1446 804 1519 3).
830 1447 934 1515 Qui
955 1447 1105 1503 enim
1126 1454 1423 1503 venturum
1444 1464 1501 1503 se
1523 1462 1618 1518 per
1638 1444 1953 1501 testamenti

343 1537 429 1593 sui
457 1537 684 1610 paginas
711 1537 1028 1610 spopondit,
1059 1538 1213 1610 quasi
1262 1537 1389 1593 inde
1419 1536 1594 1604 venit,
1624 1535 1771 1591 unde
1801 1536 1954 1591 velut

344 1627 446 1683 sub
474 1627 841 1699 promissione
869 1645 926 1685 se
946 1628 1147 1684 tenuit.
1182 1626 1340 1695 Quod
1370 1627 1632 1683 videlicet
1661 1632 1952 1681 testamen-

344 1722 462 1771 tum
497 1714 639 1770 bene
668 1731 829 1772 mons
855 1715 1151 1772 umbrosus
1167 1723 1221 1771 et
1249 1716 1558 1772 condensus
1578 1715 1807 1780 dicitur,
1825 1714 1954 1785 quia

346 1804 538 1877 spissis
554 1804 940 1876 allegoriarum
962 1804 1392 1862 obscuritatibus
1411 1811 1689 1877 opacatur.
1714 1803 1950 1860 Rursum

348 1911 449 1967 per
480 1904 717 1950 montem
749 1896 975 1967 angelus
1002 1904 1250 1968 apostata
1289 1896 1629 1967 designatur,
1670 1894 1816 1950 sicut
1852 1892 1953 1947 sub

346 1984 651 2055 Babylonis
679 1985 822 2057 regis
849 1985 1031 2057 specie
1061 1985 1127 2041 de
1154 1985 1382 2058 antiquo
1405 1984 1562 2040 hoste
1582 1981 1953 2054 praedicatori-

344 2074 449 2130 bus
467 2074 701 2132 dicitur:
726 2077 895 2147 Super
909 2081 1133 2130 montem
1156 2076 1170 2109 ³
1193 2074 1539 2145 caliginosum
1562 2075 1726 2127 levate
1744 2072 1953 2142 signum

345 2166 506 2237 (Isai.
541 2182 665 2234 xui,
696 2166 777 2238 2).
810 2165 1199 2221 Praedicatores
1228 2166 1430 2237 quippe
1461 2163 1637 2221 sancti
1667 2177 1831 2233 super
1851 2177 1952 2215 ca-

347 2253 641 2325 liginosum
690 2261 936 2311 montem
978 2255 1199 2325 signum
1238 2254 1477 2322 elevant,
1508 2252 1730 2326 quando
1758 2258 1952 2309 contra

345 2343 557 2399 Satanae
584 2343 921 2415 superbiam,
949 2343 1045 2416 qui
1066 2360 1208 2416 saepe
1236 2344 1338 2399 sub
1353 2344 1554 2400 nebula
1574 2340 1951 2400 simulationis

344 2430 727 2498 absconditur,
776 2430 1041 2486 virtutem
1072 2432 1253 2487 crucis
1290 2433 1553 2487 exaltant.
1586 2433 1825 2487 Rursum
1856 2445 1951 2499 per

346 2529 597 2578 montem
619 2520 914 2576 haereticus
937 2521 1170 2593 quilibet
1194 2522 1547 2593 exprimitur,
1563 2521 1708 2577 sicut
1728 2536 1798 2574 ex
1818 2535 1950 2574 voce

344 2609 612 2666 Ecclesiae
658 2607 948 2664 Psalmista
996 2609 1109 2664 ait:
1159 2611 1226 2665 In
1265 2609 1493 2665 Domino
1546 2609 1768 2681 conﬁdo,
1826 2626 1950 2678 quo-

341 2698 502 2753 modo
532 2697 708 2752 dicitis
736 2696 930 2752 animos
955 2714 1099 2765 mem,
1134 2698 1480 2769 Transmigra
1498 2699 1557 2753 in
1576 2704 1797 2753 montem
1818 2697 1953 2751 sicut

334 2802 530 2858 passer
560 2786 734 2857 (Psal.
769 2803 826 2855 x,
860 2786 922 2857 2)
944 2787 972 2842 ?
1006 2785 1143 2842 Cum
1174 2787 1323 2842 enim
1355 2786 1719 2843 ﬂdelianimaa
1741 2786 1949 2842 unitate

342 2874 556 2942 relicta,
590 2874 643 2929 in
668 2875 905 2929 tumenti
921 2874 1172 2931 doctrina
1192 2874 1467 2931 conﬁdere
1487 2874 1733 2932 haeretici
1754 2875 1947 2947 praedi-

344 2966 543 3024 catoris
573 2965 800 3035 dicitur,
848 2966 1063 3022 deserto
1102 2966 1342 3023 Domino
1393 2968 1545 3039 quasi
1594 2968 1654 3024 in
1702 2976 1946 3024 montem

348 3058 736 3130 transniigrare
769 3057 1050 3114 suadetur.
1083 3058 1319 3113 Rursum
1351 3074 1446 3129 per
1474 3067 1689 3114 montes
1718 3066 1946 3129 aposto-

350 3148 528 3204 lorum
559 3155 723 3220 atque
739 3147 1131 3220 prophetarum
1153 3148 1423 3205 celsitudo
1443 3149 1783 3221 designatur,
1803 3150 1947 3206 sicut

345 3238 610 3310 scriptum
655 3245 772 3294 est:
819 3238 1036 3294 Justitia
1085 3244 1175 3293 tua
1215 3239 1350 3293 sicut
1381 3245 1578 3294 montes
1617 3239 1717 3295 Dei
1763 3241 1943 3312 (Psat.

344 3347 523 3397 xxxv,
555 3330 633 3402 7).
675 3331 748 3386 Et
776 3347 909 3386 voce
938 3331 1093 3386 Pauli
1125 3330 1366 3387 dicitur:
1408 3334 1470 3388 Ut
1510 3351 1605 3388 nos
1634 3335 1949 3406 efﬁcerentur

340 3422 557 3491 justitia
586 3422 683 3477 Dei
712 3423 768 3476 in
788 3422 899 3492 ipso
928 3424 1024 3491 (II
1054 3423 1178 3479 Cor.
1204 3441 1259 3491 v,
1290 3425 1409 3495 2i).
1444 3425 1544 3481 Vel
1575 3424 1718 3479 sicut
1747 3423 1947 3477 iterum

347 3530 483 3569 voce
502 3515 772 3586 sperantis
788 3515 1047 3573 Ecclesiae
1067 3516 1356 3573 Psalmista
1385 3517 1461 3572 ait
1485 3534 1501 3572 :
1532 3516 1726 3572 Levavi
1758 3519 1948 3577 1076

342 3611 522 3665 oculos
536 3627 672 3665 meos
686 3611 744 3665 in
761 3617 980 3675 montes,
1000 3613 1137 3667 unde
1166 3613 1329 3667 veniet
1345 3613 1612 3667 auxilium
1628 3612 1757 3666 mihi
1771 3611 1945 3684 (Psal.

343 3715 484 3766 cxx,
518 3699 593 3771 1).
624 3700 861 3756 Rursum
891 3715 987 3771 per
1007 3706 1223 3755 montes
1242 3701 1588 3757 saecularium
1619 3706 1947 3771 potestatum

343 3796 541 3844 tumor
568 3789 920 3861 exprimitur,
953 3788 1021 3844 de
1055 3788 1256 3860 quibus
1287 3790 1577 3845 Psalmista
1604 3788 1716 3844 ait:
1749 3789 1950 3847 Montes

342 3879 479 3934 sicut
513 3895 631 3935 cera
661 3882 934 3950 ﬂuxerunt
966 3898 1001 3935 α
1030 3878 1167 3950 facie
1205 3881 1422 3936 Domini
1453 3880 1623 3954 (Psat.
1674 3896 1825 3947 xcvr,
1864 3879 1945 3951 5),

346 3968 478 4042 quia
503 3970 668 4025 multi
694 3971 789 4043 qui
809 3970 964 4043 prius
978 3972 1088 4027 alta
1106 3971 1384 4043 rigiditate
1406 3979 1738 4040 tumuerant,
1758 3973 1870 4028 Deo
1890 3973 1949 4028 in

345 4074 509 4115 carne
538 4067 853 4131 apparente,
899 4076 1097 4132 magno
1143 4069 1273 4117 sunt
1318 4079 1413 4134 per
1440 4061 1819 4134 paenitentiam
1869 4061 1949 4116 ti—

349 4163 499 4203 more
521 4146 823 4218 liquefacti.
856 4147 958 4204 Vel
988 4147 1131 4205 sicut
1159 4148 1305 4207 idem
1335 4151 1607 4224 Propheta
1632 4151 1831 4207 iterum
1868 4148 1948 4207 di-

346 4236 425 4292 cit
456 4254 467 4291 :
517 4236 823 4291 Ascendunt
859 4241 1076 4304 montes,
1125 4244 1172 4290 et
1203 4239 1513 4295 descendunt
1557 4241 1729 4312 campi
1767 4239 1948 4309 (Psal.

348 4341 467 4393 cur,
499 4325 581 4397 8).
615 4324 867 4397 Plerique
895 4324 1042 4380 enim
1073 4334 1445 4396 persecutores
1472 4330 1695 4385 Domini
1726 4327 1950 4400 superbi

345 4424 540 4472 contra
569 4431 695 4471 eum
726 4415 978 4482 veniunt,
1009 4414 1104 4471 sed
1123 4415 1192 4472 ab
1222 4431 1286 4472 eo
1306 4415 1544 4473 humiles
1572 4427 1945 4475 revertuntur.

2056 556 2511 613 HuicBehemoth
2532 556 2726 613 herbas
2756 556 2959 626 ferunt,
2984 560 3114 631 quia
3150 576 3276 618 suas
3309 562 3393 618 illi
3422 564 3660 621 oﬂ‘erunt

2058 644 2234 701 ﬂuxas
2262 653 2315 701 et
2346 645 2583 703 lubricas
2604 643 2929 719 volup‘tates.
2954 650 3136 704 Erunt
3153 651 3309 719 enim,
3329 652 3408 707 ait
3429 654 3662 725 Aposto-

2059 735 2164 803 lus,
2186 736 2415 790 homines
2430 736 2625 807 seipsos
2639 743 2875 790 amantes
2896 736 2984 809 (II
3013 737 3148 793 Tim.
3183 754 3268 806 III,
3301 739 3381 811 2).
3415 741 3661 808 Quorum

2058 824 2481 897 descriptionem
2529 818 2850 897 complexus
2896 834 2995 893 est,
3038 827 3265 885 dicens:
3327 830 3664 902 Voluptatum

2058 920 2320 969 amatores
2364 916 2533 986 magis
2572 932 2733 985 quam
2772 914 2872 969 Dei
2914 914 3100 985 (Ibid.,
3132 916 3212 987 4).
3260 916 3390 984 Quae
3428 927 3509 975 est
3538 937 3664 993 ergo

2058 1003 2229 1059 herba
2278 1004 2571 1072 montium,
2604 1004 2713 1059 nisi
2742 1004 2999 1075 voluptas
3028 1004 3199 1072 ﬂuxa,
3232 1022 3353 1079 quae
3400 1024 3469 1063 ex
3503 1009 3663 1065 corde

2060 1092 2303 1164 gignitur
2349 1092 2709 1163 superborum
2739 1092 2767 1148 ?
2809 1092 2914 1159 Qui
2946 1093 3055 1147 nisi
3094 1095 3268 1149 Deum
3300 1096 3664 1168 superbiendo

2060 1189 2496 1248 contemnerent,
2543 1198 2887 1255 nequaquam
2928 1189 3013 1238 tot
3056 1182 3267 1240 lubrica
3327 1186 3663 1242 lasciviendo

2063 1284 2084 1318 8
2116 1278 2506 1343 perpetrarent.
2558 1271 2770 1339 Quibus
2808 1270 3073 1327 nimirum
3119 1271 3306 1329 herbis
3337 1273 3438 1329 iste
3482 1274 3665 1331 Behe—

2061 1361 2217 1417 moth
2261 1361 2523 1435 pascitur,
2569 1361 2697 1434 quia
2746 1361 2804 1415 in
2848 1361 2927 1416 eis
2956 1377 3176 1433 pmnam
3208 1370 3425 1418 aeternae
3472 1364 3665 1419 mortis

2064 1453 2085 1487 ³
2115 1450 2381 1519 esuriens,
2412 1466 2602 1505 eorum
2623 1450 2853 1522 perditis
2880 1449 3128 1506 moribus
3148 1452 3398 1508 satiatur.
3432 1451 3663 1522 Superbi

2063 1540 2209 1595 enim
2234 1539 2401 1611 hujus
2421 1539 2631 1607 saeculi,
2652 1539 2755 1595 etsi
2775 1538 2995 1612 quando
3016 1555 3264 1611 supernae
3286 1539 3665 1611 dispensatio-

2062 1629 2150 1684 nis
2195 1629 2388 1684 ordine
2417 1627 2721 1700 przepediti,
2753 1629 2821 1684 ab
2849 1628 3162 1700 expletione
3192 1645 3492 1701 pravorum
3522 1645 3664 1701 ope-

2062 1736 2182 1774 rum
2207 1725 2439 1786 cessant,
2459 1734 2625 1789 prava
2640 1725 2823 1774 tamen
2845 1718 2901 1773 in
2922 1719 3251 1789 cogitatione
3272 1718 3662 1789 multiplicant,

1982 1844 2029 1904 B
2066 1808 2230 1864 modo
2276 1815 2338 1861 ut
2363 1823 2418 1862 se
2457 1807 2792 1878 potentiores
2825 1807 3055 1874 caeteris,
3089 1808 3252 1863 rebus
3279 1816 3333 1863 et
3363 1808 3666 1864 honoribus

2064 1894 2374 1962 ostendant,
2405 1894 2569 1949 modo
2598 1901 2659 1948 ut
2688 1892 2931 1949 eamdem
2964 1910 3116 1949 suam
3136 1896 3437 1967 potentiam
3469 1896 3526 1950 in
3554 1904 3664 1952 stu-

2063 1983 2157 2039 dio
2189 1983 2381 2038 alienae
2404 1981 2647 2038 laesionis
2667 1988 2977 2049 exerceant,
3000 1981 3164 2037 modo
3186 1990 3268 2051 ut,
3292 1983 3519 2039 lubricis
3537 1999 3664 2038 mo-

2064 2072 2212 2127 tibus
2240 2070 2415 2139 ducti,
2448 2086 2543 2142 per
2571 2070 2716 2125 levia
2743 2086 2798 2124 se
2828 2069 2971 2125 facta
3000 2072 3417 2144 voluptatesque
3456 2071 3665 2127 dissol—

2063 2167 2215 2215 vant.
2248 2160 2353 2227 Qui
2383 2159 2514 2214 dum
2560 2158 2722 2213 rebus
2750 2158 3023 2214 divinitus
3051 2160 3287 2231 acceptis
3319 2176 3663 2232 nequaquam

2062 2257 2227 2317 recta,
2277 2248 2372 2303 sed
2421 2264 2590 2320 prava
2619 2264 2832 2319 semper
2861 2263 3015 2318 agere
3046 2249 3307 2319 cogitant,
3349 2249 3483 2321 quid
3511 2248 3663 2305 aliud

2061 2343 2295 2411 faciunt,
2326 2341 2435 2397 nisi
2466 2341 2581 2397 suis
2609 2348 2801 2397 contra
2820 2342 2994 2397 Deum
3024 2340 3183 2397 donis
3204 2342 3496 2413 pugnant?
3524 2341 3666 2409 Quia

2062 2432 2232 2504 igitur
2269 2430 2574 2487 Behemoth
2611 2430 2714 2486 iste
2762 2430 2820 2485 in
2868 2430 3228 2502 superborum
3259 2430 3539 2487 mentibus
3566 2448 3666 2487 sua

2061 2539 2274 2594 semper
2299 2521 2570 2578 desideria
2595 2520 2955 2593 recognoscit,
2979 2519 3133 2592 quasi
3154 2518 3350 2576 herbas
3370 2520 3430 2576 in
3462 2519 3661 2576 monti-

2060 2611 2163 2667 bus
2193 2612 2430 2681 invenit,
2474 2611 2676 2685 quibus
2704 2610 2971 2666 refectum
3001 2627 3112 2666 suae
3150 2609 3378 2666 malitiae
3409 2617 3660 2667 ventrem
3760 2614 3765 2619 ’

2060 2701 2256 2757 tendit.
2289 2702 2435 2758 Bene
2462 2708 2644 2757 autem
2673 2699 2931 2756 subditur
2961 2717 2972 2754 :

2553 2815 2782 2872 CAPUT
2802 2815 2851 2871 Π
2883 2812 3025 2887 (nec.
3053 2813 3160 2888 11].

2128 2906 2265 2960 Iun).
2298 2934 2369 2944 —
2400 2904 2587 2960 Omnes
2617 2903 2790 2957 bestiae
2806 2903 2927 2973 agri
2951 2904 2972 2936 ⁸
3006 2903 3185 2957 ludent
3210 2901 3304 2956 ibi.

2128 2991 2179 3046 4.
2212 2992 2394 3047 Ludus
2422 2992 2719 3046 daemonum
2750 2996 2825 3045 est
2851 2991 3110 3044 humanas
3132 2995 3326 3043 mentes
3360 2988 3423 3043 de
3448 2988 3576 3044 vitio
3608 2991 3661 3044 in

2056 3080 2241 3135 vitium
2258 3078 2675 3145 rotare—Quid
2686 3093 2782 3151 per
2793 3076 2994 3133 bestias
3006 3076 3112 3133 nisi
3126 3076 3401 3134 immundi
3412 3073 3661 3149 spiritus,

1983 3200 2026 3260 Ο
2063 3169 2197 3260 quid
2227 3185 2323 3260 per
2349 3185 2542 3260 agrum
2580 3168 2687 3260 nisi
2721 3182 2965 3260 praesens-
3002 3167 3282 3260 saeculum
3307 3166 3658 3260 designatur!
3720 3240 3725 3245 δ

2064 3259 2218 3315 Unde
2248 3258 2315 3315 de
2343 3258 2463 3330 ipso
2488 3258 2855 3328 malignorum
2886 3256 3183 3330 spirituum
3200 3257 3450 3329 principe
3471 3265 3664 3314 contra

2055 3347 2323 3419 Ephraim
2352 3346 2558 3405 dicitur
2582 3365 2594 3402 :
2618 3347 2799 3402 Bestia
2812 3348 2934 3419 agri
2947 3347 3144 3401 scindet
3163 3364 3246 3403 eos
3262 3348 3420 3420 (Osee
3439 3364 3566 3416 x111,
3582 3347 3659 3419 8).

2056 3442 2158 3499 Vel
2188 3444 2331 3499 sicut
2359 3444 2526 3500 Isaias
2547 3444 2625 3500 ait
2650 3446 2755 3500 :Et
2781 3445 2928 3500 mala
2943 3443 3103 3499 bestia
3133 3443 3154 3476 ⁵
3183 3458 3291 3499 non
3318 3436 3663 3508 ascendetper

2057 3549 2171 3588 eam
2202 3534 2359 3604 (Isai.
2390 3551 2568 3602 xxxv,
2600 3537 2684 3605 9).
2718 3534 2858 3602 Quia
2882 3542 3063 3590 autem
3094 3533 3210 3606 agri
3233 3530 3459 3588 nomine
3487 3543 3662 3583 mun-

2057 3620 2161 3677 dus
2188 3623 2511 3694 accipiatur,
2545 3624 2861 3679 dominicus
2879 3640 2975 3695 per
2988 3622 3352 3694 Evangelium
3382 3634 3562 3677 sermo
3580 3624 3662 3673 te-

2058 3718 2254 3779 statur,
2284 3713 2381 3783 qui
2411 3712 2515 3767 ait:
2546 3714 2690 3782 Ager
2717 3717 2891 3767 autem
2920 3718 2995 3766 est
3020 3711 3247 3766 mundus
3287 3709 3500 3781 (Matth.
3532 3722 3659 3772 xm,

2058 3800 2172 3872 38).
2206 3800 2340 3872 Agri
2385 3817 2514 3873 ergo
2553 3800 2743 3855 bestiae
2792 3800 2849 3854 in
2890 3799 3076 3855 herbis
3121 3798 3397 3854 montium
3440 3795 3658 3859 ludunt,

2063 3896 2252 3953 1077
2310 3888 2442 3961 quia
2498 3888 2741 3961 projects
2796 3888 2865 3944 de
2927 3886 3303 3959 superioribus
3363 3887 3385 3920 ⁶
3440 3884 3500 3939 in
3557 3882 3662 3941 hoc

2058 3988 2268 4045 mundo
2297 3987 2572 4043 daemonia
2600 3986 2787 4060 pravis
2826 3984 3185 4059 superborum
3216 3981 3474 4057 operibus
3502 3979 3661 4037 dele-

2058 4087 2296 4135 ctantur.
2320 4076 2515 4132 Bestiae
2536 4076 2595 4132 in
2616 4075 2802 4132 herbis
2824 4074 3024 4131 ludunt
3042 4091 3168 4133 cum
3190 4072 3409 4146 reprobi
3430 4070 3658 4144 spiritus

2059 4167 2304 4223 humana
2318 4165 2486 4222 corda
2500 4166 2559 4221 in
2582 4165 2810 4223 illicitas
2824 4164 3184 4238 cogitationes
3204 4160 3550 4236 pertrahunt.
3574 4159 3661 4215 An

2058 4273 2173 4314 non
2194 4256 2499 4313 immundis
2518 4256 2806 4330 spiritibus
2827 4254 3015 4312 ludere
3034 4260 3117 4309 est
3132 4259 3342 4309 mentes
3369 4249 3661 4306 hominum

2059 4345 2129 4402 ad
2156 4346 2451 4418 imaginem
2480 4346 2583 4403 Dei
2621 4345 2891 4413 conditas,
2941 4342 3105 4400 modo
3144 4343 3275 4399 ﬁcta
3301 4338 3665 4414 promissione

2059 4437 2332 4510 decipere,
2363 4437 2529 4493 modo
2558 4439 2749 4494 vacuis
2777 4434 3082 4492 terroribus
3111 4433 3359 4500 irridere,
3391 4430 3555 4487 modo
3584 4430 3663 4486 eis

346 4506 453 4574 Qui
500 4514 717 4617 {minias
761 4504 1065 4617 ξδθθξῖἀιξηί
1090 4522 1214 4617 Pe?)
1229 4506 1949 4617 tﬁmoiemPOtemimast
1979 4558 2027 4617 D
2063 4504 2379 4584 transitoria
2421 4525 2617 4599 gaudia
2645 4525 2801 4598 quasi
2832 4539 3089 4579 mansura
3132 4521 3466 4594 imprimere,
3496 4517 3661 4575 modo

346 4592 530 4666 campi
558 4592 922 4660 descendunt,
953 4593 1105 4665 plani
1124 4592 1383 4651 videlicet
1401 4593 1530 4650 facti
1561 4609 1657 4666 per
1685 4596 1949 4666 cognitio-

347 4698 477 4739 nem
509 4682 704 4755 culpae.

422 4796 563 4872 [Vet.
589 4799 656 4856 II
657 4796 698 4872 .]
721 4797 772 4853 3.
796 4798 949 4854 Elati
968 4798 1106 4854 male
1131 4797 1399 4869 operando
1419 4798 1675 4854 daemones
1694 4799 1864 4854 alunt.
1884 4830 1953 4842 —

348 4890 455 4947 Sed
486 4891 619 4964 quia
638 4890 899 4946 nonnulli
931 4890 992 4946 in
1019 4888 1273 4945 elationis
1311 4906 1421 4945 suae
1450 4889 1744 4947 altitudine
1782 4906 1952 4947 rema-

347 4988 504 5047 nent,
527 4988 581 5036 et
600 4978 671 5035 ad
685 4978 878 5036 divina
898 4978 1161 5053 obsequia
1179 4978 1324 5035 ﬂecti
1342 4979 1630 5037 humiliter
1650 4979 1946 5053 dedignan-

347 5076 461 5137 tur,
493 5084 557 5124 eo
586 5067 736 5141 quod
761 5067 925 5141 juxta
965 5068 1300 5125 desiderium
1338 5071 1552 5144 antiqui
1583 5070 1758 5127 hostis
1787 5088 1955 5144 prava

348 5157 593 5231 cogitare
634 5173 698 5214 ac
736 5164 1046 5231 perpetrare
1074 5175 1185 5214 non
1214 5158 1492 5230 desinunt,
1524 5167 1669 5217 recte
1699 5159 1805 5216 hoc
1833 5161 1954 5217 loco

347 5247 417 5305 de
466 5246 769 5303 Behemoth
813 5247 1059 5304 dicitur:
1111 5248 1246 5303 Huic
1284 5255 1476 5304 montes
1520 5248 1701 5319 ferunt
1746 5250 1950 5306 herbas.

349 5338 500 5394 Elati
530 5354 770 5411 namque
798 5336 984 5394 saeculi
1014 5336 1147 5393 huic
1186 5337 1490 5394 Behemoth
1520 5338 1718 5395 herbas
1746 5339 1949 5409 ferunt,

428 5581 447 5652 ¹ί
476 5580 714 5652 Gemet.,
746 5580 857 5637 duo
903 5580 1113 5648 Germ.,
1145 5579 1269 5637 Val.
1305 5578 1388 5636 Cl.
1419 5586 1471 5634 et
1513 5580 1612 5652 pL,
1643 5579 1948 5652 catigosum,

352 5660 406 5707 et
432 5651 601 5725 infra,
634 5670 794 5725 super
824 5653 1131 5725 caligosum.

426 5724 447 5757 ²
477 5722 712 5793 Germ,
736 5722 1014 5794 Laudun.,
1059 5722 1280 5780 Ebroic.
1315 5722 1514 5796 aliique
1543 5723 1756 5790 Nomm,
1784 5744 1953 5799 pene-

357 5800 581 5849 trarent.

370 5811 581 5851 marem.

2062 4633 2348 4673 mansuras
2370 4631 2557 4689 poenas
2580 4614 2739 4688 quasi
2765 4612 3112 4669 transitorias
3142 4611 3377 4683 levigare
3398 4609 3426 4665 7
3455 4608 3661 4664 Harum

2060 4710 2252 4784 procul
2280 4709 2452 4766 dubio
2479 4706 2781 4766 bestiarum
2812 4705 3129 4763 illusionem
3160 4702 3536 4777 pertimuerat,
3566 4695 3661 4769 qui

2061 4799 2278 4856 dicebat
2302 4818 2312 4855 :
2338 4800 2480 4855 Deus
2508 4814 2675 4867 meus,
2690 4796 2748 4852 in
2771 4802 2815 4853 te
2829 4796 3056 4869 conﬁdo,
3071 4810 3180 4849 non
3198 4791 3493 4847 erubescam
3510 4803 3533 4851 ;
3559 4800 3662 4839 ne-

2061 4907 2159 4961 que
2174 4889 2440 4945 irrideant
2451 4904 2531 4943 me
2544 4886 2749 4942 inimici
2766 4886 2865 4942 mei
2880 4885 3060 4957 (Psat.
3076 4897 3234 4947 xxxv,
3249 4878 3302 4946 2,
3321 4878 3353 4934 3
3355 4872 3550 4948 ).Quia
3563 4871 3662 4944 igi-

2063 4986 2153 5033 tur
2189 4977 2549 5048 superborum
2588 4992 2683 5033 cor
2712 4975 2782 5032 ad
2827 4988 2991 5031 omne
3038 4969 3237 5025 vitium
3282 4962 3564 5030 sternitur,
3600 4967 3662 5018 ut

2062 5065 2294 5122 cuilibet
2323 5064 2566 5136 maligno
2604 5063 2824 5137 spiritui
2869 5058 3102 5117 irruenti
3132 5072 3300 5129 prava
3331 5050 3660 5126 cogitatione

2063 5161 2414 5228 praeparetur,
2448 5161 2593 5211 recte
2612 5153 2679 5210 de
2709 5153 2894 5210 herbis
2918 5149 3188 5206 montium
3210 5145 3417 5204 dicitur
3439 5161 3452 5201 :
3476 5144 3662 5203 Omnes

2063 5245 2233 5302 bestiw
2259 5244 2380 5316 agri
2409 5243 2590 5300 ludent
2608 5242 2701 5297 ibi.
2732 5242 2839 5297 Pro
2868 5256 2933 5295 eo
2956 5236 3105 5294 enim
3132 5235 3278 5310 quod
3304 5233 3525 5309 superbi
3544 5232 3660 5307 qui-

2062 5350 2168 5409 que
2212 5334 2429 5390 nullum
2460 5333 2666 5389 malum
2696 5327 2987 5403 cogitando
3015 5334 3366 5403 praetereunt,
3399 5325 3555 5382 nulla
3580 5330 3660 5381 est

2135 5580 2155 5613 3
2192 5575 2364 5635 Laud.
2374 5618 2389 5645 ,
2417 5575 2634 5632 esuries.

2136 5651 2155 5684 ³
2186 5644 2384 5705 Ρπειῑειζ
2418 5665 2479 5704 ac
2510 5646 2678 5714 Utic.,
2713 5644 2921 5699 ludunt.

2135 5723 2154 5756 ⁵
2185 5722 2306 5776 Val.
2340 5720 2421 5776 Cl.
2455 5727 2508 5774 et
2538 5717 2886 5783 duo'Germ.,
2920 5734 3019 5771 non
3055 5715 3317 5772 transibit.

2136 5797 2156 5830 ⁶
2187 5794 2301 5861 AL,
2335 5791 2388 5845 in
2417 5792 2553 5846 hunc
2584 5789 2856 5843 mundum.
