4156 6178
527 289 628 348 671
1730 307 1980 368 SANCTI
2019 311 2360 378 GREGORII
2407 321 2634 385 MAGNl

526 409 638 484 agri
656 408 853 483 bestia,
876 426 997 489 qua
1025 431 1139 473 non
1157 416 1358 477 horum
1380 424 1653 482 montium
1669 424 1855 488 herbis
1867 432 2119 494 satietur.

524 497 660 588 Nam
684 500 787 558 etsi
820 504 1039 578 quando
1061 508 1245 565 carnis
1264 508 1542 569 luxuriam
1568 511 1811 588 fugiunt,
1841 517 2128 579 interioris

524 586 762 648 luxuria
774 592 975 651 vitium
986 595 1055 653 de
1070 596 1186 670 ipsa
1198 600 1444 657 castitate
1456 586 2125 674 gloriandocommittunt.

525 678 583 773 Si
611 681 833 773 quando
860 683 940 740 nil
971 702 1133 745 avare
1153 691 1397 748 exterius
1418 693 1661 766 rapiunt,
1683 713 2028 773 nequaquam
2059 702 2126 759 ab

525 769 785 831 illecebra
813 774 1059 833 avaritia
1104 779 1299 837 mundi
1329 789 1480 851 sunt,
1517 783 1647 857 quia
1693 769 1795 843 etsi
1824 769 1911 845 res
1946 790 2127 846 nullas

526 860 799 932 ambiunt,
830 863 1017 922 favore
1048 874 1231 924 tamen
1275 868 1564 928 hominum
1596 872 1814 932 laudem
1844 876 1910 933 de
1939 878 2129 934 conti-

526 950 715 1007 nentia
743 968 931 1025 rapere
957 964 1249 1014 conantur.
1274 959 1418 1018 Huic
1437 977 1566 1034 ergo
1586 962 1891 1022 Behemoth
1915 974 2127 1025 montes

526 1037 722 1131 herbas
750 1040 956 1131 ferunt,
986 1052 1039 1101 et
1068 1062 1257 1103 omnes
1277 1046 1468 1105 bestia
1499 1052 1613 1123 agri
1647 1053 1847 1113 ludunt
1875 1056 1976 1126 ibi,
1995 1058 2126 1131 quia

525 1124 585 1184 in
603 1130 962 1202 superborum
987 1134 1150 1192 corde
1169 1135 1407 1209 quilibet
1429 1140 1704 1213 malignus
1724 1143 1952 1215 spiritus
1961 1124 2126 1205 tanto

525 1216 689 1274 latius
717 1220 978 1291 pascitur,
1010 1232 1215 1297 quanto
1245 1233 1299 1282 et
1327 1244 1490 1285 omne
1529 1230 1730 1287 vitium
1762 1231 1829 1289 de
1866 1236 2126 1308 superbia

524 1316 833 1400 generatur.
869 1309 1007 1385 [γει.
1040 1314 1187 1392 ΙΙΙ.]
1236 1317 1342 1375 Sed
1370 1320 1499 1393 quia
1520 1322 1837 1382 audivimus
1865 1327 2001 1400 quid
2022 1328 2126 1386 iste

523 1396 828 1457 Behemoth
857 1403 1128 1474 comedat,
1158 1422 1309 1466 nunc
1346 1409 1637 1469 audiamus
1668 1396 1896 1472 necesse
1917 1424 1999 1473 est
2026 1417 2124 1474 ubi

524 1487 748 1549 interim
765 1508 860 1566 per
879 1510 1112 1568 pravum
1133 1514 1293 1555 suum
1320 1499 1658 1559 desiderium
1685 1505 2011 1580 requiescat.
2034 1508 2125 1565 Se-

525 1581 715 1655 quitur
737 1600 749 1641 :

993 1701 1222 1762 CAPUT
1246 1707 1322 1764 ΠΙ
1352 1706 1498 1783 [Rec.
1527 1709 1665 1784 III).

3732 354 3840 414 672

2151 440 2204 501 Α
2234 440 2541 543 Behemoth
2571 450 2701 523 quia
2740 453 2799 547 in
2825 454 2939 547 illis
2968 459 3124 531 quasi
3154 464 3447 536 quamdam
3477 472 3722 547 requiem
3752 479 3841 537 in-

2236 532 2412 640 venit,
2443 553 2579 640 quos
2608 542 2948 640 a_veri-solis
2975 532 3575 618 ardore’subtrahendc
3604 532 3838 640 frigidcs

2234 621 2387 693 facit,
2418 627 2521 684 sub
2548 630 2743 731 umbra
2777 632 3019 731 dormire
3058 640 3396 711 perhibetur.
3426 621 3837 731 Nonnunquam

2237 730 2368 771 vero
2396 732 2492 789 per
2519 719 2793 789 umbram,
2838 723 2884 779 si
2926 734 3110 785 tamen
3139 747 3264 789 cum
3306 736 3614 810 adjectione
3643 719 3836 808 mortis

2235 814 2491 907 ponatur,
2520 811 2607 867 vel
2637 828 2785 870 mors
2804 818 2983 874 carnis
3012 823 3365 897 exprimitur,
3390 832 3477 887 vel
3495 836 3731 907 quilibet
3752 857 3834 898 re-

2236 896 2543 1000 prcbi,.qu.i
2571 903 2787 1001 antiqui
2814 904 2992 964 hostis
3018 912 3269 971 tenebras
3296 918 3481 976 studio
3508 896 3690 996 prava
3711 896 3833 1002 ope-

2235 988 2467 1044 rationis
2508 988 2817 1050 imitantur.
2851 996 3005 1054 Unde
3043 1016 3177 1058 voce
3210 988 3527 1080 martyrum
3549 1029 3645 1085 per
3674 988 3834 1074 Psal-

2214 1076 2455 1134 vmistam
2485 1078 2724 1139 dicitur:
2758 1084 3069 1145 Humiliasti
3098 1094 3261 1148 nosin
3290 1076 3401 1153 loco
3429 1076 3748 1175 amictionis,
3789 1115 3835 1165 et

2234 1170 2502 1263 cooperuit
2525 1188 2621 1263 nos
2642 1175 2831 1232 umbra
2858 1180 3046 1235 mortis
3075 1182 3248 1254 (Psal.
3281 1202 3441 1257 XLIII,
3465 1170 3598 1263 "20).
3633 1170 3835 1253 Umbra

2235 1262 2382 1314 enim
2427 1262 2620 1319 mortis
2648 1264 2848 1324 electos
2875 1269 2975 1325 Dei
3008 1271 3030 1307 ³
3067 1274 3262 1344 operit,
3295 1293 3420 1335 cum
3451 1262 3601 1340 mors
3628 1286 3828 1357 carnis,

2234 1543 2327 1627 ma
2349 1541 2575 1629 separat-
2588 1550 2806 1608 corpus.
2839 1538 2941 1595 Vel
2969 1548 3117 1598 certe
3138 1544 3332 1603 umbra
3357 1564 3451 1606 eos
3466 1554 3662 1611 mortis
3690 1572 3830 1629 ope-

2233 1617 2329 1687 rit,
2367 1621 2495 1693 quia
2544 1621 2611 1680 de
2651 1625 2879 1701 antiquo
2908 1627 3065 1689 hoste
3104 1634 3373 1709 scriptum
3419 1647 3533 1697 est:
3567 1642 3589 1679 ‘
3633 1617 3833 1702 Nomen

2230 1709 2319 1769 illi
2343 1726 2489 1767 mors
2520 1712 2708 1786 (Apoc.
2739 1734 2818 1786 vr,
2841 1718 2922 1792 8).
2948 1722 3151 1780 Umbra
3177 1741 3305 1799 ergo
3335 1730 3529 1787 mortis
3555 1741 3685 1789 sunt
3713 1752 3830 1792 om-

594 1816 767 1876 vms.
803 1819 891 1877 16.
918 1850 990 1863 _
1022 1822 1128 1879 sub
1153 1824 1345 1881 umbra
1372 1824 1574 1885 dom“
1601 1825 1659 1882 in
1685 1832 1877 1884 mrem
1904 1829 2119 1901 calami,
2152 1803 2200 1866 Β
2235 1815 2334 1899 nes
2352 1802 2590 1901 reprobi,
2614 1806 2743 1901 quia
2767 1807 2919 1865 illius
2934 1813 3235 1901 nequitiam
3248 1816 3826 1891 elationisimitantur;

522 1903 582 1961 in
608 1905 736 1962 locis
762 1907 1108 1967 humentibus.

593 1995 647 2052 5.
685 1998 825 2067 Quid
847 2015 948 2071 per
961 2001 1204 2059 umbram
1225 2003 1510 2077 Scriptura
1529 2005 1806 2080 intelligat.
1828 2039 1900 2051 —
1920 2010 2123 2069 Obum-

521 2085 701 2143 bratio
730 2088 789 2145 in
818 2105 973 2147 sacro
995 2092 1214 2166 eloquio
1242 2094 1540 2168 aliquando
1570 2096 1877 2156 incarnatio
1896 2101 2123 2159 Domini

521 2174 768 2249 ponitur,
786 2178 874 2235 vel
903 2181 1105 2237 mentis
1132 2182 1478 2257 refrigerium
1507 2202 1539 2243 a
1567 2187 1785 2245 fervore
1814 2191 2121 2250 carnalium

520 2265 942 2341 cogitationum,
972 2272 1119 2331 unde
1147 2275 1512 2348 appellatione
1545 2277 1754 2335 umbra
1783 2296 1854 2336 ex
1886 2297 2124 2355 superna

519 2357 862 2431 protectione
907 2359 1014 2421 hoc
1041 2362 1222 2437 ipsum
1263 2364 1611 2440 refrigerium
1642 2368 1825 2428 cordis
1852 2369 2122 2430 insinuari

519 2447 676 2505 solet.
722 2449 1036 2524 Aliquando
1068 2468 1199 2510 vero
1239 2454 1455 2523 umbra,
1503 2457 1789 2518 recedente
1831 2457 2118 2533 charitate,

519 2544 709 2612 torpor
736 2538 951 2613 frigida
979 2542 1179 2601 mentis
1199 2545 1489 2619 accipitur.
1513 2548 1649 2604 Nam
1675 2548 1823 2622 quod
1841 2549 2123 2609 dominica

520 2625 827 2687 incarnatio
856 2638 1069 2688 servata
1108 2634 1338 2691 veritate
1368 2634 1633 2705 historia,
1682 2638 2123 2697 obumbrationis

519 2718 887 2791 appellatione
926 2721 1194 2794 signetur,
1225 2724 1504 2797 angelicus
1532 2742 1711 2783 sermo
1740 2736 1992 2799 testatur,
2024 2730 2122 2804 qui

518 2805 829 2863 adMariam
851 2808 959 2865 ait:
988 2809 1166 2868 Virtus
1180 2812 1451 2869 Altissimi
1477 2814 1809 2871 obumbrabit
1838 2817 1932 2872 tibi
1960 2819 2117 2889 (Luc.

520 2911 563 2962 ι,
593 2894 710 2967 35).
742 2896 883 2965 Quia
909 2899 1056 2957 enim
1086 2900 1284 2958 umbra
1303 2917 1413 2959 non
1444 2903 1606 2961 aliter
1633 2905 1987 2978 exprimitur,
2009 2908 2121 2965 nisi

518 3000 616 3061 per
644 2986 832 3044 lumen
852 2996 907 3046 et
930 3005 1150 3065 corpus,
1173 2992 1354 3049 virtus
1369 2992 1419 3050 ei
1435 2994 1712 3052 Altissimi
1741 2995 2118 3069 obumbravit,

519 3075 649 3149 quia
676 3074 735 3136 in
764 3075 881 3150 ejus
895 3088 1052 3138 utero
1076 3082 1174 3139 lux
1198 3082 1521 3165 incorporea
1540 3101 1739 3159 corpus
1755 3087 2008 3161 sumpsit.
2036 3090 2122 3144 Ex

2232 1889 2459 1964 ejusque
2487 1892 2781 1966 imaginem
2822 1900 2977 1971 quasi
3019 1902 3269 1961 umbram
3317 1908 3658 1982 exprimunt,
3699 1913 3828 1969 dum

2232 1977 2350 2050 ejus
2377 1980 2436 2036 in
2473 1998 2529 2037 se
2573 1984 2795 2041 malitia
2836 1988 3256 2049 similitudinem
3291 1977 3538 2055 trahunt.
3576 1977 3681 2069 Qui
3712 2002 3831 2058 ele-

2230 2078 2347 2126 ctos
2374 2070 2473 2126 Dei
2501 2073 2774 2143 operiunt,
2798 2074 2931 2133 dum
2956 2088 3147 2136 contra
3168 2082 3295 2139 illos
3320 2086 3379 2141 in
3398 2090 3684 2146 atrocitate
3711 2109 3833 2164 per-

2230 2158 2526 2217 secutionis
2580 2162 2952 2235 temporaliter
3006 2171 3416 2231 convalescunt.
3474 2177 3591 2236 Hoc
3646 2158 3833 2235 autem

2229 2248 2352 2305 loco
2389 2247 2583 2306 umbra
2624 2254 2884 2326 nequitia
2929 2265 3120 2332 torpor
3164 2263 3457 2336 accipitur,
3504 2266 3562 2321 in
3593 2284 3701 2341 qua
3730 2267 3832 2325 iste

2230 2341 2531 2400 Behemoth
2561 2344 2788 2415 dormit,
2835 2349 2965 2423 quia
3007 2360 3202 2410 contra
3237 2356 3406 2413 corda
3431 2358 3699 2418 charitate
3726 2380 3829 2421 ca-

2230 2430 2401 2488 lentia
2428 2434 2449 2469 ⁶
2480 2434 2751 2494 sollicitus
2774 2438 2989 2511 vigilat,
3021 2439 3081 2497 in
3107 2443 3326 2517 frigidis
3341 2455 3522 2505 autem
3554 2451 3830 2509 mentibus

2231 2538 2456 2580 securus
2478 2522 2641 2596 jacet.
2673 2527 2924 2585 Dormire
2944 2531 3093 2587 enim
3116 2532 3173 2587 in
3202 2543 3522 2594 sanctorum
3552 2541 3828 2599 mentibus

2232 2630 2345 2671 non
2391 2622 2588 2687 potest,
2638 2616 2767 2691 quia
2807 2625 2861 2674 et
2907 2620 2952 2675 si
2999 2623 3219 2693 quando
3248 2641 3305 2681 se
3353 2626 3411 2681 in
3441 2627 3519 2683 eis
3563 2628 3632 2685 ad
3665 2629 3829 2685 breve

2232 2714 2573 2763 momentum
2603 2709 2855 2779 collocat,
2906 2712 3020 2784 ipse
3049 2729 3175 2770 eum
3221 2714 3616 2777 desideriorum
3657 2722 3829 2779 coele-

2230 2798 2399 2853 stium
2428 2807 2593 2856 astus
2622 2800 2833 2873 fatigat,
2862 2811 2915 2859 et
2945 2805 3101 2877 quasi
3128 2806 3288 2864 toties
3314 2816 3375 2865 ut
3403 2809 3619 2868 recedat
3635 2812 3828 2888 pungi-

2232 2896 2340 2958 tur,
2372 2890 2585 2963 quoties
2613 2891 2681 2948 ab
2710 2891 2788 2949 eis
2817 2909 3001 2951 amore
3032 2895 3227 2953 intimo
3247 2896 3313 2953 ad
3354 2906 3557 2957 aterna
3587 2903 3827 2976 suspira-

2230 2988 2338 3037 tur.
2371 2980 2556 3039 Tanta
2597 2999 2723 3039 eum
2766 3001 2927 3043 voces
2956 2988 3219 3059 excitant,
3252 2998 3467 3063 quanta
3496 3007 3564 3047 ex
3594 2991 3827 3050 illorum

2230 3073 2508 3130 mentibus
2550 3082 2750 3132 sancta
2796 3078 3155 3149 cogitationes
3201 3079 3270 3137 ad
3317 3080 3516 3138 calum
3563 3081 3826 3140 clamant.

498 3164 628 3240 qua
658 3166 920 3224 videlicet
947 3170 1369 3228 obumbratione
1396 3162 1560 3229 omne
1590 3174 1649 3229 in
1689 3192 1747 3232 se
1775 3175 2120 3248 refrigerium

2236 3162 2390 3219 Unde
2419 3162 2482 3220 ﬁt
2497 3172 2559 3221 ut
2572 3165 2840 3223 bonarum
2862 3167 3142 3224 actionum
3172 3170 3340 3226 armis
3359 3171 3603 3240 territus,
3635 3188 3698 3229 ac
3726 3189 3831 3229 su-

518 3254 720 3311 mentis
764 3255 994 3329 accepit.
1042 3259 1284 3316 Rursum
1327 3276 1425 3332 per
1476 3260 1727 3317 umbram
1770 3279 1840 3320 ex
1886 3281 2121 3338 superna

516 3344 857 3418 protectione
914 3347 1263 3420 refrigerium
1314 3349 1498 3407 cordis
1553 3350 1909 3423 exprimitur,
1974 3355 2119 3411 sicut

515 3433 805 3493 Psalmista
826 3435 906 3495 ait
930 3452 943 3491 :
978 3437 1084 3495 Sub
1108 3437 1300 3495 umbra
1326 3440 1545 3496 alarum
1575 3446 1790 3497 tuarum
1802 3449 2015 3516 protege
2041 3463 2121 3502 me

518 3521 693 3596 (Psal.
724 3541 841 3596 xvr,
871 3526 951 3599 8).
984 3526 1087 3586 Vel
1116 3527 1260 3586 sicut
1286 3543 1489 3601 sponsa
1514 3528 1575 3586 in
1602 3528 1846 3589 Canticis
1874 3534 2119 3593 cantico-

515 3627 639 3671 rum
685 3613 984 3674 adventum
1030 3619 1217 3692 sponsi
1254 3620 1570 3693 prastolata
1611 3622 1967 3694 pranuntiat,
2021 3624 2119 3681 di-

514 3717 679 3763 cens:
732 3705 838 3763 Sub
881 3707 1074 3764 umbra
1120 3709 1271 3766 illius
1303 3711 1321 3746 ¹
1356 3727 1509 3782 quem
1559 3710 1981 3768 desideraveram
2010 3714 2120 3770 sedi

517 3792 702 3866 (Cant.
738 3813 802 3868 ιι,
828 3796 908 3870 3).
930 3799 1013 3856 Ac
1039 3799 1088 3856 si
1106 3799 1257 3859 dicat
1282 3818 1293 3856 :
1322 3799 1410 3857 Ab
1429 3810 1566 3859 astu
1584 3801 1984 3861 desideriorum
2005 3821 2117 3861 car-

514 3884 724 3943 nalium
745 3886 848 3946 sub
869 3888 1137 3946 adventus
1158 3890 1314 3948 illius
1332 3892 1674 3965 protectione
1694 3892 1960 3966 requievi.
1982 3893 2117 3950 Rur-

512 3990 634 4033 sum
655 3993 753 4050 per
770 3977 1023 4038 umbram
1052 3980 1341 4038 recedente
1368 3980 1659 4051 charitate,
1689 3989 1879 4053 torpor
1905 3982 2118 4054 frigida

514 4065 714 4123 mentis
759 4066 1112 4139 exprimitur,
1156 4067 1302 4125 sicut
1336 4068 1404 4125 de
1431 4076 1691 4141 peccante
1721 4068 1947 4126 homine
1971 4071 2119 4127 scri-

512 4159 668 4226 ptum
694 4160 798 4221 est,
826 4153 957 4226 quia
985 4162 1204 4211 secutus
1234 4164 1316 4213 est
1344 4155 1597 4213 umbram
1625 4157 1841 4227 (Genes.
1874 4158 1984 4233 in).
2019 4159 2119 4217 Ca-

513 4240 684 4298 lorem
716 4240 867 4298 enim
896 4241 1182 4300 charitatis
1209 4243 1447 4316 fugiens,
1480 4246 1732 4303 veritatis
1754 4246 1926 4303 solem
1946 4246 2115 4305 homo

511 4329 776 4399 deseruit,
804 4338 859 4388 et
887 4329 989 4388 sub
1016 4329 1213 4388 umbra
1240 4347 1298 4388 se
1324 4331 1531 4390 interni
1560 4333 1784 4408 frigoris
1801 4334 2108 4395 abscondit.

511 4420 668 4480 Unde
696 4430 753 4480 et
778 4437 914 4480 voce
941 4420 1185 4494 ejusdem
1228 4423 1493 4483 Veritatis
1520 4423 1763 4484 dicitur:
1798 4427 1820 4463 ³
1846 4427 2116 4484 Abunda-

2229 3253 2522 3326 spiriorum
2578 3255 2806 3327 spiculis
2855 3274 3141 3330 percussus
3195 3259 3388 3332 fugiat,
3443 3268 3499 3317 et
3549 3261 3618 3319 ad
3664 3262 3829 3319 corda

2227 3342 2584 3415 reproborum
2615 3344 2814 3417 frigida
2842 3346 3079 3416 rediens,
3109 3365 3229 3405 eam
3259 3366 3423 3422 quam
3447 3366 3673 3407 securus
3702 3366 3824 3423 pos-

2227 3432 2398 3490 sideat
2428 3434 2652 3492 malitia
2680 3435 2932 3493 umbram
2963 3447 3186 3511 quarat.
3219 3438 3349 3507 Qua
3378 3438 3475 3496 ubi
3504 3439 3572 3496 ab
3598 3440 3694 3496 illo
3728 3441 3827 3496 in-

2226 3522 2481 3581 veniatur
2508 3525 2834 3597 ostenditur,
2884 3543 3011 3585 cum
3050 3528 3302 3601 protinus
3346 3528 3723 3587 subinfertur:
3756 3532 3824 3589 In

2228 3620 2417 3670 secreto
2446 3615 2658 3672 calami.

2301 3704 2438 3780 [Vet.
2489 3706 2614 3783 IV.]
2648 3707 2699 3765 7.
2734 3708 2943 3766 Calami
2965 3714 3016 3765 et
3038 3708 3323 3765 arundinis
3355 3708 3523 3765 varice
3548 3708 3823 3782 signiﬁca-

2228 3791 2390 3847 tiones
2419 3792 2478 3847 in
2504 3809 2660 3849 sacra
2688 3795 2986 3865 Scriptura.
3018 3825 3087 3835 —
3119 3796 3182 3851 In
3211 3811 3364 3852 sacro
3383 3795 3604 3869 eloquio
3624 3795 3820 3853 calami

2228 3881 2314 3936 vel
2330 3880 2617 3938 arundinis
2630 3882 2995 3955 appellatione
3010 3884 3306 3958 aliquando
3327 3883 3556 3941 verbum
3574 3899 3820 3952 manens,

2226 3965 2524 4044 aliquando
2573 3971 2861 4029 doctorum
2918 3974 3135 4045 peritia,
3192 3973 3489 4048 aliquando
3544 3974 3823 4031 mobilitas

2227 4060 2447 4129 mentis,
2476 4060 2776 4135 aliquando
2803 4061 2953 4119 nitor
2982 4063 3171 4136 gloria
3191 4064 3510 4137 temporalis
3530 4063 3817 4136 accipitur.

2223 4150 2325 4207 Per
2343 4151 2611 4208 calamum
2628 4152 2829 4225 quippe
2849 4153 3016 4210 Verbi
3035 4156 3310 4213 aternitas
3327 4156 3657 4229 designatur,
3690 4171 3821 4212 cum

2225 4256 2357 4297 voce
2385 4240 2559 4299 Patris
2583 4258 2680 4316 per
2711 4243 3054 4301 Psalmistam
3084 4243 3288 4305 dicitur
3312 4265 3324 4303 :
3353 4247 3555 4319 Lingua
3576 4262 3691 4301 mea
3717 4261 3822 4299 ca-

2225 4330 2395 4386 lamus
2422 4332 2604 4389 scriba:
2629 4334 2871 4390 velociter
2897 4336 3167 4392 scribentis
3198 4336 3369 4408 (Psal.
3399 4353 3552 4404 xmv,
3580 4334 3661 4407 2).
3679 4335 3822 4403 Quia

2221 4423 2369 4480 enim
2389 4425 2537 4500 quod
2566 4427 2847 4501 loquimur
2865 4429 3081 4499 transit,
3102 4427 3251 4502 quod
3269 4430 3565 4488 scribimus
3595 4445 3822 4503 perma-

512 4511 586 4570 bit
612 4513 891 4585 iniquitas,
917 4519 967 4570 et
990 4513 1290 4587 refrigescet
1317 4516 1551 4573 charitas
1578 4517 1870 4575 multorum
1900 4518 2110 4591 (Matth.
2149 4556 2198 4615 D
2228 4516 2560 4615 nettlingua
2788 4519 2987 4578 scriba
3002 4520 3244 4577 calamus
3262 4519 3489 4615 dicitur,
3522 4520 3653 4615 quia
3669 4520 3821 4578 abeo

510 4618 671 4673 xxxv,
704 4604 817 4676 l2).
867 4602 1022 4661 Unde
1068 4610 1261 4670 1078
1300 4607 1514 4682 primus
1542 4608 1710 4666 homo
1739 4618 1863 4684 post
1897 4611 2115 4685 culpam

512 4699 658 4759 inter
689 4701 913 4760 arbores
942 4703 1185 4776 paradisi
1219 4704 1288 4761 ad
1313 4721 1501 4762 auram
1522 4714 1647 4779 post
1665 4706 1951 4763 meridiem
1981 4706 2116 4763 abs-

509 4807 709 4849 consus
737 4791 1023 4850 invenitur
1052 4794 1262 4866 (Genes.
1296 4810 1379 4862 ιιι,
1412 4794 1493 4865 8).
1527 4794 1669 4863 Quia
1687 4794 1837 4852 enim
1858 4794 2114 4851 meridia-

512 4897 644 4938 num
673 4880 961 4940 cbaritatis
990 4882 1230 4939 calorem
1261 4880 1595 4955 perdiderat,
1621 4882 1736 4956 jam
1766 4882 1869 4940 sub
1899 4886 2114 4958 peccati

510 4969 706 5029 umbra
733 4970 890 5044 quasi
920 4971 1023 5029 sub
1050 4972 1253 5044 frigore
1285 4987 1433 5028 aura
1460 4970 1731 5044 torpebat.

581 5060 634 5116 6.
660 5061 887 5117 Satanas
904 5060 964 5115 in
981 5060 1063 5117 his
1080 5077 1216 5132 quos
1233 5059 1461 5133 frigidos
1478 5058 1631 5130 facit,
1660 5060 1820 5133 facile
1846 5063 2002 5134 quasi
2019 5064 2113 5118 sub

511 5147 700 5207 umbra
726 5149 1019 5223 requiescit.
1053 5150 1119 5206 In
1145 5148 1258 5206 illis
1284 5164 1500 5205 securus
1517 5147 1677 5221 jacet.
1708 5178 1780 5194 --
1806 5152 1916 5208 Iste
1945 5152 2115 5227 igitur

590 5383 859 5453 ‘7Pratel.,
889 5399 1039 5453 quem
1067 5382 1445 5438 desiderabam.
1494 5382 1690 5452 Laud.,
1722 5400 1879 5453 quam
1907 5386 2115 5441 deside-

515 5452 650 5509 ravi.
684 5453 806 5509 Val.
841 5452 949 5522 CL,
982 5471 1134 5523 quem
1156 5453 1469 5509 desideravi.

587 5524 608 5608 ξ
636 5524 807 5608 baud.
839 5532 892 5608 et
926 5526 1079 5608 Val.,_
1107 5525 1188 5583 Cl.
1217 5525 1573 5608 abundavit...
1611 5526 1917 5608 Cefrigescit.
1985 5598 1995 5608 ⁸
2061 5599 2070 5608 Ι

587 5595 790 5671 3_Editi
810 5596 975 5652 etiam
998 5603 1105 5671 vet.
1128 5613 1254 5653 cum
1276 5596 1443 5671 duob.
1463 5598 1589 5654 Mss.
1609 5595 1818 5671 Germ.,
1839 5598 2113 5671 opprimit.

514 5668 586 5723 Et
616 5665 886 5742 inferius:
928 5668 1116 5742 umbra
1161 5685 1242 5723 eos
1283 5669 1469 5724 mortis
1494 5669 1766 5741 opprimit.
1799 5665 2114 5742 Le'g'endum

2228 4612 2309 4662 est
2336 4606 2581 4663 Verbum
2612 4608 2634 4643 θ
2665 4606 2749 4664 illi
2772 4615 3129 4675 coaternum,
3158 4626 3222 4666 ac
3250 4609 3366 4665 sine
3396 4609 3635 4666 transitu
3663 4625 3816 4683 gene-

2223 4701 2423 4751 ratum.
2451 4696 2687 4754 Rursum
2736 4712 2833 4769 per
2873 4697 3146 4753 calamum
3194 4697 3526 4771 scriptorum
3569 4699 3819 4758 doctrina

2222 4786 2576 4859 exprimitur,
2606 4786 2749 4843 sicut
2776 4784 2844 4842 de
2872 4794 3059 4844 sancta
3083 4785 3333 4842 Ecclesia
3361 4786 3633 4862 propheta
3658 4787 3817 4862 polli-

2222 4883 2393 4943 cetur,
2426 4874 2625 4951 dicens
2651 4891 2663 4930 :
2695 4875 2763 4931 In
2788 4874 3046 4931 cubilibus
3076 4875 3131 4930 in
3158 4875 3349 4947 quibus
3375 4876 3630 4935 dracones
3660 4879 3819 4953 prius

2222 4962 2547 5031 habitabant,
2576 4962 2779 5018 orietur
2803 4963 2954 5019 uiror
2978 4964 3175 5022 calami
3201 4970 3250 5020 et
3266 4964 3423 5036 junci
3439 4967 3604 5036 (Isai.
3636 4984 3816 5035 xxxv,

2224 5053 2302 5124 7).
2336 5051 2454 5120 Qua
2479 5051 2745 5109 nimirum
2769 5052 3061 5123 sententia,
3087 5053 3232 5112 sicut
3248 5053 3306 5111 in
3336 5054 3441 5113 hoc
3472 5072 3634 5129 opere
3657 5056 3818 5129 longe

2222 5139 2472 5214 superius
2501 5139 2746 5198 diximus
2779 5142 2935 5214 (Sup.
2972 5143 3061 5200 lib.
3095 5158 3257 5211 χχιχ,
3289 5160 3344 5199 n.
3390 5145 3507 5215 51),
3539 5161 3635 5218 per
3661 5144 3819 5201 cala-

2220 5384 2434 5453 Norm.,
2465 5383 2724 5451 Vindoc.,
2755 5392 2860 5441 etc.

2295 5458 2316 5538 f
2345 5455 2518 5538 haud.
2547 5463 2599 5512 et
2630 5456 2751 5538 Val.
2776 5455 2885 5538 CIL,
2916 5475 3103 5514 nomen
3133 5459 3298 5538 illius.
3625 5529 3635 5538 .
3733 5527 3741 5537 _

2294 5528 2315 5561 ⁵
2346 5527 2565 5584 Ebroic.
2599 5526 2801 5600 aliique
2828 5529 3043 5598 Norm.,
3073 5531 3441 5587 sollicitius....
3466 5529 3700 5585 securius
3711 5527 3820 5599 ja-

2224 5603 2316 5742 cini
2347 5670 2576 5736 Turon.,
2622 5671 2821 5741 Laud.,
2854 5673 3043 5729 Norm.
3089 5680 3144 5730 et
3184 5673 3395 5742 Germ.,
3444 5674 3612 5731 illius.
3646 5672 3816 5731 Corb.

515 5754 628 5816 esse
672 5739 841 5810 operit
862 5738 1238 5816 persuadetur
1274 5745 1389 5793 tum
1421 5756 1490 5794 ex
1522 5738 1926 5816 'sacra__Scrip't.
1960 5748 2117 5816 textu
2224 5740 2432 5810 Germ.,
2462 5742 2586 5815 quia
2616 5743 2681 5798 ab
2701 5761 2756 5799 eo
2786 5738 2997 5800 verbum
3026 5744 3239 5802 illius...
3271 5738 3570 5816 generatur.

517 5808 773 5875 adducto,
826 5808 1179 5878 et’cooperuit
1233 5824 1364 5874 nos;
1413 5817 1530 5866 tum
1580 5827 1647 5865 ex
1693 5812 1820 5869 Mss.
1849 5808 2113 5885 'Anglic.,
