4156 6178
489 229 592 286 675

485 433 636 489 ditur
667 449 679 486 ε

951 545 1180 604 CAPUT
1209 544 1288 602 1V
1328 542 1472 617 [Rec.
1507 541 1637 616 IV].

557 668 730 726 Vnus.
768 666 853 723 17.
885 697 956 707 -
987 667 1278 736 Protegunt
1306 663 1505 718 unzbraz
1530 663 1769 717 umbram
1792 678 1924 733 ejus.

559 784 646 840 10.
693 783 900 841 Umbra:
940 788 1063 838 sunt
1105 781 1305 837 diaboli
1347 785 1640 852 peccatores
1669 779 1761 850 qui
1788 796 1840 834 se
1874 778 2090 834 invicem

483 880 783 946 protegunt.
829 873 1042 928 Crimen
1071 871 1195 926 dum
1223 869 1544 940 defenditur,
1579 877 1819 940 augetur.
1851 901 1916 914 -
1949 870 2094 926 Um-

487 964 599 1021 braa
619 964 822 1038 quippe
851 969 983 1019 sunt
998 961 1226 1029 diaboli,
1250 978 1440 1017 omnes
1460 961 1637 1032 iniqui
1660 979 1671 1016 :
1697 961 1791 1034 qui
1813 959 1946 1016 dum
1969 960 2092 1016 imi-

488 1054 684 1110 tationi
723 1053 1042 1126 iniquitatis
1071 1049 1190 1123 ejus
1217 1050 1550 1118 inserviunt,
1570 1052 1725 1124 quasi
1745 1049 1813 1106 ab
1833 1049 1952 1122 ejus
1975 1068 2091 1108 cor-

490 1161 618 1217 pore
649 1141 910 1214 imaginis
937 1140 1176 1213 speciem
1206 1139 1454 1196 trahunt.
1489 1138 1642 1196 Sicut
1670 1148 1854 1196 autem
1883 1140 2090 1197 umbrae

489 1233 606 1305 ejus
634 1240 765 1288 sunt
794 1231 1086 1303 pluraliter
1115 1230 1357 1302 reprobi,
1407 1231 1483 1286 ita
1510 1230 1863 1302 singulariter
1895 1231 2093 1288 umbra

487 1321 605 1394 ejus
623 1330 706 1379 est
727 1321 1109 1394 unusquisque
1131 1329 1405 1392 peccator.
1430 1317 1539 1376 Sed
1555 1319 1686 1398 dum
1717 1319 1982 1376 doctrinae
2005 1319 2092 1392 ju-

488 1421 698 1469 storum
717 1412 850 1468 mali
871 1410 1278 1478 contradicunt,
1294 1410 1425 1465 dum
1447 1409 1515 1466 ab
1535 1408 1613 1465 eis
1632 1409 1885 1481 iniquum
1905 1425 2092 1481 quem-

492 1503 630 1560 libet
650 1504 851 1576 corrigi
877 1520 989 1559 non
1012 1501 1360 1575 permittunt,
1382 1499 1590 1556 umbrae
1607 1498 1910 1554 Behemoth
1933 1497 2094 1554 istius

490 1593 743 1650 umbram
772 1593 892 1666 ejus
926 1599 1242 1665 protegunt,
1289 1591 1417 1664 quia
1459 1597 1770 1662 peccatores
1801 1589 2003 1662 quique
2033 1591 2093 1646 in

488 1699 599 1758 quo
622 1683 731 1740 sibi
752 1683 894 1738 male
917 1690 1046 1738 sunt
1065 1681 1296 1749 conscii,
1324 1679 1379 1734 in
1403 1696 1466 1735 eo
1496 1686 1548 1735 et
1577 1678 1747 1735 alium
1777 1686 2092 1750 peccantem

490 1771 814 1828 defendunt.
839 1772 1058 1828 Umbrae
1081 1770 1332 1826 umbram
1353 1767 1471 1840 ejus
1496 1776 1810 1841 protegunt,
1840 1768 1972 1824 dum
2003 1785 2093 1824 ne-

489 1861 887 1934 quissimorum
932 1861 1078 1917 facta
1127 1859 1418 1933 nequiores
1459 1857 1732 1930 perversis
1773 1857 2094 1930 patrociniis

491 1959 740 2008 tuentur.
765 1949 925 2018 Quod
957 1949 1063 2006 hoc
1091 1949 1358 2005 nimirum
1389 1947 1574 2004 studio
1600 1947 1832 2014 faciunt,
1863 1963 1932 2002 ne
1960 1945 2092 2001 dum

491 2043 658 2115 culpa
687 2043 744 2098 in
775 2059 881 2115 qua
902 2040 1081 2114 etipsi
1112 2039 1339 2111 obligati
1371 2046 1519 2106 sunt,
1552 2039 1608 2094 in
1630 2037 1754 2093 aliis
1775 2037 2090 2108 corrigitur,

490 2131 559 2187 ad
589 2132 737 2204 ipsos
769 2131 1098 2204 quandoque
1127 2127 1400 2186 veniatur.
1453 2129 1519 2185 Se
1545 2127 1714 2200 igitur
1739 2133 1930 2198 tegunt
1959 2125 2090 2181 dum

491 2221 627 2276 alios
674 2227 989 2293 protegunt,
1035 2219 1166 2292 quia
1212 2234 1367 2274 suam
1404 2217 1576 2273 vitam
1621 2214 1747 2270 inde
1789 2209 2094 2287 praevideht

491 2309 706 2383 impeti,
722 2309 869 2365 unde
888 2309 1025 2364 alios
1041 2307 1393 2364 considerant
1413 2305 1588 2362 libera
1605 2303 1947 2376 correptione
1967 2320 2093 2360 con-

489 2403 672 2460 fundi.
707 2403 905 2476 Sicque
932 2400 997 2458 ﬁt
1026 2408 1088 2458 ut
1116 2417 1332 2456 summa
1359 2398 1656 2455 criminum
1688 2397 1819 2453 dum
1849 2395 2093 2452 defendi-

491 2503 584 2551 tur
597 2503 886 2566 augeatur,
911 2501 964 2549 et
985 2491 1423 2564 uniuscujusque
1448 2489 1696 2562 nequitia
1711 2504 1776 2544 eo
1797 2487 1870 2544 sit
1889 2486 1957 2542 ad
1976 2503 2094 2559 per-

489 2582 818 2655 petrandum
852 2581 1054 2650 facilis,
1077 2597 1186 2654 quo
1214 2579 1460 2636 difﬁcilis
1486 2577 1554 2634 ad
1586 2576 1949 2649 puniendum.
1972 2575 2094 2633 Sce-

490 2673 604 2730 lera
646 2673 852 2745 quippe
894 2673 1241 2744 peccantium
1289 2677 1444 2726 tanto
1498 2666 1709 2738 majora
1758 2669 2095 2724 incrementa

490 2761 827 2834 percipiunt,
868 2769 1074 2833 quanto
1113 2775 1209 2832 per
1252 2756 1627 2813 defensionem
1657 2756 1968 2828 potentium
1997 2755 2095 2811 diu

491 2850 673 2906 inulta
702 2851 1028 2907 tolerantur.
1054 2849 1159 2906 Sed
1195 2851 1378 2911 1081
1413 2847 1548 2903 tales
1568 2846 1771 2920 quique
1791 2861 1887 2902 seu
1915 2853 2092 2915 extra,

491 2964 588 3005 seu
620 2948 768 3004 intra
797 2956 1045 3023 sanctam
1068 2947 1372 3006 Ecclesiam
1403 2963 1521 3004 esse
1536 2946 1851 3014 videantur,
1873 2951 2096 3001 tantose

495 3043 508 3076 ¹
531 3055 628 3112 ape
643 3039 841 3097 rtiores
855 3039 958 3096 Dei
980 3039 1166 3098 hostes
1180 3037 1466 3108 exhibent,
1491 3045 1698 3112 quanto
1715 3035 1947 3135 majores
1966 3042 2093 3135 sunt
2128 3074 2172 3135 Ο

490 3131 704 3204 patroni
725 3130 1014 3186 vitiorum.
1045 3129 1251 3188 Contra
1278 3129 1435 3184 illum
1467 3129 1666 3201 quippe
1691 3128 1805 3183 suis
1821 3125 2092 3181 defensio-

489 3218 656 3274 nibus
685 3226 954 3290 pugnant,
988 3219 1010 3253 ³
1039 3219 1128 3274 cui
1160 3235 1222 3272 ea
1252 3217 1565 3288 displicent,
1599 3233 1719 3288 quae
1749 3214 2092 3270 defendendo

490 3307 885 3378 multiplicant.
917 3305 1076 3373 Quod
1105 3305 1311 3361 factum
1343 3304 1480 3359 bene
1509 3319 1607 3374 per
1638 3302 1958 3376 prophetam
1988 3304 2092 3358 Do-

489 3399 678 3456 minus
697 3397 800 3455 sub
821 3398 1124 3471 Babylonis
1143 3397 1320 3470 specie
1342 3395 1640 3467 redarguit,
1657 3395 1875 3452 dicens:
1900 3394 2092 3452 Oriun-

491 3495 580 3544 tur
603 3489 660 3544 in
689 3487 930 3544 domibus
955 3487 1069 3557 ejus
1098 3487 1264 3559 spinae
1282 3491 1330 3541 et
1349 3485 1554 3550 urtica,
1571 3490 1620 3539 et
1640 3484 1893 3556 paliurus
1910 3485 1966 3539 in
1980 3501 2094 3540 mu-

487 3577 782 3634 nitionibus
808 3577 924 3648 ejus
967 3576 1130 3650 (Isai.
1163 3591 1363 3645 XXXIV,
1401 3573 1514 3647 13).
1561 3573 1705 3642 Quid
1734 3589 1969 3648 namque
1997 3591 2096 3647 per

489 3671 696 3726 urticas
739 3669 848 3726 nisi
879 3668 1281 3740 cogitationum
1313 3665 1644 3738 prurigines,
1676 3663 1809 3737 quid
1839 3680 1970 3721 vero
1998 3681 2096 3738 per

488 3759 679 3832 spinas
699 3758 810 3814 nisi
831 3758 1101 3814 vitiorum
1122 3756 1452 3829 punctiones
1471 3753 1811 3826 accipimus?
1835 3753 1897 3808 In
1919 3752 2094 3809 domi-

489 3847 594 3904 bus
625 3849 800 3922 igitur
827 3847 1130 3920 Babylonis
1149 3845 1340 3904 urticaa
1369 3853 1425 3902 et
1450 3845 1620 3917 spinae
1650 3843 1942 3916 pullulant,
1966 3843 2095 3916 quia

488 3940 546 3996 in
575 3939 908 3997 confusione
939 3939 1142 3996 mentis
1167 3936 1413 4010 reprobae
1441 3945 1497 3992 et
1519 3935 1790 3993 desideria
1811 3934 2094 4007 cogitatio-

490 4047 627 4088 num
671 4037 909 4103 surgunt
947 4047 1068 4103 quae
1112 4035 1458 4102 exasperant,
1506 4035 1560 4082 et
1602 4041 1830 4099 operum
1875 4031 2095 4098 peccata

490 4136 611 4193 quae
633 4127 906 4192 pungunt.
934 4118 1040 4175 Sed
1065 4117 1183 4175 haec
1201 4125 1422 4190 agentes
1449 4115 1654 4172 habent
1682 4115 1846 4172 etiam
1868 4114 2092 4187 nequio-

490 4225 578 4264 res
605 4210 746 4265 alios
783 4207 1098 4264 defensores
1130 4225 1278 4265 suos.
1324 4206 1478 4264 Unde
1524 4205 1642 4262 illic
1676 4212 1798 4277 apte
1841 4204 2096 4277 protinus

489 4299 737 4356 subdidit
770 4317 781 4354 :
815 4301 889 4355 Et
913 4299 1167 4371 paliurus
1198 4301 1256 4354 in
1283 4297 1664 4354 munitionibus
1683 4295 1815 4366 ejus.
1843 4294 2096 4351 Paliurus

491 4389 698 4463 quippe
728 4395 881 4444 tanta
912 4388 1195 4460 spinarum
1228 4389 1665 4446 circumdatione
1694 4385 1986 4454 densescit,
2034 4394 2095 4441 ut

489 4496 603 4553 prae
627 4479 920 4551 asperitate
939 4479 1090 4551 tangi
1121 4479 1218 4535 vix
1246 4480 1444 4552 possit.
1463 4480 1618 4536 Intus
1649 4477 1818 4551 igitur
1843 4476 2022 4532 urtica
2041 4483 2096 4531 et

489 4571 650 4643 spina
689 4569 956 4638 nascitur,
989 4568 1082 4626 sed
1111 4577 1410 4644 utrumque
1441 4569 1548 4628 hoc
1592 4569 1836 4625 exterius
1863 4583 1960 4642 per
1989 4582 2094 4640 pa-

492 4661 702 4717 liurum
728 4661 1005 4729 munitur,
1028 4661 1156 4734 quia
1185 4660 1448 4718 videlicet
1474 4661 1718 4716 minores
1745 4658 1923 4730 iniqui
1953 4658 2096 4712 mala

491 4751 754 4827 quaelibet
781 4751 1021 4823 faciunt,
1049 4751 1144 4808 sed
1165 4769 1227 4807 ea
1252 4749 1576 4825 nequissimi
1597 4749 1829 4822 majores
1845 4754 2092 4804 tuentur.

487 4843 646 4901 Unde
673 4843 816 4900 bene
835 4851 892 4900 et
919 4841 1014 4900 hic
1042 4841 1280 4899 dicitur:
1314 4842 1604 4912 Protegunt
1631 4839 1830 4894 umbrte
1852 4837 2096 4892 umbram

487 4933 622 5004 ejus.
642 4936 785 4992 Dum
816 4933 970 4990 enim
1001 4931 1208 4988 malum
1239 4929 1392 5004 pejor
1419 4929 1687 4997 vindicat,
1719 4927 1873 5002 quasi
1901 4926 2096 4983 umbra

487 5025 769 5096 umbram,
801 5039 870 5082 ne
899 5040 932 5082 a
953 5021 1204 5080 veritatis
1233 5021 1445 5078 lumine
1473 5018 1787 5089 irradietur,
1819 5017 2090 5076 obscurat.

488 5112 748 5186 Sequitur
779 5133 792 5172 :

566 5368 586 5446 ξ
615 5368 737 5446 Kal.
773 5368 882 5446 Cl.,
908 5369 1250 5446 ρανᾳιίοτεξα,
1349 5438 1380 5446 Α
1646 5436 1657 5446 ,
1924 5435 1961 5446 ..
2031 5435 2066 5446 ..

565 5440 588 5474 ³
616 5439 844 5508 Vulgati
863 5435 990 5498 cum
1008 5439 1176 5498 duob.
1195 5438 1324 5496 Mss.
1341 5438 1551 5508 Germ.,
1571 5436 1657 5493 cui
1679 5454 1740 5492 ea
1768 5453 1884 5508 qua:
1905 5435 2087 5508 displi-

493 5515 628 5590 ςςπι»
654 5509 1388 5590 μεΐωάεῑιειοριμιιίριίεαηρς
1415 5509 1562 5590 (ιιιρά
1593 5525 1756 5590 sese?
1783 5523 2090 5590 ρειτθτθλιο·

493 5579 582 5636 bis
611 5579 850 5638 videtur.
884 5584 1026 5639 Huic
1054 5579 1176 5638 loco
1211 5579 1554 5638 restituendo
1581 5579 1936 5637 adhibuimus
1957 5580 2084 5636 Mss.

494 5651 758 5719 Vindoc.,
787 5653 987 5709 Pratel.
1020 5661 1075 5708 et
1100 5654 1247 5710 Utic.

567 5726 589 5760 ³
623 5723 860 5794 Turon.,
890 5722 1002 5779 duo
1023 5724 1234 5793 Germ.,
1259 5724 1458 5782 Pratel.
1489 5740 1552 5781 ac
1573 5725 1743 5798 plur.,
1767 5724 1982 5780 arbores
2004 5737 2090 5778 sa-

1695 215 1944 272 SANCTI
1981 214 2319 274 GREGORII
2356 216 2580 274 MAGNI

492 349 666 413 viant,
699 359 766 399 ne
795 341 988 398 saltem
1019 339 1116 395 alii
1144 337 1508 412 corrigantur.
1540 338 1694 396 Unde
1721 347 1774 394 et
1801 338 1939 394 bene
1963 336 2090 394 sub-
2121 342 2174 402 Α

3693 218 3803 276 676

2555 367 2782 426 CAPUT
2813 367 2863 426 v
2903 363 3040 440 [νει.
3082 368 3313 436 VI,Rec.
3353 368 3440 442 ν).
3504 341 3515 352 ’
3757 326 3767 335 ’

2267 494 2404 550 Iam.
2435 525 2506 536 —
2535 493 2950 552 Circumdabunt
2977 511 3096 549 eum
3124 495 3308 550 salices
3338 496 3612 552 torrentis.

2269 613 2355 668 11.
2378 614 2515 671 Mali
2529 614 2778 670 salicibus
2793 615 2988 671 similes
3004 633 3015 671 :
3039 616 3212 670 virent
3224 615 3551 687 quidem,sed
3565 615 3802 686 fructum

2196 717 2302 756 non
2348 701 2550 772 ferunt.
2577 733 2648 744 —
2685 704 3050 760 Infructuosm
3091 704 3317 777 quidem
3349 706 3370 740 ³
3410 704 3634 764 arbores
3673 714 3801 763 sunt

2198 791 2422 858 salices;
2455 791 2551 847 sed
2578 799 2762 848 tamen
2782 801 2948 850 tanta;
2974 794 3280 851 viriditatis
3307 803 3458 864 sunt,
3477 805 3539 854 ut
3557 813 3800 855 arescere

2199 881 2288 936 vel
2307 880 2558 938 abscissa:
2587 882 2850 940 radicitus
2879 891 2934 939 et
2953 883 3208 956 projectae
3241 885 3341 940 vix
3369 885 3602 957 possint.
3640 886 3799 944 Unde

2201 970 2259 1024 in
2291 986 2442 1026 sacro
2471 972 2692 1044 eloquio
2724 973 2957 1030 salicum
2983 973 3212 1030 nomine
3245 974 3548 1047 aliquando
3571 993 3670 1048 pro
3700 977 3802 1032 vi—

2201 1060 2420 1118 riditate
2449 1061 2605 1131 boni,
2635 1062 2935 1136 aliquando
2964 1080 3065 1136 pro
3096 1064 3404 1133 sterilitate,
3448 1065 3665 1138 reprobi
3693 1066 3800 1123 de-

2201 1149 2506 1223 signantur.
2533 1151 2652 1208 Nisi
2679 1153 2828 1208 enim
2859 1153 3160 1211 electorum
3181 1155 3353 1211 vitam
3371 1157 3393 1190 ⁴
3425 1172 3521 1228 per
3547 1164 3797 1214 constan-

2201 1239 2334 1295 tiam
2380 1258 2492 1298 suae
2536 1241 2839 1298 viriditatis
2884 1245 3280 1317 exprimerent,
3339 1261 3683 1320 nequaquam
3731 1247 3798 1304 de

2201 1337 2400 1386 sanctae
2417 1331 2676 1388 Ecclesiae
2699 1332 2830 1389 filiis
2849 1333 3117 1406 propheta
3132 1333 3388 1392 dixisset:
3418 1335 3800 1392 Germinabunt

2202 1418 2338 1473 inter
2364 1420 2574 1487 herbas,
2605 1422 2741 1478 sicut
2768 1423 2953 1478 salices
2991 1424 3158 1494 juxta
3197 1427 3602 1496 prater/luentes
3625 1443 3797 1498 aquas

2201 1507 2365 1576 (Isai.
2387 1525 2542 1578 xmv,
2556 1509 2636 1582 4).
2655 1511 2866 1569 Sanctae
2883 1513 3028 1568 enim
3046 1515 3304 1570 Ecclesiae
3325 1514 3426 1570 ﬁlii
3443 1515 3585 1572 inter
3597 1515 3794 1572 herbas

2202 1597 2346 1654 sicut
2373 1599 2566 1656 salices
2583 1601 2913 1672 germinant,
2941 1602 3074 1658 dum
3097 1604 3241 1660 inter
3269 1611 3601 1660 arescentem
3622 1606 3792 1661 vitam

2130 1707 2177 1767 Β
2208 1687 2514 1743 carnalium
2547 1687 2861 1758 hominum,
2893 1700 2949 1747 et
2976 1691 3274 1764 multiplici
3304 1693 3713 1762 numerositate,
3743 1703 3796 1750 et

2208 1787 2471 1852 perpetua
2491 1781 2696 1837 mentis
2715 1781 2998 1838 viriditate
3019 1782 3337 1856 perdurant.
3361 1785 3467 1854 Qui
3487 1785 3624 1841 bene
3637 1784 3798 1858 juxta

2201 1869 2631 1941 prazterfluentes
2672 1887 2840 1944 aquas
2885 1873 3194 1944 germinare
3240 1875 3621 1946 perhibentur,
3669 1873 3798 1948 quia

2201 1961 2578 2033 unusquisque
2593 1977 2782 2018 eorum
2799 1962 3105 2020 ubertatem
3127 1964 3197 2020 ad
3216 1964 3459 2020 fructum
3479 1964 3712 2037 percipit
3726 1979 3797 2020 ex

2201 2048 2451 2104 doctrina
2495 2051 2633 2108 sacri
2663 2051 2890 2124 eloquii,
2936 2069 3057 2124 quae
3087 2055 3465 2124 temporaliter
3500 2054 3798 2124 percurrit.

2200 2139 2270 2193 Et
2289 2155 2506 2197 rursum
2533 2139 2642 2196 nisi
2674 2157 2770 2213 per
2798 2142 3144 2198 sterilitatem
3175 2142 3404 2199 salicum
3427 2142 3542 2197 vita
3566 2158 3798 2214 peccan-

2201 2228 2340 2284 tium
2371 2230 2700 2304 signaretur,
2733 2247 3077 2304 nequaquam
3108 2248 3178 2287 ex
3208 2247 3343 2289 voce
3373 2230 3796 2303 praedicantium

2201 2329 2392 2376 contra
2421 2320 2778 2393 Babyloniam
2813 2322 3100 2378 Psalmista
3130 2322 3366 2379 dixisset
3399 2339 3410 2376 :
3450 2323 3516 2376 In
3545 2321 3801 2376 salicibus

2201 2408 2258 2463 in
2271 2409 2440 2464 medio
2454 2409 2566 2479 ejus
2575 2411 2938 2481 suspendimus
2955 2427 3159 2482 organa
3170 2417 3354 2466 nostra
3367 2411 3528 2481 (Psal
3535 2453 3546 2464 .
3564 2427 3794 2479 cxxxvr,

2203 2497 2282 2569 2).
2307 2497 2607 2569 Babylonis
2628 2499 2832 2571 quippe
2853 2499 3036 2554 medio
3067 2499 3242 2555 inesse
3271 2497 3463 2556 salices
3481 2497 3793 2555 describun-

2204 2594 2314 2655 tur,
2336 2585 2464 2660 quia
2480 2587 2744 2643 nimirum
2763 2587 3099 2643 infructuosi
3116 2587 3340 2660 quique,
3353 2595 3515 2660 atque
3531 2587 3599 2644 ab
3613 2603 3794 2644 amore

2203 2675 2392 2747 patria:
2423 2677 2661 2733 ctelestis
2690 2677 2878 2744 alieni,
2899 2677 3030 2732 totis
3059 2675 3365 2732 visceribus
3389 2677 3572 2734 cordis
3602 2677 3659 2732 in
3691 2675 3794 2732 hac

2203 2767 2389 2824 saeculi
2418 2769 2743 2825 confusione
2771 2768 3106 2824 radicantur.
3145 2767 3298 2824 Unde
3332 2775 3386 2824 et
3412 2767 3794 2840 praedicatores

2204 2857 2377 2913 sancti
2402 2857 2459 2912 in
2480 2857 2602 2913 istis
2621 2857 2881 2914 salicibus
2909 2874 3020 2914 non
3043 2865 3300 2914 exercent
3319 2872 3539 2928 organa,
3563 2855 3656 2912 sed
3678 2873 3794 2912 sus-

2205 2945 2474 3019 pendunt,
2501 2947 2632 3020 quia
2658 2964 2783 3004 cum
2815 2947 3188 3005 infructuosas
3209 2963 3271 3004 ac
3297 2945 3550 3019 reprobas
3579 2951 3794 3002 mentes

2204 3036 2498 3108 aspiciunt,
2530 3037 2646 3092 vim
2676 3054 2786 3093 suae
2819 3037 3226 3110 prmdicationis
3251 3053 3360 3092 non
3389 3034 3671 3102 exhibent,
3692 3034 3792 3090 sed

2205 3127 2388 3199 potius
2408 3127 2656 3199 lugentes
2675 3127 2859 3183 silent.
2883 3127 3027 3196 Quid
3049 3129 3217 3184 etiam
3237 3143 3328 3199 per
3343 3133 3662 3192 torrentem,
3684 3123 3796 3178 nisi

2205 3215 2372 3288 hujus
2387 3217 2636 3272 mortalis
2648 3217 2776 3272 vitae
2787 3233 2979 3274 cursus
2993 3216 3353 3290 exprimitur?
3364 3217 3442 3272 De
3453 3231 3561 3288 quo
3575 3229 3794 3270 rursum

2205 3321 2301 3378 per
2347 3305 2678 3377 Prophetam
2724 3306 2933 3363 dicitur
2964 3325 2975 3362 :
3027 3309 3104 3364 De
3134 3312 3362 3362 torrente
3388 3305 3447 3360 in
3475 3305 3564 3360 via
3591 3305 3612 3338 ⁵
3644 3303 3794 3371 bibet,

2199 3400 2482 3468 propterea
2496 3395 2753 3452 exaltabit
2768 3403 2926 3468 caput
2944 3397 3115 3470 (Psal.
3135 3412 3249 3465 CIX,
3269 3396 3348 3466 7),
3380 3395 3511 3468 quia
3538 3393 3797 3450 videlicet

2204 3485 2536 3558 Redemptor
2564 3495 2748 3544 noster
2778 3488 3024 3544 mortalis
3056 3487 3186 3543 vitae
3215 3502 3431 3559 poenam
3461 3485 3521 3541 in
3558 3481 3794 3558 quodam

2205 3576 2444 3632 transitu
2459 3577 2664 3650 attigit,
2695 3584 2748 3634 et
2777 3576 2984 3634 idcirco
3003 3576 3100 3633 diu
3120 3575 3298 3632 eidem
3315 3575 3481 3631 morti
3496 3574 3586 3630 cui
3606 3578 3796 3645 sponte

2204 3662 2496 3721 succubuit
2538 3680 2652 3720 non
2699 3663 2940 3721 inhaesit.
2991 3663 3144 3721 Unde
3183 3662 3274 3720 die
3317 3662 3480 3719 tertia
3517 3660 3623 3716 hoc
3651 3657 3796 3733 quod

2205 3753 2494 3810 moriendo
2513 3762 2769 3827 posuerat
2790 3753 3122 3828 resurgendo
3141 3761 3304 3826 caput
3323 3751 3581 3808 elevavit.
3609 3751 3797 3812 1082

2205 3849 2351 3918 Quid
2380 3859 2464 3908 est
2491 3867 2622 3923 ergo
2651 3849 2797 3924 quod
2827 3850 2894 3906 de
2922 3849 3227 3906 Behemoth
3247 3849 3354 3905 isto
3380 3847 3586 3904 dicitur
3617 3864 3628 3902 :
3665 3845 3799 3901 Cir-

2205 3939 2525 3994 cumdabunt
2551 3956 2666 3994 eum
2695 3938 2879 3994 salices
2909 3939 3180 4004 torrentis,
3221 3937 3330 3994 nisi
3359 3937 3504 4010 quod
3531 3943 3800 3992 amatores

2206 4030 2336 4087 vitae
2359 4030 2611 4086 mortalis
2630 4045 2662 4084 a
2679 4028 2843 4086 bonis
2863 4030 3078 4086 actibus
3096 4029 3252 4103 quasi
3271 4045 3304 4085 a
3321 4028 3588 4086 fructibus
3604 4026 3795 4097 alieni,

2205 4126 2361 4176 tanto
2396 4119 2478 4174 illi
2509 4119 2720 4176 arctius
2747 4117 3038 4188 inhaerent,
3074 4127 3280 4192 quanto
3309 4135 3400 4176 eos
3428 4117 3628 4190 largius
3654 4119 3676 4153 ⁸
3705 4116 3802 4172 de-

2206 4207 2427 4266 lectatio
2455 4208 2790 4264 transitoria
2831 4208 3132 4281 voluptatis
3176 4207 3464 4266 infundit?
3505 4207 3616 4264 Hos
3641 4206 3798 4263 enim

2208 4299 2363 4372 quasi
2387 4299 2446 4354 in
2475 4299 2756 4356 radicibus
2785 4307 3000 4357 torrens
3020 4301 3181 4374 rigat,
3212 4300 3344 4357 dum
3375 4301 3432 4357 in
3455 4301 3567 4357 suis
3594 4298 3798 4372 cogita-

2206 4389 2451 4446 tionibus
2470 4407 2624 4447 amor
2638 4391 2768 4447 vitae
2783 4391 3017 4447 carnalis
3034 4390 3290 4451 inebriat.
3304 4391 3410 4460 Qui
3425 4391 3636 4450 scilicet
3648 4407 3799 4448 more

2205 4478 2436 4535 salicum
2458 4479 2670 4537 fructus
2691 4495 2800 4536 non
2822 4480 3026 4549 ferunt,
3062 4479 3156 4536 sed
3179 4479 3234 4536 in
3265 4480 3414 4537 foliis
3435 4479 3798 4549 viridescunt,

2203 4568 2332 4642 quia
2348 4584 2411 4626 ea
2425 4586 2543 4642 quae
2569 4571 2757 4642 gravia
2787 4568 2854 4626 ad
2884 4569 3178 4626 dicendum
3201 4587 3311 4627 non
3333 4576 3482 4637 sunt,
3501 4568 3801 4644 aliquando

2204 4657 2506 4716 honestatis
2538 4659 2708 4717 verba
2735 4660 3044 4732 proferunt,
3075 4660 3167 4716 sed
3189 4661 3404 4717 nullum
3428 4661 3556 4717 vitae
3584 4658 3800 4732 pondus

2203 4767 2273 4807 ex
2302 4751 2466 4808 bonis
2497 4753 2754 4825 operibus
2795 4753 3109 4810 ostendunt.
3151 4753 3295 4809 Bene
3338 4752 3508 4825 igitur
3543 4751 3750 4808 dicitur
3781 4767 3794 4805 :

2209 4841 2625 4897 Circumdabunt
2649 4859 2766 4898 eum
2793 4843 2977 4898 salices
3015 4842 3278 4910 torrentis,
3310 4842 3441 4916 quia
3468 4833 3798 4898 infructuosi

2206 4932 2413 5006 quique
2439 4930 2572 4988 dum
2604 4933 2779 4988 amori
2814 4932 2940 4988 vitae
2971 4919 3290 5008 temporalis
3319 4932 3631 4989 inserviunt
3659 4929 3800 4986 anti-

2206 5037 2316 5094 quo
2337 5019 2484 5076 hosti
2505 5021 2778 5093 perversis
2791 5021 3040 5079 moribus
3054 5021 3385 5080 familiarius
3398 5021 3796 5095 obsequuntur.

2195 5111 2335 5187 [νει.
2368 5111 2517 5188 VII.)
2544 5113 2648 5172 Sed
2668 5113 2797 5188 quia
2826 5115 2962 5190 quid
2979 5115 3085 5174 eia
3111 5118 3226 5176 suis
3253 5117 3553 5176 clientibus
3574 5116 3801 5189 impen-

2575 5437 2780 5510 aliique
2807 5437 2994 5495 Norm.
3028 5446 3083 5495 et
3111 5435 3372 5505 Vindoc.,
3404 5452 3506 5508 per
3531 5437 3799 5492 ωπιίηεη.

2199 5514 2520 5636 Μέηἰδτεῐθι.
2549 5586 2608 5662 e_t_
2631 5579 2740 5662 duo
2770 5579 2978 5652 Germ.,
3009 5582 3248 5639 bibit.....
3293 5581 3574 5640 exalmvit.
3616 5579 3794 5640 Laud.

2198 5666 2436 5778 quoqpe,
2464 5652 2740 5734 uallauit.

2269 5721 2292 5757 ⁶
2365 5720 2516 5791 aud.,
2550 5721 2770 5781 dilectio.
