2078 3089
187 120 239 148 677

573 122 758 150 MORALIUM
778 122 843 150 LIB.
864 123 994 151 XXXIII.
1015 139 1050 144 —
1069 124 1104 151 IN
1124 124 1238 152 CAPUT
1258 125 1305 152 XL
1324 126 1354 153 B.
1375 126 1446 153 10B.

1782 130 1834 158 678

466 192 540 214 nunc
554 186 636 214 etiam
652 186 720 223 quid
737 187 764 214 in
781 187 836 215 illis
849 191 910 222 agat
926 187 983 223 ipse
998 193 1023 222 Α
1041 198 1114 233 longe
1129 201 1165 225 est
1177 208 1193 226 a
1208 207 1247 225 me
1262 199 1358 233 (Marc.
1375 208 1425 232 vn,
1442 199 1468 233 6,
1484 207 1517 226 ex
1527 201 1589 228 Isai.
1603 209 1681 235 xxrx,
1696 201 1750 238 13).
1763 203 1837 231 IIinc

187 228 342 257 audiamus.
358 229 487 266 Sequitur
497 239 502 258 :

420 284 533 313 CAPUT
548 285 585 314 VI
601 285 672 322 [Rea
691 286 748 323 VI].

222 327 368 363 Vens.718.
379 329 575 358 —Absorbebit
588 330 710 366 ﬂuvium,
726 334 749 357 et
764 339 816 358 non
833 330 986 363 mirabitur,

186 377 210 400 et
224 373 299 400 habet
308 373 432 409 fiduciam
446 375 515 409 quod
528 375 624 410 inﬂuat
637 375 765 403 Iordanis
782 375 808 402 in
825 384 852 402 os
867 375 931 409 ejus.

224 418 267 446 12.
291 417 405 446 Satanas
428 419 543 446 homines
562 428 627 455 pene
650 429 737 448 omnes
764 421 902 448 absorbuit
928 423 987 447 ante

187 462 383 498 Redemptorem
391 471 402 495 ;
416 466 439 490 et
457 467 526 498 post,
552 473 605 491 non
617 473 717 500 paucos
732 465 851 500 degtutit.
866 480 901 485 —
915 464 987 497 Quid

188 507 262 535 enim
284 506 337 535 hoc
364 508 423 535 loco
446 507 525 535 ﬂuvii
541 509 654 537 nomine
677 509 732 537 nisi
751 509 865 537 humani
881 509 988 544 generis

188 552 315 580 decursio
328 551 495 588 designatur,
512 562 571 589 quae
594 554 669 582 velut
691 562 707 581 a
727 554 812 581 fontis
827 554 870 581 sui
882 554 988 589 origine

188 596 325 625 nascendo
339 598 437 634 surgit,
452 598 499 626 sed
510 599 587 635 quasi
597 599 631 627 ad
645 599 701 627 ima
708 599 831 627 deﬂuens
845 598 987 627 moriendo

188 642 355 679 pertransit?
370 643 422 676 Qui
436 648 528 671 autem
544 644 687 680 signantur
701 645 885 681 appellatione
895 644 988 671 .Iorda-

189 688 242 722 nis,
258 688 312 715 nisi
328 688 375 724 qui
396 687 453 723 jam
480 689 579 717 imbuti
604 694 669 718 sunt
692 694 862 718 sacramento
887 689 987 724 baptis-

189 733 293 760 matis?
306 732 376 766 Quia
391 733 463 760 enim
480 733 646 769 Redemptor
656 739 748 762 noster
763 734 791 761 in
809 734 861 761 hoc
875 733 989 760 ﬂumine

189 777 322 813 baptizari
343 777 470 813 dignatus
486 783 536 812 est,
552 778 611 814 ejus
633 779 745 806 nomine
769 778 870 806 debent
892 785 988 805 omnes

189 823 319 859 baptizati
334 824 463 859 exprimi,
479 824 507 851 in
525 832 579 860 quo
594 824 646 853 hoc
656 824 746 860 ipsum
763 824 880 859 contigit
894 831 990 850 sacra—

1042 244 1123 271 etiam
1132 243 1275 271 Psalmista
1283 243 1330 271 ait:
1341 243 1561 272 Dile.rerunteum
1570 246 1596 272 in
1604 255 1649 273 ore
1655 250 1740 280 suo,et
1748 248 1837 283 lingua

1041 298 1091 316 sua
1104 289 1203 316 mentiti
1212 292 1273 316 sunt
1284 290 1307 316 ei
1318 289 1405 325 (Psal.
1417 297 1524 324 Lxxvn,
1536 290 1592 326 36).
1603 291 1655 318 Sed
1663 291 1776 320 minime
1788 292 1838 320 mi-

1042 342 1102 361 rum
1119 334 1171 362 fuit
1193 334 1266 370 quod
1282 333 1433 362 Behemoth
1458 335 1509 362 iste
1524 338 1587 363 ante
1606 335 1707 364 lavacri
1725 337 1838 371 undam,

1042 384 1105 407 ante
1120 383 1290 407 sacramenta
1302 378 1432 413 coelestia,
1451 383 1514 407 ante
1536 388 1694 416 corpoream
1715 390 1840 417 praesen-

1042 425 1110 452 tiam
1134 424 1332 460 Redemptoris,
1353 424 1467 452 humani
1492 425 1597 460 generis
1623 424 1740 453 ﬂuvium
1762 426 1840 454 hiatu

1042 469 1185 505 profunda:
1197 469 1380 505 persuasionis
1394 469 1544 503 absorbuit;
1566 470 1613 498 sed
1628 470 1681 498 hoc
1695 470 1774 498 valde
1791 470 1840 498 mi-

1042 523 1114 548 rum,
1131 514 1184 542 hoc
1197 514 1277 542 valde
1291 514 1413 542 terribile
1428 519 1477 548 est,
1494 515 1559 550 quia
1573 516 1675 543 multos
1686 518 1779 551 aperto
1795 523 1841 543 ore

1043 559 1124 588 etiam
1142 563 1203 595 post
1217 559 1402 594 cognitionem
1433 559 1621 600 Redemptoris
1635 560 1760 596 suscipit,
1782 564 1842 596 post

1044 604 1148 633 lavacri
1163 603 1265 631 undam
1281 605 1391 640 polluit,
1413 608 1473 640 post
1488 610 1658 633 sacramenta
1671 604 1793 633 coelestia
1808 604 1842 632 ad

1044 650 1147 678 inferni
1162 649 1331 686 profundum
1347 650 1427 685 rapit.
1443 650 1556 678 Dicatur
1568 658 1642 686 ergo,
1660 650 1767 678 dicatur
1782 654 1844 677 ter-

1045 695 1163 722 ribiliter
1177 703 1243 722 voce
1259 694 1409 722 Veritatis:
1435 695 1587 722 Absorbebit
1607 695 1728 729 ﬂuvium,
1753 698 1776 721 et
1791 702 1842 721 non

1045 740 1198 772 mirabitur,
1213 742 1236 766 et
1249 739 1324 766 habet
1330 739 1529 775 ﬁduciamquod
1537 739 1633 774 inﬂuat
1642 739 1769 766 Iordanis
1780 739 1806 765 in
1815 747 1843 766 os

1045 785 1111 819 ejus.
1126 785 1219 821 Neque
1232 784 1306 812 enim
1319 793 1368 820 pro
1385 793 1483 820 magno
1498 784 1625 812 diabolus
1645 784 1753 818 habuit,
1769 782 1843 819 quod

1045 829 1173 857 inﬁdeles
1188 829 1268 863 tulit;
1285 829 1333 857 sed
1348 833 1406 857 toto
1417 837 1490 857 nunc
1500 829 1601 857 anuisu
1614 829 1642 856 in
1651 829 1762 856 illorum
1773 836 1842 855 mor-

190 872 313 896 mentum
327 868 500 904 baptismatis
511 868 646 897 inchoari.
663 870 733 903 Quia
743 869 827 904 igitur
837 867 990 895 Behemoth
1009 875 1031 904 Β
1046 878 1101 902 tem
1118 883 1146 903 se
1161 875 1251 910 erigit,
1272 883 1340 910 quos
1361 878 1457 902 contra
1480 883 1508 903 se
1528 879 1702 911 regeneratos
1716 873 1842 902 tabescit

191 914 242 942 iste
257 922 273 941 a
287 913 383 941 mundi
397 913 503 949 origine
518 919 657 948 exortum,
667 915 716 942 vix
724 914 818 950 paucis
826 913 920 941 electis
930 921 992 940 eva-

192 958 328 992 dentibus,
345 958 497 986 humanum
513 967 597 994 genus
610 959 639 986 in
657 959 713 986 ima
723 958 846 986 deﬂuens
862 957 990 993 usquead

192 1003 387 1040 redemptionis
401 1009 523 1040 tempora
532 1004 609 1040 quasi
625 1004 770 1040 quemdam
787 1004 815 1030 in
831 1008 859 1030 Se
873 1002 988 1029 llmium

192 1050 286 1084 traxit,
300 1050 371 1078 bene
378 1059 451 1078 nunc
464 1050 583 1078 dicitur:
602 1050 759 1078 Absorbebit
770 1050 892 1084 ﬂuvium,
904 1051 927 1074 et
939 1056 990 1074 non

192 1095 344 1122 mirabitur.
361 1094 430 1129 Quia
444 1104 509 1123 vero
529 1100 556 1123 et
580 1099 642 1131 post
664 1094 824 1123 Mediatoris
839 1094 885 1121 ad\
893 1097 990 1120 cntum

191 1139 323 1176 quosdam
338 1140 386 1176 qui
397 1144 469 1167 recte
484 1139 578 1167 vivere
593 1140 736 1176 negligunt
747 1139 829 1167 etiam
846 1138 939 1166 ﬁdeles
950 1146 990 1165 ra-

191 1184 242 1219 pit,
259 1188 331 1212 recte
344 1184 535 1219 subjungitur:
552 1185 669 1212 Ethabet
678 1183 883 1220 ﬁduciamquod
896 1183 992 1217 inﬂuat

191 1229 319 1256 Iordanis
333 1229 362 1255 in
379 1237 407 1256 os
422 1229 489 1263 ejus.
514 1229 553 1256 Ac
575 1229 598 1256 si
620 1233 712 1265 aperte
735 1229 890 1256 diceretur:
920 1229 991 1255 Ante

192 1273 403 1308 Redemptorem
422 1272 518 1300 mundi
537 1273 670 1301 mundum
691 1282 745 1301 non
768 1274 884 1300 miratus
899 1272 991 1300 absor-

193 1317 266 1350 buit,
282 1316 339 1350 sed,
352 1317 426 1353 quod
437 1322 477 1345 est
488 1319 494 1334 ι
508 1318 628 1353 gravius,
640 1318 722 1346 etiam
732 1323 792 1354 post
802 1317 991 1353 Redemptoris

193 1362 343 1390 adventum
359 1362 491 1399 quosdam
507 1364 554 1399 qui
578 1363 750 1399 baptismatis
773 1367 943 1391 sacramento
956 1362 990 1390 si<

192 1407 268 1443 gnati
282 1412 346 1434 sunt
361 1407 495 1443 deglutire
506 1415 534 1435 se
550 1416 626 1443 posse
640 1408 764 1436 conﬁdit.
781 1408 859 1435 Alios
875 1416 991 1444 namque

193 1452 244 1480 sub
259 1451 478 1480 Christianitatis
493 1453 605 1481 nomine
620 1453 725 1489 positos
745 1453 869 1487 devorat,
884 1453 948 1489 quia
963 1453 991 1480 in

194 1496 252 1532 ipso
267 1504 312 1523 eos
327 1496 391 1524 ﬁdei
414 1505 504 1524 errore
519 1498 685 1533 supplantat.
703 1498 781 1525 Alios
796 1506 811 1525 a
826 1497 991 1525 reclitudine

194 1540 257 1568 ﬁdei
273 1550 444 1578 nequaquam
460 1541 561 1575 deviat,
579 1542 625 1570 sed
640 1542 674 1569 ad
690 1550 769 1569 usum
786 1550 875 1578 pravae
889 1549 990 1577 opera-

194 1586 278 1614 tionis
293 1586 503 1615 inclinat.Alios
514 1591 646 1623 quantum
662 1587 722 1615 vult
732 1587 759 1614 in
775 1587 932 1622 operatione
942 1586 990 1613 im-

196 1631 339 1659 munditia:
355 1631 492 1659 inﬂectere
509 1640 564 1659 non
580 1632 663 1666 valet,
682 1631 729 1659 sed
745 1630 818 1668 apud
832 1631 993 1666 semetipsos

195 1675 269 1703 intus
280 1676 308 1703 in
323 1676 413 1704 studio
428 1676 591 1704 intentionis
606 1677 755 1713 intorquet,
773 1680 804 1703 ut
818 1675 884 1704 dum
900 1684 915 1703 a
930 1675 992 1703 cha-

195 1719 273 1748 ritate
288 1725 407 1748 mentem
431 1720 571 1755 dividunt,
593 1725 697 1749 rectum
725 1729 781 1748 non
805 1720 841 1748 sit
857 1719 993 1756 quidquid

194 1766 524 1802 extrinsecusoperentur.
535 1767 570 1794 Et
577 1766 658 1794 ﬁdem
666 1770 769 1800 tenent,
779 1766 826 1794 sed
835 1766 920 1793 vitam
930 1764 995 1792 ﬁdei

194 1819 251 1839 non
261 1816 364 1846 tenent,
373 1812 438 1848 quia
445 1815 493 1839 aut
501 1816 593 1847 aperte
600 1811 698 1839 illicita
706 1811 823 1844 faciunt,
835 1815 881 1838 aut
891 1818 925 1838 ex
936 1818 994 1845 per-

196 1865 276 1885 verso
286 1857 365 1885 corde
376 1865 436 1893 quas
445 1860 530 1892 agunt
540 1864 623 1891 prava
635 1860 710 1890 sunt,
724 1855 807 1882 etiam
817 1855 841 1882 si
851 1859 944 1882 sancta
955 1854 994 1881 vi-

196 1902 321 1930 deantur.
333 1902 403 1935 Quia
418 1902 491 1929 enim
507 1900 636 1928 nonnulli
647 1899 805 1928 conﬁtendo
815 1899 910 1927 ﬁdeles
920 1903 993 1934 sunt,

196 1954 251 1973 non
258 1946 269 1962 9
277 1945 476 1979 vivendo,hinc
483 1949 523 1972 est
531 1944 604 1981 quod
613 1943 814 1972 voceVeritatis
820 1943 996 1971 dicitueron

196 1992 279 2019 omnis
287 1990 332 2026 qui
340 1990 404 2017 dicit
410 1988 845 2023 mihi,Domine,Domine,intrabit
853 1989 880 2016 in
888 1997 996 2024 regnum

195 2037 320 2064 caelorum
335 2035 440 2071 (Matth.
455 2043 505 2068 v11,
517 2034 575 2070 21).
588 2034 659 2062 Hinc
674 2041 784 2062 rursum
801 2033 856 2061 ait:
872 2033 941 2067 Quid
949 2041 996 2060 au-

197 2084 246 2108 tem
261 2081 356 2109 vocatis
370 2089 419 2114 me,
435 2080 555 2113 Domine,
569 2080 691 2113 Domine,
716 2083 740 2107 et
762 2088 815 2106 non
836 2078 924 2113 facitis
939 2087 997 2113 qua;

197 2126 254 2154 dico
269 2127 347 2162 (Luc.
362 2135 403 2160 v1,
425 2125 470 2161 46)
483 2126 496 2153 Ῡ
513 2126 583 2153 Hinc
598 2125 698 2153 Paulus
712 2125 767 2152 ait:
792 2125 957 2160 Conﬁtentur
972 2132 997 2151 se

197 2180 271 2199 nosse
281 2171 456 2206 Deumfactis
463 2174 550 2198 autem
560 2174 654 2206 negant
666 2171 732 2206 (Tit.
742 2179 761 2203 ι,
773 2170 828 2205 16).
838 2170 909 2197 Hinc
918 2170 997 2197 Joan-

198 2226 246 2245 nes
260 2217 328 2245 dicit
342 2226 346 2244 :
365 2216 416 2250 Qui
430 2216 493 2243 dicit
508 2217 518 2233 ³
533 2225 558 2242 se
574 2216 657 2243 Deum
669 2224 753 2247 nosse,
764 2218 788 2241 et
802 2214 928 2241 mandata
942 2214 998 2249 ejus

197 2272 251 2290 non
262 2262 383 2296 custodit,
398 2262 511 2289 mendas:
523 2261 686 2296 est(IJoan.
703 2269 733 2294 II,
746 2259 864 2295 ﬁ).Hinc
874 2262 914 2286 est
925 2259 998 2295 quod

199 2308 233 2336 de
245 2308 301 2344 ipsa
309 2316 357 2335 sua
367 2307 456 2343 prima
466 2305 545 2342 plebe
555 2305 691 2333 Dominus
699 2303 996 2341 conqueritur,dicens:

200 2354 318 2389 Populus
328 2353 368 2380 hic
380 2352 456 2380 labiis
469 2354 563 2383 1083
574 2360 613 2379 me
621 2351 744 2383 honorat,
753 2359 798 2378 cor
808 2354 895 2378 autem
909 2357 1000 2377 eorum

238 2444 245 2461 ί
258 2444 373 2477 Turon.,
389 2442 481 2470 Germ.
497 2446 524 2470 et
539 2443 620 2478 plur:
630 2441 665 2468 al.
682 2440 757 2478 Mss,
774 2439 873 2468 acrius.

236 2480 247 2498 ²
262 2479 361 2513 Laud.,
376 2479 468 2507 Germ.
484 2483 511 2506 et
524 2477 585 2506 Val.
607 2477 660 2511 CL,
673 2477 782 2512 agendo.

237 2517 247 2533 ³
260 2515 347 2543 Laud.
363 2519 390 2543 et
404 2515 508 2548 Germ.,
523 2523 549 2541 se
562 2522 637 2541 nosse
651 2522 717 2540 eum.

238 2553 248 2569 ⁸
264 2552 379 2585 Turon.,
396 2547 527 2584 Vindoc.,
544 2549 643 2583 Laud.,
667 2548 779 2582 Pratel.,
805 2547 877 2576 Utic.
903 2551 929 2575 et
944 2547 1000 2574 duo

201 2592 306 2625 Germ.,
324 2592 407 2619 otiosa
421 2593 467 2617 est.
485 2590 595 2617 Graecus
610 2592 712 2625 tentus,
722 2588 797 2623 νεκρά
810 2587 889 2619 ἐστιν,
907 2586 999 2625 lectio-

201 2635 264 2655 nem
280 2623 351 2655 lianc
366 2625 564 2662 repudiandam
585 2623 1000 2662 suadet._Forta§seproficiam

201 2663 358 2699 legendum,
374 2658 515 2699 occisahut
528 2665 569 2688 est
584 2661 617 2699 in
626 2663 681 2687 vet.
698 2659 773 2699 Edit.
785 2658 962 2699 Paris.nib:l8.

238 2693 248 2716 θ’
264 2701 288 2727 Α
298 2693 382 2727 verbo
392 2693 490 2730 Ja-rad,
499 2696 645 2727 descendit;
659 2695 732 2723 unde
741 2694 858 2730 Jardan,
870 2693 1001 2730 Hebraice

201 2734 338 2763 Iordanis.
355 2735 386 2762 In
401 2729 504 2761 Lexico
519 2731 614 2760 Graeco
629 2730 772 2758 nominum
787 2729 998 2762 Hebraicorum,

202 2771 274 2807 apud
290 2771 503 2806 Hieronymum,
518 2771 593 2795 tonio
609 2767 632 2794 II
646 2766 785 2807 Editionis
800 2773 888 2807 nova),
903 2765 1002 2800 legitur

202 2805 317 2847 ripam
331 2805 478 2847 mli-ditium;
493 2806 737 2847 abnfw,_.lordanes
757 2805 887 2847 descensio
901 2812 1001 2847 eorum,

203 2840 268 2881 Quae
286 2847 389 2875 idcirco
404 2843 577 2882 observanda
588 2842 730 2876 duximus,
742 2842 806 2882 quia
820 2842 850 2882 in
864 2840 1004 2882 indicibus

202 2878 314 2912 biblicis
323 2882 468 2911 nominum
479 2879 687 2912 Hebraicorum,
698 2882 763 2912 etc.,
775 2878 874 2913 legitur
884 2880 1004 2909 tantum,

1045 921 1130 947 Nemo
1146 920 1231 955 igitur
1245 919 1300 946 sibi
1317 919 1398 947 ﬁdem
1413 920 1472 947 sine
1488 920 1615 955 operibus
1631 920 1755 948 suﬁicere
1766 925 1844 955 posse

1045 965 1175 998 conﬁdat,
1187 973 1250 993 cum
1263 964 1365 992 scimus
1379 964 1452 1000 quod
1472 965 1604 1000 scriptum
1628 965 1679 992 sit:
1698 964 1775 991 Fides
1789 964 1844 990 sine

1045 1011 1167 1047 aperibus
1181 1012 1191 1028 ³
1204 1014 1309 1038 πιονῑιια
1322 1013 1359 1037 est
1373 1010 1444 1044 (Jac.
1462 1019 1492 1044 ιι,
1507 1010 1564 1046 20).
1578 1010 1676 1038 Nullus
1690 1009 1842 1037 Behemoth

1047 1065 1168 1084 morsum
1187 1064 1221 1083 ex
1236 1056 1293 1083 sola
1308 1055 1481 1083 confessione
1496 1055 1560 1083 ﬁdei
1576 1055 1654 1090 plene
1684 1055 1801 1082 evasisse
1815 1061 1843 1082 se

1046 1102 1197 1135 existimet,
1214 1101 1279 1137 quia
1286 1101 1343 1137 jam
1358 1101 1470 1137 quidem
1486 1101 1602 1128 ﬂuvium
1625 1099 1779 1133 absorbuit,
1796 1099 1843 1127 sed

1046 1147 1136 1175 adhuc
1150 1146 1296 1174 Jordanem
1311 1146 1370 1174 sitit
1382 1155 1388 1179 ;
1407 1150 1434 1174 et
1448 1145 1530 1174 toties
1545 1145 1573 1173 in
1586 1154 1616 1172 os
1631 1144 1706 1172 illius
1716 1144 1844 1172 Iordanis

1046 1192 1118 1226 ﬂuit,
1130 1191 1237 1228 quoties
1251 1190 1425 1219 Christianus
1440 1190 1554 1226 quisque
1569 1189 1603 1217 ad
1613 1189 1788 1225 iniquitatem
1798 1188 1843 1215 de-

1048 1237 1118 1265 ﬂuit.
1135 1236 1171 1264 Os
1187 1236 1297 1273 quidem
1312 1235 1371 1271 ejus
1383 1235 1440 1271 jam
1456 1234 1509 1262 ﬁde
1520 1243 1569 1262 nos
1593 1234 1754 1262 sublevante
1773 1233 1843 1268 fugi-

1047 1291 1117 1316 mus,
1134 1281 1180 1309 sed
1201 1289 1300 1317 magno
1321 1280 1413 1308 studio
1435 1279 1587 1308 curandum
1606 1282 1656 1312 est,
1683 1286 1717 1305 ne
1738 1278 1768 1305 in
1792 1277 1844 1304 hoc

1046 1327 1153 1355 lubrica
1167 1327 1324 1363 operatione
1338 1326 1503 1354 dilabamur.
1520 1326 1548 1354 Si
1563 1324 1723 1353 ambulandi
1738 1324 1844 1352 cautela

1047 1373 1205 1408 negligitur,
1221 1373 1357 1400 incassum
1383 1371 1519 1399 credendo
1534 1375 1639 1399 rectum
1656 1369 1708 1397 iter
1724 1373 1842 1401 tenetur,

1046 1417 1111 1453 quia
1126 1417 1171 1444 via
1186 1417 1298 1453 quidem
1313 1416 1376 1444 ﬁdei
1392 1416 1426 1444 ad
1440 1416 1577 1443 coalestem
1591 1415 1707 1451 patriam
1724 1412 1842 1449 proﬁcit,

1047 1462 1093 1489 sed
1109 1461 1279 1489 oﬂ‘endentes
1295 1461 1408 1488 minime
1424 1460 1558 1496 perducit.

1083 1506 1152 1543 [νει.
1174 1506 1263 1543 VIII.]
1277 1506 1318 1533 13.
1331 1505 1524 1541 Iisprwsertim
1533 1504 1578 1539 qui
1585 1503 1842 1538 sanitateprzstant,

1006 1556 1026 1585 Ο
1046 1552 1200 1579 insidiatur.
1216 1551 1267 1584 Qui
1288 1550 1340 1577 nisi
1363 1558 1492 1577 summam
1513 1548 1679 1584 vigilantiam
1694 1547 1843 1579 adhibeant,

1045 1597 1123 1632 pejus
1137 1597 1168 1624 de
1182 1597 1236 1624 alto
1252 1599 1342 1623 ruunt.
1356 1611 1391 1616 —
1406 1595 1543 1623 Habemus
1557 1594 1649 1622 adhuc
1669 1592 1742 1629 quod
1763 1591 1844 1620 hacin

1048 1650 1076 1670 re
1090 1642 1221 1670 subtilius
1237 1641 1447 1677 perpendamus.
1465 1640 1499 1668 Hi
1514 1639 1587 1667 enim
1601 1646 1669 1676 quos
1686 1646 1733 1674 per
1752 1637 1845 1665 Jorda-

1048 1695 1110 1715 nem
1120 1687 1243 1715 diximus
1253 1686 1383 1722 exprimi,
1390 1689 1504 1721 possunt
1514 1692 1561 1720 per
1569 1683 1686 1712 ﬂuvium
1697 1681 1844 1719 designari.

1048 1732 1101 1765 Qui
1116 1733 1189 1760 enim
1206 1732 1287 1760 ﬁdem
1301 1730 1358 1766 jam
1370 1731 1494 1759 veritatis
1502 1732 1684 1766 agnoverunt,
1693 1728 1740 1756 sed
1753 1727 1845 1754 vivere

1049 1776 1168 1805 ﬁdeliter
1182 1777 1335 1812 negligunt,
1352 1779 1423 1803 recte
1440 1775 1541 1803 ﬂuvius
1565 1774 1621 1802 dici
1641 1776 1765 1810 possunt,
1782 1771 1846 1808 quia

1050 1821 1180 1849 videlicet
1204 1821 1330 1848 deorsum
1359 1820 1457 1847 ﬂuunt.
1475 1818 1628 1846 5-.Iordanis
1643 1825 1708 1845 vero
1732 1817 1846 1844 Hebraeo

1050 1865 1184 1893 vocabulo
1199 1864 1340 1893 descensio
1355 1871 1448 1891 eorum
1465 1862 1576 1890 dicitur.
1593 1863 1628 1889 Et
1643 1865 1707 1889 sunt
1718 1860 1847 1888 nonnulli

1050 1910 1097 1946 qui
1114 1910 1188 1937 viam
1204 1909 1328 1936 veritatis
1343 1911 1499 1944 appetentes
1522 1906 1683 1941 semetipsos
1697 1904 1844 1939 abjiciunt,

1050 1959 1132 1991 atque
1147 1963 1162 1982 a
1176 1954 1240 1982 vita
1254 1953 1354 1981 veteris
1375 1952 1493 1980 elatione
1514 1949 1702 1982 descendunt;
1729 1955 1847 1983 cumque

1050 2004 1153 2028 aeterna
1169 1999 1296 2035 cupiunt,
1312 1997 1391 2025 valde
1401 2005 1429 2026 se
1443 1996 1478 2024 ab
1493 1995 1546 2024 hoc
1557 1991 1660 2023 mundo
1669 1993 1773 2022 alienos
1787 1991 1847 2019 red-

1051 2046 1139 2080 dunt,
1170 2045 1236 2073 dum
1264 2053 1319 2073 non
1349 2044 1438 2072 solum
1477 2042 1568 2071 aliena
1602 2048 1657 2069 non
1690 2042 1846 2075 appetunt,

1051 2092 1098 2120 sed
1113 2091 1195 2120 etiam
1215 2099 1264 2119 sua
1292 2089 1497 2125 derelinquunt,
1517 2091 1544 2114 et
1572 2094 1628 2114 non
1659 2085 1747 2113 solum
1775 2083 1804 2110 in
1818 2091 1850 2110 eo

1052 2138 1167 2174 gloriam
1184 2144 1239 2164 non
1258 2138 1394 2172 quierunt,
1415 2133 1462 2161 sed
1484 2132 1555 2160 hanc
1576 2139 1639 2159 cum
1655 2139 1683 2159 se
1706 2129 1849 2162 obtulerit,

1052 2183 1135 2210 etiam
1150 2185 1339 2209 contemnunt.
1351 2179 1422 2207 Hinc
1429 2182 1469 2206 est
1477 2178 1551 2205 enim
1560 2176 1634 2214 quod
1640 2183 1707 2203 voce
1719 2174 1851 2203 Veritatis

1053 2226 1170 2255 dicitur:
1189 2226 1217 2254 Si
1231 2225 1290 2260 quis
1304 2225 1361 2252 vult
1374 2224 1461 2250 venire
1473 2226 1534 2259 post
1548 2231 1597 2256 me,
1616 2221 1721 2256 abneget
1737 2221 1747 2238 ⁵
1763 2221 1850 2246 semet-

1053 2272 1140 2307 ipsum
1161 2270 1236 2306 (Luc.
1253 2278 1292 2303 Ix,
1303 2269 1360 2305 23).
1377 2268 1559 2304 Semetipsum
1570 2267 1643 2295 enim
1654 2266 1779 2301 abnegat,
1791 2264 1849 2299 qui,

1054 2317 1157 2346 calcato
1168 2317 1177 2333 “¹
1194 2314 1282 2352 typho
1297 2313 1441 2350 superbiae,
1457 2317 1520 2341 ante
1541 2313 1591 2340 Dei
1612 2311 1706 2340 oculos
1721 2317 1778 2338 esse
1793 2316 1820 2335 se
1835 2315 1851 2334 a

1054 2370 1082 2391 se
1098 2362 1220 2390 alienum
1235 2360 1412 2389 demonstrat.
1430 2358 1500 2386 Hinc
1517 2357 1661 2386 Psalmista
1678 2357 1732 2384 ait:
1750 2354 1851 2382 Memor

1053 2445 1180 2473 Iordanis
1195 2444 1290 2479 ﬂuvius
1301 2442 1409 2479 judicii,
1425 2441 1498 2479 haud
1513 2439 1595 2467 dubie
1610 2438 1644 2465 ab
1651 2436 1710 2471 jor,
1721 2433 1851 2462 Hebraice

1054 2481 1142 2513 rivus,
1155 2477 1267 2512 ﬂuvius,
1283 2483 1310 2506 et
1324 2479 1377 2506 dan
1389 2477 1538 2514 judicium.
1587 2509 1603 2514 ν.

1228 2506 1314 2542 Ιιέιιᾱ.
1327 2519 1354 2541 et
1369 2506 1430 2541 Val.
1445 2512 1500 2545 (11.,
1512 2506 1751 2548 semetipsumfibi:

1090 2553 1099 2568 π
1116 2540 1337 2585 ἱνέιῗόιῖῐμῖίοζ
1347 2540 1485 2585 ⁷οδεεπγξη
1493 2540 1650 2578 Mabilldn.,
1660 2543 1693 2585 ad
1708 2542 1787 2585 epist.
1798 2540 1849 2585 24a

1054 2586 1141 2615 sancti
1153 2578 1334 2619 Bernardi,‘in
1342 2583 1547 2611 nomenclatura
1556 2578 1850 2619 vocumﬁbarbararum,

1054 2614 1124 2662 saepe
1139 2614 1306 2662 legitypuni‘
1319 2628 1367 2655 pro
1393 2619 1479 2659 typho.
1508 2618 1539 2662 l'n
1552 2616 1631 2662 b17555
1648 2614 1851 2662 (Tl‘od'icqnsapcti

1055 2649 1180 2694 GrEgorii
1194 2649 1265 2684 idem
1282 2649 1500 2683 observavimus.
1512 2654 1542 2681 In
1551 2660 1606 2716 reg.
1616 2651 1684 2680 S.P.
1699 2649 1850 2682 Benedicti,

1055 2703 1104 2716 nan
1132 2694 1175 2716 tu.
1191 2692 1238 2716 nhi
1255 2692 1355 2716 legitur
1368 2691 1464 2716 absone
1479 2692 1538 2716 tuno
1549 2697 1578 2716 ve
1602 2696 1688 2716 mora.
1701 2694 1749 2716 Der
1764 2688 1850 2716 typum

1054 2688 1123 2735 cap?
1132 2694 1176 2734 31,
1191 2692 1239 2720 ubi
1255 2692 1355 2727 legitur
1368 2691 1464 2725 absque
1479 2692 1538 2725 typo
1549 2688 1590 2716 vel
1600 2696 1688 2729 mora,
1701 2694 1749 2723 per
1764 2688 1854 2725 typum

1056 2728 1268 2765 intelligendum
1281 2735 1423 2765 censemus
1439 2727 1555 2765 typhum_.
1573 2724 1747 2765 Rildemarus
1757 2729 1789 2748 eo
1796 2721 1853 2765 loci

1057 2756 1122 2802 legit
1137 2756 1192 2802 noon
1208 2767 1278 2802 typo,
1287 2763 1341 2802 _sed
1357 2756 1514 2802 typhpfquo
1529 2756 1851 2802 signiﬁcatur'superbiftf

1057 2792 1277 2841 Ᾰῧέιιεῐίῃιιὲίίή
1287 2799 1331 2827 Ps.
1352 2792 1397 2833 ἄ,
1413 2792 1444 2826 ϐξ
1466 2792 1596 2825 ἧ-οιηίηὲηι
1617 2792 1757 2832 superbum
1775 2792 1853 2828 typho

1058 2840 1288 2873 a-rrogantissimo.
