2078 3089
213 127 265 155 679

812 126 935 154 SANCTI
955 127 1122 156 GREGORII
1142 128 1258 156 MAGNI

1816 132 1869 159 680

215 198 259 217 ero
276 189 314 216 tui
327 187 358 214 de
369 190 441 214 terra
455 186 583 215 Iordanis
596 189 620 214 et
633 187 797 215 Hermoniim
812 188 897 220 (Psal.
907 190 1007 225 XLI,7),
1025 191 1051 220 Α
1066 191 1166 218 mentis
1181 191 1333 219 constantia
1349 199 1404 218 non
1415 190 1448 218 ab
1463 191 1570 220 intimis
1584 192 1784 228 cogitationum
1795 195 1869 223 radi-

217 231 342 261 Jordanis
350 231 462 268 quippe,
471 234 501 259 ut
509 231 579 265 dixi,
587 230 913 265 descensio,Hermoniim
919 238 1010 262 autem

214 276 371 310 anathema,
389 276 417 304 id
432 280 472 304 est
487 276 628 310 alienatio,
654 276 858 312 interpretatur.
880 278 918 305 De
938 281 1012 306 terra

214 322 299 358 igitur
313 321 440 350 Jordanis
454 325 481 349 et
498 321 668 349 Hermoniim
684 321 733 349 Dei
748 321 945 356 reminiscitur,
962 323 1012 359 qui

216 367 245 394 in
259 375 291 395 eo
305 366 379 403 quod
394 366 570 402 semetipsum
590 365 694 402 dejicit,
719 369 799 402 atque
820 374 835 393 a
856 375 884 394 se
907 367 1013 395 alienus

215 412 321 446 existit,
334 411 369 439 ad
384 411 536 440 conditoris
552 411 594 439 sui
611 411 771 439 memoriam
791 416 943 440 revocatur.
961 412 1013 440 Sed

216 458 347 494 antiquus
363 457 450 485 hostis
466 457 517 485 hoc
528 465 577 493 pro
588 465 686 493 magno
701 466 755 484 non
771 457 863 491 habet,
879 457 952 494 quod
963 458 1014 485 sub

214 503 276 538 jure
297 511 351 530 suae
373 502 531 538 tyrannidis
555 506 662 530 terrena
676 507 828 538 quaerentes
849 506 934 530 tenet.
950 503 1014 530 Pro-

217 547 299 583 pheta
315 547 414 583 quippe
436 551 582 575 attestante
605 547 785 583 cognovimus
807 547 871 583 quia
885 556 942 574 esca
957 547 1014 582 ejus

217 593 294 620 electa
326 593 435 628 (Habac.
459 601 479 626 Ι,
508 592 564 627 16).
590 593 683 628 Neque
707 592 780 620 enim
799 595 894 624 1084
914 593 1015 620 mirum

218 641 340 678 deputat,
354 641 376 669 si
388 649 433 669 eos
447 641 602 676 absorbeat,
616 650 685 678 quos
699 641 829 678 superbia.
842 642 933 677 erigit,
954 650 1016 669 ava-

218 687 282 714 ritia
295 685 434 720 tabefacit,
459 686 587 722 voluptas
599 687 607 703 ¹
627 686 735 721 dilatat,
754 687 860 715 malitia
879 691 1016 723 angustat,

219 731 259 759 ira
273 725 436 765 inﬂammat,
454 731 594 760 discordia
608 736 724 767 separat,
742 731 850 759 invidia
866 731 1016 764 exulcerat,

219 776 330 804 luxuria
344 776 492 813 inquinans
508 781 596 805 necat.
614 776 780 804 Absorbebit
803 784 866 812 ergo
888 776 1016 810 fluvium,

219 825 246 849 et
256 829 311 849 non
327 821 484 856 mirabitur,
497 822 560 859 quia
573 830 622 858 pro
638 830 736 857 magno
751 829 806 849 non
823 821 941 849 aestimat
955 829 1017 848 cum

220 874 265 894 eos
279 866 401 900 devorat,
417 866 465 903 qui
480 875 528 903 per
550 867 608 902 ipsa
623 875 679 895 suae
703 866 767 894 vitae
782 865 873 894 studia
890 865 1018 893 deorsum

220 915 351 945 currunt;
367 911 413 939 sed
427 911 490 939 illos
512 919 678 947 magnopere
699 919 792 947 rapere
811 910 920 944 nititur,
938 918 1018 946 quos,

221 956 357 992 despectis
382 956 495 984 terrenis
528 956 638 989 studiis,
673 955 752 992 jungi
778 954 835 991 jam
864 954 1020 983 ccelestibus

222 1002 433 1037 contemplatur.
453 1000 523 1038 [Vet.
541 1001 602 1038 IX.]
620 1001 696 1029 Unde
706 1001 835 1037 absorpto
846 1000 934 1028 ﬂuvio
948 1004 1020 1028 recte

223 1045 416 1081 subjungitur:
433 1046 471 1074 Et
480 1046 556 1073 habet
568 1046 693 1081 ﬁduciam
707 1046 776 1081 quod
790 1044 1020 1080 influatJordanis

223 1090 250 1117 in
265 1099 293 1118 os
308 1091 373 1126 ejus,
390 1091 454 1127 quia
469 1091 532 1119 illos
547 1090 705 1119 insidiando
715 1098 809 1127 rapere
823 1089 936 1126 appetit,
953 1098 1021 1126 quos

223 1144 272 1172 pro
282 1144 374 1163 amore
403 1144 527 1172 supernae
545 1137 639 1173 patriae
658 1145 672 1164 a
692 1136 833 1173 praesentis
854 1136 919 1163 vita:
934 1135 1021 1171 gloria

222 1181 426 1218 semetipsosdej
432 1182 501 1210 icere
509 1182 774 1218 agnoscitNonnulli
781 1182 881 1219 quippe
888 1180 1022 1209 mundum

224 1227 362 1261 deserunt,
373 1226 511 1255 honorum
521 1228 724 1255 transeuntium
734 1235 804 1255 vana
813 1226 1021 1262 derelinquunt,

224 1276 262 1305 et,
277 1272 332 1299 ima
343 1271 509 1300 humilitatis
520 1277 687 1309 appetentes,
699 1272 827 1300 humanae
838 1271 1022 1301 conversatio-

225 1317 268 1345 nis
284 1325 388 1344 morem
413 1317 482 1345 bene
510 1317 630 1345 vivendo
649 1317 862 1350 transcendunt;
892 1321 974 1353 atque
995 1316 1022 1343 in

226 1364 303 1388 tanta
317 1360 472 1389 studiorum
490 1362 500 1378 ²
514 1370 576 1389 arce
591 1362 750 1398 proficiunt,
769 1366 799 1389 ut
813 1362 956 1397 signorum
965 1359 1023 1396 jam

226 1405 346 1434 virtutes
365 1410 524 1441 operentur;
541 1406 588 1434 sed
603 1407 667 1443 quia
686 1406 847 1442 semetipsos
859 1405 1022 1440 circumspi-

226 1450 324 1479 ciendo
342 1455 429 1486 tegere
444 1451 595 1487 negligunt,
613 1451 702 1480 inanis
717 1451 811 1488 gloriae
826 1451 881 1479 telo
891 1450 1023 1487 percussi,

227 1494 305 1531 pejus
319 1494 352 1523 de
367 1495 423 1523 alto
437 1500 532 1524 ruunt.
558 1496 629 1525 Hinc
638 1501 679 1525 est
688 1497 762 1525 enim
771 1496 845 1533 quod
855 1500 973 1524 aeternus
982 1495 1025 1531 ju-

227 1539 290 1575 dex,
306 1541 353 1577 qui
375 1541 485 1569 occulta
507 1542 598 1570 cordis
620 1542 769 1575 examinat,
790 1541 911 1577 ejusdem
936 1540 1024 1568 ruina:

227 1593 320 1613 casum
332 1586 520 1621 pranuntians
534 1586 662 1619 intentat,
677 1594 740 1614 cum
753 1586 837 1613 dicit:
853 1585 1025 1614 Multidicent

228 1629 295 1657 mihi
308 1630 335 1656 in
350 1630 399 1657 illa
422 1630 479 1657 die:
500 1630 620 1665 Domine,
631 1630 752 1664 Domine,
768 1638 853 1657 nonne
872 1631 899 1657 in
922 1630 1026 1657 nomine

231 1677 274 1701 tuo
286 1673 512 1709 prophetavimus,
528 1675 538 1691 ³
548 1678 571 1701 et
586 1674 613 1701 in
626 1675 730 1702 nomine
745 1677 788 1701 tuo
802 1674 929 1702 dwmonia
945 1673 1026 1709 ejeci—

229 1726 298 1752 mus,
313 1721 337 1745 et
350 1718 378 1746 in
394 1721 437 1745 tuo
444 1718 547 1746 nomine
562 1719 670 1746 virtutes
679 1719 776 1746 multas
786 1718 909 1754 fecimus?
919 1720 955 1747 Et
967 1722 1027 1746 tunc

230 1763 370 1799 conﬁtebor
385 1762 440 1791 illis
452 1763 516 1798 quia
530 1772 666 1799 nunquam
680 1764 742 1791 novi
756 1772 811 1797 vos,
826 1764 947 1792 discedite
961 1773 978 1792 a
987 1772 1027 1791 me

231 1809 242 1825 ‘
257 1808 454 1844 quioperamim
461 1808 635 1845 iniquitatem,
645 1810 730 1838 nescio
740 1810 786 1846 qui
794 1810 853 1838 estis
865 1810 1025 1846 (Matth.v11,

231 1854 275 1889 22,
286 1853 344 1890 23).
356 1854 427 1883 Hinc
441 1855 524 1883 etiam
547 1863 594 1892 per
609 1855 769 1892 prophetam
784 1856 901 1885 dicitur:
922 1856 1027 1886 Vocavit

230 1899 360 1927 Dominus
371 1899 505 1935 judicium
519 1901 555 1929 ad
565 1901 649 1937 ignem
656 1904 680 1929 et
689 1902 824 1929 devoravit
833 1902 1027 1938 abyssummut-

231 1947 293 1979 tam,
322 1946 333 1963 ⁵
351 1948 375 1972 et
399 1946 511 1973 comedet
528 1948 634 1981 partem
658 1946 751 1974 domus
767 1948 777 1964 θ
798 1947 907 1974 Domini
934 1947 1028 1983 (Amos

229 1998 280 2025 vn,
295 1990 334 2026 4).
351 1989 490 2019 Iudicium
506 1991 607 2027 quippe
616 1990 651 2019 ad
662 1991 753 2027 ignem
766 1995 891 2026 vocatur,
901 1999 962 2019 cum
971 1991 1028 2027 jus-

230 2034 299 2063 titiae
314 2035 449 2063 sententia
458 2035 492 2062 ad
501 2043 607 2071 poenam
615 2035 672 2072 jam
681 2040 789 2064 aeternae
797 2036 1028 2064 concremationis

231 2078 394 2107 ostenditur.
406 2079 441 2106 Et
450 2080 563 2107 multam
571 2080 701 2116 abyssum
712 2080 835 2115 devorat,
845 2080 909 2117 quia
920 2080 1028 2117 iniquas

231 2128 312 2161 atque
327 2124 617 2160 incomprehensibiles
632 2125 777 2153 hominum
793 2129 898 2153 mentes
911 2133 1029 2153 concre-

233 2173 298 2203 mat,
314 2177 373 2206 quae
385 2178 458 2197 nunc
468 2178 495 2197 se
506 2169 667 2197 hominibus
678 2170 760 2198 etiam
771 2169 821 2198 sub
828 2170 969 2206 signorum
978 2170 1028 2198 mi-

232 2214 332 2242 raculis
346 2215 494 2243 occultant.
511 2215 576 2243 Pars
591 2219 682 2243 autem
697 2214 796 2243 domus
809 2215 920 2243 Domini
935 2223 1028 2243 come-

232 2259 316 2293 ditur,
332 2260 397 2296 quia
411 2259 475 2288 illos
486 2268 594 2297 quoque
612 2260 736 2296 gehenna
748 2260 872 2295 devorat,
895 2261 943 2296 qui
957 2268 1030 2288 nunc
1044 2255 1069 2284 D

232 2304 309 2341 quasi
320 2304 349 2332 in
360 2305 464 2333 sanctis
477 2305 584 2333 actibus
596 2305 629 2332 de
644 2306 795 2334 electorum
805 2314 919 2334 numero
931 2313 959 2333 se
974 2313 1031 2333 esse

232 2350 393 2386 gloriantur.
410 2351 462 2385 Qui
491 2359 554 2387 ergo
578 2351 624 2379 hic
643 2351 781 2386 Iordanis,
810 2352 862 2388 ipsi
891 2351 950 2380 illic
971 2360 1032 2387 pars

232 2395 330 2424 domus
344 2396 457 2424 Domini
473 2400 617 2424 vocantur.
631 2396 770 2432 Antiquos
779 2404 843 2431 ergo
853 2395 940 2423 hostis
950 2395 1032 2424 habet

232 2439 362 2469 ﬁduciam
379 2440 454 2477 quod
469 2441 497 2468 in
512 2449 542 2469 os
560 2440 619 2477 ejus
640 2445 667 2469 et
690 2440 817 2468 Jordanis
844 2440 951 2474 inﬂuat,
968 2441 1032 2477 quia

232 2493 434 2522 nonnunquam
451 2485 611 2514 calliditatis
624 2494 679 2514 suae
702 2485 811 2513 insidiis
826 2494 871 2513 eos
885 2485 968 2513 etiam
984 2485 1031 2522 qui

230 2528 287 2565 jam
302 2530 384 2559 electi
399 2534 530 2567 putantur
545 2535 632 2559 necat.
646 2529 715 2567 [γει.
731 2529 779 2567 Χ.]
788 2529 840 2558 Sed
849 2530 928 2566 cujus
942 2530 1032 2559 cordis

233 2573 365 2604 duritiam
381 2583 436 2604 non
452 2576 506 2605 ista
519 2575 633 2605 Domini
647 2574 729 2604 verba
750 2575 933 2612 perturbent?
953 2575 1033 2612 cujus

271 2697 279 2716 ¹
296 2698 359 2727 Val.
371 2697 425 2734 CL,
441 2697 557 2728 delectat.

272 2733 283 2751 ²
294 2732 554 2773 V_indqc.,_Ebroic.
564 2732 668 2771 aliique
682 2735 788 2771 Norm.,
800 2739 866 2765 arte.
878 2736 919 2765 Ita
928 2743 1035 2773 quoque

238 2773 294 2798 vet.
310 2770 362 2798 Ed.
375 2770 461 2799 Paris.

274 2806 330 2846 {in
346 2806 433 2834 Laud.
450 2807 532 2836 verba
546 2807 615 2843 haec,
631 2811 655 2836 et
668 2808 696 2836 in
708 2809 811 2838 nomine
820 2812 908 2838 tuo....
918 2808 1035 2844 fecimus,

238 2845 415 2870 omittuntur.

274 2878 284 2895 ‘
301 2877 433 2913 Vindoc.,
448 2887 536 2907 omnes
549 2880 605 2915 qui.

1066 235 1144 263 cibus
1158 235 1306 272 quatiatur,
1323 244 1385 264 cum
1400 235 1488 264 hostis
1504 241 1596 265 noster
1606 242 1689 266 tantae
1704 246 1763 267 esse
1772 246 1869 268 contra

1066 289 1115 308 nos
1126 281 1298 309 fortitudinis
1312 281 1516 309 demonstratur
1528 282 1541 310 ἣν
1556 283 1669 311 Nullum
1682 292 1716 312 ne
1731 285 1784 313 erit
1798 294 1870 314 con-

1067 326 1209 354 solationis
1225 326 1392 362 adjutorium
1405 326 1419 354 ?
1433 326 1493 354 Erit
1506 332 1588 362 certe,
1606 337 1668 356 nam
1684 329 1832 359 subditur:

1287 370 1400 399 CAPUT
1417 371 1467 399 vn
1483 371 1554 408 [Βεσ.
1575 372 1649 410 VII].

1105 416 1190 444 Vens.
1209 416 1251 444 19.
1263 431 1298 436 -
1313 416 1346 443 Ιη
1360 417 1442 444 oculis
1452 417 1512 451 ejus
1526 418 1604 453 quasi
1616 419 1694 446 hamo
1708 420 1793 455 capiet
1801 428 1869 448 eum.

1107 461 1148 488 14,
1159 461 1287 489 Diabolus
1302 461 1436 489 Christum
1447 462 1575 497 deglutire
1584 464 1700 499 cupiens,
1709 465 1870 499 quasillamo

1070 509 1161 542 raptus
1175 509 1220 533 est.
1240 522 1273 527 —
1298 506 1454 534 Notandum
1471 507 1551 535 valde
1575 513 1615 536 est
1634 508 1708 544 quod
1723 510 1870 546 Scriptura

1070 559 1125 579 sua:
1138 551 1221 579 verba
1236 551 1452 580 misericorditer
1464 556 1618 588 temperans
1634 554 1716 587 Deus,
1729 554 1810 582 modo
1821 562 1870 582 nos

1071 597 1173 632 asperis
1189 596 1398 625 incitationibus
1413 601 1507 631 terret,
1525 597 1606 625 modo
1621 597 1732 626 blandis
1747 599 1870 627 consola-

1071 641 1193 669 tionibus
1215 641 1330 675 refovet,
1355 646 1382 669 et
1406 645 1537 669 terrorem
1561 641 1690 671 fomentis
1712 643 1819 678 miscet,
1843 647 1871 671 et

1072 686 1194 714 fomenta
1208 687 1317 720 terrori,
1333 690 1364 714 ut
1387 686 1453 714 dum
1475 687 1548 716 circa
1569 696 1617 716 nos
1632 692 1779 724 utrumque
1800 688 1870 716 mira

1073 731 1222 767 magisterii
1233 736 1290 760 arte
1298 736 1475 768 temperatur,
1486 741 1536 761 nec
1546 733 1684 769 desperate
1695 733 1870 762 inveniamur

1074 777 1173 811 territi,
1183 785 1232 805 nec
1247 776 1356 805 incaute
1370 778 1469 806 securi.
1482 779 1550 806 Nam
1561 787 1624 806 cum
1639 778 1789 806 Behemoth
1799 784 1869 807 astu-

1073 828 1113 851 ἴδε
1129 823 1254 858 insidias,
1273 826 1368 855 1085
1383 829 1463 861 atque
1479 825 1623 853 effrenatas
1638 825 1712 853 vires
1728 825 1873 860 multipii-

1075 871 1154 899 cibus
1169 873 1312 901 sententiis
1338 873 1494 908 indicasset,
1511 874 1636 910 protinus
1653 874 1788 910 unigeniti
1809 874 1871 901 Filii

1074 916 1118 944 sui
1131 917 1320 954 Redemptoris
1330 919 1416 946 nostri
1428 919 1601 946 commendat
1611 918 1769 953 adventum,
1782 923 1807 946 et
1819 927 1872 955 quo

1075 961 1108 989 ab
1124 961 1170 989 illo
1180 962 1276 990 ordine
1287 963 1438 991 Behemoth
1450 964 1500 991 iste
1509 964 1544 991 sit
1552 963 1730 999 perimendus
1739 963 1872 996 insinuat,

1075 1010 1104 1032 ut
1117 1007 1181 1041 quia
1192 1001 1238 1033 cor
1247 1011 1369 1035 nostrum
1379 1012 1487 1036 narrata
1502 1008 1577 1036 illius
1592 1008 1695 1035 virtute
1709 1008 1873 1043 perculerat,

1077 1060 1219 1078 inagrorem
1245 1058 1367 1080 nostrum
1389 1053 1472 1080 citius
1494 1052 1616 1080 indicata
1641 1052 1700 1087 ejus
1719 1052 1873 1087 perditione

1076 1096 1215 1124 relevaret.
1232 1098 1316 1124 luitur
1330 1101 1473 1134 postquam
1487 1097 1574 1125 dixit:
1590 1097 1873 1132 Absorbebitﬂuvium,

1076 1145 1099 1168 et
1113 1150 1165 1168 non
1180 1142 1331 1174 mirabitur,
1347 1145 1370 1169 et
1384 1143 1458 1169 habet
1473 1142 1599 1177 fiduciam
1614 1142 1683 1176 quod
1698 1141 1792 1176 influat
1806 1141 1875 1168 Jor—

1077 1186 1153 1214 ilanis
1167 1187 1195 1213 in
1206 1196 1234 1213 os
1243 1186 1310 1221 ejus,
1321 1187 1409 1222 ipsum
1426 1186 1501 1214 illico
1515 1186 1663 1214 dominica:
1679 1186 1874 1214 incarnationis

1078 1231 1226 1259 adventum
1247 1231 1405 1265 annuntiat,
1426 1231 1537 1260 dicens:
1564 1232 1596 1259 In
1614 1231 1696 1259 oculis
1720 1231 1775 1265 ejus
1798 1230 1875 1266 quasi

1078 1277 1155 1304 Immo
1179 1276 1261 1312 capiet
1282 1285 1349 1304 eum.
1373 1276 1440 1310 Quis
1463 1276 1566 1304 nesciat
1581 1275 1654 1312 quod
1673 1275 1701 1303 in
1716 1275 1798 1303 hamo
1814 1284 1875 1304 esca

1079 1322 1244 1356 ostenditur,
1259 1322 1369 1350 aculeus
1383 1321 1558 1350 occultatur?
1568 1322 1638 1349 Esca
1649 1321 1721 1349 enim
1733 1324 1872 1357 provocat,

1080 1371 1110 1394 ut
1123 1366 1234 1394 aculeus
1246 1370 1356 1402 pungat.
1368 1367 1503 1394 Dominus
1514 1367 1605 1402 itaque
1618 1369 1710 1393 noster
1719 1365 1752 1393 ad
1764 1365 1878 1393 humani

1080 1412 1187 1447 generis
1202 1412 1418 1447 redemptionem
1434 1411 1557 1445 veniens,
1567 1411 1644 1438 velut
1653 1409 1795 1446 quemdam
1807 1409 1840 1437 de
1850 1418 1879 1437 se

1081 1456 1109 1484 in
1124 1464 1219 1484 necem
1235 1456 1339 1484 diaboli
1355 1456 1468 1484 hamum
1484 1456 1558 1484 fecit.
1576 1455 1877 1491 Assumpsitenimcor-

1081 1510 1142 1538 pus,
1153 1505 1184 1529 ut
1199 1502 1228 1529 in
1243 1510 1274 1529 eo
1290 1501 1441 1529 Behemoth
1457 1501 1507 1529 iste
1522 1501 1599 1538 quasi
1611 1509 1698 1529 escam
1713 1508 1787 1528 suam
1799 1508 1879 1528 mor—

1081 1550 1136 1575 tem
1152 1546 1243 1575 carnis
1257 1550 1405 1582 appeteret.
1420 1546 1506 1580 Quam
1525 1550 1640 1575 mortem
1657 1546 1722 1574 dum
1738 1545 1766 1573 in
1781 1545 1829 1572 illo
1839 1544 1880 1572 in-

1079 1591 1153 1628 juste
1168 1592 1282 1627 appetit,
1299 1593 1308 1609 7
1326 1600 1375 1619 nos
1390 1600 1458 1628 quos
1474 1592 1550 1628 quasi
1563 1591 1637 1627 juste
1655 1590 1763 1619 tenebat
1777 1590 1879 1618 amisit.

1080 1637 1111 1664 In
1122 1635 1203 1664 hamo
1218 1645 1281 1672 ergo
1292 1636 1351 1671 ejus
1361 1636 1559 1664 incarnationis
1570 1640 1666 1672 captus
1678 1639 1729 1669 est,
1741 1635 1805 1671 quia
1815 1635 1881 1663 dum

1081 1682 1109 1709 in
1125 1681 1172 1708 illo
1193 1681 1296 1717 appetit
1316 1689 1404 1709 escam
1425 1682 1556 1717 corporis,
1568 1681 1718 1709 transfixus
1733 1685 1774 1708 est
1788 1680 1881 1708 aculeo

1081 1726 1246 1754 divinitatis.
1263 1726 1305 1754 Ibi
1318 1727 1419 1764 quippe
1435 1727 1522 1755 inerat
1537 1726 1695 1754 humanitas
1716 1734 1776 1762 quae
1796 1725 1830 1754 ad
1854 1733 1882 1754 se

1081 1772 1272 1800 devoratorem
1288 1771 1410 1806 duceret,
1431 1772 1471 1800 ibi
1487 1772 1620 1800 divinitas
1639 1779 1699 1808 quae
1721 1771 1880 1807 perforaret,

1082 1817 1121 1845 ibi
1145 1821 1237 1854 aperta
1260 1817 1406 1846 inﬁrmitas
1425 1826 1485 1854 quae
1509 1821 1680 1854 provocaret,
1711 1816 1749 1844 ibi
1776 1815 1883 1844 occulta

1082 1863 1171 1891 virtus
1190 1871 1249 1900 quae
1274 1863 1391 1899 raptoris
1412 1863 1518 1891 faucem
1541 1862 1724 1898 transﬁgeret.
1750 1862 1782 1889 In
1801 1861 1883 1888 hamo

1082 1908 1167 1944 igitur
1187 1913 1283 1945 captus
1298 1912 1349 1942 est,
1366 1908 1431 1945 quia
1453 1908 1516 1936 inde
1537 1908 1643 1936 interiit
1667 1907 1740 1936 unde
1762 1907 1884 1935 devora-

1082 1954 1133 1982 vit.
1158 1954 1193 1981 Et
1217 1954 1329 1990 quidem
1354 1953 1506 1981 Behemoth
1528 1953 1578 1981 iste
1601 1953 1703 1981 Filium
1726 1953 1775 1981 Dei
1796 1951 1882 1979 incar-

1083 2004 1177 2027 natum
1197 2003 1321 2036 noverat,
1343 1998 1390 2026 sed
1411 1998 1608 2034 redemptionis
1632 2002 1733 2026 nostrae
1757 1996 1882 2025 ordinem

1083 2044 1229 2072 nesciebat.
1242 2043 1349 2072 Sciebat
1360 2043 1434 2071 enim
1445 2043 1518 2079 quod
1533 2052 1583 2079 pro
1596 2043 1780 2079 redemptione
1788 2045 1881 2069 nostra

1083 2090 1241 2118 incarnatus
1257 2090 1306 2117 Dei
1322 2088 1408 2117 Filius
1418 2089 1517 2122 fuerat,
1533 2088 1579 2117 sed
1594 2089 1708 2116 omnino
1723 2087 1793 2124 quod
1809 2086 1882 2115 idem

1083 2134 1249 2170 Redemptor
1263 2138 1355 2162 noster
1379 2134 1459 2161 illum
1485 2133 1629 2161 moriendo
1645 2133 1814 2169 transﬁgeret
1828 2139 1883 2159 ue-

1083 2179 1195 2208 sciebat.
1213 2179 1290 2208 Unde
1305 2183 1331 2206 et
1354 2179 1423 2207 bene
1438 2178 1558 2207 dicitur:
1579 2179 1611 2207 In
1635 2178 1717 2206 oculis
1738 2177 1794 2212 ejus
1808 2175 1886 2212 quasi

1085 2226 1161 2254 hamo
1176 2226 1260 2262 capiet
1284 2235 1351 2254 eum.
1382 2226 1413 2253 In
1436 2226 1524 2254 oculis
1539 2225 1639 2262 quippe
1654 2225 1753 2253 habere
1768 2224 1886 2252 dicimus

1086 2271 1159 2308 quod
1177 2280 1268 2300 coram
1283 2271 1362 2299 nobis
1377 2271 1498 2307 positum
1516 2270 1651 2298 videmus.
1667 2270 1806 2306 Antiquus
1821 2277 1886 2297 vero

1086 2315 1173 2344 hostis
1184 2316 1298 2344 humani
1310 2317 1416 2353 generis
1425 2316 1636 2352 Redemptorem
1645 2319 1708 2343 ante
1723 2324 1750 2343 se
1766 2315 1886 2351 positum

1086 2361 1167 2395 vidit,
1179 2370 1271 2398 quem,
1286 2361 1474 2397 cognoscendo
1491 2361 1640 2394 confessus,
1653 2360 1810 2388 conﬁtendo
1822 2367 1887 2396 per—

1086 2406 1189 2440 timuit,
1200 2407 1302 2435 dicens:
1310 2407 1379 2440 Quid
1389 2406 1464 2434 nobis
1474 2410 1497 2434 et
1508 2406 1563 2440 tibi,
1576 2407 1630 2434 Fili
1641 2406 1709 2434 Dei?
1719 2405 1814 2433 venisti
1828 2406 1888 2432 ante

1088 2455 1186 2488 tempus
1195 2455 1316 2487 torquere
1330 2460 1377 2479 nos
1387 2452 1496 2485 (Matth.
1509 2460 1570 2485 vni,
1580 2451 1640 2487 29).
1651 2451 1682 2479 In
1695 2450 1781 2478 oculis
1795 2450 1888 2485 itaque

1087 2497 1144 2525 suis
1156 2497 1166 2514 ⁸
1182 2496 1264 2524 hamo
1279 2500 1373 2532 captus
1387 2500 1438 2530 est,
1454 2496 1518 2532 quia
1532 2500 1559 2524 et
1574 2496 1662 2529 novit,
1678 2499 1704 2523 et
1721 2494 1885 2527 momordit;

1087 2546 1114 2570 et
1127 2542 1259 2578 cognovit
1272 2542 1348 2578 prius
1363 2550 1443 2578 quem
1458 2542 1671 2578 pertimesceret,
1688 2546 1715 2570 et
1726 2545 1816 2569 tamen
1829 2543 1888 2576 post

1089 2595 1145 2616 non
1154 2587 1259 2622 timuit,
1270 2595 1334 2616 cum
1353 2587 1382 2615 in
1397 2586 1446 2615 illo
1456 2587 1534 2624 quasi
1549 2595 1637 2616 escam
1652 2587 1802 2624 propriam,
1817 2592 1888 2613 mor-

1128 2698 1139 2717 ⁵
1155 2698 1216 2727 Duo
1232 2698 1336 2732 Germ.,
1352 2696 1437 2726 Laud.
1454 2701 1481 2727 et
1495 2697 1557 2726 Val.
1574 2697 1627 2732 CL,
1643 2700 1667 2725 et
1680 2695 1798 2725 comedit.

1128 2736 1138 2752 δ
1153 2736 1234 2762 Deest
1256 2735 1363 2771 Domini
1387 2734 1432 2763 hic
1445 2740 1475 2771 et
1494 2734 1566 2761 intra
1581 2734 1609 2761 in
1628 2733 1758 2767 Vindoc.,
1784 2733 1889 2764 Germ.,

1092 2771 1195 2799 Turon.
1212 2779 1244 2798 ac
1262 2770 1407 2806 plerisque.

1128 2808 1137 2824 ⁷
1154 2804 1270 2834 Εὺτοϊοῖ
1279 2804 1380 2842 aliique
1395 2807 1502 2840 Norm.,
1517 2815 1565 2833 nos
1581 2814 1682 2841 quoque
1697 2813 1762 2841 quos
1772 2804 1852 2840 juste.

1130 2843 1140 2860 ⁸
1156 2842 1287 2877 Vindoc.,
1306 2842 1415 2871 Ebro‘ic.
1432 2846 1459 2870 et
1472 2842 1518 2870 alii
1535 2843 1640 2877 Norm.,
1657 2842 1734 2878 quasi
1749 2842 1835 2870 hante.
