  <div class='ocr_page' id='page_1' title='image "/cluster/home/n/w/nwhite01/storage/ocr_20150623/76/hvd.32044052772456/348.png"; bbox 0 0 4156 6178; ppageno 0'>
   <div class='ocr_carea' id='block_1_1' title="bbox 332 295 432 352">
    <p class='ocr_par' dir='ltr' id='par_1_1' title="bbox 332 295 432 352">
     <span class='ocr_line' id='line_1_1' title="bbox 332 295 432 352; baseline 0 0"><span class='ocrx_word' id='word_1_1' title='bbox 332 295 432 352; x_wconf 85' lang='grc'><strong>681</strong></span> 
     </span>
    </p>
   </div>
   <div class='ocr_carea' id='block_1_2' title="bbox 1105 285 2854 363">
    <p class='ocr_par' dir='ltr' id='par_1_2' title="bbox 1105 285 2854 363">
     <span class='ocr_line' id='line_1_2' title="bbox 1105 285 2854 363; baseline -0.003 -14"><span class='ocrx_word' id='word_1_2' title='bbox 1105 290 1479 363; x_wconf 68' lang='grc' dir='ltr'><strong>ΜΟΗΑΒῌΙΜ</strong></span> <span class='ocrx_word' id='word_1_3' title='bbox 1516 291 1650 351; x_wconf 93' lang='lat' dir='ltr'><strong>LIB.</strong></span> <span class='ocrx_word' id='word_1_4' title='bbox 1690 288 1953 348; x_wconf 84' lang='lat' dir='ltr'><strong>XXXIII.</strong></span> <span class='ocrx_word' id='word_1_5' title='bbox 1992 318 2064 332; x_wconf 95' lang='lat'><strong>—</strong></span> <span class='ocrx_word' id='word_1_6' title='bbox 2100 287 2175 346; x_wconf 83' lang='lat' dir='ltr'><strong>IN</strong></span> <span class='ocrx_word' id='word_1_7' title='bbox 2209 285 2436 347; x_wconf 88' lang='lat' dir='ltr'><strong>CAPUT</strong></span> <span class='ocrx_word' id='word_1_8' title='bbox 2473 288 2571 346; x_wconf 88' lang='lat' dir='ltr'><strong>XL</strong></span> <span class='ocrx_word' id='word_1_9' title='bbox 2608 288 2672 345; x_wconf 90' lang='lat' dir='ltr'><strong>B.</strong></span> <span class='ocrx_word' id='word_1_10' title='bbox 2713 287 2854 345; x_wconf 86' lang='lat' dir='ltr'><strong>JOB.</strong></span> 
     </span>
    </p>
   </div>
   <div class='ocr_carea' id='block_1_3' title="bbox 3525 291 3630 349">
    <p class='ocr_par' dir='ltr' id='par_1_3' title="bbox 3525 291 3630 349">
     <span class='ocr_line' id='line_1_3' title="bbox 3525 291 3630 349; baseline 0.01 -1"><span class='ocrx_word' id='word_1_11' title='bbox 3525 291 3630 349; x_wconf 77' lang='lat'><strong>682</strong></span> 
     </span>
    </p>
   </div>
   <div class='ocr_carea' id='block_1_4' title="bbox 334 392 3632 495">
    <p class='ocr_par' dir='ltr' id='par_1_4' title="bbox 334 392 3632 495">
     <span class='ocr_line' id='line_1_4' title="bbox 334 392 3632 495; baseline -0.001 -17"><span class='ocrx_word' id='word_1_12' title='bbox 334 432 445 478; x_wconf 90' lang='lat' dir='ltr'><strong>tem</strong></span> <span class='ocrx_word' id='word_1_13' title='bbox 474 417 657 478; x_wconf 85' lang='lat' dir='ltr'><strong>carnis</strong></span> <span class='ocrx_word' id='word_1_14' title='bbox 674 418 922 477; x_wconf 88' lang='lat' dir='ltr'><strong>esuriret.</strong></span> <span class='ocrx_word' id='word_1_15' title='bbox 957 406 1096 494; x_wconf 42' lang='lat' dir='ltr'><strong>[Vetl</strong></span> <span class='ocrx_word' id='word_1_16' title='bbox 1124 416 1251 494; x_wconf 69' lang='lat' dir='ltr'><strong>XL]</strong></span> <span class='ocrx_word' id='word_1_17' title='bbox 1274 404 1447 495; x_wconf 67' lang='lat' dir='ltr'><strong>Igitur</strong></span> <span class='ocrx_word' id='word_1_18' title='bbox 1461 418 1592 493; x_wconf 85' lang='lat' dir='ltr'><strong>quia</strong></span> <span class='ocrx_word' id='word_1_19' title='bbox 1610 428 1774 494; x_wconf 88' lang='lat' dir='ltr'><strong>caput</strong></span> <span class='ocrx_word' id='word_1_20' title='bbox 1801 435 1926 476; x_wconf 89' lang='lat' dir='ltr'><strong>nos-</strong></span> <span class='ocrx_word' id='word_1_21' title='bbox 1954 426 2007 487; x_wconf 80' lang='grc' dir='ltr'><strong>Α</strong></span> <span class='ocrx_word' id='word_1_22' title='bbox 2036 392 2189 475; x_wconf 81' lang='lat' dir='ltr'><strong>illico</strong></span> <span class='ocrx_word' id='word_1_23' title='bbox 2218 415 2545 489; x_wconf 82' lang='lat' dir='ltr'><strong>subjunxit:</strong></span> <span class='ocrx_word' id='word_1_24' title='bbox 2579 414 2642 472; x_wconf 92' lang='lat' dir='ltr'><strong>Ut</strong></span> <span class='ocrx_word' id='word_1_25' title='bbox 2684 431 2791 471; x_wconf 88' lang='lat' dir='ltr'><strong>non</strong></span> <span class='ocrx_word' id='word_1_26' title='bbox 2841 407 3319 471; x_wconf 75' lang='lat' dir='ltr'><strong>circumveniantur</strong></span> <span class='ocrx_word' id='word_1_27' title='bbox 3362 433 3399 472; x_wconf 89' lang='lat' dir='ltr'><strong>a</strong></span> <span class='ocrx_word' id='word_1_28' title='bbox 3439 422 3632 474; x_wconf 88' lang='lat' dir='ltr'><strong>satana</strong></span> 
     </span>
    </p>
   </div>
   <div class='ocr_carea' id='block_1_5' title="bbox 332 502 3632 583">
    <p class='ocr_par' dir='ltr' id='par_1_5' title="bbox 332 502 3632 583">
     <span class='ocr_line' id='line_1_5' title="bbox 332 502 3632 583; baseline -0.001 -17"><span class='ocrx_word' id='word_1_29' title='bbox 332 518 485 566; x_wconf 89' lang='lat' dir='ltr'><strong>trum</strong></span> <span class='ocrx_word' id='word_1_30' title='bbox 514 524 609 582; x_wconf 90' lang='lat' dir='ltr'><strong>per</strong></span> <span class='ocrx_word' id='word_1_31' title='bbox 628 524 684 564; x_wconf 92' lang='lat' dir='ltr'><strong>se</strong></span> <span class='ocrx_word' id='word_1_32' title='bbox 715 508 849 581; x_wconf 89' lang='lat' dir='ltr'><strong>quid</strong></span> <span class='ocrx_word' id='word_1_33' title='bbox 882 508 1012 565; x_wconf 88' lang='lat' dir='ltr'><strong>fecit</strong></span> <span class='ocrx_word' id='word_1_34' title='bbox 1040 508 1377 578; x_wconf 85' lang='lat' dir='ltr'><strong>audivimus,</strong></span> <span class='ocrx_word' id='word_1_35' title='bbox 1400 526 1550 569; x_wconf 89' lang='lat' dir='ltr'><strong>nunc</strong></span> <span class='ocrx_word' id='word_1_36' title='bbox 1569 525 1665 583; x_wconf 90' lang='lat' dir='ltr'><strong>per</strong></span> <span class='ocrx_word' id='word_1_37' title='bbox 1684 508 1930 566; x_wconf 89' lang='lat' dir='ltr'><strong>membra</strong></span> <span class='ocrx_word' id='word_1_38' title='bbox 2037 507 2233 579; x_wconf 68' lang='lat' dir='ltr'><strong>(Ibid,</strong></span> <span class='ocrx_word' id='word_1_39' title='bbox 2258 508 2372 579; x_wconf 86' lang='grc'><strong>11).</strong></span> <span class='ocrx_word' id='word_1_40' title='bbox 2411 505 2581 578; x_wconf 84' lang='lat' dir='ltr'><strong>Cujus</strong></span> <span class='ocrx_word' id='word_1_41' title='bbox 2596 520 2811 583; x_wconf 83' lang='lat' dir='ltr'><strong>sagaces</strong></span> <span class='ocrx_word' id='word_1_42' title='bbox 2841 502 3070 560; x_wconf 83' lang='lat' dir='ltr'><strong>insidias</strong></span> <span class='ocrx_word' id='word_1_43' title='bbox 3107 520 3271 578; x_wconf 90' lang='lat' dir='ltr'><strong>quam</strong></span> <span class='ocrx_word' id='word_1_44' title='bbox 3292 513 3453 564; x_wconf 89' lang='lat' dir='ltr'><strong>acuto</strong></span> <span class='ocrx_word' id='word_1_45' title='bbox 3468 522 3632 564; x_wconf 90' lang='lat' dir='ltr'><strong>sensu</strong></span> 
     </span>
    </p>
   </div>
   <div class='ocr_carea' id='block_1_6' title="bbox 332 599 1447 675">
    <p class='ocr_par' dir='ltr' id='par_1_6' title="bbox 332 599 1447 675">
     <span class='ocr_line' id='line_1_6' title="bbox 332 599 1447 675; baseline -0.003 -16"><span class='ocrx_word' id='word_1_46' title='bbox 332 618 436 660; x_wconf 89' lang='lat' dir='ltr'><strong>sua</strong></span> <span class='ocrx_word' id='word_1_47' title='bbox 454 600 588 675; x_wconf 88' lang='lat' dir='ltr'><strong>quid</strong></span> <span class='ocrx_word' id='word_1_48' title='bbox 616 599 781 658; x_wconf 81' lang='lat' dir='ltr'><strong>faciat</strong></span> <span class='ocrx_word' id='word_1_49' title='bbox 808 600 1116 657; x_wconf 84' lang='lat' dir='ltr'><strong>audiamus.</strong></span> <span class='ocrx_word' id='word_1_50' title='bbox 1149 600 1447 674; x_wconf 81' lang='lat' dir='ltr'><strong>Sequitur:</strong></span> 
     </span>
    </p>
   </div>
   <div class='ocr_carea' id='block_1_7' title="bbox 726 688 1502 765">
    <p class='ocr_par' dir='ltr' id='par_1_7' title="bbox 726 688 1502 765">
     <span class='ocr_line' id='line_1_7' title="bbox 726 688 1502 765; baseline -0.001 -18"><span class='ocrx_word' id='word_1_51' title='bbox 726 689 953 747; x_wconf 83' lang='lat' dir='ltr'><strong>CAPUT</strong></span> <span class='ocrx_word' id='word_1_52' title='bbox 981 691 1109 747; x_wconf 85' lang='lat' dir='ltr'><strong>VIII</strong></span> <span class='ocrx_word' id='word_1_53' title='bbox 1140 688 1283 763; x_wconf 86' lang='lat' dir='ltr'><strong>[Rec.</strong></span> <span class='ocrx_word' id='word_1_54' title='bbox 1324 688 1502 765; x_wconf 81' lang='lat' dir='ltr'><strong>VIII].</strong></span> 
     </span>
    </p>
   </div>
   <div class='ocr_carea' id='block_1_8' title="bbox 406 779 1794 852">
    <p class='ocr_par' dir='ltr' id='par_1_8' title="bbox 406 779 1794 852">
     <span class='ocr_line' id='line_1_8' title="bbox 406 779 1794 852; baseline 0.001 -17"><span class='ocrx_word' id='word_1_55' title='bbox 406 780 545 836; x_wconf 75' lang='lat' dir='ltr'><strong>Iam.</strong></span> <span class='ocrx_word' id='word_1_56' title='bbox 579 810 647 820; x_wconf 96' lang='lat'><strong>—</strong></span> <span class='ocrx_word' id='word_1_57' title='bbox 669 781 744 836; x_wconf 90' lang='lat' dir='ltr'><strong>Et</strong></span> <span class='ocrx_word' id='word_1_58' title='bbox 770 779 829 834; x_wconf 86' lang='lat' dir='ltr'><strong>in</strong></span> <span class='ocrx_word' id='word_1_59' title='bbox 854 780 1070 836; x_wconf 81' lang='lat' dir='ltr'><strong>sudibus</strong></span> <span class='ocrx_word' id='word_1_60' title='bbox 1094 782 1109 815; x_wconf 85' lang='grc'>¹</span> <span class='ocrx_word' id='word_1_61' title='bbox 1137 780 1437 852; x_wconf 69' lang='lat' dir='ltr'><strong>per/“orabit</strong></span> <span class='ocrx_word' id='word_1_62' title='bbox 1474 797 1632 836; x_wconf 85' lang='lat' dir='ltr'><strong>nares</strong></span> <span class='ocrx_word' id='word_1_63' title='bbox 1661 779 1794 850; x_wconf 85' lang='lat' dir='ltr'><strong>ejus.</strong></span> 
     </span>
    </p>
   </div>
   <div class='ocr_carea' id='block_1_9' title="bbox 410 869 1932 943">
    <p class='ocr_par' dir='ltr' id='par_1_9' title="bbox 410 869 1932 943">
     <span class='ocr_line' id='line_1_9' title="bbox 410 869 1932 943; baseline 0 -17"><span class='ocrx_word' id='word_1_64' title='bbox 410 870 495 926; x_wconf 87' lang='grc'><strong>15.</strong></span> <span class='ocrx_word' id='word_1_65' title='bbox 551 869 929 941; x_wconf 87' lang='lat' dir='ltr'><strong>Sagacissimas</strong></span> <span class='ocrx_word' id='word_1_66' title='bbox 982 871 1096 941; x_wconf 80' lang='lat' dir='ltr'><strong>ejus</strong></span> <span class='ocrx_word' id='word_1_67' title='bbox 1140 870 1364 927; x_wconf 76' lang='lat' dir='ltr'><strong>insidias</strong></span> <span class='ocrx_word' id='word_1_68' title='bbox 1421 871 1718 943; x_wconf 86' lang='lat' dir='ltr'><strong>detegendo,</strong></span> <span class='ocrx_word' id='word_1_69' title='bbox 1765 870 1932 926; x_wconf 91' lang='lat' dir='ltr'><strong>sancti</strong></span> 
     </span>
    </p>
   </div>
   <div class='ocr_carea' id='block_1_10' title="bbox 334 958 1926 1032">
    <p class='ocr_par' dir='ltr' id='par_1_10' title="bbox 334 958 1926 1032">
     <span class='ocr_line' id='line_1_10' title="bbox 334 958 1926 1032; baseline 0.001 -17"><span class='ocrx_word' id='word_1_70' title='bbox 334 959 498 1017; x_wconf 83' lang='lat' dir='ltr'><strong>veluti</strong></span> <span class='ocrx_word' id='word_1_71' title='bbox 524 959 653 1015; x_wconf 82' lang='lat' dir='ltr'><strong>sude</strong></span> <span class='ocrx_word' id='word_1_72' title='bbox 664 976 822 1016; x_wconf 81' lang='lat' dir='ltr'><strong>nares</strong></span> <span class='ocrx_word' id='word_1_73' title='bbox 840 960 1008 1032; x_wconf 88' lang='lat' dir='ltr'><strong>ipsius</strong></span> <span class='ocrx_word' id='word_1_74' title='bbox 1025 959 1553 1032; x_wconf 82' lang='lat' dir='ltr'><strong>perforant.—Quid</strong></span> <span class='ocrx_word' id='word_1_75' title='bbox 1567 958 1721 1016; x_wconf 84' lang='lat' dir='ltr'><strong>aliud</strong></span> <span class='ocrx_word' id='word_1_76' title='bbox 1746 960 1926 1028; x_wconf 88' lang='lat' dir='ltr'><strong>sudes,</strong></span> 
     </span>
    </p>
   </div>
   <div class='ocr_carea' id='block_1_11' title="bbox 333 1049 1932 1122">
    <p class='ocr_par' dir='ltr' id='par_1_11' title="bbox 333 1049 1932 1122">
     <span class='ocr_line' id='line_1_11' title="bbox 333 1049 1932 1122; baseline 0 -16"><span class='ocrx_word' id='word_1_77' title='bbox 333 1050 393 1106; x_wconf 91' lang='lat' dir='ltr'><strong>id</strong></span> <span class='ocrx_word' id='word_1_78' title='bbox 416 1058 498 1106; x_wconf 89' lang='lat' dir='ltr'><strong>est</strong></span> <span class='ocrx_word' id='word_1_79' title='bbox 520 1050 673 1121; x_wconf 89' lang='lat' dir='ltr'><strong>palos</strong></span> <span class='ocrx_word' id='word_1_80' title='bbox 702 1050 1025 1122; x_wconf 85' lang='lat' dir='ltr'><strong>accipimus,</strong></span> <span class='ocrx_word' id='word_1_81' title='bbox 1074 1050 1169 1122; x_wconf 88' lang='lat' dir='ltr'><strong>qui</strong></span> <span class='ocrx_word' id='word_1_82' title='bbox 1208 1049 1468 1106; x_wconf 83' lang='lat' dir='ltr'><strong>videlicet</strong></span> <span class='ocrx_word' id='word_1_83' title='bbox 1492 1058 1842 1107; x_wconf 84' lang='lat' dir='ltr'><strong>exacuuntur</strong></span> <span class='ocrx_word' id='word_1_84' title='bbox 1869 1058 1932 1106; x_wconf 91' lang='lat' dir='ltr'><strong>ut</strong></span> 
     </span>
    </p>
   </div>
   <div class='ocr_carea' id='block_1_12' title="bbox 334 1136 1932 1213">
    <p class='ocr_par' dir='ltr' id='par_1_12' title="bbox 334 1136 1932 1213">
     <span class='ocr_line' id='line_1_12' title="bbox 334 1136 1932 1213; baseline -0.001 -17"><span class='ocrx_word' id='word_1_85' title='bbox 334 1139 597 1213; x_wconf 86' lang='lat' dir='ltr'><strong>ﬁgantur,</strong></span> <span class='ocrx_word' id='word_1_86' title='bbox 626 1139 737 1196; x_wconf 89' lang='lat' dir='ltr'><strong>nisi</strong></span> <span class='ocrx_word' id='word_1_87' title='bbox 763 1148 923 1197; x_wconf 89' lang='lat' dir='ltr'><strong>acuta</strong></span> <span class='ocrx_word' id='word_1_88' title='bbox 949 1136 1263 1197; x_wconf 88' lang='lat' dir='ltr'><strong>sanctorum</strong></span> <span class='ocrx_word' id='word_1_89' title='bbox 1292 1139 1572 1197; x_wconf 78' lang='lat' dir='ltr'><strong>consilia?</strong></span> <span class='ocrx_word' id='word_1_90' title='bbox 1603 1139 1734 1207; x_wconf 85' lang='lat' dir='ltr'><strong>Quae</strong></span> <span class='ocrx_word' id='word_1_91' title='bbox 1764 1138 1932 1212; x_wconf 85' lang='lat' dir='ltr'><strong>hujus</strong></span> 
     </span>
    </p>
   </div>
   <div class='ocr_carea' id='block_1_13' title="bbox 336 1228 1934 1303">
    <p class='ocr_par' dir='ltr' id='par_1_13' title="bbox 336 1228 1934 1303">
     <span class='ocr_line' id='line_1_13' title="bbox 336 1228 1934 1303; baseline -0.001 -17"><span class='ocrx_word' id='word_1_92' title='bbox 336 1228 642 1286; x_wconf 89' lang='lat' dir='ltr'><strong>Behemoth</strong></span> <span class='ocrx_word' id='word_1_93' title='bbox 672 1246 831 1285; x_wconf 88' lang='lat' dir='ltr'><strong>nares</strong></span> <span class='ocrx_word' id='word_1_94' title='bbox 859 1230 1160 1303; x_wconf 79' lang='lat' dir='ltr'><strong>perforant,</strong></span> <span class='ocrx_word' id='word_1_95' title='bbox 1204 1229 1336 1286; x_wconf 88' lang='lat' dir='ltr'><strong>dum</strong></span> <span class='ocrx_word' id='word_1_96' title='bbox 1380 1230 1769 1301; x_wconf 87' lang='lat' dir='ltr'><strong>sagacissimas</strong></span> <span class='ocrx_word' id='word_1_97' title='bbox 1816 1228 1934 1300; x_wconf 86' lang='lat' dir='ltr'><strong>ejus</strong></span> 
     </span>
    </p>
   </div>
   <div class='ocr_carea' id='block_1_14' title="bbox 338 1317 1934 1392">
    <p class='ocr_par' dir='ltr' id='par_1_14' title="bbox 338 1317 1934 1392">
     <span class='ocr_line' id='line_1_14' title="bbox 338 1317 1934 1392; baseline -0.001 -17"><span class='ocrx_word' id='word_1_98' title='bbox 338 1319 570 1375; x_wconf 85' lang='lat' dir='ltr'><strong>insidias</strong></span> <span class='ocrx_word' id='word_1_99' title='bbox 597 1327 651 1375; x_wconf 89' lang='lat' dir='ltr'><strong>et</strong></span> <span class='ocrx_word' id='word_1_100' title='bbox 682 1319 965 1391; x_wconf 87' lang='lat' dir='ltr'><strong>vigilando</strong></span> <span class='ocrx_word' id='word_1_101' title='bbox 995 1320 1474 1392; x_wconf 77' lang='lat' dir='ltr'><strong>circumspiciunt,</strong></span> <span class='ocrx_word' id='word_1_102' title='bbox 1522 1326 1576 1375; x_wconf 88' lang='lat' dir='ltr'><strong>et</strong></span> <span class='ocrx_word' id='word_1_103' title='bbox 1620 1317 1934 1390; x_wconf 90' lang='lat' dir='ltr'><strong>superando</strong></span> 
     </span>
    </p>
   </div>
   <div class='ocr_carea' id='block_1_15' title="bbox 338 1405 1936 1480">
    <p class='ocr_par' dir='ltr' id='par_1_15' title="bbox 338 1405 1936 1480">
     <span class='ocr_line' id='line_1_15' title="bbox 338 1405 1936 1480; baseline -0.003 -15"><span class='ocrx_word' id='word_1_104' title='bbox 338 1408 686 1480; x_wconf 80' lang='lat' dir='ltr'><strong>transﬁgant.</strong></span> <span class='ocrx_word' id='word_1_105' title='bbox 709 1408 813 1464; x_wconf 90' lang='lat' dir='ltr'><strong>Per</strong></span> <span class='ocrx_word' id='word_1_106' title='bbox 839 1425 999 1466; x_wconf 89' lang='lat' dir='ltr'><strong>nares</strong></span> <span class='ocrx_word' id='word_1_107' title='bbox 1027 1426 1159 1466; x_wconf 89' lang='lat' dir='ltr'><strong>vero</strong></span> <span class='ocrx_word' id='word_1_108' title='bbox 1201 1409 1338 1465; x_wconf 93' lang='lat' dir='ltr'><strong>odor</strong></span> <span class='ocrx_word' id='word_1_109' title='bbox 1376 1407 1638 1474; x_wconf 84' lang='lat' dir='ltr'><strong>trahitur,</strong></span> <span class='ocrx_word' id='word_1_110' title='bbox 1668 1413 1723 1461; x_wconf 86' lang='lat' dir='ltr'><strong>et</strong></span> <span class='ocrx_word' id='word_1_111' title='bbox 1751 1405 1936 1462; x_wconf 89' lang='lat' dir='ltr'><strong>dedu—</strong></span> 
     </span>
    </p>
   </div>
   <div class='ocr_carea' id='block_1_16' title="bbox 336 1495 1935 1570">
    <p class='ocr_par' dir='ltr' id='par_1_16' title="bbox 336 1495 1935 1570">
     <span class='ocr_line' id='line_1_16' title="bbox 336 1495 1935 1570; baseline -0.001 -17"><span class='ocrx_word' id='word_1_112' title='bbox 336 1506 425 1554; x_wconf 91' lang='lat' dir='ltr'><strong>cto</strong></span> <span class='ocrx_word' id='word_1_113' title='bbox 454 1495 590 1553; x_wconf 88' lang='lat' dir='ltr'><strong>ﬂatu</strong></span> <span class='ocrx_word' id='word_1_114' title='bbox 619 1496 724 1553; x_wconf 91' lang='lat' dir='ltr'><strong>hoc</strong></span> <span class='ocrx_word' id='word_1_115' title='bbox 750 1496 952 1570; x_wconf 89' lang='lat' dir='ltr'><strong>agitur,</strong></span> <span class='ocrx_word' id='word_1_116' title='bbox 982 1506 1045 1555; x_wconf 91' lang='lat' dir='ltr'><strong>ut</strong></span> <span class='ocrx_word' id='word_1_117' title='bbox 1079 1515 1165 1555; x_wconf 89' lang='lat' dir='ltr'><strong>res</strong></span> <span class='ocrx_word' id='word_1_118' title='bbox 1205 1497 1369 1554; x_wconf 89' lang='lat' dir='ltr'><strong>etiam</strong></span> <span class='ocrx_word' id='word_1_119' title='bbox 1397 1513 1518 1570; x_wconf 90' lang='lat' dir='ltr'><strong>quae</strong></span> <span class='ocrx_word' id='word_1_120' title='bbox 1547 1496 1706 1568; x_wconf 90' lang='lat' dir='ltr'><strong>longe</strong></span> <span class='ocrx_word' id='word_1_121' title='bbox 1735 1502 1817 1551; x_wconf 88' lang='lat' dir='ltr'><strong>est</strong></span> <span class='ocrx_word' id='word_1_122' title='bbox 1842 1510 1935 1567; x_wconf 82' lang='lat' dir='ltr'><strong>po-</strong></span> 
     </span>
    </p>
   </div>
   <div class='ocr_carea' id='block_1_17' title="bbox 336 1584 1935 1660">
    <p class='ocr_par' dir='ltr' id='par_1_17' title="bbox 336 1584 1935 1660">
     <span class='ocr_line' id='line_1_17' title="bbox 336 1584 1935 1660; baseline -0.001 -18"><span class='ocrx_word' id='word_1_123' title='bbox 336 1587 444 1643; x_wconf 83' lang='lat' dir='ltr'><strong>sita</strong></span> <span class='ocrx_word' id='word_1_124' title='bbox 500 1596 885 1659; x_wconf 72' lang='lat' dir='ltr'><strong>cognoscatur.</strong></span> <span class='ocrx_word' id='word_1_125' title='bbox 930 1589 1166 1645; x_wconf 87' lang='lat' dir='ltr'><strong>Naribus</strong></span> <span class='ocrx_word' id='word_1_126' title='bbox 1198 1604 1326 1660; x_wconf 88' lang='lat' dir='ltr'><strong>ergo</strong></span> <span class='ocrx_word' id='word_1_127' title='bbox 1366 1585 1669 1643; x_wconf 90' lang='lat' dir='ltr'><strong>Behemoth</strong></span> <span class='ocrx_word' id='word_1_128' title='bbox 1722 1584 1935 1642; x_wconf 70' lang='lat' dir='ltr'><strong>callidae</strong></span> 
     </span>
    </p>
   </div>
   <div class='ocr_carea' id='block_1_18' title="bbox 338 1674 1937 1750">
    <p class='ocr_par' dir='ltr' id='par_1_18' title="bbox 338 1674 1937 1750">
     <span class='ocr_line' id='line_1_18' title="bbox 338 1674 1937 1750; baseline -0.003 -17"><span class='ocrx_word' id='word_1_129' title='bbox 338 1677 457 1749; x_wconf 87' lang='lat' dir='ltr'><strong>ejus</strong></span> <span class='ocrx_word' id='word_1_130' title='bbox 479 1677 698 1734; x_wconf 88' lang='lat' dir='ltr'><strong>insidiae</strong></span> <span class='ocrx_word' id='word_1_131' title='bbox 717 1678 1100 1750; x_wconf 81' lang='lat' dir='ltr'><strong>designantur,</strong></span> <span class='ocrx_word' id='word_1_132' title='bbox 1133 1694 1228 1750; x_wconf 90' lang='lat' dir='ltr'><strong>per</strong></span> <span class='ocrx_word' id='word_1_133' title='bbox 1264 1693 1400 1750; x_wconf 87' lang='lat' dir='ltr'><strong>quas</strong></span> <span class='ocrx_word' id='word_1_134' title='bbox 1426 1675 1773 1748; x_wconf 89' lang='lat' dir='ltr'><strong>sagacissime</strong></span> <span class='ocrx_word' id='word_1_135' title='bbox 1808 1674 1937 1730; x_wconf 90' lang='lat' dir='ltr'><strong>niti-</strong></span> 
     </span>
    </p>
   </div>
   <div class='ocr_carea' id='block_1_19' title="bbox 337 1762 1939 1836">
    <p class='ocr_par' dir='ltr' id='par_1_19' title="bbox 337 1762 1939 1836">
     <span class='ocr_line' id='line_1_19' title="bbox 337 1762 1939 1836; baseline -0.004 -13"><span class='ocrx_word' id='word_1_136' title='bbox 337 1775 430 1823; x_wconf 86' lang='lat' dir='ltr'><strong>tur</strong></span> <span class='ocrx_word' id='word_1_137' title='bbox 457 1774 513 1823; x_wconf 90' lang='lat' dir='ltr'><strong>et</strong></span> <span class='ocrx_word' id='word_1_138' title='bbox 541 1768 756 1825; x_wconf 88' lang='lat' dir='ltr'><strong>occulta</strong></span> <span class='ocrx_word' id='word_1_139' title='bbox 782 1766 970 1824; x_wconf 87' lang='lat' dir='ltr'><strong>cordis</strong></span> <span class='ocrx_word' id='word_1_140' title='bbox 1006 1768 1179 1824; x_wconf 86' lang='lat' dir='ltr'><strong>nostri</strong></span> <span class='ocrx_word' id='word_1_141' title='bbox 1210 1766 1353 1823; x_wconf 89' lang='lat' dir='ltr'><strong>bona</strong></span> <span class='ocrx_word' id='word_1_142' title='bbox 1386 1779 1711 1836; x_wconf 77' lang='lat' dir='ltr'><strong>cognoscere</strong></span> <span class='ocrx_word' id='word_1_143' title='bbox 1742 1770 1798 1818; x_wconf 91' lang='lat' dir='ltr'><strong>et</strong></span> <span class='ocrx_word' id='word_1_144' title='bbox 1819 1762 1939 1819; x_wconf 67' lang='lat' dir='ltr'><strong>haec</strong></span> 
     </span>
    </p>
   </div>
   <div class='ocr_carea' id='block_1_20' title="bbox 338 1855 1937 1929">
    <p class='ocr_par' dir='ltr' id='par_1_20' title="bbox 338 1855 1937 1929">
     <span class='ocr_line' id='line_1_20' title="bbox 338 1855 1937 1929; baseline 0 -18"><span class='ocrx_word' id='word_1_145' title='bbox 338 1856 580 1928; x_wconf 89' lang='lat' dir='ltr'><strong>pessima</strong></span> <span class='ocrx_word' id='word_1_146' title='bbox 622 1857 978 1929; x_wconf 87' lang='lat' dir='ltr'><strong>persuasione</strong></span> <span class='ocrx_word' id='word_1_147' title='bbox 1021 1856 1307 1928; x_wconf 89' lang='lat' dir='ltr'><strong>dissipare.</strong></span> <span class='ocrx_word' id='word_1_148' title='bbox 1366 1857 1428 1911; x_wconf 92' lang='lat' dir='ltr'><strong>In</strong></span> <span class='ocrx_word' id='word_1_149' title='bbox 1483 1855 1717 1913; x_wconf 87' lang='lat' dir='ltr'><strong>sudibus</strong></span> <span class='ocrx_word' id='word_1_150' title='bbox 1752 1855 1937 1927; x_wconf 83' lang='lat' dir='ltr'><strong>itaque</strong></span> 
     </span>
    </p>
   </div>
   <div class='ocr_carea' id='block_1_21' title="bbox 336 1942 1936 2019">
    <p class='ocr_par' dir='ltr' id='par_1_21' title="bbox 336 1942 1936 2019">
     <span class='ocr_line' id='line_1_21' title="bbox 336 1942 1936 2019; baseline -0.001 -19"><span class='ocrx_word' id='word_1_151' title='bbox 336 1944 611 2001; x_wconf 90' lang='lat' dir='ltr'><strong>Dominus</strong></span> <span class='ocrx_word' id='word_1_152' title='bbox 639 1962 797 2003; x_wconf 86' lang='lat' dir='ltr'><strong>nares</strong></span> <span class='ocrx_word' id='word_1_153' title='bbox 825 1944 945 2018; x_wconf 90' lang='lat' dir='ltr'><strong>ejus</strong></span> <span class='ocrx_word' id='word_1_154' title='bbox 970 1947 1230 2019; x_wconf 81' lang='lat' dir='ltr'><strong>perforat,</strong></span> <span class='ocrx_word' id='word_1_155' title='bbox 1261 1945 1392 2019; x_wconf 89' lang='lat' dir='ltr'><strong>quia</strong></span> <span class='ocrx_word' id='word_1_156' title='bbox 1432 1944 1663 2003; x_wconf 87' lang='lat' dir='ltr'><strong>callidas</strong></span> <span class='ocrx_word' id='word_1_157' title='bbox 1692 1942 1809 2015; x_wconf 87' lang='lat' dir='ltr'><strong>ejus</strong></span> <span class='ocrx_word' id='word_1_158' title='bbox 1838 1944 1936 1999; x_wconf 91' lang='lat' dir='ltr'><strong>in-</strong></span> 
     </span>
    </p>
   </div>
   <div class='ocr_carea' id='block_1_22' title="bbox 340 2033 1934 2110">
    <p class='ocr_par' dir='ltr' id='par_1_22' title="bbox 340 2033 1934 2110">
     <span class='ocr_line' id='line_1_22' title="bbox 340 2033 1934 2110; baseline -0.001 -20"><span class='ocrx_word' id='word_1_159' title='bbox 340 2033 509 2091; x_wconf 88' lang='lat' dir='ltr'><strong>sidias</strong></span> <span class='ocrx_word' id='word_1_160' title='bbox 527 2035 703 2092; x_wconf 89' lang='lat' dir='ltr'><strong>acutis</strong></span> <span class='ocrx_word' id='word_1_161' title='bbox 731 2045 1046 2095; x_wconf 88' lang='lat' dir='ltr'><strong>sanctorum</strong></span> <span class='ocrx_word' id='word_1_162' title='bbox 1077 2037 1329 2094; x_wconf 88' lang='lat' dir='ltr'><strong>sensibus</strong></span> <span class='ocrx_word' id='word_1_163' title='bbox 1356 2044 1651 2110; x_wconf 85' lang='lat' dir='ltr'><strong>penetrans</strong></span> <span class='ocrx_word' id='word_1_164' title='bbox 1687 2041 1934 2091; x_wconf 89' lang='lat' dir='ltr'><strong>enervat.</strong></span> 
     </span>
    </p>
   </div>
   <div class='ocr_carea' id='block_1_23' title="bbox 339 2126 1938 2200">
    <p class='ocr_par' dir='ltr' id='par_1_23' title="bbox 339 2126 1938 2200">
     <span class='ocr_line' id='line_1_23' title="bbox 339 2126 1938 2200; baseline 0.002 -18"><span class='ocrx_word' id='word_1_165' title='bbox 339 2126 490 2200; x_wconf 82' lang='lat' dir='ltr'><strong>Saepe</strong></span> <span class='ocrx_word' id='word_1_166' title='bbox 518 2138 699 2186; x_wconf 91' lang='lat' dir='ltr'><strong>autem</strong></span> <span class='ocrx_word' id='word_1_167' title='bbox 729 2129 1002 2186; x_wconf 91' lang='lat' dir='ltr'><strong>bonorum</strong></span> <span class='ocrx_word' id='word_1_168' title='bbox 1044 2130 1164 2187; x_wconf 83' lang='lat' dir='ltr'><strong>vias</strong></span> <span class='ocrx_word' id='word_1_169' title='bbox 1194 2138 1347 2187; x_wconf 89' lang='lat' dir='ltr'><strong>tanta</strong></span> <span class='ocrx_word' id='word_1_170' title='bbox 1379 2129 1654 2187; x_wconf 85' lang='lat' dir='ltr'><strong>insidians</strong></span> <span class='ocrx_word' id='word_1_171' title='bbox 1687 2135 1802 2187; x_wconf 89' lang='lat' dir='ltr'><strong>arte</strong></span> <span class='ocrx_word' id='word_1_172' title='bbox 1834 2130 1938 2186; x_wconf 87' lang='lat' dir='ltr'><strong>cir-</strong></span> 
     </span>
    </p>
   </div>
   <div class='ocr_carea' id='block_1_24' title="bbox 338 2219 1939 2295">
    <p class='ocr_par' dir='ltr' id='par_1_24' title="bbox 338 2219 1939 2295">
     <span class='ocr_line' id='line_1_24' title="bbox 338 2219 1939 2295; baseline 0.002 -23"><span class='ocrx_word' id='word_1_173' title='bbox 338 2219 639 2288; x_wconf 87' lang='lat' dir='ltr'><strong>cumvolat,</strong></span> <span class='ocrx_word' id='word_1_174' title='bbox 663 2229 725 2277; x_wconf 92' lang='lat' dir='ltr'><strong>ut</strong></span> <span class='ocrx_word' id='word_1_175' title='bbox 752 2237 846 2293; x_wconf 88' lang='lat' dir='ltr'><strong>per</strong></span> <span class='ocrx_word' id='word_1_176' title='bbox 864 2237 927 2276; x_wconf 90' lang='lat' dir='ltr'><strong>ea</strong></span> <span class='ocrx_word' id='word_1_177' title='bbox 965 2237 1086 2293; x_wconf 80' lang='lat' dir='ltr'><strong>quae</strong></span> <span class='ocrx_word' id='word_1_178' title='bbox 1118 2220 1208 2295; x_wconf 28' lang='grc' dir='ltr'><strong>ζει)</strong></span> <span class='ocrx_word' id='word_1_179' title='bbox 1236 2221 1317 2277; x_wconf 90' lang='lat' dir='ltr'><strong>eis</strong></span> <span class='ocrx_word' id='word_1_180' title='bbox 1371 2220 1510 2277; x_wconf 86' lang='lat' dir='ltr'><strong>bene</strong></span> <span class='ocrx_word' id='word_1_181' title='bbox 1553 2229 1705 2294; x_wconf 90' lang='lat' dir='ltr'><strong>gesta</strong></span> <span class='ocrx_word' id='word_1_182' title='bbox 1742 2236 1939 2292; x_wconf 87' lang='lat' dir='ltr'><strong>cogno-</strong></span> 
     </span>
    </p>
   </div>
   <div class='ocr_carea' id='block_1_25' title="bbox 339 2307 1939 2383">
    <p class='ocr_par' dir='ltr' id='par_1_25' title="bbox 339 2307 1939 2383">
     <span class='ocr_line' id='line_1_25' title="bbox 339 2307 1939 2383; baseline 0.002 -22"><span class='ocrx_word' id='word_1_183' title='bbox 339 2307 504 2377; x_wconf 87' lang='lat' dir='ltr'><strong>verit,</strong></span> <span class='ocrx_word' id='word_1_184' title='bbox 535 2308 605 2365; x_wconf 89' lang='lat' dir='ltr'><strong>ad</strong></span> <span class='ocrx_word' id='word_1_185' title='bbox 633 2309 904 2366; x_wconf 88' lang='lat' dir='ltr'><strong>malitiam</strong></span> <span class='ocrx_word' id='word_1_186' title='bbox 933 2308 1144 2365; x_wconf 88' lang='lat' dir='ltr'><strong>aditum</strong></span> <span class='ocrx_word' id='word_1_187' title='bbox 1176 2317 1402 2383; x_wconf 68' lang='lat' dir='ltr'><strong>quierat.</strong></span> <span class='ocrx_word' id='word_1_188' title='bbox 1435 2310 1571 2366; x_wconf 87' lang='lat' dir='ltr'><strong>Nam</strong></span> <span class='ocrx_word' id='word_1_189' title='bbox 1601 2309 1749 2367; x_wconf 91' lang='lat' dir='ltr'><strong>unde</strong></span> <span class='ocrx_word' id='word_1_190' title='bbox 1768 2309 1939 2365; x_wconf 89' lang='lat' dir='ltr'><strong>alium</strong></span> 
     </span>
    </p>
   </div>
   <div class='ocr_carea' id='block_1_26' title="bbox 340 2395 1941 2470">
    <p class='ocr_par' dir='ltr' id='par_1_26' title="bbox 340 2395 1941 2470">
     <span class='ocr_line' id='line_1_26' title="bbox 340 2395 1941 2470; baseline 0 -18"><span class='ocrx_word' id='word_1_191' title='bbox 340 2395 530 2469; x_wconf 88' lang='lat' dir='ltr'><strong>largiri</strong></span> <span class='ocrx_word' id='word_1_192' title='bbox 555 2397 691 2470; x_wconf 90' lang='lat' dir='ltr'><strong>quid</strong></span> <span class='ocrx_word' id='word_1_193' title='bbox 718 2399 1010 2470; x_wconf 89' lang='lat' dir='ltr'><strong>conspicit,</strong></span> <span class='ocrx_word' id='word_1_194' title='bbox 1042 2397 1169 2453; x_wconf 87' lang='lat' dir='ltr'><strong>inde</strong></span> <span class='ocrx_word' id='word_1_195' title='bbox 1198 2398 1369 2454; x_wconf 89' lang='lat' dir='ltr'><strong>alium</strong></span> <span class='ocrx_word' id='word_1_196' title='bbox 1392 2399 1451 2453; x_wconf 91' lang='lat' dir='ltr'><strong>in</strong></span> <span class='ocrx_word' id='word_1_197' title='bbox 1476 2397 1770 2455; x_wconf 67' lang='lat' dir='ltr'><strong>discordiae</strong></span> <span class='ocrx_word' id='word_1_198' title='bbox 1790 2397 1941 2452; x_wconf 88' lang='lat' dir='ltr'><strong>ﬂam-</strong></span> 
     </span>
    </p>
   </div>
   <div class='ocr_carea' id='block_1_27' title="bbox 340 2485 1941 2558">
    <p class='ocr_par' dir='ltr' id='par_1_27' title="bbox 340 2485 1941 2558">
     <span class='ocr_line' id='line_1_27' title="bbox 340 2485 1941 2558; baseline -0.001 -16"><span class='ocrx_word' id='word_1_199' title='bbox 340 2503 432 2543; x_wconf 90' lang='lat' dir='ltr'><strong>ma</strong></span> <span class='ocrx_word' id='word_1_200' title='bbox 461 2487 754 2544; x_wconf 87' lang='lat' dir='ltr'><strong>succendit</strong></span> <span class='ocrx_word' id='word_1_201' title='bbox 772 2495 855 2555; x_wconf 87' lang='lat' dir='ltr'><strong>;et</strong></span> <span class='ocrx_word' id='word_1_202' title='bbox 873 2504 1001 2543; x_wconf 89' lang='lat' dir='ltr'><strong>cum</strong></span> <span class='ocrx_word' id='word_1_203' title='bbox 1021 2485 1173 2542; x_wconf 91' lang='lat' dir='ltr'><strong>hunc</strong></span> <span class='ocrx_word' id='word_1_204' title='bbox 1188 2487 1413 2558; x_wconf 86' lang='lat' dir='ltr'><strong>respicit</strong></span> <span class='ocrx_word' id='word_1_205' title='bbox 1432 2486 1707 2555; x_wconf 86' lang='lat' dir='ltr'><strong>misereri,</strong></span> <span class='ocrx_word' id='word_1_206' title='bbox 1721 2486 1804 2543; x_wconf 90' lang='lat' dir='ltr'><strong>illi</strong></span> <span class='ocrx_word' id='word_1_207' title='bbox 1825 2500 1941 2557; x_wconf 87' lang='lat' dir='ltr'><strong>per-</strong></span> 
     </span>
    </p>
   </div>
   <div class='ocr_carea' id='block_1_28' title="bbox 340 2574 1944 2647">
    <p class='ocr_par' dir='ltr' id='par_1_28' title="bbox 340 2574 1944 2647">
     <span class='ocr_line' id='line_1_28' title="bbox 340 2574 1944 2647; baseline -0.001 -16"><span class='ocrx_word' id='word_1_208' title='bbox 340 2574 542 2631; x_wconf 87' lang='lat' dir='ltr'><strong>suadet</strong></span> <span class='ocrx_word' id='word_1_209' title='bbox 572 2575 759 2642; x_wconf 89' lang='lat' dir='ltr'><strong>irasci,</strong></span> <span class='ocrx_word' id='word_1_210' title='bbox 788 2583 851 2631; x_wconf 88' lang='lat' dir='ltr'><strong>ut</strong></span> <span class='ocrx_word' id='word_1_211' title='bbox 878 2574 1011 2630; x_wconf 88' lang='lat' dir='ltr'><strong>dum</strong></span> <span class='ocrx_word' id='word_1_212' title='bbox 1050 2574 1257 2630; x_wconf 90' lang='lat' dir='ltr'><strong>bonum</strong></span> <span class='ocrx_word' id='word_1_213' title='bbox 1292 2576 1447 2647; x_wconf 89' lang='lat' dir='ltr'><strong>quasi</strong></span> <span class='ocrx_word' id='word_1_214' title='bbox 1475 2592 1587 2631; x_wconf 91' lang='lat' dir='ltr'><strong>non</strong></span> <span class='ocrx_word' id='word_1_215' title='bbox 1624 2575 1944 2633; x_wconf 89' lang='lat' dir='ltr'><strong>communi-</strong></span> 
     </span>
    </p>
   </div>
   <div class='ocr_carea' id='block_1_29' title="bbox 340 2663 1942 2731">
    <p class='ocr_par' dir='ltr' id='par_1_29' title="bbox 340 2663 1942 2731">
     <span class='ocr_line' id='line_1_29' title="bbox 340 2663 1942 2731; baseline 0.001 -12"><span class='ocrx_word' id='word_1_216' title='bbox 340 2669 431 2719; x_wconf 89' lang='lat' dir='ltr'><strong>ter</strong></span> <span class='ocrx_word' id='word_1_217' title='bbox 461 2668 653 2727; x_wconf 82' lang='lat'><strong>1086</strong></span> <span class='ocrx_word' id='word_1_218' title='bbox 675 2663 880 2720; x_wconf 89' lang='lat' dir='ltr'><strong>factum</strong></span> <span class='ocrx_word' id='word_1_219' title='bbox 911 2663 1180 2731; x_wconf 87' lang='lat' dir='ltr'><strong>insinuat,</strong></span> <span class='ocrx_word' id='word_1_220' title='bbox 1220 2663 1521 2721; x_wconf 91' lang='lat' dir='ltr'><strong>concordes</strong></span> <span class='ocrx_word' id='word_1_221' title='bbox 1549 2665 1764 2721; x_wconf 89' lang='lat' dir='ltr'><strong>animos</strong></span> <span class='ocrx_word' id='word_1_222' title='bbox 1783 2681 1815 2720; x_wconf 90' lang='lat' dir='ltr'><strong>a</strong></span> <span class='ocrx_word' id='word_1_223' title='bbox 1840 2664 1942 2721; x_wconf 84' lang='lat' dir='ltr'><strong>bo-</strong></span> 
     </span>
    </p>
   </div>
   <div class='ocr_carea' id='block_1_30' title="bbox 341 2760 1941 2834">
    <p class='ocr_par' dir='ltr' id='par_1_30' title="bbox 341 2760 1941 2834">
     <span class='ocr_line' id='line_1_30' title="bbox 341 2760 1941 2834; baseline -0.001 -16"><span class='ocrx_word' id='word_1_224' title='bbox 341 2777 416 2818; x_wconf 91' lang='lat' dir='ltr'><strong>no</strong></span> <span class='ocrx_word' id='word_1_225' title='bbox 436 2761 627 2833; x_wconf 78' lang='lat' dir='ltr'><strong>gratiae</strong></span> <span class='ocrx_word' id='word_1_226' title='bbox 655 2761 968 2819; x_wconf 88' lang='lat' dir='ltr'><strong>communis</strong></span> <span class='ocrx_word' id='word_1_227' title='bbox 993 2760 1296 2818; x_wconf 87' lang='lat' dir='ltr'><strong>abscindat.</strong></span> <span class='ocrx_word' id='word_1_228' title='bbox 1327 2761 1467 2829; x_wconf 86' lang='lat' dir='ltr'><strong>Quia</strong></span> <span class='ocrx_word' id='word_1_229' title='bbox 1494 2763 1641 2819; x_wconf 92' lang='lat' dir='ltr'><strong>enim</strong></span> <span class='ocrx_word' id='word_1_230' title='bbox 1663 2762 1941 2834; x_wconf 91' lang='lat' dir='ltr'><strong>justorum</strong></span> 
     </span>
    </p>
   </div>
   <div class='ocr_carea' id='block_1_31' title="bbox 347 2852 1943 2927">
    <p class='ocr_par' dir='ltr' id='par_1_31' title="bbox 347 2852 1943 2927">
     <span class='ocr_line' id='line_1_31' title="bbox 347 2852 1943 2927; baseline 0.001 -18"><span class='ocrx_word' id='word_1_231' title='bbox 347 2861 558 2909; x_wconf 88' lang='lat' dir='ltr'><strong>mentes</strong></span> <span class='ocrx_word' id='word_1_232' title='bbox 587 2852 657 2909; x_wconf 91' lang='lat' dir='ltr'><strong>ad</strong></span> <span class='ocrx_word' id='word_1_233' title='bbox 698 2859 840 2909; x_wconf 89' lang='lat' dir='ltr'><strong>mala</strong></span> <span class='ocrx_word' id='word_1_234' title='bbox 866 2852 1148 2909; x_wconf 90' lang='lat' dir='ltr'><strong>suadendo</strong></span> <span class='ocrx_word' id='word_1_235' title='bbox 1184 2869 1297 2909; x_wconf 87' lang='lat' dir='ltr'><strong>non</strong></span> <span class='ocrx_word' id='word_1_236' title='bbox 1326 2854 1472 2911; x_wconf 90' lang='lat' dir='ltr'><strong>valet</strong></span> <span class='ocrx_word' id='word_1_237' title='bbox 1491 2853 1943 2927; x_wconf 88' lang='lat' dir='ltr'><strong>frangere,bonis</strong></span> 
     </span>
    </p>
   </div>
   <div class='ocr_carea' id='block_1_32' title="bbox 350 2941 1939 3014">
    <p class='ocr_par' dir='ltr' id='par_1_32' title="bbox 350 2941 1939 3014">
     <span class='ocr_line' id='line_1_32' title="bbox 350 2941 1939 3014; baseline 0.001 -16"><span class='ocrx_word' id='word_1_238' title='bbox 350 2941 547 3014; x_wconf 81' lang='lat' dir='ltr'><strong>satagit</strong></span> <span class='ocrx_word' id='word_1_239' title='bbox 565 2941 783 2998; x_wconf 89' lang='lat' dir='ltr'><strong>actibus</strong></span> <span class='ocrx_word' id='word_1_240' title='bbox 811 2942 956 2999; x_wconf 90' lang='lat' dir='ltr'><strong>inter</strong></span> <span class='ocrx_word' id='word_1_241' title='bbox 983 2958 1073 2998; x_wconf 90' lang='lat' dir='ltr'><strong>eas</strong></span> <span class='ocrx_word' id='word_1_242' title='bbox 1102 2944 1243 2999; x_wconf 90' lang='lat' dir='ltr'><strong>mala</strong></span> <span class='ocrx_word' id='word_1_243' title='bbox 1286 2944 1575 3000; x_wconf 88' lang='lat' dir='ltr'><strong>seminare.</strong></span> <span class='ocrx_word' id='word_1_244' title='bbox 1623 2942 1728 3000; x_wconf 89' lang='lat' dir='ltr'><strong>Sed</strong></span> <span class='ocrx_word' id='word_1_245' title='bbox 1765 2945 1939 3001; x_wconf 87' lang='lat' dir='ltr'><strong>sancti</strong></span> 
     </span>
    </p>
   </div>
   <div class='ocr_carea' id='block_1_33' title="bbox 350 3029 1943 3106">
    <p class='ocr_par' dir='ltr' id='par_1_33' title="bbox 350 3029 1943 3106">
     <span class='ocr_line' id='line_1_33' title="bbox 350 3029 1943 3106; baseline 0.003 -22"><span class='ocrx_word' id='word_1_246' title='bbox 350 3030 453 3086; x_wconf 87' lang='lat' dir='ltr'><strong>viri</strong></span> <span class='ocrx_word' id='word_1_247' title='bbox 486 3031 586 3087; x_wconf 89' lang='lat' dir='ltr'><strong>has</strong></span> <span class='ocrx_word' id='word_1_248' title='bbox 614 3029 732 3103; x_wconf 91' lang='lat' dir='ltr'><strong>ejus</strong></span> <span class='ocrx_word' id='word_1_249' title='bbox 758 3031 989 3100; x_wconf 84' lang='lat' dir='ltr'><strong>insidias</strong></span> <span class='ocrx_word' id='word_1_250' title='bbox 1006 3039 1159 3089; x_wconf 87' lang='lat' dir='ltr'><strong>tanto</strong></span> <span class='ocrx_word' id='word_1_251' title='bbox 1184 3033 1416 3090; x_wconf 90' lang='lat' dir='ltr'><strong>celerius</strong></span> <span class='ocrx_word' id='word_1_252' title='bbox 1445 3033 1700 3101; x_wconf 89' lang='lat' dir='ltr'><strong>vincunt,</strong></span> <span class='ocrx_word' id='word_1_253' title='bbox 1737 3040 1943 3106; x_wconf 89' lang='lat' dir='ltr'><strong>quanto</strong></span> 
     </span>
    </p>
   </div>
   <div class='ocr_carea' id='block_1_34' title="bbox 348 3119 1942 3193">
    <p class='ocr_par' dir='ltr' id='par_1_34' title="bbox 348 3119 1942 3193">
     <span class='ocr_line' id='line_1_34' title="bbox 348 3119 1942 3193; baseline 0.001 -17"><span class='ocrx_word' id='word_1_254' title='bbox 348 3129 400 3176; x_wconf 91' lang='lat' dir='ltr'><strong>et</strong></span> <span class='ocrx_word' id='word_1_255' title='bbox 427 3119 689 3177; x_wconf 89' lang='lat' dir='ltr'><strong>subtilius</strong></span> <span class='ocrx_word' id='word_1_256' title='bbox 720 3120 1158 3193; x_wconf 88' lang='lat' dir='ltr'><strong>deprehendunt.</strong></span> <span class='ocrx_word' id='word_1_257' title='bbox 1189 3121 1347 3190; x_wconf 89' lang='lat' dir='ltr'><strong>Quod</strong></span> <span class='ocrx_word' id='word_1_258' title='bbox 1373 3121 1572 3178; x_wconf 89' lang='lat' dir='ltr'><strong>melius</strong></span> <span class='ocrx_word' id='word_1_259' title='bbox 1599 3121 1942 3178; x_wconf 88' lang='lat' dir='ltr'><strong>ostendimus</strong></span> 
     </span>
    </p>
   </div>
   <div class='ocr_carea' id='block_1_35' title="bbox 346 3209 1948 3269">
    <p class='ocr_par' dir='ltr' id='par_1_35' title="bbox 346 3209 1948 3269">
     <span class='ocr_line' id='line_1_35' title="bbox 346 3209 1948 3269; baseline 0.002 -5"><span class='ocrx_word' id='word_1_260' title='bbox 346 3209 391 3264; x_wconf 89' lang='lat' dir='ltr'><strong>si</strong></span> <span class='ocrx_word' id='word_1_261' title='bbox 425 3226 597 3266; x_wconf 90' lang='lat' dir='ltr'><strong>unum</strong></span> <span class='ocrx_word' id='word_1_262' title='bbox 621 3226 650 3265; x_wconf 90' lang='lat' dir='ltr'><strong>e</strong></span> <span class='ocrx_word' id='word_1_263' title='bbox 680 3210 872 3267; x_wconf 89' lang='lat' dir='ltr'><strong>multis</strong></span> <span class='ocrx_word' id='word_1_264' title='bbox 899 3211 1265 3267; x_wconf 88' lang='lat' dir='ltr'><strong>assertoribus</strong></span> <span class='ocrx_word' id='word_1_265' title='bbox 1311 3210 1562 3269; x_wconf 85' lang='lat' dir='ltr'><strong>veritatis</strong></span> <span class='ocrx_word' id='word_1_266' title='bbox 1596 3211 1653 3267; x_wconf 89' lang='lat' dir='ltr'><strong>in</strong></span> <span class='ocrx_word' id='word_1_267' title='bbox 1682 3212 1948 3268; x_wconf 81' lang='lat' dir='ltr'><strong>testimo-</strong></span> 
     </span>
    </p>
   </div>
   <div class='ocr_carea' id='block_1_36' title="bbox 346 3296 1947 3374">
    <p class='ocr_par' dir='ltr' id='par_1_36' title="bbox 346 3296 1947 3374">
     <span class='ocr_line' id='line_1_36' title="bbox 346 3296 1947 3374; baseline 0.003 -21"><span class='ocrx_word' id='word_1_268' title='bbox 346 3296 501 3354; x_wconf 91' lang='lat' dir='ltr'><strong>nium</strong></span> <span class='ocrx_word' id='word_1_269' title='bbox 531 3299 762 3356; x_wconf 88' lang='lat' dir='ltr'><strong>Paulum</strong></span> <span class='ocrx_word' id='word_1_270' title='bbox 791 3316 1072 3369; x_wconf 90' lang='lat' dir='ltr'><strong>vocemus,</strong></span> <span class='ocrx_word' id='word_1_271' title='bbox 1105 3300 1208 3356; x_wconf 89' lang='lat' dir='ltr'><strong>sub</strong></span> <span class='ocrx_word' id='word_1_272' title='bbox 1238 3317 1347 3374; x_wconf 92' lang='lat' dir='ltr'><strong>quo</strong></span> <span class='ocrx_word' id='word_1_273' title='bbox 1367 3300 1590 3373; x_wconf 91' lang='lat' dir='ltr'><strong>quidam</strong></span> <span class='ocrx_word' id='word_1_274' title='bbox 1620 3300 1947 3358; x_wconf 83' lang='lat' dir='ltr'><strong>Corinthius</strong></span> 
     </span>
    </p>
   </div>
   <div class='ocr_carea' id='block_1_37' title="bbox 346 3384 1947 3462">
    <p class='ocr_par' dir='ltr' id='par_1_37' title="bbox 346 3384 1947 3462">
     <span class='ocr_line' id='line_1_37' title="bbox 346 3384 1947 3462; baseline 0.002 -19"><span class='ocrx_word' id='word_1_275' title='bbox 346 3384 478 3444; x_wconf 89' lang='lat' dir='ltr'><strong>dum</strong></span> <span class='ocrx_word' id='word_1_276' title='bbox 497 3385 692 3445; x_wconf 89' lang='lat' dir='ltr'><strong>incesti</strong></span> <span class='ocrx_word' id='word_1_277' title='bbox 731 3388 947 3446; x_wconf 83' lang='lat' dir='ltr'><strong>facinus</strong></span> <span class='ocrx_word' id='word_1_278' title='bbox 980 3398 1364 3462; x_wconf 86' lang='lat' dir='ltr'><strong>perpetrasset,</strong></span> <span class='ocrx_word' id='word_1_279' title='bbox 1395 3406 1519 3446; x_wconf 92' lang='lat' dir='ltr'><strong>eum</strong></span> <span class='ocrx_word' id='word_1_280' title='bbox 1552 3389 1747 3447; x_wconf 89' lang='lat' dir='ltr'><strong>doctor</strong></span> <span class='ocrx_word' id='word_1_281' title='bbox 1784 3406 1947 3462; x_wconf 88' lang='lat' dir='ltr'><strong>egre-</strong></span> 
     </span>
    </p>
   </div>
   <div class='ocr_carea' id='block_1_38' title="bbox 346 3475 1949 3550">
    <p class='ocr_par' dir='ltr' id='par_1_38' title="bbox 346 3475 1949 3550">
     <span class='ocr_line' id='line_1_38' title="bbox 346 3475 1949 3550; baseline 0.002 -18"><span class='ocrx_word' id='word_1_282' title='bbox 346 3477 470 3549; x_wconf 89' lang='lat' dir='ltr'><strong>gius</strong></span> <span class='ocrx_word' id='word_1_283' title='bbox 498 3477 557 3534; x_wconf 92' lang='lat' dir='ltr'><strong>in</strong></span> <span class='ocrx_word' id='word_1_284' title='bbox 587 3479 768 3536; x_wconf 90' lang='lat' dir='ltr'><strong>carnis</strong></span> <span class='ocrx_word' id='word_1_285' title='bbox 806 3475 1091 3537; x_wconf 90' lang='lat' dir='ltr'><strong>interitum</strong></span> <span class='ocrx_word' id='word_1_286' title='bbox 1113 3480 1183 3536; x_wconf 90' lang='lat' dir='ltr'><strong>ad</strong></span> <span class='ocrx_word' id='word_1_287' title='bbox 1211 3479 1643 3537; x_wconf 85' lang='lat' dir='ltr'><strong>satisfactionem</strong></span> <span class='ocrx_word' id='word_1_288' title='bbox 1666 3478 1949 3550; x_wconf 75' lang='lat' dir='ltr'><strong>pmniten—</strong></span> 
     </span>
    </p>
   </div>
   <div class='ocr_carea' id='block_1_39' title="bbox 347 3568 1951 3640">
    <p class='ocr_par' dir='ltr' id='par_1_39' title="bbox 347 3568 1951 3640">
     <span class='ocr_line' id='line_1_39' title="bbox 347 3568 1951 3640; baseline 0 -15"><span class='ocrx_word' id='word_1_289' title='bbox 347 3568 439 3625; x_wconf 75' lang='lat' dir='ltr'><strong>tiae</strong></span> <span class='ocrx_word' id='word_1_290' title='bbox 470 3568 683 3626; x_wconf 66' lang='lat' dir='ltr'><strong>Satanae</strong></span> <span class='ocrx_word' id='word_1_291' title='bbox 709 3569 962 3638; x_wconf 88' lang='lat' dir='ltr'><strong>tradidit,</strong></span> <span class='ocrx_word' id='word_1_292' title='bbox 993 3577 1047 3626; x_wconf 93' lang='lat' dir='ltr'><strong>et</strong></span> <span class='ocrx_word' id='word_1_293' title='bbox 1076 3569 1135 3625; x_wconf 91' lang='lat' dir='ltr'><strong>in</strong></span> <span class='ocrx_word' id='word_1_294' title='bbox 1163 3569 1310 3625; x_wconf 92' lang='lat' dir='ltr'><strong>diem</strong></span> <span class='ocrx_word' id='word_1_295' title='bbox 1331 3568 1557 3625; x_wconf 92' lang='lat' dir='ltr'><strong>Domini</strong></span> <span class='ocrx_word' id='word_1_296' title='bbox 1587 3568 1802 3625; x_wconf 89' lang='lat' dir='ltr'><strong>salvum</strong></span> <span class='ocrx_word' id='word_1_297' title='bbox 1833 3568 1951 3640; x_wconf 86' lang='lat' dir='ltr'><strong>ejus</strong></span> 
     </span>
    </p>
   </div>
   <div class='ocr_carea' id='block_1_40' title="bbox 346 3656 1950 3732">
    <p class='ocr_par' dir='ltr' id='par_1_40' title="bbox 346 3656 1950 3732">
     <span class='ocr_line' id='line_1_40' title="bbox 346 3656 1950 3732; baseline -0.002 -17"><span class='ocrx_word' id='word_1_298' title='bbox 346 3656 605 3732; x_wconf 89' lang='lat' dir='ltr'><strong>spiritum</strong></span> <span class='ocrx_word' id='word_1_299' title='bbox 644 3660 948 3716; x_wconf 85' lang='lat' dir='ltr'><strong>reservavit</strong></span> <span class='ocrx_word' id='word_1_300' title='bbox 977 3659 1035 3731; x_wconf 90' lang='grc' dir='ltr'><strong>(Ι</strong></span> <span class='ocrx_word' id='word_1_301' title='bbox 1054 3659 1178 3716; x_wconf 81' lang='lat' dir='ltr'><strong>Cor.</strong></span> <span class='ocrx_word' id='word_1_302' title='bbox 1203 3676 1259 3727; x_wconf 88' lang='lat' dir='ltr'><strong>v,</strong></span> <span class='ocrx_word' id='word_1_303' title='bbox 1288 3658 1369 3730; x_wconf 83' lang='lat'><strong>5).</strong></span> <span class='ocrx_word' id='word_1_304' title='bbox 1397 3658 1591 3729; x_wconf 86' lang='lat' dir='ltr'><strong>Magna</strong></span> <span class='ocrx_word' id='word_1_305' title='bbox 1609 3656 1815 3730; x_wconf 81' lang='lat' dir='ltr'><strong>quippe</strong></span> <span class='ocrx_word' id='word_1_306' title='bbox 1835 3664 1950 3713; x_wconf 90' lang='lat' dir='ltr'><strong>arte</strong></span> 
     </span>
    </p>
   </div>
   <div class='ocr_carea' id='block_1_41' title="bbox 346 3745 1949 3822">
    <p class='ocr_par' dir='ltr' id='par_1_41' title="bbox 346 3745 1949 3822">
     <span class='ocr_line' id='line_1_41' title="bbox 346 3745 1949 3822; baseline -0.001 -18"><span class='ocrx_word' id='word_1_307' title='bbox 346 3748 649 3819; x_wconf 80' lang='lat' dir='ltr'><strong>magisterii</strong></span> <span class='ocrx_word' id='word_1_308' title='bbox 680 3749 786 3822; x_wconf 90' lang='lat' dir='ltr'><strong>ipsi</strong></span> <span class='ocrx_word' id='word_1_309' title='bbox 812 3757 894 3806; x_wconf 90' lang='lat' dir='ltr'><strong>est</strong></span> <span class='ocrx_word' id='word_1_310' title='bbox 943 3747 1180 3804; x_wconf 86' lang='lat' dir='ltr'><strong>traditus</strong></span> <span class='ocrx_word' id='word_1_311' title='bbox 1224 3753 1447 3805; x_wconf 89' lang='lat' dir='ltr'><strong>coactus</strong></span> <span class='ocrx_word' id='word_1_312' title='bbox 1490 3745 1549 3802; x_wconf 91' lang='lat' dir='ltr'><strong>in</strong></span> <span class='ocrx_word' id='word_1_313' title='bbox 1608 3762 1825 3818; x_wconf 79' lang='lat' dir='ltr'><strong>poenam</strong></span> <span class='ocrx_word' id='word_1_314' title='bbox 1856 3746 1949 3803; x_wconf 90' lang='lat' dir='ltr'><strong>cui</strong></span> 
     </span>
    </p>
   </div>
   <div class='ocr_carea' id='block_1_42' title="bbox 347 3833 1953 3911">
    <p class='ocr_par' dir='ltr' id='par_1_42' title="bbox 347 3833 1953 3911">
     <span class='ocr_line' id='line_1_42' title="bbox 347 3833 1953 3911; baseline -0.002 -16"><span class='ocrx_word' id='word_1_315' title='bbox 347 3847 545 3911; x_wconf 77' lang='lat' dir='ltr'><strong>Sponte</strong></span> <span class='ocrx_word' id='word_1_316' title='bbox 574 3848 655 3896; x_wconf 87' lang='lat' dir='ltr'><strong>est</strong></span> <span class='ocrx_word' id='word_1_317' title='bbox 683 3839 991 3895; x_wconf 85' lang='lat' dir='ltr'><strong>substratus</strong></span> <span class='ocrx_word' id='word_1_318' title='bbox 1019 3837 1078 3893; x_wconf 91' lang='lat' dir='ltr'><strong>in</strong></span> <span class='ocrx_word' id='word_1_319' title='bbox 1111 3837 1296 3910; x_wconf 91' lang='lat' dir='ltr'><strong>culpa,</strong></span> <span class='ocrx_word' id='word_1_320' title='bbox 1326 3843 1389 3892; x_wconf 92' lang='lat' dir='ltr'><strong>ut</strong></span> <span class='ocrx_word' id='word_1_321' title='bbox 1427 3836 1525 3909; x_wconf 90' lang='lat' dir='ltr'><strong>qui</strong></span> <span class='ocrx_word' id='word_1_322' title='bbox 1550 3842 1746 3892; x_wconf 90' lang='lat' dir='ltr'><strong>auctor</strong></span> <span class='ocrx_word' id='word_1_323' title='bbox 1773 3833 1953 3891; x_wconf 88' lang='lat' dir='ltr'><strong>fuerat</strong></span> 
     </span>
    </p>
   </div>
   <div class='ocr_carea' id='block_1_43' title="bbox 349 3923 1947 4002">
    <p class='ocr_par' dir='ltr' id='par_1_43' title="bbox 349 3923 1947 4002">
     <span class='ocr_line' id='line_1_43' title="bbox 349 3923 1947 4002; baseline -0.004 -15"><span class='ocrx_word' id='word_1_324' title='bbox 349 3928 418 3987; x_wconf 88' lang='lat' dir='ltr'><strong>ad</strong></span> <span class='ocrx_word' id='word_1_325' title='bbox 450 3928 654 3985; x_wconf 88' lang='lat' dir='ltr'><strong>vitium</strong></span> <span class='ocrx_word' id='word_1_326' title='bbox 684 3927 967 4002; x_wconf 88' lang='lat' dir='ltr'><strong>nequitiae,</strong></span> <span class='ocrx_word' id='word_1_327' title='bbox 1001 3927 1117 4000; x_wconf 91' lang='lat' dir='ltr'><strong>ipse</strong></span> <span class='ocrx_word' id='word_1_328' title='bbox 1146 3925 1421 4000; x_wconf 84' lang='lat' dir='ltr'><strong>ﬂagellum</strong></span> <span class='ocrx_word' id='word_1_329' title='bbox 1443 3924 1600 3981; x_wconf 83' lang='lat' dir='ltr'><strong>fieret</strong></span> <span class='ocrx_word' id='word_1_330' title='bbox 1616 3923 1947 3996; x_wconf 78' lang='lat' dir='ltr'><strong>disciplinae.</strong></span> 
     </span>
    </p>
   </div>
   <div class='ocr_carea' id='block_1_44' title="bbox 349 4014 1954 4091">
    <p class='ocr_par' dir='ltr' id='par_1_44' title="bbox 349 4014 1954 4091">
     <span class='ocr_line' id='line_1_44' title="bbox 349 4014 1954 4091; baseline -0.001 -16"><span class='ocrx_word' id='word_1_331' title='bbox 349 4019 471 4088; x_wconf 90' lang='lat' dir='ltr'><strong>Qua</strong></span> <span class='ocrx_word' id='word_1_332' title='bbox 496 4028 679 4075; x_wconf 86' lang='lat' dir='ltr'><strong>tamen</strong></span> <span class='ocrx_word' id='word_1_333' title='bbox 713 4016 853 4076; x_wconf 89' lang='lat' dir='ltr'><strong>bene</strong></span> <span class='ocrx_word' id='word_1_334' title='bbox 881 4026 1028 4091; x_wconf 87' lang='lat' dir='ltr'><strong>gesta</strong></span> <span class='ocrx_word' id='word_1_335' title='bbox 1059 4017 1403 4090; x_wconf 63' lang='lat' dir='ltr'><strong>poenitentia,</strong></span> <span class='ocrx_word' id='word_1_336' title='bbox 1435 4014 1568 4072; x_wconf 90' lang='lat' dir='ltr'><strong>dum</strong></span> <span class='ocrx_word' id='word_1_337' title='bbox 1604 4014 1954 4088; x_wconf 83' lang='lat' dir='ltr'><strong>cognovisset</strong></span> 
     </span>
    </p>
   </div>
   <div class='ocr_carea' id='block_1_45' title="bbox 351 4106 1947 4182">
    <p class='ocr_par' dir='ltr' id='par_1_45' title="bbox 351 4106 1947 4182">
     <span class='ocr_line' id='line_1_45' title="bbox 351 4106 1947 4182; baseline -0.003 -16"><span class='ocrx_word' id='word_1_338' title='bbox 351 4107 672 4167; x_wconf 87' lang='lat' dir='ltr'><strong>Corinthios</strong></span> <span class='ocrx_word' id='word_1_339' title='bbox 701 4125 862 4182; x_wconf 90' lang='lat' dir='ltr'><strong>super</strong></span> <span class='ocrx_word' id='word_1_340' title='bbox 881 4125 1007 4165; x_wconf 91' lang='lat' dir='ltr'><strong>eum</strong></span> <span class='ocrx_word' id='word_1_341' title='bbox 1023 4107 1138 4180; x_wconf 90' lang='lat' dir='ltr'><strong>jam</strong></span> <span class='ocrx_word' id='word_1_342' title='bbox 1159 4106 1591 4165; x_wconf 89' lang='lat' dir='ltr'><strong>misericorditer</strong></span> <span class='ocrx_word' id='word_1_343' title='bbox 1620 4115 1821 4176; x_wconf 88' lang='lat' dir='ltr'><strong>motos,</strong></span> <span class='ocrx_word' id='word_1_344' title='bbox 1853 4106 1947 4162; x_wconf 87' lang='lat' dir='ltr'><strong>ait:</strong></span> 
     </span>
    </p>
   </div>
   <div class='ocr_carea' id='block_1_46' title="bbox 350 4196 1953 4271">
    <p class='ocr_par' dir='ltr' id='par_1_46' title="bbox 350 4196 1953 4271">
     <span class='ocr_line' id='line_1_46' title="bbox 350 4196 1953 4271; baseline -0.002 -14"><span class='ocrx_word' id='word_1_345' title='bbox 350 4196 374 4235; x_wconf 76' lang='grc'>²</span> <span class='ocrx_word' id='word_1_346' title='bbox 399 4200 502 4257; x_wconf 84' lang='lat' dir='ltr'><strong>Cui</strong></span> <span class='ocrx_word' id='word_1_347' title='bbox 520 4196 732 4271; x_wconf 80' lang='lat' dir='ltr'><strong>aliquid</strong></span> <span class='ocrx_word' id='word_1_348' title='bbox 755 4200 1014 4265; x_wconf 80' lang='lat' dir='ltr'><strong>donastis,</strong></span> <span class='ocrx_word' id='word_1_349' title='bbox 1035 4205 1082 4255; x_wconf 89' lang='lat' dir='ltr'><strong>et</strong></span> <span class='ocrx_word' id='word_1_350' title='bbox 1104 4217 1225 4270; x_wconf 90' lang='lat' dir='ltr'><strong>ego;</strong></span> <span class='ocrx_word' id='word_1_351' title='bbox 1253 4216 1381 4255; x_wconf 86' lang='lat' dir='ltr'><strong>nam</strong></span> <span class='ocrx_word' id='word_1_352' title='bbox 1399 4204 1447 4253; x_wconf 89' lang='lat' dir='ltr'><strong>et</strong></span> <span class='ocrx_word' id='word_1_353' title='bbox 1463 4216 1553 4270; x_wconf 86' lang='lat' dir='ltr'><strong>ego</strong></span> <span class='ocrx_word' id='word_1_354' title='bbox 1568 4197 1709 4269; x_wconf 87' lang='lat' dir='ltr'><strong>quod</strong></span> <span class='ocrx_word' id='word_1_355' title='bbox 1736 4196 1953 4266; x_wconf 79' lang='lat' dir='ltr'><strong>donavi,</strong></span> 
     </span>
    </p>
   </div>
   <div class='ocr_carea' id='block_1_47' title="bbox 350 4287 1951 4361">
    <p class='ocr_par' dir='ltr' id='par_1_47' title="bbox 350 4287 1951 4361">
     <span class='ocr_line' id='line_1_47' title="bbox 350 4287 1951 4361; baseline -0.001 -17"><span class='ocrx_word' id='word_1_356' title='bbox 350 4287 399 4344; x_wconf 86' lang='lat' dir='ltr'><strong>si</strong></span> <span class='ocrx_word' id='word_1_357' title='bbox 428 4289 560 4361; x_wconf 85' lang='lat' dir='ltr'><strong>quid</strong></span> <span class='ocrx_word' id='word_1_358' title='bbox 580 4289 794 4359; x_wconf 84' lang='lat' dir='ltr'><strong>donavi,</strong></span> <span class='ocrx_word' id='word_1_359' title='bbox 811 4295 1032 4361; x_wconf 81' lang='lat' dir='ltr'><strong>propter</strong></span> <span class='ocrx_word' id='word_1_360' title='bbox 1049 4305 1138 4344; x_wconf 72' lang='lat' dir='ltr'><strong>vos</strong></span> <span class='ocrx_word' id='word_1_361' title='bbox 1152 4288 1211 4342; x_wconf 86' lang='lat' dir='ltr'><strong>in</strong></span> <span class='ocrx_word' id='word_1_362' title='bbox 1226 4304 1458 4359; x_wconf 82' lang='lat' dir='ltr'><strong>persona</strong></span> <span class='ocrx_word' id='word_1_363' title='bbox 1482 4287 1685 4343; x_wconf 80' lang='lat' dir='ltr'><strong>Christi</strong></span> <span class='ocrx_word' id='word_1_364' title='bbox 1705 4287 1801 4356; x_wconf 88' lang='lat' dir='ltr'><strong>(II</strong></span> <span class='ocrx_word' id='word_1_365' title='bbox 1823 4287 1951 4342; x_wconf 75' lang='lat' dir='ltr'><strong>Cor.</strong></span> 
     </span>
    </p>
   </div>
   <div class='ocr_carea' id='block_1_48' title="bbox 351 4375 1958 4451">
    <p class='ocr_par' dir='ltr' id='par_1_48' title="bbox 351 4375 1958 4451">
     <span class='ocr_line' id='line_1_48' title="bbox 351 4375 1958 4451; baseline -0.002 -17"><span class='ocrx_word' id='word_1_366' title='bbox 351 4394 417 4445; x_wconf 82' lang='grc' dir='ltr'><strong>ιι,</strong></span> <span class='ocrx_word' id='word_1_367' title='bbox 454 4380 567 4451; x_wconf 88' lang='grc'><strong>10).</strong></span> <span class='ocrx_word' id='word_1_368' title='bbox 616 4377 1040 4437; x_wconf 88' lang='lat' dir='ltr'><strong>Communionis</strong></span> <span class='ocrx_word' id='word_1_369' title='bbox 1066 4393 1197 4433; x_wconf 87' lang='lat' dir='ltr'><strong>vero</strong></span> <span class='ocrx_word' id='word_1_370' title='bbox 1213 4376 1444 4449; x_wconf 88' lang='lat' dir='ltr'><strong>gratiam</strong></span> <span class='ocrx_word' id='word_1_371' title='bbox 1464 4376 1711 4449; x_wconf 90' lang='lat' dir='ltr'><strong>cogitans</strong></span> <span class='ocrx_word' id='word_1_372' title='bbox 1730 4376 1826 4431; x_wconf 87' lang='lat' dir='ltr'><strong>ait:</strong></span> <span class='ocrx_word' id='word_1_373' title='bbox 1856 4375 1958 4433; x_wconf 86' lang='lat' dir='ltr'><strong>Cui</strong></span> 
     </span>
    </p>
   </div>
   <div class='ocr_carea' id='block_1_49' title="bbox 349 4464 1956 4540">
    <p class='ocr_par' dir='ltr' id='par_1_49' title="bbox 349 4464 1956 4540">
     <span class='ocr_line' id='line_1_49' title="bbox 349 4464 1956 4540; baseline -0.004 -15"><span class='ocrx_word' id='word_1_374' title='bbox 349 4469 565 4540; x_wconf 81' lang='lat' dir='ltr'><strong>aliquid</strong></span> <span class='ocrx_word' id='word_1_375' title='bbox 590 4469 845 4537; x_wconf 82' lang='lat' dir='ltr'><strong>donastis,</strong></span> <span class='ocrx_word' id='word_1_376' title='bbox 876 4474 923 4524; x_wconf 90' lang='lat' dir='ltr'><strong>et</strong></span> <span class='ocrx_word' id='word_1_377' title='bbox 951 4485 1059 4539; x_wconf 89' lang='lat' dir='ltr'><strong>ego.</strong></span> <span class='ocrx_word' id='word_1_378' title='bbox 1109 4470 1189 4524; x_wconf 85' lang='lat' dir='ltr'><strong>Ac</strong></span> <span class='ocrx_word' id='word_1_379' title='bbox 1234 4466 1282 4523; x_wconf 92' lang='lat' dir='ltr'><strong>si</strong></span> <span class='ocrx_word' id='word_1_380' title='bbox 1321 4466 1566 4523; x_wconf 90' lang='lat' dir='ltr'><strong>diceret:</strong></span> <span class='ocrx_word' id='word_1_381' title='bbox 1606 4467 1656 4521; x_wconf 83' lang='lat' dir='ltr'><strong>A</strong></span> <span class='ocrx_word' id='word_1_382' title='bbox 1684 4464 1833 4521; x_wconf 91' lang='lat' dir='ltr'><strong>bono</strong></span> <span class='ocrx_word' id='word_1_383' title='bbox 1864 4479 1956 4519; x_wconf 87' lang='lat' dir='ltr'><strong>ve-</strong></span> 
     </span>
    </p>
   </div>
   <div class='ocr_carea' id='block_1_50' title="bbox 2038 593 3630 668">
    <p class='ocr_par' dir='ltr' id='par_1_50' title="bbox 2038 593 3630 668">
     <span class='ocr_line' id='line_1_50' title="bbox 2038 593 3630 668; baseline 0.001 -17"><span class='ocrx_word' id='word_1_384' title='bbox 2038 596 2325 668; x_wconf 88' lang='lat' dir='ltr'><strong>transﬁgat</strong></span> <span class='ocrx_word' id='word_1_385' title='bbox 2353 596 2598 652; x_wconf 88' lang='lat' dir='ltr'><strong>insinuat</strong></span> <span class='ocrx_word' id='word_1_386' title='bbox 2627 593 2898 651; x_wconf 90' lang='lat' dir='ltr'><strong>subdens:</strong></span> <span class='ocrx_word' id='word_1_387' title='bbox 2922 593 3194 650; x_wconf 87' lang='lat' dir='ltr'><strong>Nonenim</strong></span> <span class='ocrx_word' id='word_1_388' title='bbox 3212 593 3522 666; x_wconf 78' lang='lat' dir='ltr'><strong>ignoramus</strong></span> <span class='ocrx_word' id='word_1_389' title='bbox 3550 614 3630 653; x_wconf 85' lang='lat' dir='ltr'><strong>co-</strong></span> 
     </span>
    </p>
   </div>
   <div class='ocr_carea' id='block_1_51' title="bbox 2038 679 3635 762">
    <p class='ocr_par' dir='ltr' id='par_1_51' title="bbox 2038 679 3635 762">
     <span class='ocr_line' id='line_1_51' title="bbox 2038 679 3635 762; baseline 0.001 -23"><span class='ocrx_word' id='word_1_390' title='bbox 2038 684 2315 756; x_wconf 86' lang='lat' dir='ltr'><strong>gitationes</strong></span> <span class='ocrx_word' id='word_1_391' title='bbox 2346 682 2478 753; x_wconf 83' lang='lat' dir='ltr'><strong>ejus.</strong></span> <span class='ocrx_word' id='word_1_392' title='bbox 2512 685 2593 739; x_wconf 87' lang='lat' dir='ltr'><strong>Ac</strong></span> <span class='ocrx_word' id='word_1_393' title='bbox 2637 682 2683 739; x_wconf 90' lang='lat' dir='ltr'><strong>si</strong></span> <span class='ocrx_word' id='word_1_394' title='bbox 2731 681 2914 762; x_wconf 81' lang='lat' dir='ltr'><strong>verbis</strong></span> <span class='ocrx_word' id='word_1_395' title='bbox 2960 679 3085 737; x_wconf 89' lang='lat' dir='ltr'><strong>aliis</strong></span> <span class='ocrx_word' id='word_1_396' title='bbox 3133 679 3315 739; x_wconf 88' lang='lat' dir='ltr'><strong>dicat:</strong></span> <span class='ocrx_word' id='word_1_397' title='bbox 3372 684 3394 719; x_wconf 66' lang='grc' dir='ltr'>ι</span> <span class='ocrx_word' id='word_1_398' title='bbox 3442 684 3635 742; x_wconf 67' lang='lat' dir='ltr'><strong>Acutae</strong></span> 
     </span>
    </p>
   </div>
   <div class='ocr_carea' id='block_1_52' title="bbox 2041 770 3635 840">
    <p class='ocr_par' dir='ltr' id='par_1_52' title="bbox 2041 770 3635 840">
     <span class='ocr_line' id='line_1_52' title="bbox 2041 770 3635 840; baseline 0 -10"><span class='ocrx_word' id='word_1_399' title='bbox 2041 781 2265 831; x_wconf 89' lang='lat' dir='ltr'><strong>auctore</strong></span> <span class='ocrx_word' id='word_1_400' title='bbox 2307 773 2547 829; x_wconf 90' lang='lat' dir='ltr'><strong>Domino</strong></span> <span class='ocrx_word' id='word_1_401' title='bbox 2576 771 2735 829; x_wconf 87' lang='lat' dir='ltr'><strong>sudes</strong></span> <span class='ocrx_word' id='word_1_402' title='bbox 2782 787 2992 840; x_wconf 89' lang='lat' dir='ltr'><strong>sumus,</strong></span> <span class='ocrx_word' id='word_1_403' title='bbox 3038 777 3093 826; x_wconf 91' lang='lat' dir='ltr'><strong>et</strong></span> <span class='ocrx_word' id='word_1_404' title='bbox 3129 787 3287 828; x_wconf 89' lang='lat' dir='ltr'><strong>nares</strong></span> <span class='ocrx_word' id='word_1_405' title='bbox 3328 770 3635 830; x_wconf 89' lang='lat' dir='ltr'><strong>Behemoth</strong></span> 
     </span>
    </p>
   </div>
   <div class='ocr_carea' id='block_1_53' title="bbox 2042 862 3637 937">
    <p class='ocr_par' dir='ltr' id='par_1_53' title="bbox 2042 862 3637 937">
     <span class='ocr_line' id='line_1_53' title="bbox 2042 862 3637 937; baseline 0.001 -16"><span class='ocrx_word' id='word_1_406' title='bbox 2042 864 2205 921; x_wconf 89' lang='lat' dir='ltr'><strong>istius</strong></span> <span class='ocrx_word' id='word_1_407' title='bbox 2234 864 2514 921; x_wconf 83' lang='lat' dir='ltr'><strong>subtiliter</strong></span> <span class='ocrx_word' id='word_1_408' title='bbox 2533 862 3029 937; x_wconf 89' lang='lat' dir='ltr'><strong>circumspiciendo</strong></span> <span class='ocrx_word' id='word_1_409' title='bbox 3045 871 3412 936; x_wconf 87' lang='lat' dir='ltr'><strong>penetramus,</strong></span> <span class='ocrx_word' id='word_1_410' title='bbox 3442 882 3510 923; x_wconf 92' lang='lat' dir='ltr'><strong>ne</strong></span> <span class='ocrx_word' id='word_1_411' title='bbox 3531 865 3637 923; x_wconf 89' lang='lat' dir='ltr'><strong>hoc</strong></span> 
     </span>
    </p>
   </div>
   <div class='ocr_carea' id='block_1_54' title="bbox 2042 953 3636 1029">
    <p class='ocr_par' dir='ltr' id='par_1_54' title="bbox 2042 953 3636 1029">
     <span class='ocr_line' id='line_1_54' title="bbox 2042 953 3636 1029; baseline 0.001 -18"><span class='ocrx_word' id='word_1_412' title='bbox 2042 955 2193 1029; x_wconf 88' lang='lat' dir='ltr'><strong>quod</strong></span> <span class='ocrx_word' id='word_1_413' title='bbox 2243 956 2381 1013; x_wconf 91' lang='lat' dir='ltr'><strong>bene</strong></span> <span class='ocrx_word' id='word_1_414' title='bbox 2434 970 2591 1012; x_wconf 89' lang='lat' dir='ltr'><strong>mens</strong></span> <span class='ocrx_word' id='word_1_415' title='bbox 2642 954 2887 1024; x_wconf 90' lang='lat' dir='ltr'><strong>inchoat,</strong></span> <span class='ocrx_word' id='word_1_416' title='bbox 2938 955 3051 1027; x_wconf 92' lang='lat' dir='ltr'><strong>ipse</strong></span> <span class='ocrx_word' id='word_1_417' title='bbox 3089 953 3148 1011; x_wconf 90' lang='lat' dir='ltr'><strong>in</strong></span> <span class='ocrx_word' id='word_1_418' title='bbox 3190 956 3416 1013; x_wconf 78' lang='lat' dir='ltr'><strong>malitiae.</strong></span> <span class='ocrx_word' id='word_1_419' title='bbox 3468 956 3636 1015; x_wconf 87' lang='lat' dir='ltr'><strong>ﬁnem</strong></span> 
     </span>
    </p>
   </div>
   <div class='ocr_carea' id='block_1_55' title="bbox 2041 1052 3568 1109">
    <p class='ocr_par' dir='ltr' id='par_1_55' title="bbox 2041 1052 3568 1109">
     <span class='ocr_line' id='line_1_55' title="bbox 2041 1052 3568 1109; baseline 0.002 -9"><span class='ocrx_word' id='word_1_420' title='bbox 2041 1052 2237 1103; x_wconf 90' lang='lat' dir='ltr'><strong>vertat.</strong></span> <span class='ocrx_word' id='word_1_421' title='bbox 3565 1105 3568 1109; x_wconf 65' lang='grc'><em>,</em></span> 
     </span>
    </p>
   </div>
   <div class='ocr_carea' id='block_1_56' title="bbox 2115 1134 3639 1212">
    <p class='ocr_par' dir='ltr' id='par_1_56' title="bbox 2115 1134 3639 1212">
     <span class='ocr_line' id='line_1_56' title="bbox 2115 1134 3639 1212; baseline 0.003 -18"><span class='ocrx_word' id='word_1_422' title='bbox 2115 1134 2253 1210; x_wconf 78' lang='grc' dir='ltr'><strong>[νει.</strong></span> <span class='ocrx_word' id='word_1_423' title='bbox 2291 1136 2449 1212; x_wconf 86' lang='grc' dir='ltr'><strong>ΧΙῙ.]</strong></span> <span class='ocrx_word' id='word_1_424' title='bbox 2481 1136 2564 1195; x_wconf 88' lang='grc'><strong>16.</strong></span> <span class='ocrx_word' id='word_1_425' title='bbox 2602 1137 2803 1195; x_wconf 77' lang='lat' dir='ltr'><strong>Christi</strong></span> <span class='ocrx_word' id='word_1_426' title='bbox 2831 1136 3156 1194; x_wconf 78' lang='lat' dir='ltr'><strong>divinitatem</strong></span> <span class='ocrx_word' id='word_1_427' title='bbox 3184 1139 3491 1211; x_wconf 65' lang='lat' dir='ltr'><strong>explorans,</strong></span> <span class='ocrx_word' id='word_1_428' title='bbox 3527 1138 3639 1211; x_wconf 87' lang='lat' dir='ltr'><strong>ejus</strong></span> 
     </span>
    </p>
   </div>
   <div class='ocr_carea' id='block_1_57' title="bbox 2043 1228 3642 1304">
    <p class='ocr_par' dir='ltr' id='par_1_57' title="bbox 2043 1228 3642 1304">
     <span class='ocr_line' id='line_1_57' title="bbox 2043 1228 3642 1304; baseline 0.003 -21"><span class='ocrx_word' id='word_1_429' title='bbox 2043 1228 2218 1284; x_wconf 80' lang='lat' dir='ltr'><strong>verbis</strong></span> <span class='ocrx_word' id='word_1_430' title='bbox 2242 1228 2301 1283; x_wconf 87' lang='lat' dir='ltr'><strong>in</strong></span> <span class='ocrx_word' id='word_1_431' title='bbox 2326 1244 2455 1283; x_wconf 84' lang='lat' dir='ltr'><strong>naso</strong></span> <span class='ocrx_word' id='word_1_432' title='bbox 2478 1228 2718 1300; x_wconf 55' lang='lat' dir='ltr'><strong>conlitus</strong></span> <span class='ocrx_word' id='word_1_433' title='bbox 2764 1233 2840 1283; x_wconf 88' lang='lat' dir='ltr'><strong>est</strong></span> <span class='ocrx_word' id='word_1_434' title='bbox 2881 1233 2931 1283; x_wconf 83' lang='lat' dir='ltr'><strong>et</strong></span> <span class='ocrx_word' id='word_1_435' title='bbox 2955 1234 3155 1300; x_wconf 87' lang='lat' dir='ltr'><strong>captus.</strong></span> <span class='ocrx_word' id='word_1_436' title='bbox 3186 1260 3258 1272; x_wconf 90' lang='lat'><strong>-—</strong></span> <span class='ocrx_word' id='word_1_437' title='bbox 3280 1229 3515 1287; x_wconf 89' lang='lat' dir='ltr'><strong>Possunt</strong></span> <span class='ocrx_word' id='word_1_438' title='bbox 3545 1248 3642 1304; x_wconf 89' lang='lat' dir='ltr'><strong>per</strong></span> 
     </span>
    </p>
   </div>
   <div class='ocr_carea' id='block_1_58' title="bbox 2046 1317 3642 1391">
    <p class='ocr_par' dir='ltr' id='par_1_58' title="bbox 2046 1317 3642 1391">
     <span class='ocr_line' id='line_1_58' title="bbox 2046 1317 3642 1391; baseline 0.004 -17"><span class='ocrx_word' id='word_1_439' title='bbox 2046 1318 2211 1375; x_wconf 90' lang='lat' dir='ltr'><strong>sudes</strong></span> <span class='ocrx_word' id='word_1_440' title='bbox 2240 1325 2400 1375; x_wconf 90' lang='lat' dir='ltr'><strong>acuta</strong></span> <span class='ocrx_word' id='word_1_441' title='bbox 2429 1317 2601 1390; x_wconf 90' lang='lat' dir='ltr'><strong>ipsius</strong></span> <span class='ocrx_word' id='word_1_442' title='bbox 2655 1334 2752 1391; x_wconf 90' lang='lat' dir='ltr'><strong>per</strong></span> <span class='ocrx_word' id='word_1_443' title='bbox 2798 1334 3015 1376; x_wconf 89' lang='lat' dir='ltr'><strong>carnem</strong></span> <span class='ocrx_word' id='word_1_444' title='bbox 3065 1321 3086 1355; x_wconf 78' lang='grc'>⁸</span> <span class='ocrx_word' id='word_1_445' title='bbox 3145 1319 3503 1379; x_wconf 56' lang='lat' dir='ltr'><strong>manifestata</strong></span> <span class='ocrx_word' id='word_1_446' title='bbox 3545 1339 3642 1380; x_wconf 87' lang='lat' dir='ltr'><strong>sa—</strong></span> 
     </span>
    </p>
   </div>
   <div class='ocr_carea' id='block_1_59' title="bbox 2046 1407 3642 1482">
    <p class='ocr_par' dir='ltr' id='par_1_59' title="bbox 2046 1407 3642 1482">
     <span class='ocr_line' id='line_1_59' title="bbox 2046 1407 3642 1482; baseline 0.003 -19"><span class='ocrx_word' id='word_1_447' title='bbox 2046 1408 2271 1482; x_wconf 77' lang='lat' dir='ltr'><strong>pientiae</strong></span> <span class='ocrx_word' id='word_1_448' title='bbox 2306 1407 2473 1464; x_wconf 86' lang='lat' dir='ltr'><strong>verba</strong></span> <span class='ocrx_word' id='word_1_449' title='bbox 2502 1408 2726 1480; x_wconf 87' lang='lat' dir='ltr'><strong>signari,</strong></span> <span class='ocrx_word' id='word_1_450' title='bbox 2758 1417 2820 1465; x_wconf 91' lang='lat' dir='ltr'><strong>ut</strong></span> <span class='ocrx_word' id='word_1_451' title='bbox 2857 1409 2985 1482; x_wconf 91' lang='lat' dir='ltr'><strong>quia</strong></span> <span class='ocrx_word' id='word_1_452' title='bbox 3039 1409 3266 1468; x_wconf 87' lang='lat' dir='ltr'><strong>naribus</strong></span> <span class='ocrx_word' id='word_1_453' title='bbox 3293 1411 3429 1467; x_wconf 92' lang='lat' dir='ltr'><strong>odor</strong></span> <span class='ocrx_word' id='word_1_454' title='bbox 3455 1412 3642 1469; x_wconf 84' lang='lat' dir='ltr'><strong>trahi-</strong></span> 
     </span>
    </p>
   </div>
   <div class='ocr_carea' id='block_1_60' title="bbox 2046 1497 3641 1577">
    <p class='ocr_par' dir='ltr' id='par_1_60' title="bbox 2046 1497 3641 1577">
     <span class='ocr_line' id='line_1_60' title="bbox 2046 1497 3641 1577; baseline 0.004 -24"><span class='ocrx_word' id='word_1_455' title='bbox 2046 1505 2157 1566; x_wconf 92' lang='lat' dir='ltr'><strong>tur,</strong></span> <span class='ocrx_word' id='word_1_456' title='bbox 2198 1514 2297 1571; x_wconf 88' lang='lat' dir='ltr'><strong>per</strong></span> <span class='ocrx_word' id='word_1_457' title='bbox 2318 1497 2625 1555; x_wconf 88' lang='lat' dir='ltr'><strong>Behemoth</strong></span> <span class='ocrx_word' id='word_1_458' title='bbox 2656 1515 2815 1556; x_wconf 92' lang='lat' dir='ltr'><strong>nares</strong></span> <span class='ocrx_word' id='word_1_459' title='bbox 2845 1499 2940 1555; x_wconf 93' lang='lat' dir='ltr'><strong>illa</strong></span> <span class='ocrx_word' id='word_1_460' title='bbox 2991 1500 3205 1574; x_wconf 87' lang='lat' dir='ltr'><strong>antiqui</strong></span> <span class='ocrx_word' id='word_1_461' title='bbox 3252 1501 3428 1560; x_wconf 88' lang='lat' dir='ltr'><strong>hostis</strong></span> <span class='ocrx_word' id='word_1_462' title='bbox 3456 1504 3641 1577; x_wconf 85' lang='lat' dir='ltr'><strong>explo-</strong></span> 
     </span>
    </p>
   </div>
   <div class='ocr_carea' id='block_1_61' title="bbox 2046 1590 3643 1663">
    <p class='ocr_par' dir='ltr' id='par_1_61' title="bbox 2046 1590 3643 1663">
     <span class='ocr_line' id='line_1_61' title="bbox 2046 1590 3643 1663; baseline 0.008 -18"><span class='ocrx_word' id='word_1_463' title='bbox 2046 1590 2189 1646; x_wconf 89' lang='lat' dir='ltr'><strong>ratio</strong></span> <span class='ocrx_word' id='word_1_464' title='bbox 2216 1590 2499 1663; x_wconf 87' lang='lat' dir='ltr'><strong>ﬁguretur.</strong></span> <span class='ocrx_word' id='word_1_465' title='bbox 2558 1592 2664 1660; x_wconf 90' lang='lat' dir='ltr'><strong>Qui</strong></span> <span class='ocrx_word' id='word_1_466' title='bbox 2720 1610 2847 1651; x_wconf 91' lang='lat' dir='ltr'><strong>cum</strong></span> <span class='ocrx_word' id='word_1_467' title='bbox 2903 1595 3077 1651; x_wconf 90' lang='lat' dir='ltr'><strong>Deum</strong></span> <span class='ocrx_word' id='word_1_468' title='bbox 3135 1594 3479 1655; x_wconf 89' lang='lat' dir='ltr'><strong>incarnatum</strong></span> <span class='ocrx_word' id='word_1_469' title='bbox 3528 1615 3643 1656; x_wconf 88' lang='lat' dir='ltr'><strong>esse</strong></span> 
     </span>
    </p>
   </div>
   <div class='ocr_carea' id='block_1_62' title="bbox 2048 1678 3643 1754">
    <p class='ocr_par' dir='ltr' id='par_1_62' title="bbox 2048 1678 3643 1754">
     <span class='ocr_line' id='line_1_62' title="bbox 2048 1678 3643 1754; baseline 0.006 -19"><span class='ocrx_word' id='word_1_470' title='bbox 2048 1678 2351 1749; x_wconf 88' lang='lat' dir='ltr'><strong>dubitaret,</strong></span> <span class='ocrx_word' id='word_1_471' title='bbox 2392 1680 2498 1738; x_wconf 92' lang='lat' dir='ltr'><strong>hoc</strong></span> <span class='ocrx_word' id='word_1_472' title='bbox 2532 1683 2789 1754; x_wconf 88' lang='lat' dir='ltr'><strong>expetitis</strong></span> <span class='ocrx_word' id='word_1_473' title='bbox 2832 1684 3112 1742; x_wconf 88' lang='lat' dir='ltr'><strong>miraculis</strong></span> <span class='ocrx_word' id='word_1_474' title='bbox 3155 1686 3334 1744; x_wconf 86' lang='lat' dir='ltr'><strong>voluit</strong></span> <span class='ocrx_word' id='word_1_475' title='bbox 3379 1681 3643 1745; x_wconf 82' lang='lat' dir='ltr'><strong>tentando</strong></span> 
     </span>
    </p>
   </div>
   <div class='ocr_carea' id='block_1_63' title="bbox 1971 1768 3644 1859">
    <p class='ocr_par' dir='ltr' id='par_1_63' title="bbox 1971 1768 3644 1859">
     <span class='ocr_line' id='line_1_63' title="bbox 1971 1768 3644 1859; baseline 0.006 -36"><span class='ocrx_word' id='word_1_476' title='bbox 1971 1797 2019 1859; x_wconf 81' lang='grc' dir='ltr'>Β</span> <span class='ocrx_word' id='word_1_477' title='bbox 2049 1784 2401 1859; x_wconf 86' lang='lat' dir='ltr'><strong>cognoscere,</strong></span> <span class='ocrx_word' id='word_1_478' title='bbox 2431 1768 2620 1827; x_wconf 89' lang='lat' dir='ltr'><strong>dicens</strong></span> <span class='ocrx_word' id='word_1_479' title='bbox 2644 1788 2656 1825; x_wconf 90' lang='lat'>:</span> <span class='ocrx_word' id='word_1_480' title='bbox 2692 1772 2753 1828; x_wconf 87' lang='lat' dir='ltr'><strong>Si</strong></span> <span class='ocrx_word' id='word_1_481' title='bbox 2779 1772 2953 1851; x_wconf 87' lang='lat' dir='ltr'><strong>Filius</strong></span> <span class='ocrx_word' id='word_1_482' title='bbox 2981 1773 3083 1829; x_wconf 89' lang='lat' dir='ltr'><strong>Dei</strong></span> <span class='ocrx_word' id='word_1_483' title='bbox 3127 1793 3199 1845; x_wconf 90' lang='lat' dir='ltr'><strong>es,</strong></span> <span class='ocrx_word' id='word_1_484' title='bbox 3240 1777 3325 1831; x_wconf 87' lang='lat' dir='ltr'><strong>dic</strong></span> <span class='ocrx_word' id='word_1_485' title='bbox 3354 1784 3415 1833; x_wconf 82' lang='lat' dir='ltr'><strong>ut</strong></span> <span class='ocrx_word' id='word_1_486' title='bbox 3446 1777 3644 1851; x_wconf 84' lang='lat' dir='ltr'><strong>lapides</strong></span> 
     </span>
    </p>
   </div>
   <div class='ocr_carea' id='block_1_64' title="bbox 2046 1857 3643 1939">
    <p class='ocr_par' dir='ltr' id='par_1_64' title="bbox 2046 1857 3643 1939">
     <span class='ocr_line' id='line_1_64' title="bbox 2046 1857 3643 1939; baseline 0.007 -26"><span class='ocrx_word' id='word_1_487' title='bbox 2046 1857 2137 1913; x_wconf 85' lang='lat' dir='ltr'><strong>isti</strong></span> <span class='ocrx_word' id='word_1_488' title='bbox 2162 1874 2326 1929; x_wconf 85' lang='lat' dir='ltr'><strong>panes</strong></span> <span class='ocrx_word' id='word_1_489' title='bbox 2343 1859 2479 1931; x_wconf 83' lang='lat' dir='ltr'><strong>ﬁant</strong></span> <span class='ocrx_word' id='word_1_490' title='bbox 2507 1859 2718 1931; x_wconf 82' lang='lat' dir='ltr'><strong>(Matth.</strong></span> <span class='ocrx_word' id='word_1_491' title='bbox 2763 1876 2840 1930; x_wconf 83' lang='lat' dir='ltr'><strong>1v,</strong></span> <span class='ocrx_word' id='word_1_492' title='bbox 2892 1861 2971 1935; x_wconf 88' lang='lat'><strong>3).</strong></span> <span class='ocrx_word' id='word_1_493' title='bbox 3021 1862 3162 1931; x_wconf 88' lang='lat' dir='ltr'><strong>Quia</strong></span> <span class='ocrx_word' id='word_1_494' title='bbox 3206 1880 3333 1937; x_wconf 89' lang='lat' dir='ltr'><strong>ergo</strong></span> <span class='ocrx_word' id='word_1_495' title='bbox 3360 1866 3643 1939; x_wconf 90' lang='lat' dir='ltr'><strong>signorum</strong></span> 
     </span>
    </p>
   </div>
   <div class='ocr_carea' id='block_1_65' title="bbox 2050 1945 3645 2026">
    <p class='ocr_par' dir='ltr' id='par_1_65' title="bbox 2050 1945 3645 2026">
     <span class='ocr_line' id='line_1_65' title="bbox 2050 1945 3645 2026; baseline 0.008 -25"><span class='ocrx_word' id='word_1_496' title='bbox 2050 1945 2275 2003; x_wconf 90' lang='lat' dir='ltr'><strong>indiciis</strong></span> <span class='ocrx_word' id='word_1_497' title='bbox 2304 1946 2531 2003; x_wconf 91' lang='lat' dir='ltr'><strong>odorem</strong></span> <span class='ocrx_word' id='word_1_498' title='bbox 2561 1947 2876 2013; x_wconf 85' lang='lat' dir='ltr'><strong>divinitatis</strong></span> <span class='ocrx_word' id='word_1_499' title='bbox 2921 1950 3407 2026; x_wconf 83' lang='lat' dir='ltr'><strong>ejuscognoscere</strong></span> <span class='ocrx_word' id='word_1_500' title='bbox 3446 1971 3645 2013; x_wconf 84' lang='lat' dir='ltr'><strong>concu-</strong></span> 
     </span>
    </p>
   </div>
   <div class='ocr_carea' id='block_1_66' title="bbox 2049 2033 3645 2117">
    <p class='ocr_par' dir='ltr' id='par_1_66' title="bbox 2049 2033 3645 2117">
     <span class='ocr_line' id='line_1_66' title="bbox 2049 2033 3645 2117; baseline 0.008 -29"><span class='ocrx_word' id='word_1_501' title='bbox 2049 2033 2213 2108; x_wconf 88' lang='lat' dir='ltr'><strong>pivit,</strong></span> <span class='ocrx_word' id='word_1_502' title='bbox 2241 2036 2395 2108; x_wconf 88' lang='lat' dir='ltr'><strong>quasi</strong></span> <span class='ocrx_word' id='word_1_503' title='bbox 2417 2035 2611 2095; x_wconf 88' lang='lat' dir='ltr'><strong>ﬂatum</strong></span> <span class='ocrx_word' id='word_1_504' title='bbox 2644 2038 2873 2096; x_wconf 89' lang='lat' dir='ltr'><strong>naribus</strong></span> <span class='ocrx_word' id='word_1_505' title='bbox 2894 2041 3087 2097; x_wconf 83' lang='lat' dir='ltr'><strong>traxit.</strong></span> <span class='ocrx_word' id='word_1_506' title='bbox 3130 2042 3235 2099; x_wconf 92' lang='lat' dir='ltr'><strong>Sed</strong></span> <span class='ocrx_word' id='word_1_507' title='bbox 3265 2043 3395 2100; x_wconf 93' lang='lat' dir='ltr'><strong>dum</strong></span> <span class='ocrx_word' id='word_1_508' title='bbox 3426 2044 3476 2100; x_wconf 93' lang='lat' dir='ltr'><strong>ei</strong></span> <span class='ocrx_word' id='word_1_509' title='bbox 3522 2061 3645 2117; x_wconf 89' lang='lat' dir='ltr'><strong>pro-</strong></span> 
     </span>
    </p>
   </div>
   <div class='ocr_carea' id='block_1_67' title="bbox 2049 2125 3641 2202">
    <p class='ocr_par' dir='ltr' id='par_1_67' title="bbox 2049 2125 3641 2202">
     <span class='ocr_line' id='line_1_67' title="bbox 2049 2125 3641 2202; baseline 0.004 -20"><span class='ocrx_word' id='word_1_510' title='bbox 2049 2125 2202 2182; x_wconf 89' lang='lat' dir='ltr'><strong>tinus</strong></span> <span class='ocrx_word' id='word_1_511' title='bbox 2229 2126 2627 2199; x_wconf 88' lang='lat' dir='ltr'><strong>respondetur:</strong></span> <span class='ocrx_word' id='word_1_512' title='bbox 2663 2129 2782 2187; x_wconf 91' lang='lat' dir='ltr'><strong>Non</strong></span> <span class='ocrx_word' id='word_1_513' title='bbox 2798 2130 2855 2185; x_wconf 87' lang='lat' dir='ltr'><strong>in</strong></span> <span class='ocrx_word' id='word_1_514' title='bbox 2878 2146 3019 2202; x_wconf 87' lang='lat' dir='ltr'><strong>pane</strong></span> <span class='ocrx_word' id='word_1_515' title='bbox 3046 2132 3157 2187; x_wconf 88' lang='lat' dir='ltr'><strong>solo</strong></span> <span class='ocrx_word' id='word_1_516' title='bbox 3184 2132 3315 2187; x_wconf 80' lang='lat' dir='ltr'><strong>vivit</strong></span> <span class='ocrx_word' id='word_1_517' title='bbox 3341 2134 3513 2189; x_wconf 87' lang='lat' dir='ltr'><strong>homo.</strong></span> <span class='ocrx_word' id='word_1_518' title='bbox 3538 2134 3641 2189; x_wconf 90' lang='lat' dir='ltr'><strong>Et:</strong></span> 
     </span>
    </p>
   </div>
   <div class='ocr_carea' id='block_1_68' title="bbox 2049 2214 3645 2295">
    <p class='ocr_par' dir='ltr' id='par_1_68' title="bbox 2049 2214 3645 2295">
     <span class='ocr_line' id='line_1_68' title="bbox 2049 2214 3645 2295; baseline 0.004 -23"><span class='ocrx_word' id='word_1_519' title='bbox 2049 2214 2171 2272; x_wconf 90' lang='lat' dir='ltr'><strong>Non</strong></span> <span class='ocrx_word' id='word_1_520' title='bbox 2211 2214 2431 2270; x_wconf 85' lang='lat' dir='ltr'><strong>tentabis</strong></span> <span class='ocrx_word' id='word_1_521' title='bbox 2482 2217 2769 2273; x_wconf 88' lang='lat' dir='ltr'><strong>Dominum</strong></span> <span class='ocrx_word' id='word_1_522' title='bbox 2812 2220 2979 2274; x_wconf 87' lang='lat' dir='ltr'><strong>Deum</strong></span> <span class='ocrx_word' id='word_1_523' title='bbox 3031 2224 3178 2275; x_wconf 84' lang='lat' dir='ltr'><strong>tuum</strong></span> <span class='ocrx_word' id='word_1_524' title='bbox 3236 2220 3425 2293; x_wconf 86' lang='lat' dir='ltr'><strong>(Ibid.,</strong></span> <span class='ocrx_word' id='word_1_525' title='bbox 3464 2220 3522 2291; x_wconf 78' lang='grc'><strong>4,</strong></span> <span class='ocrx_word' id='word_1_526' title='bbox 3564 2221 3645 2295; x_wconf 89' lang='lat'><strong>7),</strong></span> 
     </span>
    </p>
   </div>
   <div class='ocr_carea' id='block_1_69' title="bbox 2052 2304 3644 2381">
    <p class='ocr_par' dir='ltr' id='par_1_69' title="bbox 2052 2304 3644 2381">
     <span class='ocr_line' id='line_1_69' title="bbox 2052 2304 3644 2381; baseline 0.004 -21"><span class='ocrx_word' id='word_1_527' title='bbox 2052 2304 2182 2378; x_wconf 89' lang='lat' dir='ltr'><strong>quia</strong></span> <span class='ocrx_word' id='word_1_528' title='bbox 2210 2304 2608 2362; x_wconf 88' lang='lat' dir='ltr'><strong>sententiarum</strong></span> <span class='ocrx_word' id='word_1_529' title='bbox 2638 2323 2860 2364; x_wconf 91' lang='lat' dir='ltr'><strong>suarum</strong></span> <span class='ocrx_word' id='word_1_530' title='bbox 2874 2307 3644 2381; x_wconf 86' lang='lat' dir='ltr'><strong>acuminibusindagationem</strong></span> 
     </span>
    </p>
   </div>
   <div class='ocr_carea' id='block_1_70' title="bbox 2051 2394 3659 2472">
    <p class='ocr_par' dir='ltr' id='par_1_70' title="bbox 2051 2394 3659 2472">
     <span class='ocr_line' id='line_1_70' title="bbox 2051 2394 3659 2472; baseline 0.003 -21"><span class='ocrx_word' id='word_1_531' title='bbox 2051 2394 2266 2468; x_wconf 90' lang='lat' dir='ltr'><strong>antiqui</strong></span> <span class='ocrx_word' id='word_1_532' title='bbox 2298 2394 2475 2453; x_wconf 91' lang='lat' dir='ltr'><strong>hostis</strong></span> <span class='ocrx_word' id='word_1_533' title='bbox 2504 2396 2709 2454; x_wconf 85' lang='lat' dir='ltr'><strong>veritas</strong></span> <span class='ocrx_word' id='word_1_534' title='bbox 2739 2398 2997 2471; x_wconf 82' lang='lat' dir='ltr'><strong>perculit,</strong></span> <span class='ocrx_word' id='word_1_535' title='bbox 3022 2398 3177 2472; x_wconf 89' lang='lat' dir='ltr'><strong>quasi</strong></span> <span class='ocrx_word' id='word_1_536' title='bbox 3210 2414 3369 2456; x_wconf 89' lang='lat' dir='ltr'><strong>nares</strong></span> <span class='ocrx_word' id='word_1_537' title='bbox 3397 2397 3515 2471; x_wconf 88' lang='lat' dir='ltr'><strong>ejus</strong></span> <span class='ocrx_word' id='word_1_538' title='bbox 3543 2400 3659 2456; x_wconf 79' lang='lat' dir='ltr'><strong>su-&#39;</strong></span> 
     </span>
    </p>
   </div>
   <div class='ocr_carea' id='block_1_71' title="bbox 2051 2481 3651 2561">
    <p class='ocr_par' dir='ltr' id='par_1_71' title="bbox 2051 2481 3651 2561">
     <span class='ocr_line' id='line_1_71' title="bbox 2051 2481 3651 2561; baseline 0.004 -22"><span class='ocrx_word' id='word_1_539' title='bbox 2051 2481 2216 2541; x_wconf 90' lang='lat' dir='ltr'><strong>dibus</strong></span> <span class='ocrx_word' id='word_1_540' title='bbox 2242 2484 2566 2556; x_wconf 84' lang='lat' dir='ltr'><strong>perforavit.</strong></span> <span class='ocrx_word' id='word_1_541' title='bbox 2597 2485 2703 2543; x_wconf 90' lang='lat' dir='ltr'><strong>Sed</strong></span> <span class='ocrx_word' id='word_1_542' title='bbox 2734 2487 2865 2561; x_wconf 90' lang='lat' dir='ltr'><strong>quia</strong></span> <span class='ocrx_word' id='word_1_543' title='bbox 2900 2486 3206 2544; x_wconf 86' lang='lat' dir='ltr'><strong>Behemoth</strong></span> <span class='ocrx_word' id='word_1_544' title='bbox 3245 2487 3349 2545; x_wconf 91' lang='lat' dir='ltr'><strong>iste</strong></span> <span class='ocrx_word' id='word_1_545' title='bbox 3372 2504 3469 2561; x_wconf 90' lang='lat' dir='ltr'><strong>per</strong></span> <span class='ocrx_word' id='word_1_546' title='bbox 3497 2489 3651 2546; x_wconf 87' lang='lat' dir='ltr'><strong>varia</strong></span> 
     </span>
    </p>
   </div>
   <div class='ocr_carea' id='block_1_72' title="bbox 2050 2571 3649 2651">
    <p class='ocr_par' dir='ltr' id='par_1_72' title="bbox 2050 2571 3649 2651">
     <span class='ocr_line' id='line_1_72' title="bbox 2050 2571 3649 2651; baseline 0.004 -23"><span class='ocrx_word' id='word_1_547' title='bbox 2050 2571 2313 2629; x_wconf 85' lang='lat' dir='ltr'><strong>fraudum</strong></span> <span class='ocrx_word' id='word_1_548' title='bbox 2342 2584 2669 2647; x_wconf 87' lang='lat' dir='ltr'><strong>argumenta</strong></span> <span class='ocrx_word' id='word_1_549' title='bbox 2706 2575 3061 2648; x_wconf 88' lang='lat' dir='ltr'><strong>distenditur,</strong></span> <span class='ocrx_word' id='word_1_550' title='bbox 3095 2576 3278 2636; x_wconf 90' lang='lat' dir='ltr'><strong>adhuc</strong></span> <span class='ocrx_word' id='word_1_551' title='bbox 3306 2576 3569 2651; x_wconf 89' lang='lat' dir='ltr'><strong>adjuncto</strong></span> <span class='ocrx_word' id='word_1_552' title='bbox 3595 2585 3649 2635; x_wconf 92' lang='lat' dir='ltr'><strong>et</strong></span> 
     </span>
    </p>
   </div>
   <div class='ocr_carea' id='block_1_73' title="bbox 2052 2661 3169 2726">
    <p class='ocr_par' dir='ltr' id='par_1_73' title="bbox 2052 2661 3169 2726">
     <span class='ocr_line' id='line_1_73' title="bbox 2052 2661 3169 2726; baseline 0.006 -9"><span class='ocrx_word' id='word_1_553' title='bbox 2052 2661 2162 2718; x_wconf 88' lang='lat' dir='ltr'><strong>alio</strong></span> <span class='ocrx_word' id='word_1_554' title='bbox 2191 2662 2415 2720; x_wconf 89' lang='lat' dir='ltr'><strong>nomine</strong></span> <span class='ocrx_word' id='word_1_555' title='bbox 2443 2671 2700 2722; x_wconf 88' lang='lat' dir='ltr'><strong>notatur:</strong></span> <span class='ocrx_word' id='word_1_556' title='bbox 2724 2682 2851 2722; x_wconf 90' lang='lat' dir='ltr'><strong>nam</strong></span> <span class='ocrx_word' id='word_1_557' title='bbox 2881 2666 3169 2726; x_wconf 87' lang='lat' dir='ltr'><strong>subditur:</strong></span> 
     </span>
    </p>
   </div>
   <div class='ocr_carea' id='block_1_74' title="bbox 2496 2812 3192 2891">
    <p class='ocr_par' dir='ltr' id='par_1_74' title="bbox 2496 2812 3192 2891">
     <span class='ocr_line' id='line_1_74' title="bbox 2496 2812 3192 2891; baseline 0.003 -20"><span class='ocrx_word' id='word_1_558' title='bbox 2496 2813 2725 2871; x_wconf 85' lang='lat' dir='ltr'><strong>CAPUT</strong></span> <span class='ocrx_word' id='word_1_559' title='bbox 2763 2814 2842 2871; x_wconf 85' lang='lat' dir='ltr'><strong>1x</strong></span> <span class='ocrx_word' id='word_1_560' title='bbox 2883 2812 3027 2888; x_wconf 88' lang='lat' dir='ltr'><strong>[Rec.</strong></span> <span class='ocrx_word' id='word_1_561' title='bbox 3060 2816 3192 2891; x_wconf 83' lang='lat' dir='ltr'><strong>IX].</strong></span> 
     </span>
    </p>
   </div>
   <div class='ocr_carea' id='block_1_75' title="bbox 2124 2925 3650 3002">
    <p class='ocr_par' dir='ltr' id='par_1_75' title="bbox 2124 2925 3650 3002">
     <span class='ocr_line' id='line_1_75' title="bbox 2124 2925 3650 3002; baseline 0.003 -17"><span class='ocrx_word' id='word_1_562' title='bbox 2124 2925 2294 2985; x_wconf 74' lang='lat' dir='ltr'><strong>Vsus.</strong></span> <span class='ocrx_word' id='word_1_563' title='bbox 2317 2926 2573 2985; x_wconf 80' lang='lat' dir='ltr'><strong>20.—An</strong></span> <span class='ocrx_word' id='word_1_564' title='bbox 2585 2930 2863 2985; x_wconf 70' lang='lat' dir='ltr'><strong>extrahere</strong></span> <span class='ocrx_word' id='word_1_565' title='bbox 2896 2932 3093 3002; x_wconf 86' lang='lat' dir='ltr'><strong>poteris</strong></span> <span class='ocrx_word' id='word_1_566' title='bbox 3134 2931 3423 2987; x_wconf 81' lang='lat' dir='ltr'><strong>Leviathan</strong></span> <span class='ocrx_word' id='word_1_567' title='bbox 3451 2929 3650 2989; x_wconf 75' lang='lat' dir='ltr'><strong>hamo?</strong></span> 
     </span>
    </p>
   </div>
   <div class='ocr_carea' id='block_1_76' title="bbox 2127 3016 3651 3077">
    <p class='ocr_par' dir='ltr' id='par_1_76' title="bbox 2127 3016 3651 3077">
     <span class='ocr_line' id='line_1_76' title="bbox 2127 3016 3651 3077; baseline 0.004 -6"><span class='ocrx_word' id='word_1_568' title='bbox 2127 3016 2213 3071; x_wconf 81' lang='grc'><strong>17.</strong></span> <span class='ocrx_word' id='word_1_569' title='bbox 2243 3016 2515 3072; x_wconf 85' lang='lat' dir='ltr'><strong>Divinitas</strong></span> <span class='ocrx_word' id='word_1_570' title='bbox 2542 3018 2601 3071; x_wconf 90' lang='lat' dir='ltr'><strong>in</strong></span> <span class='ocrx_word' id='word_1_571' title='bbox 2628 3035 2787 3073; x_wconf 81' lang='lat' dir='ltr'><strong>carne</strong></span> <span class='ocrx_word' id='word_1_572' title='bbox 2802 3020 2942 3074; x_wconf 81' lang='lat' dir='ltr'><strong>velut</strong></span> <span class='ocrx_word' id='word_1_573' title='bbox 2969 3020 3157 3076; x_wconf 83' lang='lat' dir='ltr'><strong>hamus</strong></span> <span class='ocrx_word' id='word_1_574' title='bbox 3183 3022 3238 3075; x_wconf 87' lang='lat' dir='ltr'><strong>in</strong></span> <span class='ocrx_word' id='word_1_575' title='bbox 3267 3038 3381 3076; x_wconf 88' lang='lat' dir='ltr'><strong>esca</strong></span> <span class='ocrx_word' id='word_1_576' title='bbox 3406 3028 3651 3077; x_wconf 86' lang='lat' dir='ltr'><strong>satanam</strong></span> 
     </span>
    </p>
   </div>
   <div class='ocr_carea' id='block_1_77' title="bbox 2053 3106 3649 3182">
    <p class='ocr_par' dir='ltr' id='par_1_77' title="bbox 2053 3106 3649 3182">
     <span class='ocr_line' id='line_1_77' title="bbox 2053 3106 3649 3182; baseline 0.004 -22"><span class='ocrx_word' id='word_1_577' title='bbox 2053 3106 2729 3179; x_wconf 59' lang='lat' dir='ltr'><strong>transﬁxit—Leviathan</strong></span> <span class='ocrx_word' id='word_1_578' title='bbox 2750 3109 2951 3182; x_wconf 90' lang='lat' dir='ltr'><strong>quippe</strong></span> <span class='ocrx_word' id='word_1_579' title='bbox 2991 3109 3427 3167; x_wconf 90' lang='lat' dir='ltr'><strong>additamentum</strong></span> <span class='ocrx_word' id='word_1_580' title='bbox 3458 3126 3649 3167; x_wconf 87' lang='lat' dir='ltr'><strong>eorum</strong></span> 
     </span>
    </p>
   </div>
   <div class='ocr_carea' id='block_1_78' title="bbox 1976 3167 3651 3275">
    <p class='ocr_par' dir='ltr' id='par_1_78' title="bbox 1976 3167 3651 3275">
     <span class='ocr_line' id='line_1_78' title="bbox 1976 3167 3651 3275; baseline 0.004 -23"><span class='ocrx_word' id='word_1_581' title='bbox 1976 3167 2020 3229; x_wconf 66' lang='grc' dir='ltr'>ο</span> <span class='ocrx_word' id='word_1_582' title='bbox 2056 3195 2279 3252; x_wconf 89' lang='lat' dir='ltr'><strong>dicitur.</strong></span> <span class='ocrx_word' id='word_1_583' title='bbox 2310 3196 2555 3264; x_wconf 90' lang='lat' dir='ltr'><strong>Quorum</strong></span> <span class='ocrx_word' id='word_1_584' title='bbox 2594 3198 2876 3269; x_wconf 87' lang='lat' dir='ltr'><strong>videlicet,</strong></span> <span class='ocrx_word' id='word_1_585' title='bbox 2912 3200 3021 3256; x_wconf 90' lang='lat' dir='ltr'><strong>nisi</strong></span> <span class='ocrx_word' id='word_1_586' title='bbox 3064 3199 3355 3257; x_wconf 88' lang='lat' dir='ltr'><strong>hominum</strong></span> <span class='ocrx_word' id='word_1_587' title='bbox 3378 3202 3419 3265; x_wconf 61' lang='grc' dir='ltr'><strong>(ἰ</strong></span> <span class='ocrx_word' id='word_1_588' title='bbox 3452 3201 3651 3275; x_wconf 89' lang='lat' dir='ltr'><strong>quibus</strong></span> 
     </span>
    </p>
   </div>
   <div class='ocr_carea' id='block_1_79' title="bbox 2056 3288 3652 3365">
    <p class='ocr_par' dir='ltr' id='par_1_79' title="bbox 2056 3288 3652 3365">
     <span class='ocr_line' id='line_1_79' title="bbox 2056 3288 3652 3365; baseline 0.003 -22"><span class='ocrx_word' id='word_1_589' title='bbox 2056 3288 2222 3343; x_wconf 91' lang='lat' dir='ltr'><strong>semel</strong></span> <span class='ocrx_word' id='word_1_590' title='bbox 2252 3288 2467 3360; x_wconf 88' lang='lat' dir='ltr'><strong>culpam</strong></span> <span class='ocrx_word' id='word_1_591' title='bbox 2492 3288 2961 3361; x_wconf 77' lang='lat' dir='ltr'><strong>praevaricationis</strong></span> <span class='ocrx_word' id='word_1_592' title='bbox 2981 3289 3193 3360; x_wconf 88' lang='lat' dir='ltr'><strong>intulit,</strong></span> <span class='ocrx_word' id='word_1_593' title='bbox 3225 3300 3278 3348; x_wconf 89' lang='lat' dir='ltr'><strong>et</strong></span> <span class='ocrx_word' id='word_1_594' title='bbox 3305 3290 3449 3348; x_wconf 89' lang='lat' dir='ltr'><strong>hanc</strong></span> <span class='ocrx_word' id='word_1_595' title='bbox 3478 3307 3652 3365; x_wconf 90' lang='lat' dir='ltr'><strong>usque</strong></span> 
     </span>
    </p>
   </div>
   <div class='ocr_carea' id='block_1_80' title="bbox 2057 3376 3652 3454">
    <p class='ocr_par' dir='ltr' id='par_1_80' title="bbox 2057 3376 3652 3454">
     <span class='ocr_line' id='line_1_80' title="bbox 2057 3376 3652 3454; baseline 0.003 -22"><span class='ocrx_word' id='word_1_596' title='bbox 2057 3376 2126 3432; x_wconf 89' lang='lat' dir='ltr'><strong>ad</strong></span> <span class='ocrx_word' id='word_1_597' title='bbox 2150 3386 2409 3433; x_wconf 68' lang='lat' dir='ltr'><strong>aeternam</strong></span> <span class='ocrx_word' id='word_1_598' title='bbox 2426 3387 2659 3435; x_wconf 89' lang='lat' dir='ltr'><strong>mortem</strong></span> <span class='ocrx_word' id='word_1_599' title='bbox 2677 3378 2924 3452; x_wconf 90' lang='lat' dir='ltr'><strong>quotidie</strong></span> <span class='ocrx_word' id='word_1_600' title='bbox 2941 3379 3192 3452; x_wconf 89' lang='lat' dir='ltr'><strong>pessimis</strong></span> <span class='ocrx_word' id='word_1_601' title='bbox 3212 3380 3652 3454; x_wconf 85' lang='lat' dir='ltr'><strong>suggestionibus</strong></span> 
     </span>
    </p>
   </div>
   <div class='ocr_carea' id='block_1_81' title="bbox 2059 3466 3654 3543">
    <p class='ocr_par' dir='ltr' id='par_1_81' title="bbox 2059 3466 3654 3543">
     <span class='ocr_line' id='line_1_81' title="bbox 2059 3466 3654 3543; baseline 0.003 -23"><span class='ocrx_word' id='word_1_602' title='bbox 2059 3466 2329 3522; x_wconf 87' lang='lat' dir='ltr'><strong>extendit.</strong></span> <span class='ocrx_word' id='word_1_603' title='bbox 2355 3466 2566 3534; x_wconf 90' lang='lat' dir='ltr'><strong>Quibus</strong></span> <span class='ocrx_word' id='word_1_604' title='bbox 2581 3468 2714 3523; x_wconf 92' lang='lat' dir='ltr'><strong>dum</strong></span> <span class='ocrx_word' id='word_1_605' title='bbox 2728 3478 2939 3525; x_wconf 90' lang='lat' dir='ltr'><strong>reatum</strong></span> <span class='ocrx_word' id='word_1_606' title='bbox 2956 3469 3145 3527; x_wconf 89' lang='lat' dir='ltr'><strong>fenore</strong></span> <span class='ocrx_word' id='word_1_607' title='bbox 3165 3470 3374 3543; x_wconf 89' lang='lat' dir='ltr'><strong>peccati</strong></span> <span class='ocrx_word' id='word_1_608' title='bbox 3388 3468 3654 3542; x_wconf 91' lang='lat' dir='ltr'><strong>multipli-</strong></span> 
     </span>
    </p>
   </div>
   <div class='ocr_carea' id='block_1_82' title="bbox 2059 3555 3650 3626">
    <p class='ocr_par' dir='ltr' id='par_1_82' title="bbox 2059 3555 3650 3626">
     <span class='ocr_line' id='line_1_82' title="bbox 2059 3555 3650 3626; baseline 0.003 -16"><span class='ocrx_word' id='word_1_609' title='bbox 2059 3560 2164 3621; x_wconf 87' lang='lat' dir='ltr'><strong>cat,</strong></span> <span class='ocrx_word' id='word_1_610' title='bbox 2189 3570 2374 3625; x_wconf 73' lang='lat' dir='ltr'><strong>poenas</strong></span> <span class='ocrx_word' id='word_1_611' title='bbox 2407 3556 2598 3626; x_wconf 90' lang='lat' dir='ltr'><strong>procul</strong></span> <span class='ocrx_word' id='word_1_612' title='bbox 2630 3555 2798 3613; x_wconf 91' lang='lat' dir='ltr'><strong>dubio</strong></span> <span class='ocrx_word' id='word_1_613' title='bbox 2847 3557 2964 3614; x_wconf 86' lang='lat' dir='ltr'><strong>sine</strong></span> <span class='ocrx_word' id='word_1_614' title='bbox 3005 3560 3310 3615; x_wconf 87' lang='lat' dir='ltr'><strong>cessatione</strong></span> <span class='ocrx_word' id='word_1_615' title='bbox 3345 3566 3650 3615; x_wconf 89' lang='lat' dir='ltr'><strong>coacervat.</strong></span> 
     </span>
    </p>
   </div>
   <div class='ocr_carea' id='block_1_83' title="bbox 2059 3646 3652 3721">
    <p class='ocr_par' dir='ltr' id='par_1_83' title="bbox 2059 3646 3652 3721">
     <span class='ocr_line' id='line_1_83' title="bbox 2059 3646 3652 3721; baseline 0.003 -20"><span class='ocrx_word' id='word_1_616' title='bbox 2059 3646 2244 3702; x_wconf 89' lang='lat' dir='ltr'><strong>Potest</strong></span> <span class='ocrx_word' id='word_1_617' title='bbox 2272 3663 2489 3721; x_wconf 89' lang='lat' dir='ltr'><strong>quoque</strong></span> <span class='ocrx_word' id='word_1_618' title='bbox 2512 3647 2815 3705; x_wconf 87' lang='lat' dir='ltr'><strong>Leviathan</strong></span> <span class='ocrx_word' id='word_1_619' title='bbox 2834 3649 2997 3704; x_wconf 90' lang='lat' dir='ltr'><strong>etiam</strong></span> <span class='ocrx_word' id='word_1_620' title='bbox 3016 3665 3111 3720; x_wconf 89' lang='lat' dir='ltr'><strong>per</strong></span> <span class='ocrx_word' id='word_1_621' title='bbox 3129 3648 3652 3706; x_wconf 87' lang='lat' dir='ltr'><strong>irrisionemvocari.</strong></span> 
     </span>
    </p>
   </div>
   <div class='ocr_carea' id='block_1_84' title="bbox 2059 3735 3653 3813">
    <p class='ocr_par' dir='ltr' id='par_1_84' title="bbox 2059 3735 3653 3813">
     <span class='ocr_line' id='line_1_84' title="bbox 2059 3735 3653 3813; baseline 0.007 -23"><span class='ocrx_word' id='word_1_622' title='bbox 2059 3735 2247 3813; x_wconf 88' lang='lat' dir='ltr'><strong>Primo</strong></span> <span class='ocrx_word' id='word_1_623' title='bbox 2278 3737 2479 3809; x_wconf 90' lang='lat' dir='ltr'><strong>quippe</strong></span> <span class='ocrx_word' id='word_1_624' title='bbox 2535 3736 2750 3792; x_wconf 88' lang='lat' dir='ltr'><strong>homini</strong></span> <span class='ocrx_word' id='word_1_625' title='bbox 2796 3738 3146 3810; x_wconf 86' lang='lat' dir='ltr'><strong>persuasione</strong></span> <span class='ocrx_word' id='word_1_626' title='bbox 3201 3738 3403 3795; x_wconf 86' lang='lat' dir='ltr'><strong>callida</strong></span> <span class='ocrx_word' id='word_1_627' title='bbox 3464 3742 3653 3801; x_wconf 81' lang='lat'><strong>1087</strong></span> 
     </span>
    </p>
   </div>
   <div class='ocr_carea' id='block_1_85' title="bbox 2061 3832 3656 3909">
    <p class='ocr_par' dir='ltr' id='par_1_85' title="bbox 2061 3832 3656 3909">
     <span class='ocr_line' id='line_1_85' title="bbox 2061 3832 3656 3909; baseline 0.001 -19"><span class='ocrx_word' id='word_1_628' title='bbox 2061 3833 2415 3890; x_wconf 87' lang='lat' dir='ltr'><strong>divinitatem</strong></span> <span class='ocrx_word' id='word_1_629' title='bbox 2445 3832 2765 3891; x_wconf 90' lang='lat' dir='ltr'><strong>additurum</strong></span> <span class='ocrx_word' id='word_1_630' title='bbox 2794 3852 2851 3893; x_wconf 89' lang='lat' dir='ltr'><strong>se</strong></span> <span class='ocrx_word' id='word_1_631' title='bbox 2873 3835 3176 3909; x_wconf 89' lang='lat' dir='ltr'><strong>perhibuit,</strong></span> <span class='ocrx_word' id='word_1_632' title='bbox 3208 3835 3302 3891; x_wconf 90' lang='lat' dir='ltr'><strong>sed</strong></span> <span class='ocrx_word' id='word_1_633' title='bbox 3331 3835 3656 3891; x_wconf 83' lang='lat' dir='ltr'><strong>immortali-</strong></span> 
     </span>
    </p>
   </div>
   <div class='ocr_carea' id='block_1_86' title="bbox 2060 3924 3658 3998">
    <p class='ocr_par' dir='ltr' id='par_1_86' title="bbox 2060 3924 3658 3998">
     <span class='ocr_line' id='line_1_86' title="bbox 2060 3924 3658 3998; baseline 0.001 -17"><span class='ocrx_word' id='word_1_634' title='bbox 2060 3931 2229 3993; x_wconf 82' lang='lat' dir='ltr'><strong>tatem</strong></span> <span class='ocrx_word' id='word_1_635' title='bbox 2260 3924 2392 3980; x_wconf 89' lang='lat' dir='ltr'><strong>tulit</strong></span> <span class='ocrx_word' id='word_1_636' title='bbox 2424 3924 2629 3998; x_wconf 89' lang='lat' dir='ltr'><strong>(Genes.</strong></span> <span class='ocrx_word' id='word_1_637' title='bbox 2646 3943 2731 3995; x_wconf 85' lang='lat' dir='ltr'><strong>ru,</strong></span> <span class='ocrx_word' id='word_1_638' title='bbox 2755 3926 2789 3983; x_wconf 84' lang='grc'><strong>5</strong></span> <span class='ocrx_word' id='word_1_639' title='bbox 2791 3927 2839 3998; x_wconf 87' lang='grc'><strong>).</strong></span> <span class='ocrx_word' id='word_1_640' title='bbox 2860 3925 3314 3983; x_wconf 82' lang='lat' dir='ltr'><strong>Additamentum</strong></span> <span class='ocrx_word' id='word_1_641' title='bbox 3330 3941 3459 3998; x_wconf 89' lang='lat' dir='ltr'><strong>ergo</strong></span> <span class='ocrx_word' id='word_1_642' title='bbox 3480 3925 3658 3983; x_wconf 87' lang='lat' dir='ltr'><strong>homi-</strong></span> 
     </span>
    </p>
   </div>
   <div class='ocr_carea' id='block_1_87' title="bbox 2060 4013 3659 4090">
    <p class='ocr_par' dir='ltr' id='par_1_87' title="bbox 2060 4013 3659 4090">
     <span class='ocr_line' id='line_1_87' title="bbox 2060 4013 3659 4090; baseline 0.002 -20"><span class='ocrx_word' id='word_1_643' title='bbox 2060 4030 2197 4071; x_wconf 91' lang='lat' dir='ltr'><strong>num</strong></span> <span class='ocrx_word' id='word_1_644' title='bbox 2225 4030 2323 4087; x_wconf 90' lang='lat' dir='ltr'><strong>per</strong></span> <span class='ocrx_word' id='word_1_645' title='bbox 2352 4013 2665 4071; x_wconf 90' lang='lat' dir='ltr'><strong>irrisionem</strong></span> <span class='ocrx_word' id='word_1_646' title='bbox 2687 4014 2799 4072; x_wconf 90' lang='lat' dir='ltr'><strong>dici</strong></span> <span class='ocrx_word' id='word_1_647' title='bbox 2831 4024 3029 4089; x_wconf 90' lang='lat' dir='ltr'><strong>potest,</strong></span> <span class='ocrx_word' id='word_1_648' title='bbox 3080 4017 3101 4051; x_wconf 83' lang='grc'>⁶</span> <span class='ocrx_word' id='word_1_649' title='bbox 3146 4016 3348 4090; x_wconf 92' lang='lat' dir='ltr'><strong>quibus</strong></span> <span class='ocrx_word' id='word_1_650' title='bbox 3384 4015 3515 4073; x_wconf 90' lang='lat' dir='ltr'><strong>dum</strong></span> <span class='ocrx_word' id='word_1_651' title='bbox 3552 4016 3659 4074; x_wconf 90' lang='lat' dir='ltr'><strong>hoc</strong></span> 
     </span>
    </p>
   </div>
   <div class='ocr_carea' id='block_1_88' title="bbox 2063 4103 3659 4181">
    <p class='ocr_par' dir='ltr' id='par_1_88' title="bbox 2063 4103 3659 4181">
     <span class='ocr_line' id='line_1_88' title="bbox 2063 4103 3659 4181; baseline 0.003 -22"><span class='ocrx_word' id='word_1_652' title='bbox 2063 4103 2213 4176; x_wconf 89' lang='lat' dir='ltr'><strong>quod</strong></span> <span class='ocrx_word' id='word_1_653' title='bbox 2235 4121 2347 4161; x_wconf 91' lang='lat' dir='ltr'><strong>non</strong></span> <span class='ocrx_word' id='word_1_654' title='bbox 2378 4114 2534 4163; x_wconf 89' lang='lat' dir='ltr'><strong>erant</strong></span> <span class='ocrx_word' id='word_1_655' title='bbox 2562 4123 2619 4163; x_wconf 93' lang='lat' dir='ltr'><strong>se</strong></span> <span class='ocrx_word' id='word_1_656' title='bbox 2650 4106 2849 4163; x_wconf 87' lang='lat' dir='ltr'><strong>addere</strong></span> <span class='ocrx_word' id='word_1_657' title='bbox 2865 4106 3181 4180; x_wconf 91' lang='lat' dir='ltr'><strong>spopondit,</strong></span> <span class='ocrx_word' id='word_1_658' title='bbox 3203 4107 3367 4164; x_wconf 91' lang='lat' dir='ltr'><strong>etiam</strong></span> <span class='ocrx_word' id='word_1_659' title='bbox 3392 4105 3498 4164; x_wconf 88' lang='lat' dir='ltr'><strong>hoc</strong></span> <span class='ocrx_word' id='word_1_660' title='bbox 3509 4107 3659 4181; x_wconf 90' lang='lat' dir='ltr'><strong>quod</strong></span> 
     </span>
    </p>
   </div>
   <div class='ocr_carea' id='block_1_89' title="bbox 2063 4194 3660 4254">
    <p class='ocr_par' dir='ltr' id='par_1_89' title="bbox 2063 4194 3660 4254">
     <span class='ocr_line' id='line_1_89' title="bbox 2063 4194 3660 4254; baseline 0.003 -5"><span class='ocrx_word' id='word_1_661' title='bbox 2063 4201 2221 4250; x_wconf 88' lang='lat' dir='ltr'><strong>erant</strong></span> <span class='ocrx_word' id='word_1_662' title='bbox 2247 4194 2491 4252; x_wconf 89' lang='lat' dir='ltr'><strong>fallendo</strong></span> <span class='ocrx_word' id='word_1_663' title='bbox 2516 4196 2819 4253; x_wconf 85' lang='lat' dir='ltr'><strong>subtraxit.</strong></span> <span class='ocrx_word' id='word_1_664' title='bbox 2869 4196 2976 4254; x_wconf 90' lang='lat' dir='ltr'><strong>Sed</strong></span> <span class='ocrx_word' id='word_1_665' title='bbox 3020 4196 3325 4253; x_wconf 84' lang='lat' dir='ltr'><strong>Leviathan</strong></span> <span class='ocrx_word' id='word_1_666' title='bbox 3362 4197 3463 4254; x_wconf 91' lang='lat' dir='ltr'><strong>iste</strong></span> <span class='ocrx_word' id='word_1_667' title='bbox 3496 4196 3660 4254; x_wconf 92' lang='lat' dir='ltr'><strong>hamo</strong></span> 
     </span>
    </p>
   </div>
   <div class='ocr_carea' id='block_1_90' title="bbox 2068 4285 3659 4359">
    <p class='ocr_par' dir='ltr' id='par_1_90' title="bbox 2068 4285 3659 4359">
     <span class='ocr_line' id='line_1_90' title="bbox 2068 4285 3659 4359; baseline 0.002 -20"><span class='ocrx_word' id='word_1_668' title='bbox 2068 4290 2261 4355; x_wconf 88' lang='lat' dir='ltr'><strong>captus</strong></span> <span class='ocrx_word' id='word_1_669' title='bbox 2280 4292 2382 4354; x_wconf 92' lang='lat' dir='ltr'><strong>est,</strong></span> <span class='ocrx_word' id='word_1_670' title='bbox 2407 4286 2537 4359; x_wconf 90' lang='lat' dir='ltr'><strong>quia</strong></span> <span class='ocrx_word' id='word_1_671' title='bbox 2554 4285 2610 4341; x_wconf 90' lang='lat' dir='ltr'><strong>in</strong></span> <span class='ocrx_word' id='word_1_672' title='bbox 2628 4286 2990 4357; x_wconf 87' lang='lat' dir='ltr'><strong>Redemptore</strong></span> <span class='ocrx_word' id='word_1_673' title='bbox 3008 4286 3331 4342; x_wconf 91' lang='lat' dir='ltr'><strong>nostrodum</strong></span> <span class='ocrx_word' id='word_1_674' title='bbox 3348 4302 3446 4358; x_wconf 90' lang='lat' dir='ltr'><strong>per</strong></span> <span class='ocrx_word' id='word_1_675' title='bbox 3457 4287 3659 4343; x_wconf 89' lang='lat' dir='ltr'><strong>satelli-</strong></span> 
     </span>
    </p>
   </div>
   <div class='ocr_carea' id='block_1_91' title="bbox 2066 4376 3657 4448">
    <p class='ocr_par' dir='ltr' id='par_1_91' title="bbox 2066 4376 3657 4448">
     <span class='ocr_line' id='line_1_91' title="bbox 2066 4376 3657 4448; baseline -0.001 -16"><span class='ocrx_word' id='word_1_676' title='bbox 2066 4385 2148 4432; x_wconf 89' lang='lat' dir='ltr'><strong>tes</strong></span> <span class='ocrx_word' id='word_1_677' title='bbox 2176 4391 2306 4431; x_wconf 90' lang='lat' dir='ltr'><strong>suos</strong></span> <span class='ocrx_word' id='word_1_678' title='bbox 2337 4391 2515 4430; x_wconf 88' lang='lat' dir='ltr'><strong>escam</strong></span> <span class='ocrx_word' id='word_1_679' title='bbox 2538 4376 2788 4448; x_wconf 90' lang='lat' dir='ltr'><strong>corporis</strong></span> <span class='ocrx_word' id='word_1_680' title='bbox 2817 4376 3137 4442; x_wconf 88' lang='lat' dir='ltr'><strong>momordit,</strong></span> <span class='ocrx_word' id='word_1_681' title='bbox 3168 4376 3480 4433; x_wconf 88' lang='lat' dir='ltr'><strong>divinitatis</strong></span> <span class='ocrx_word' id='word_1_682' title='bbox 3501 4377 3657 4432; x_wconf 90' lang='lat' dir='ltr'><strong>illum</strong></span> 
     </span>
    </p>
   </div>
   <div class='ocr_carea' id='block_1_92' title="bbox 2069 4464 3659 4541">
    <p class='ocr_par' dir='ltr' id='par_1_92' title="bbox 2069 4464 3659 4541">
     <span class='ocr_line' id='line_1_92' title="bbox 2069 4464 3659 4541; baseline 0.001 -19"><span class='ocrx_word' id='word_1_683' title='bbox 2069 4465 2294 4522; x_wconf 88' lang='lat' dir='ltr'><strong>aculeus</strong></span> <span class='ocrx_word' id='word_1_684' title='bbox 2328 4464 2648 4536; x_wconf 85' lang='lat' dir='ltr'><strong>perforavit.</strong></span> <span class='ocrx_word' id='word_1_685' title='bbox 2687 4465 2849 4533; x_wconf 87' lang='lat' dir='ltr'><strong>Quasi</strong></span> <span class='ocrx_word' id='word_1_686' title='bbox 2882 4464 3080 4523; x_wconf 89' lang='lat' dir='ltr'><strong>hamus</strong></span> <span class='ocrx_word' id='word_1_687' title='bbox 3102 4468 3305 4541; x_wconf 90' lang='lat' dir='ltr'><strong>quippe</strong></span> <span class='ocrx_word' id='word_1_688' title='bbox 3334 4467 3518 4524; x_wconf 90' lang='lat' dir='ltr'><strong>fauces</strong></span> <span class='ocrx_word' id='word_1_689' title='bbox 3545 4468 3659 4540; x_wconf 90' lang='lat' dir='ltr'><strong>glu-</strong></span> 
     </span>
    </p>
   </div>
   <div class='ocr_carea' id='block_1_93' title="bbox 353 4527 3657 4633">
    <p class='ocr_par' dir='ltr' id='par_1_93' title="bbox 353 4527 3657 4633">
     <span class='ocr_line' id='line_1_93' title="bbox 353 4527 3657 4633; baseline 0 -19"><span class='ocrx_word' id='word_1_690' title='bbox 353 4527 473 4615; x_wconf 74' lang='lat' dir='ltr'><strong>stro</strong></span> <span class='ocrx_word' id='word_1_691' title='bbox 501 4575 613 4614; x_wconf 91' lang='lat' dir='ltr'><strong>non</strong></span> <span class='ocrx_word' id='word_1_692' title='bbox 646 4527 935 4625; x_wconf 76' lang='lat' dir='ltr'><strong>dissentio,</strong></span> <span class='ocrx_word' id='word_1_693' title='bbox 967 4527 1153 4611; x_wconf 71' lang='lat' dir='ltr'><strong>meum</strong></span> <span class='ocrx_word' id='word_1_694' title='bbox 1181 4555 1254 4611; x_wconf 87' lang='lat' dir='ltr'><strong>sit</strong></span> <span class='ocrx_word' id='word_1_695' title='bbox 1277 4554 1552 4628; x_wconf 88' lang='lat' dir='ltr'><strong>quidquid</strong></span> <span class='ocrx_word' id='word_1_696' title='bbox 1586 4554 1692 4625; x_wconf 88' lang='lat' dir='ltr'><strong>ipsi</strong></span> <span class='ocrx_word' id='word_1_697' title='bbox 1722 4553 1951 4610; x_wconf 88' lang='lat' dir='ltr'><strong>fecistis.</strong></span> <span class='ocrx_word' id='word_1_698' title='bbox 1991 4527 2040 4588; x_wconf 81' lang='lat' dir='ltr'><strong>D</strong></span> <span class='ocrx_word' id='word_1_699' title='bbox 2066 4556 2260 4612; x_wconf 88' lang='lat' dir='ltr'><strong>tientis</strong></span> <span class='ocrx_word' id='word_1_700' title='bbox 2280 4527 2480 4625; x_wconf 71' lang='lat' dir='ltr'><strong>tenuit,</strong></span> <span class='ocrx_word' id='word_1_701' title='bbox 2503 4555 2636 4612; x_wconf 92' lang='lat' dir='ltr'><strong>dum</strong></span> <span class='ocrx_word' id='word_1_702' title='bbox 2673 4527 2730 4612; x_wconf 76' lang='lat' dir='ltr'><strong>in</strong></span> <span class='ocrx_word' id='word_1_703' title='bbox 2750 4556 2848 4612; x_wconf 93' lang='lat' dir='ltr'><strong>illo</strong></span> <span class='ocrx_word' id='word_1_704' title='bbox 2869 4565 2922 4613; x_wconf 91' lang='lat' dir='ltr'><strong>et</strong></span> <span class='ocrx_word' id='word_1_705' title='bbox 2943 4573 3066 4617; x_wconf 90' lang='lat' dir='ltr'><strong>esca</strong></span> <span class='ocrx_word' id='word_1_706' title='bbox 3080 4527 3260 4617; x_wconf 68' lang='lat' dir='ltr'><strong>carnis</strong></span> <span class='ocrx_word' id='word_1_707' title='bbox 3280 4561 3477 4633; x_wconf 91' lang='lat' dir='ltr'><strong>patuit,</strong></span> <span class='ocrx_word' id='word_1_708' title='bbox 3495 4527 3657 4633; x_wconf 67' lang='lat' dir='ltr'><strong>quam</strong></span> 
     </span>
    </p>
   </div>
   <div class='ocr_carea' id='block_1_94' title="bbox 354 4644 1957 4721">
    <p class='ocr_par' dir='ltr' id='par_1_94' title="bbox 354 4644 1957 4721">
     <span class='ocr_line' id='line_1_94' title="bbox 354 4644 1957 4721; baseline -0.004 -16"><span class='ocrx_word' id='word_1_709' title='bbox 354 4653 540 4721; x_wconf 80' lang='lat' dir='ltr'><strong>Atque</strong></span> <span class='ocrx_word' id='word_1_710' title='bbox 569 4648 701 4705; x_wconf 81' lang='lat' dir='ltr'><strong>mox</strong></span> <span class='ocrx_word' id='word_1_711' title='bbox 730 4646 980 4705; x_wconf 89' lang='lat' dir='ltr'><strong>subdidit</strong></span> <span class='ocrx_word' id='word_1_712' title='bbox 1005 4664 1016 4701; x_wconf 93' lang='lat'><strong>:</strong></span> <span class='ocrx_word' id='word_1_713' title='bbox 1048 4646 1122 4701; x_wconf 87' lang='lat' dir='ltr'><strong>Et</strong></span> <span class='ocrx_word' id='word_1_714' title='bbox 1150 4662 1237 4717; x_wconf 87' lang='lat' dir='ltr'><strong>ego</strong></span> <span class='ocrx_word' id='word_1_715' title='bbox 1266 4647 1313 4700; x_wconf 88' lang='lat' dir='ltr'><strong>si</strong></span> <span class='ocrx_word' id='word_1_716' title='bbox 1333 4645 1462 4716; x_wconf 88' lang='lat' dir='ltr'><strong>quid</strong></span> <span class='ocrx_word' id='word_1_717' title='bbox 1489 4644 1707 4712; x_wconf 88' lang='lat' dir='ltr'><strong>donavi,</strong></span> <span class='ocrx_word' id='word_1_718' title='bbox 1734 4650 1957 4715; x_wconf 79' lang='lat' dir='ltr'><strong>propter</strong></span> 
     </span>
    </p>
   </div>
   <div class='ocr_carea' id='block_1_95' title="bbox 355 4729 1954 4802">
    <p class='ocr_par' dir='ltr' id='par_1_95' title="bbox 355 4729 1954 4802">
     <span class='ocr_line' id='line_1_95' title="bbox 355 4729 1954 4802; baseline -0.004 -9"><span class='ocrx_word' id='word_1_719' title='bbox 355 4754 466 4793; x_wconf 76' lang='lat' dir='ltr'><strong>vos.</strong></span> <span class='ocrx_word' id='word_1_720' title='bbox 501 4738 584 4793; x_wconf 83' lang='lat' dir='ltr'><strong>Ac</strong></span> <span class='ocrx_word' id='word_1_721' title='bbox 628 4736 675 4793; x_wconf 88' lang='lat' dir='ltr'><strong>si</strong></span> <span class='ocrx_word' id='word_1_722' title='bbox 702 4734 945 4793; x_wconf 86' lang='lat' dir='ltr'><strong>diceret:</strong></span> <span class='ocrx_word' id='word_1_723' title='bbox 993 4733 1206 4794; x_wconf 84' lang='lat' dir='ltr'><strong>Vestris</strong></span> <span class='ocrx_word' id='word_1_724' title='bbox 1251 4729 1465 4791; x_wconf 86' lang='lat' dir='ltr'><strong>actibus</strong></span> <span class='ocrx_word' id='word_1_725' title='bbox 1498 4732 1707 4789; x_wconf 89' lang='lat' dir='ltr'><strong>bonum</strong></span> <span class='ocrx_word' id='word_1_726' title='bbox 1741 4731 1954 4802; x_wconf 88' lang='lat' dir='ltr'><strong>addidi,</strong></span> 
     </span>
    </p>
   </div>
   <div class='ocr_carea' id='block_1_96' title="bbox 353 4823 1958 4901">
    <p class='ocr_par' dir='ltr' id='par_1_96' title="bbox 353 4823 1958 4901">
     <span class='ocr_line' id='line_1_96' title="bbox 353 4823 1958 4901; baseline -0.002 -19"><span class='ocrx_word' id='word_1_727' title='bbox 353 4826 633 4901; x_wconf 86' lang='lat' dir='ltr'><strong>quidquid</strong></span> <span class='ocrx_word' id='word_1_728' title='bbox 654 4834 877 4899; x_wconf 90' lang='lat' dir='ltr'><strong>propter</strong></span> <span class='ocrx_word' id='word_1_729' title='bbox 897 4842 995 4882; x_wconf 88' lang='lat' dir='ltr'><strong>vos</strong></span> <span class='ocrx_word' id='word_1_730' title='bbox 1017 4823 1451 4881; x_wconf 88' lang='lat' dir='ltr'><strong>misericorditer</strong></span> <span class='ocrx_word' id='word_1_731' title='bbox 1468 4824 1594 4880; x_wconf 89' lang='lat' dir='ltr'><strong>feci.</strong></span> <span class='ocrx_word' id='word_1_732' title='bbox 1613 4823 1811 4881; x_wconf 85' lang='lat' dir='ltr'><strong>Vestra</strong></span> <span class='ocrx_word' id='word_1_733' title='bbox 1829 4839 1958 4895; x_wconf 91' lang='lat' dir='ltr'><strong>ergo</strong></span> 
     </span>
    </p>
   </div>
   <div class='ocr_carea' id='block_1_97' title="bbox 352 4912 1960 4985">
    <p class='ocr_par' dir='ltr' id='par_1_97' title="bbox 352 4912 1960 4985">
     <span class='ocr_line' id='line_1_97' title="bbox 352 4912 1960 4985; baseline -0.004 -11"><span class='ocrx_word' id='word_1_734' title='bbox 352 4927 438 4975; x_wconf 90' lang='lat' dir='ltr'><strong>est</strong></span> <span class='ocrx_word' id='word_1_735' title='bbox 457 4919 672 4974; x_wconf 87' lang='lat' dir='ltr'><strong>utilitas</strong></span> <span class='ocrx_word' id='word_1_736' title='bbox 699 4915 919 4973; x_wconf 89' lang='lat' dir='ltr'><strong>bonitas</strong></span> <span class='ocrx_word' id='word_1_737' title='bbox 945 4932 1086 4985; x_wconf 89' lang='lat' dir='ltr'><strong>mea,</strong></span> <span class='ocrx_word' id='word_1_738' title='bbox 1117 4932 1236 4973; x_wconf 89' lang='lat' dir='ltr'><strong>mea</strong></span> <span class='ocrx_word' id='word_1_739' title='bbox 1264 4923 1346 4972; x_wconf 92' lang='lat' dir='ltr'><strong>est</strong></span> <span class='ocrx_word' id='word_1_740' title='bbox 1366 4914 1580 4972; x_wconf 87' lang='lat' dir='ltr'><strong>utilitas</strong></span> <span class='ocrx_word' id='word_1_741' title='bbox 1607 4912 1825 4970; x_wconf 88' lang='lat' dir='ltr'><strong>bonitas</strong></span> <span class='ocrx_word' id='word_1_742' title='bbox 1853 4929 1960 4969; x_wconf 85' lang='lat' dir='ltr'><strong>ve—</strong></span> 
     </span>
    </p>
   </div>
   <div class='ocr_carea' id='block_1_98' title="bbox 353 5002 1962 5080">
    <p class='ocr_par' dir='ltr' id='par_1_98' title="bbox 353 5002 1962 5080">
     <span class='ocr_line' id='line_1_98' title="bbox 353 5002 1962 5080; baseline -0.002 -16"><span class='ocrx_word' id='word_1_743' title='bbox 353 5010 490 5064; x_wconf 87' lang='lat' dir='ltr'><strong>stra.</strong></span> <span class='ocrx_word' id='word_1_744' title='bbox 533 5006 641 5074; x_wconf 90' lang='lat' dir='ltr'><strong>Qui</strong></span> <span class='ocrx_word' id='word_1_745' title='bbox 670 5003 843 5080; x_wconf 89' lang='lat' dir='ltr'><strong>ipsam</strong></span> <span class='ocrx_word' id='word_1_746' title='bbox 876 5022 1007 5062; x_wconf 88' lang='lat' dir='ltr'><strong>mox</strong></span> <span class='ocrx_word' id='word_1_747' title='bbox 1036 5021 1357 5078; x_wconf 90' lang='lat' dir='ltr'><strong>compagem</strong></span> <span class='ocrx_word' id='word_1_748' title='bbox 1405 5002 1683 5071; x_wconf 89' lang='lat' dir='ltr'><strong>cordium,</strong></span> <span class='ocrx_word' id='word_1_749' title='bbox 1738 5002 1796 5058; x_wconf 90' lang='lat' dir='ltr'><strong>in</strong></span> <span class='ocrx_word' id='word_1_750' title='bbox 1852 5019 1962 5076; x_wconf 90' lang='lat' dir='ltr'><strong>qua</strong></span> 
     </span>
    </p>
   </div>
   <div class='ocr_carea' id='block_1_99' title="bbox 356 5092 1960 5168">
    <p class='ocr_par' dir='ltr' id='par_1_99' title="bbox 356 5092 1960 5168">
     <span class='ocr_line' id='line_1_99' title="bbox 356 5092 1960 5168; baseline -0.003 -16"><span class='ocrx_word' id='word_1_751' title='bbox 356 5096 441 5153; x_wconf 89' lang='lat' dir='ltr'><strong>sic</strong></span> <span class='ocrx_word' id='word_1_752' title='bbox 468 5104 711 5165; x_wconf 88' lang='lat' dir='ltr'><strong>tenetur,</strong></span> <span class='ocrx_word' id='word_1_753' title='bbox 741 5094 1045 5168; x_wconf 90' lang='lat' dir='ltr'><strong>adjungens</strong></span> <span class='ocrx_word' id='word_1_754' title='bbox 1092 5094 1377 5151; x_wconf 88' lang='lat' dir='ltr'><strong>subdidit:</strong></span> <span class='ocrx_word' id='word_1_755' title='bbox 1430 5094 1495 5149; x_wconf 87' lang='lat' dir='ltr'><strong>In</strong></span> <span class='ocrx_word' id='word_1_756' title='bbox 1531 5109 1761 5165; x_wconf 85' lang='lat' dir='ltr'><strong>persona</strong></span> <span class='ocrx_word' id='word_1_757' title='bbox 1808 5092 1960 5149; x_wconf 86' lang='lat' dir='ltr'><strong>Chri-</strong></span> 
     </span>
    </p>
   </div>
   <div class='ocr_carea' id='block_1_100' title="bbox 355 5180 1964 5256">
    <p class='ocr_par' dir='ltr' id='par_1_100' title="bbox 355 5180 1964 5256">
     <span class='ocr_line' id='line_1_100' title="bbox 355 5180 1964 5256; baseline -0.001 -17"><span class='ocrx_word' id='word_1_758' title='bbox 355 5185 445 5241; x_wconf 86' lang='lat' dir='ltr'><strong>sti.</strong></span> <span class='ocrx_word' id='word_1_759' title='bbox 483 5186 504 5220; x_wconf 88' lang='grc'><strong>³</strong></span> <span class='ocrx_word' id='word_1_760' title='bbox 534 5184 638 5242; x_wconf 89' lang='lat' dir='ltr'><strong>Cui</strong></span> <span class='ocrx_word' id='word_1_761' title='bbox 668 5185 821 5242; x_wconf 89' lang='lat' dir='ltr'><strong>velut</strong></span> <span class='ocrx_word' id='word_1_762' title='bbox 845 5185 893 5241; x_wconf 88' lang='lat' dir='ltr'><strong>si</strong></span> <span class='ocrx_word' id='word_1_763' title='bbox 922 5180 1104 5241; x_wconf 90' lang='lat' dir='ltr'><strong>dicere</strong></span> <span class='ocrx_word' id='word_1_764' title='bbox 1131 5198 1560 5256; x_wconf 78' lang='lat' dir='ltr'><strong>praesumamus:</strong></span> <span class='ocrx_word' id='word_1_765' title='bbox 1595 5181 1774 5248; x_wconf 89' lang='lat' dir='ltr'><strong>Quare</strong></span> <span class='ocrx_word' id='word_1_766' title='bbox 1803 5188 1858 5236; x_wconf 92' lang='lat' dir='ltr'><strong>te</strong></span> <span class='ocrx_word' id='word_1_767' title='bbox 1885 5180 1964 5238; x_wconf 88' lang='lat' dir='ltr'><strong>ita</strong></span> 
     </span>
    </p>
   </div>
   <div class='ocr_carea' id='block_1_101' title="bbox 356 5270 1961 5348">
    <p class='ocr_par' dir='ltr' id='par_1_101' title="bbox 356 5270 1961 5348">
     <span class='ocr_line' id='line_1_101' title="bbox 356 5270 1961 5348; baseline -0.005 -15"><span class='ocrx_word' id='word_1_768' title='bbox 356 5282 521 5333; x_wconf 85' lang='lat' dir='ltr'><strong>caute</strong></span> <span class='ocrx_word' id='word_1_769' title='bbox 549 5273 838 5348; x_wconf 89' lang='lat' dir='ltr'><strong>discipulis</strong></span> <span class='ocrx_word' id='word_1_770' title='bbox 874 5274 1099 5347; x_wconf 89' lang='lat' dir='ltr'><strong>copulas</strong></span> <span class='ocrx_word' id='word_1_771' title='bbox 1119 5274 1148 5329; x_wconf 81' lang='lat'><strong>?</strong></span> <span class='ocrx_word' id='word_1_772' title='bbox 1181 5288 1351 5346; x_wconf 88' lang='lat' dir='ltr'><strong>quare</strong></span> <span class='ocrx_word' id='word_1_773' title='bbox 1381 5271 1469 5326; x_wconf 91' lang='lat' dir='ltr'><strong>vel</strong></span> <span class='ocrx_word' id='word_1_774' title='bbox 1510 5279 1559 5327; x_wconf 91' lang='lat' dir='ltr'><strong>te</strong></span> <span class='ocrx_word' id='word_1_775' title='bbox 1589 5270 1837 5338; x_wconf 90' lang='lat' dir='ltr'><strong>illorum,</strong></span> <span class='ocrx_word' id='word_1_776' title='bbox 1870 5270 1961 5326; x_wconf 90' lang='lat' dir='ltr'><strong>vel</strong></span> 
     </span>
    </p>
   </div>
   <div class='ocr_carea' id='block_1_102' title="bbox 359 5357 1964 5423">
    <p class='ocr_par' dir='ltr' id='par_1_102' title="bbox 359 5357 1964 5423">
     <span class='ocr_line' id='line_1_102' title="bbox 359 5357 1964 5423; baseline -0.004 -2"><span class='ocrx_word' id='word_1_777' title='bbox 359 5364 491 5422; x_wconf 90' lang='lat' dir='ltr'><strong>illos</strong></span> <span class='ocrx_word' id='word_1_778' title='bbox 517 5363 632 5421; x_wconf 90' lang='lat' dir='ltr'><strong>tuis</strong></span> <span class='ocrx_word' id='word_1_779' title='bbox 659 5363 972 5423; x_wconf 90' lang='lat' dir='ltr'><strong>actionibus</strong></span> <span class='ocrx_word' id='word_1_780' title='bbox 988 5370 1102 5419; x_wconf 85' lang='lat' dir='ltr'><strong>tam</strong></span> <span class='ocrx_word' id='word_1_781' title='bbox 1136 5360 1377 5419; x_wconf 88' lang='lat' dir='ltr'><strong>sollicita</strong></span> <span class='ocrx_word' id='word_1_782' title='bbox 1396 5366 1579 5415; x_wconf 90' lang='lat' dir='ltr'><strong>mente</strong></span> <span class='ocrx_word' id='word_1_783' title='bbox 1606 5357 1918 5417; x_wconf 87' lang='lat' dir='ltr'><strong>conformas</strong></span> <span class='ocrx_word' id='word_1_784' title='bbox 1936 5358 1964 5415; x_wconf 82' lang='lat'><strong>?</strong></span> 
     </span>
    </p>
   </div>
   <div class='ocr_carea' id='block_1_103' title="bbox 436 5558 1962 5671">
    <p class='ocr_par' dir='ltr' id='par_1_103' title="bbox 436 5558 1962 5671">
     <span class='ocr_line' id='line_1_103' title="bbox 437 5558 1085 5635; baseline -0.009 -14"><span class='ocrx_word' id='word_1_785' title='bbox 437 5563 454 5600; x_wconf 88' lang='grc'>¹</span> <span class='ocrx_word' id='word_1_786' title='bbox 487 5560 611 5621; x_wconf 87' lang='lat' dir='ltr'><strong>Val.</strong></span> <span class='ocrx_word' id='word_1_787' title='bbox 636 5561 742 5631; x_wconf 85' lang='lat' dir='ltr'><strong>CL,</strong></span> <span class='ocrx_word' id='word_1_788' title='bbox 763 5558 1085 5635; x_wconf 74' lang='lat' dir='ltr'><strong>perforavit.</strong></span> 
     </span>
     <span class='ocr_line' id='line_1_104' title="bbox 436 5629 1962 5671; baseline 0 0"><span class='ocrx_word' id='word_1_789' title='bbox 436 5636 457 5671; x_wconf 73' lang='grc' dir='ltr'><strong>Ι</strong></span> <span class='ocrx_word' id='word_1_790' title='bbox 488 5636 547 5671; x_wconf 81' lang='lat' dir='ltr'><strong>In</strong></span> <span class='ocrx_word' id='word_1_791' title='bbox 588 5634 738 5671; x_wconf 68' lang='lat' dir='ltr'><strong>[and</strong></span> <span class='ocrx_word' id='word_1_792' title='bbox 807 5641 858 5671; x_wconf 69' lang='lat' dir='ltr'><strong>nt</strong></span> <span class='ocrx_word' id='word_1_793' title='bbox 890 5632 1034 5671; x_wconf 49' lang='grc' dir='ltr'><strong>Γέτῃ-1η</strong></span> <span class='ocrx_word' id='word_1_794' title='bbox 1103 5632 1265 5671; x_wconf 68' lang='lat' dir='ltr'><strong>Carm</strong></span> <span class='ocrx_word' id='word_1_795' title='bbox 1346 5635 1561 5671; x_wconf 71' lang='lat' dir='ltr'><strong>tantum</strong></span> <span class='ocrx_word' id='word_1_796' title='bbox 1601 5629 1802 5671; x_wconf 74' lang='lat' dir='ltr'><strong>laaihn-</strong></span> <span class='ocrx_word' id='word_1_797' title='bbox 1878 5632 1962 5671; x_wconf 62' lang='lat' dir='ltr'><strong>Mli</strong></span> 
     </span>
    </p>
   </div>
   <div class='ocr_carea' id='block_1_104' title="bbox 433 5629 1961 5719">
    <p class='ocr_par' dir='ltr' id='par_1_104' title="bbox 433 5629 1961 5719">
     <span class='ocr_line' id='line_1_105' title="bbox 433 5629 1961 5719; baseline -0.003 -27"><span class='ocrx_word' id='word_1_798' title='bbox 433 5636 457 5719; x_wconf 55' lang='grc' dir='ltr'><strong><em>ξ</em></strong></span> <span class='ocrx_word' id='word_1_799' title='bbox 487 5629 1053 5719; x_wconf 38' lang='lat' dir='ltr'><strong>In‘Iiaudfpt’Corb.</strong></span> <span class='ocrx_word' id='word_1_800' title='bbox 1097 5632 1309 5719; x_wconf 59' lang='lat' dir='ltr'><strong>Cerm;_</strong></span> <span class='ocrx_word' id='word_1_801' title='bbox 1346 5635 1564 5719; x_wconf 72' lang='lat' dir='ltr'><strong>tantum</strong></span> <span class='ocrx_word' id='word_1_802' title='bbox 1601 5629 1820 5704; x_wconf 85' lang='lat' dir='ltr'><strong>legitur,</strong></span> <span class='ocrx_word' id='word_1_803' title='bbox 1878 5632 1961 5689; x_wconf 86' lang='lat' dir='ltr'><strong>cui</strong></span> 
     </span>
    </p>
   </div>
   <div class='ocr_carea' id='block_1_105' title="bbox 361 5703 1885 5846">
    <p class='ocr_par' dir='ltr' id='par_1_105' title="bbox 361 5703 1885 5846">
     <span class='ocr_line' id='line_1_106' title="bbox 361 5703 1672 5779; baseline -0.005 -16"><span class='ocrx_word' id='word_1_804' title='bbox 361 5707 577 5779; x_wconf 79' lang='lat' dir='ltr'><strong>aliquid</strong></span> <span class='ocrx_word' id='word_1_805' title='bbox 602 5706 840 5763; x_wconf 82' lang='lat' dir='ltr'><strong>donastis</strong></span> <span class='ocrx_word' id='word_1_806' title='bbox 867 5706 915 5761; x_wconf 89' lang='lat' dir='ltr'><strong>et</strong></span> <span class='ocrx_word' id='word_1_807' title='bbox 932 5722 1041 5778; x_wconf 91' lang='lat' dir='ltr'><strong>ego.</strong></span> <span class='ocrx_word' id='word_1_808' title='bbox 1074 5704 1151 5760; x_wconf 86' lang='lat' dir='ltr'><strong>Ac</strong></span> <span class='ocrx_word' id='word_1_809' title='bbox 1179 5703 1226 5759; x_wconf 86' lang='lat' dir='ltr'><strong>si</strong></span> <span class='ocrx_word' id='word_1_810' title='bbox 1252 5703 1461 5758; x_wconf 82' lang='lat' dir='ltr'><strong>diceret.</strong></span> <span class='ocrx_word' id='word_1_811' title='bbox 1663 5703 1672 5704; x_wconf 51' lang='grc'><strong>“</strong></span> 
     </span>
     <span class='ocr_line' id='line_1_107' title="bbox 437 5774 1885 5846; baseline -0.004 -10"><span class='ocrx_word' id='word_1_812' title='bbox 437 5781 458 5813; x_wconf 76' lang='grc'><strong>³</strong></span> <span class='ocrx_word' id='word_1_813' title='bbox 489 5778 756 5845; x_wconf 80' lang='lat' dir='ltr'><strong>Vindoc.,</strong></span> <span class='ocrx_word' id='word_1_814' title='bbox 781 5776 1007 5846; x_wconf 82' lang='lat' dir='ltr'><strong>Pratel.,</strong></span> <span class='ocrx_word' id='word_1_815' title='bbox 1029 5776 1198 5845; x_wconf 89' lang='lat' dir='ltr'><strong>Utic.,</strong></span> <span class='ocrx_word' id='word_1_816' title='bbox 1235 5775 1337 5835; x_wconf 84' lang='lat' dir='ltr'><strong>Cui</strong></span> <span class='ocrx_word' id='word_1_817' title='bbox 1363 5774 1600 5833; x_wconf 78' lang='lat' dir='ltr'><strong>videlicet</strong></span> <span class='ocrx_word' id='word_1_818' title='bbox 1626 5775 1672 5831; x_wconf 88' lang='lat' dir='ltr'><strong>si</strong></span> <span class='ocrx_word' id='word_1_819' title='bbox 1699 5775 1885 5833; x_wconf 87' lang='lat' dir='ltr'><strong>dicere.</strong></span> 
     </span>
    </p>
   </div>
   <div class='ocr_carea' id='block_1_106' title="bbox 648 5873 1176 5936">
    <p class='ocr_par' dir='ltr' id='par_1_106' title="bbox 648 5873 1176 5936">
     <span class='ocr_line' id='line_1_108' title="bbox 648 5873 1176 5936; baseline -0.002 -3"><span class='ocrx_word' id='word_1_820' title='bbox 648 5877 891 5936; x_wconf 59' lang='lat' dir='ltr'><strong>Peraea.</strong></span> <span class='ocrx_word' id='word_1_821' title='bbox 924 5873 1176 5934; x_wconf 80' lang='lat' dir='ltr'><strong>LXXVI.</strong></span> 
     </span>
    </p>
   </div>
   <div class='ocr_carea' id='block_1_107' title="bbox 2064 4645 3663 4722">
    <p class='ocr_par' dir='ltr' id='par_1_107' title="bbox 2064 4645 3663 4722">
     <span class='ocr_line' id='line_1_109' title="bbox 2064 4645 3663 4722; baseline 0 -20"><span class='ocrx_word' id='word_1_822' title='bbox 2064 4645 2361 4703; x_wconf 90' lang='lat' dir='ltr'><strong>devorator</strong></span> <span class='ocrx_word' id='word_1_823' title='bbox 2389 4654 2688 4719; x_wconf 90' lang='lat' dir='ltr'><strong>appeteret,</strong></span> <span class='ocrx_word' id='word_1_824' title='bbox 2728 4655 2781 4703; x_wconf 92' lang='lat' dir='ltr'><strong>et</strong></span> <span class='ocrx_word' id='word_1_825' title='bbox 2809 4645 3077 4705; x_wconf 87' lang='lat' dir='ltr'><strong>divinitas</strong></span> <span class='ocrx_word' id='word_1_826' title='bbox 3119 4650 3391 4722; x_wconf 89' lang='lat' dir='ltr'><strong>passionis</strong></span> <span class='ocrx_word' id='word_1_827' title='bbox 3420 4659 3663 4720; x_wconf 88' lang='lat' dir='ltr'><strong>tempore</strong></span> 
     </span>
    </p>
   </div>
   <div class='ocr_carea' id='block_1_108' title="bbox 2066 4735 3661 4812">
    <p class='ocr_par' dir='ltr' id='par_1_108' title="bbox 2066 4735 3661 4812">
     <span class='ocr_line' id='line_1_110' title="bbox 2066 4735 3661 4812; baseline 0.002 -20"><span class='ocrx_word' id='word_1_828' title='bbox 2066 4735 2255 4806; x_wconf 90' lang='lat' dir='ltr'><strong>latuit,</strong></span> <span class='ocrx_word' id='word_1_829' title='bbox 2289 4753 2409 4811; x_wconf 66' lang='lat' dir='ltr'><strong>quae</strong></span> <span class='ocrx_word' id='word_1_830' title='bbox 2432 4747 2671 4795; x_wconf 85' lang='lat' dir='ltr'><strong>necaret.</strong></span> <span class='ocrx_word' id='word_1_831' title='bbox 2704 4738 2765 4794; x_wconf 92' lang='lat' dir='ltr'><strong>In</strong></span> <span class='ocrx_word' id='word_1_832' title='bbox 2788 4737 2891 4795; x_wconf 90' lang='lat' dir='ltr'><strong>hac</strong></span> <span class='ocrx_word' id='word_1_833' title='bbox 2920 4739 3120 4812; x_wconf 90' lang='lat' dir='ltr'><strong>quippe</strong></span> <span class='ocrx_word' id='word_1_834' title='bbox 3149 4756 3412 4812; x_wconf 87' lang='lat' dir='ltr'><strong>aquarum</strong></span> <span class='ocrx_word' id='word_1_835' title='bbox 3442 4738 3661 4811; x_wconf 79' lang='lat' dir='ltr'><strong>abysso,</strong></span> 
     </span>
    </p>
   </div>
   <div class='ocr_carea' id='block_1_109' title="bbox 2068 4824 3664 4900">
    <p class='ocr_par' dir='ltr' id='par_1_109' title="bbox 2068 4824 3664 4900">
     <span class='ocr_line' id='line_1_111' title="bbox 2068 4824 3664 4900; baseline 0.001 -20"><span class='ocrx_word' id='word_1_836' title='bbox 2068 4824 2124 4881; x_wconf 91' lang='lat' dir='ltr'><strong>id</strong></span> <span class='ocrx_word' id='word_1_837' title='bbox 2154 4833 2235 4882; x_wconf 88' lang='lat' dir='ltr'><strong>est</strong></span> <span class='ocrx_word' id='word_1_838' title='bbox 2263 4825 2322 4882; x_wconf 91' lang='lat' dir='ltr'><strong>in</strong></span> <span class='ocrx_word' id='word_1_839' title='bbox 2356 4826 2460 4883; x_wconf 89' lang='lat' dir='ltr'><strong>hac</strong></span> <span class='ocrx_word' id='word_1_840' title='bbox 2499 4826 2867 4883; x_wconf 88' lang='lat' dir='ltr'><strong>immensitate</strong></span> <span class='ocrx_word' id='word_1_841' title='bbox 2902 4829 3113 4900; x_wconf 87' lang='lat' dir='ltr'><strong>generis</strong></span> <span class='ocrx_word' id='word_1_842' title='bbox 3143 4827 3391 4895; x_wconf 89' lang='lat' dir='ltr'><strong>humani,</strong></span> <span class='ocrx_word' id='word_1_843' title='bbox 3423 4826 3492 4883; x_wconf 88' lang='lat' dir='ltr'><strong>ad</strong></span> <span class='ocrx_word' id='word_1_844' title='bbox 3533 4842 3664 4881; x_wconf 92' lang='lat' dir='ltr'><strong>om-</strong></span> 
     </span>
    </p>
   </div>
   <div class='ocr_carea' id='block_1_110' title="bbox 2067 4914 3660 4988">
    <p class='ocr_par' dir='ltr' id='par_1_110' title="bbox 2067 4914 3660 4988">
     <span class='ocr_line' id='line_1_112' title="bbox 2067 4914 3660 4988; baseline 0.002 -18"><span class='ocrx_word' id='word_1_845' title='bbox 2067 4914 2227 4971; x_wconf 89' lang='lat' dir='ltr'><strong>nium</strong></span> <span class='ocrx_word' id='word_1_846' title='bbox 2259 4923 2492 4972; x_wconf 90' lang='lat' dir='ltr'><strong>mortem</strong></span> <span class='ocrx_word' id='word_1_847' title='bbox 2520 4916 2767 4985; x_wconf 90' lang='lat' dir='ltr'><strong>inhians,</strong></span> <span class='ocrx_word' id='word_1_848' title='bbox 2799 4916 2969 4971; x_wconf 89' lang='lat' dir='ltr'><strong>vitam</strong></span> <span class='ocrx_word' id='word_1_849' title='bbox 3005 4932 3143 4988; x_wconf 92' lang='lat' dir='ltr'><strong>pene</strong></span> <span class='ocrx_word' id='word_1_850' title='bbox 3169 4916 3417 4971; x_wconf 89' lang='lat' dir='ltr'><strong>omnium</strong></span> <span class='ocrx_word' id='word_1_851' title='bbox 3442 4931 3660 4985; x_wconf 85' lang='lat' dir='ltr'><strong>vorans,</strong></span> 
     </span>
    </p>
   </div>
   <div class='ocr_carea' id='block_1_111' title="bbox 2079 5002 3666 5076">
    <p class='ocr_par' dir='ltr' id='par_1_111' title="bbox 2079 5002 3666 5076">
     <span class='ocr_line' id='line_1_113' title="bbox 2079 5002 3666 5076; baseline 0.003 -18"><span class='ocrx_word' id='word_1_852' title='bbox 2079 5003 2193 5061; x_wconf 90' lang='lat' dir='ltr'><strong>huc</strong></span> <span class='ocrx_word' id='word_1_853' title='bbox 2222 5003 2464 5076; x_wconf 89' lang='lat' dir='ltr'><strong>illucque</strong></span> <span class='ocrx_word' id='word_1_854' title='bbox 2492 5012 2681 5075; x_wconf 87' lang='lat' dir='ltr'><strong>aperto</strong></span> <span class='ocrx_word' id='word_1_855' title='bbox 2709 5020 2803 5060; x_wconf 92' lang='lat' dir='ltr'><strong>ore</strong></span> <span class='ocrx_word' id='word_1_856' title='bbox 2831 5012 2984 5061; x_wconf 90' lang='lat' dir='ltr'><strong>cetus</strong></span> <span class='ocrx_word' id='word_1_857' title='bbox 3010 5004 3113 5060; x_wconf 93' lang='lat' dir='ltr'><strong>iste</strong></span> <span class='ocrx_word' id='word_1_858' title='bbox 3142 5003 3438 5073; x_wconf 90' lang='lat' dir='ltr'><strong>ferebatur,</strong></span> <span class='ocrx_word' id='word_1_859' title='bbox 3468 5002 3564 5060; x_wconf 88' lang='lat' dir='ltr'><strong>sed</strong></span> <span class='ocrx_word' id='word_1_860' title='bbox 3596 5004 3666 5065; x_wconf 87' lang='lat' dir='ltr'><strong>ad</strong></span> 
     </span>
    </p>
   </div>
   <div class='ocr_carea' id='block_1_112' title="bbox 2069 5092 3663 5165">
    <p class='ocr_par' dir='ltr' id='par_1_112' title="bbox 2069 5092 3663 5165">
     <span class='ocr_line' id='line_1_114' title="bbox 2069 5092 3663 5165; baseline 0.001 -17"><span class='ocrx_word' id='word_1_861' title='bbox 2069 5100 2305 5148; x_wconf 90' lang='lat' dir='ltr'><strong>mortem</strong></span> <span class='ocrx_word' id='word_1_862' title='bbox 2347 5093 2455 5149; x_wconf 88' lang='lat' dir='ltr'><strong>ceti</strong></span> <span class='ocrx_word' id='word_1_863' title='bbox 2496 5092 2657 5150; x_wconf 90' lang='lat' dir='ltr'><strong>istius</strong></span> <span class='ocrx_word' id='word_1_864' title='bbox 2686 5093 2884 5149; x_wconf 89' lang='lat' dir='ltr'><strong>hamus</strong></span> <span class='ocrx_word' id='word_1_865' title='bbox 2912 5095 2971 5149; x_wconf 91' lang='lat' dir='ltr'><strong>in</strong></span> <span class='ocrx_word' id='word_1_866' title='bbox 3014 5092 3115 5150; x_wconf 91' lang='lat' dir='ltr'><strong>hac</strong></span> <span class='ocrx_word' id='word_1_867' title='bbox 3143 5108 3407 5165; x_wconf 90' lang='lat' dir='ltr'><strong>aquarum</strong></span> <span class='ocrx_word' id='word_1_868' title='bbox 3438 5094 3663 5165; x_wconf 87' lang='lat' dir='ltr'><strong>profun-</strong></span> 
     </span>
    </p>
   </div>
   <div class='ocr_carea' id='block_1_113' title="bbox 2071 5180 3661 5256">
    <p class='ocr_par' dir='ltr' id='par_1_113' title="bbox 2071 5180 3661 5256">
     <span class='ocr_line' id='line_1_115' title="bbox 2071 5180 3661 5256; baseline 0.001 -17"><span class='ocrx_word' id='word_1_869' title='bbox 2071 5180 2241 5239; x_wconf 87' lang='lat' dir='ltr'><strong>ditate</strong></span> <span class='ocrx_word' id='word_1_870' title='bbox 2269 5182 2571 5255; x_wconf 88' lang='lat' dir='ltr'><strong>caliginosa</strong></span> <span class='ocrx_word' id='word_1_871' title='bbox 2617 5183 2757 5237; x_wconf 90' lang='lat' dir='ltr'><strong>mira</strong></span> <span class='ocrx_word' id='word_1_872' title='bbox 2808 5191 2891 5239; x_wconf 91' lang='lat' dir='ltr'><strong>est</strong></span> <span class='ocrx_word' id='word_1_873' title='bbox 2933 5182 3291 5255; x_wconf 89' lang='lat' dir='ltr'><strong>dispositione</strong></span> <span class='ocrx_word' id='word_1_874' title='bbox 3346 5200 3661 5256; x_wconf 90' lang='lat' dir='ltr'><strong>suspensus.</strong></span> 
     </span>
    </p>
   </div>
   <div class='ocr_carea' id='block_1_114' title="bbox 2071 5271 3664 5349">
    <p class='ocr_par' dir='ltr' id='par_1_114' title="bbox 2071 5271 3664 5349">
     <span class='ocr_line' id='line_1_116' title="bbox 2071 5271 3664 5349; baseline 0.003 -22"><span class='ocrx_word' id='word_1_875' title='bbox 2071 5271 2252 5343; x_wconf 90' lang='lat' dir='ltr'><strong>Hujus</strong></span> <span class='ocrx_word' id='word_1_876' title='bbox 2287 5271 2439 5349; x_wconf 78' lang='lat' dir='ltr'><strong>hami</strong></span> <span class='ocrx_word' id='word_1_877' title='bbox 2466 5272 2612 5328; x_wconf 92' lang='lat' dir='ltr'><strong>linea</strong></span> <span class='ocrx_word' id='word_1_878' title='bbox 2640 5272 2736 5327; x_wconf 90' lang='lat' dir='ltr'><strong>illa</strong></span> <span class='ocrx_word' id='word_1_879' title='bbox 2761 5278 2843 5328; x_wconf 88' lang='lat' dir='ltr'><strong>est</strong></span> <span class='ocrx_word' id='word_1_880' title='bbox 2881 5288 2977 5345; x_wconf 90' lang='lat' dir='ltr'><strong>per</strong></span> <span class='ocrx_word' id='word_1_881' title='bbox 3012 5272 3374 5345; x_wconf 88' lang='lat' dir='ltr'><strong>Evangelium</strong></span> <span class='ocrx_word' id='word_1_882' title='bbox 3413 5274 3664 5348; x_wconf 91' lang='lat' dir='ltr'><strong>antiquo-</strong></span> 
     </span>
    </p>
   </div>
   <div class='ocr_carea' id='block_1_115' title="bbox 2076 5364 3661 5436">
    <p class='ocr_par' dir='ltr' id='par_1_115' title="bbox 2076 5364 3661 5436">
     <span class='ocr_line' id='line_1_117' title="bbox 2076 5364 3661 5436; baseline 0.004 -19"><span class='ocrx_word' id='word_1_883' title='bbox 2076 5375 2199 5417; x_wconf 89' lang='lat' dir='ltr'><strong>rum</strong></span> <span class='ocrx_word' id='word_1_884' title='bbox 2225 5368 2444 5434; x_wconf 89' lang='lat' dir='ltr'><strong>patrum</strong></span> <span class='ocrx_word' id='word_1_885' title='bbox 2483 5377 2722 5436; x_wconf 86' lang='lat' dir='ltr'><strong>propago</strong></span> <span class='ocrx_word' id='word_1_886' title='bbox 2748 5371 3065 5421; x_wconf 87' lang='lat' dir='ltr'><strong>memorata.</strong></span> <span class='ocrx_word' id='word_1_887' title='bbox 3098 5364 3234 5422; x_wconf 90' lang='lat' dir='ltr'><strong>Nam</strong></span> <span class='ocrx_word' id='word_1_888' title='bbox 3262 5380 3388 5423; x_wconf 90' lang='lat' dir='ltr'><strong>cum</strong></span> <span class='ocrx_word' id='word_1_889' title='bbox 3419 5364 3661 5425; x_wconf 90' lang='lat' dir='ltr'><strong>dicitur:</strong></span> 
     </span>
    </p>
   </div>
   <div class='ocr_carea' id='block_1_116' title="bbox 2150 5557 3664 5643">
    <p class='ocr_par' dir='ltr' id='par_1_116' title="bbox 2150 5557 3664 5643">
     <span class='ocr_line' id='line_1_118' title="bbox 2150 5557 3664 5643; baseline 0.004 -25"><span class='ocrx_word' id='word_1_890' title='bbox 2150 5559 2172 5642; x_wconf 66' lang='grc' dir='ltr'><strong><em>’ς</em></strong></span> <span class='ocrx_word' id='word_1_891' title='bbox 2200 5560 2278 5643; x_wconf 74' lang='lat' dir='ltr'><strong>In_</strong></span> <span class='ocrx_word' id='word_1_892' title='bbox 2293 5557 2460 5617; x_wconf 88' lang='lat' dir='ltr'><strong>duob.</strong></span> <span class='ocrx_word' id='word_1_893' title='bbox 2484 5560 2700 5643; x_wconf 62' lang='lat' dir='ltr'><strong>Germ._,</strong></span> <span class='ocrx_word' id='word_1_894' title='bbox 2729 5557 2789 5617; x_wconf 91' lang='lat' dir='ltr'><strong>in</strong></span> <span class='ocrx_word' id='word_1_895' title='bbox 2817 5560 2968 5620; x_wconf 90' lang='lat' dir='ltr'><strong>Edit.</strong></span> <span class='ocrx_word' id='word_1_896' title='bbox 2993 5563 3170 5623; x_wconf 80' lang='lat' dir='ltr'><strong>Vatic.</strong></span> <span class='ocrx_word' id='word_1_897' title='bbox 3201 5563 3428 5625; x_wconf 86' lang='lat' dir='ltr'><strong>Parisiis</strong></span> <span class='ocrx_word' id='word_1_898' title='bbox 3454 5582 3664 5636; x_wconf 84' lang='lat' dir='ltr'><strong>recusa,</strong></span> 
     </span>
    </p>
   </div>
   <div class='ocr_carea' id='block_1_117' title="bbox 2072 5633 2718 5703">
    <p class='ocr_par' dir='ltr' id='par_1_117' title="bbox 2072 5633 2718 5703">
     <span class='ocr_line' id='line_1_119' title="bbox 2072 5633 2718 5703; baseline 0 -14"><span class='ocrx_word' id='word_1_899' title='bbox 2072 5638 2128 5689; x_wconf 88' lang='lat' dir='ltr'><strong>et</strong></span> <span class='ocrx_word' id='word_1_900' title='bbox 2156 5633 2215 5689; x_wconf 91' lang='lat' dir='ltr'><strong>in</strong></span> <span class='ocrx_word' id='word_1_901' title='bbox 2239 5633 2532 5703; x_wconf 87' lang='lat' dir='ltr'><strong>Gussanv.,</strong></span> <span class='ocrx_word' id='word_1_902' title='bbox 2556 5633 2718 5689; x_wconf 85' lang='lat' dir='ltr'><strong>acuti.</strong></span> 
     </span>
    </p>
   </div>
   <div class='ocr_carea' id='block_1_118' title="bbox 2143 5704 2776 5776">
    <p class='ocr_par' dir='ltr' id='par_1_118' title="bbox 2143 5704 2776 5776">
     <span class='ocr_line' id='line_1_120' title="bbox 2143 5704 2776 5776; baseline 0.002 -16"><span class='ocrx_word' id='word_1_903' title='bbox 2143 5705 2164 5741; x_wconf 74' lang='grc'>⁵</span> <span class='ocrx_word' id='word_1_904' title='bbox 2193 5704 2454 5775; x_wconf 86' lang='lat' dir='ltr'><strong>Vindoc.,</strong></span> <span class='ocrx_word' id='word_1_905' title='bbox 2474 5704 2776 5776; x_wconf 85' lang='lat' dir='ltr'><strong>manifesta.</strong></span> 
     </span>
    </p>
   </div>
   <div class='ocr_carea' id='block_1_119' title="bbox 2148 5776 2863 5848">
    <p class='ocr_par' dir='ltr' id='par_1_119' title="bbox 2148 5776 2863 5848">
     <span class='ocr_line' id='line_1_121' title="bbox 2148 5776 2863 5848; baseline 0.004 -17"><span class='ocrx_word' id='word_1_906' title='bbox 2148 5777 2169 5812; x_wconf 73' lang='grc' dir='ltr'><strong>θ</strong></span> <span class='ocrx_word' id='word_1_907' title='bbox 2199 5776 2424 5847; x_wconf 86' lang='lat' dir='ltr'><strong>Pratel.,</strong></span> <span class='ocrx_word' id='word_1_908' title='bbox 2453 5777 2583 5848; x_wconf 85' lang='lat' dir='ltr'><strong>quia</strong></span> <span class='ocrx_word' id='word_1_909' title='bbox 2609 5778 2735 5834; x_wconf 85' lang='lat' dir='ltr'><strong>dum</strong></span> <span class='ocrx_word' id='word_1_910' title='bbox 2754 5778 2863 5834; x_wconf 76' lang='lat' dir='ltr'><strong>hoc.</strong></span> 
     </span>
    </p>
   </div>
   <div class='ocr_carea' id='block_1_120' title="bbox 3353 5878 3424 5943">
    <p class='ocr_par' dir='ltr' id='par_1_120' title="bbox 3353 5878 3424 5943">
     <span class='ocr_line' id='line_1_122' title="bbox 3353 5878 3424 5943; baseline -0.028 0"><span class='ocrx_word' id='word_1_911' title='bbox 3353 5878 3424 5943; x_wconf 67' lang='grc'><strong>21</strong></span> 
     </span>
    </p>
   </div>
  </div>
