4156 6178
573 327 678 384 683
777 365 785 370 .

1778 331 2032 388 SANCTI
2067 330 2406 392 GREGORII
2440 335 2669 394 MAGNI

3765 341 3866 402 684

559 448 833 504 Abraham
861 449 1043 520 genuit
1063 449 1239 518 Isaac,
1267 451 1424 510 Isaac
1458 450 1634 524 genuit
1671 451 1833 510 Iacob
1865 453 2083 524 (Matth.
2115 469 2156 522 ι,
2186 460 2237 520 Α
2265 459 2436 530 ligata
2461 470 2564 531 est,
2597 463 2727 536 quia
2753 462 2872 535 ejus
2900 463 3136 521 veritate
3157 463 3398 538 cognita,
3432 465 3456 502 ‘
3485 465 3596 524 illa:
3617 465 3870 527 falsitatis

561 538 642 610 2);
676 553 916 612 cumque
944 539 1130 598 caeteri
1188 557 1530 599 successores
1583 541 1916 615 interposito
1966 540 2169 613 Ioseph

563 627 790 686 nomine
834 648 1010 706 usque
1063 633 1134 690 ad
1178 633 1407 692 Mariam
1458 632 1730 706 virginem
1779 635 2167 706 desponsatam

564 719 974 792 describuntur,
1005 723 1163 796 quasi
1193 723 1441 796 quaedam
1474 721 1620 778 linea
1647 730 1958 796 torquetur,
1989 722 2048 778 in
2075 739 2166 779 cu-

559 809 654 883 jus
682 819 930 868 extremo
960 813 1279 870 incarnatus
1304 813 1594 880 Dominus,
1627 813 1684 868 id
1713 821 1794 868 est
1835 813 2035 869 hamus
2069 813 2170 868 iste

570 901 851 976 ligaretur,
876 919 1036 976 quem
1069 903 1126 958 in
1159 901 1246 972 bis
1273 902 1432 975 aquis
1468 901 1698 958 humani
1727 903 1944 974 generis
1972 902 2173 974 depen-

569 989 790 1048 dentem
821 1001 1008 1064 aperto
1059 1007 1152 1048 ore
1190 991 1293 1047 iste
1345 999 1498 1047 cetus
1525 999 1826 1062 appeteret,
1859 991 1955 1047 sed
1985 1007 2049 1047 eo
2076 1008 2172 1063 per

569 1081 870 1138 satellitum
900 1097 1122 1137 suorum
1160 1080 1430 1135 saevitiam
1470 1097 1672 1148 morso,
1707 1079 1998 1136 mordendi
2028 1080 2174 1135 vires

570 1171 803 1227 ulterius
833 1184 946 1224 non
974 1167 1218 1224 haberet.
1244 1169 1320 1224 Ne
1353 1184 1480 1240 ergo
1501 1169 1601 1225 iste
1618 1167 1878 1226 humanis
1899 1167 2176 1224 mortibus

570 1265 722 1316 cetus
749 1255 1019 1312 insidians
1050 1272 1186 1328 quos
1218 1256 1383 1313 vellet
1425 1258 1573 1314 ultra
1611 1256 1922 1325 devoraret,
1971 1256 2175 1312 hamus

570 1347 663 1403 hic
691 1345 929 1418 raptoris
967 1345 1152 1403 fauces
1179 1347 1378 1415 tenuit,
1417 1355 1472 1404 et
1521 1363 1636 1404 sese
1664 1346 2010 1402 mordentem
2046 1361 2178 1400 mo—

571 1437 796 1496 mordit.
837 1437 1275 1494 Incarnationem
1323 1437 1492 1509 igitur
1529 1436 1801 1509 unigeniti
1862 1435 1994 1492 Filii
2022 1434 2176 1491 ﬁdeli

572 1529 780 1586 famulo
801 1527 1052 1585 indicans
1081 1529 1246 1595 Deus,
1277 1527 1385 1584 ait:
1418 1529 1508 1584 An
1538 1528 1816 1582 extrahere
1837 1525 2038 1598 pote-ris
2069 1525 2178 1580 Le-

571 1619 792 1675 viathan
819 1619 1013 1674 hamo?
1033 1615 1307 1674 Subaudis
1327 1624 1389 1672 ut
1416 1632 1537 1688 ego,
1561 1616 1657 1689 qui
1682 1616 1752 1671 ad
1772 1615 2008 1688 raptoris
2035 1631 2179 1670 mor-

573 1719 684 1767 tem
719 1708 1066 1765 incarnatum
1102 1707 1117 1740 ¹
1149 1704 1498 1777 unigenitum
1530 1704 1738 1761 Filium
1775 1705 1960 1770 mitto,
1983 1704 2042 1759 in
2071 1719 2180 1776 quo

2278 547 2542 606 doctrinae
2561 557 2874 608 tacuerunt.
3488 628 3492 630 Π

2351 639 2437 696 19.
2468 641 2769 696 Academici
2807 647 2856 696 et
2894 641 3253 699 Mathematici
3297 643 3643 715 refelluntur.
3674 675 3746 688 --
3774 646 3871 704 Ubi

2278 732 2425 787 enim
2456 750 2608 790 nunc
2637 742 2719 790 est
2768 734 3224 792 Academicorum
3268 753 3440 805 error,
3486 739 3580 811 qui
3621 747 3768 796 certe
3792 757 3875 797 co-

2278 831 2481 878 nantur
2500 831 2741 879 astruere
2762 832 2971 880 certum
2992 825 3072 880 nil
3093 841 3227 892 esse,
3252 825 3346 898 qui
3368 825 3680 898 impudenti
3701 828 3878 883 fronte

2279 911 2674 969 assertionibus
2702 913 2816 970 suis
2844 913 3005 970 ﬁdem
3023 915 3090 970 ab
3113 914 3458 970 auditoribus
3478 916 3732 988 exigunt,
3753 933 3876 973 cum

2280 1017 2411 1056 vera
2433 1018 2547 1058 esse
2575 1002 2729 1060 nulla
2758 1012 3032 1060 testantur
3061 1005 3089 1061 Ὺ
3119 1003 3224 1061 Ubi
3244 1004 3762 1062 Mathematicorum
3793 1023 3880 1063 su-

2283 1092 2531 1163 perstitio
2556 1093 2671 1166 qui,
2703 1093 2836 1150 dum
2866 1095 3150 1166 signorum
3173 1111 3365 1152 cursus
3385 1095 3716 1168 suspiciunt,
3736 1097 3882 1154 vitas

2282 1181 2574 1238 hominum
2601 1183 2659 1238 in
2691 1183 2935 1240 siderum
2965 1191 3244 1241 momenta
3283 1184 3628 1258 suspendunt
3665 1186 3693 1242 ἲ)
3723 1185 3886 1254 Quo-

2283 1287 2406 1327 rum
2449 1281 2633 1344 aperte
2670 1273 2980 1330 doctrinam
3035 1291 3176 1346 saepe
3227 1276 3570 1347 geminorum
3613 1275 3885 1333 nativitas

2283 1359 2534 1434 dissipat,
2578 1363 2674 1435 qui
2722 1380 2848 1420 cum
2900 1381 3012 1420 uno
3059 1363 3361 1438 eodemque
3405 1373 3681 1422 momento
3730 1366 3885 1422 horae

2286 1450 2572 1524 prodeant,
2602 1469 2715 1509 non
2759 1453 2816 1509 in
2847 1470 2956 1510 una
3001 1455 3440 1512 conversationis
3477 1456 3736 1530 qualitate
3763 1471 3888 1528 per-

2287 1539 2508 1597 durant.
2543 1542 2648 1599 Ubi
2675 1550 2758 1598 tot
2805 1543 3230 1617 praadicamenta
3275 1544 3554 1614 falsitatis,
3603 1562 3724 1619 quae
3753 1561 3888 1602 enu-

2289 1647 2500 1688 merare
2543 1632 2806 1704 fugimus,
2843 1650 2913 1689 ne
2943 1634 3012 1690 ab
3053 1635 3367 1708 exponendi
3396 1635 3592 1692 ordine
3619 1635 3780 1708 longe
3809 1651 3890 1690 re-

2287 1719 2546 1778 cedamus
2565 1721 2594 1778 ‘i
2621 1721 2728 1778 Sed
2747 1731 2947 1781 cuncta
2961 1723 3077 1796 jam
3099 1724 3301 1782 erroris
3321 1724 3575 1782 doctrina
3598 1723 3888 1793 conticuit,

573 1799 705 1856 dum
735 1798 986 1855 mortalis
1014 1813 1140 1853 031'0
1169 1795 1532 1886 conspieitur.
1557 1794 2066 1886 θῐίῐιέζηοηέιιίξδῐξε
2087 1811 2179 1867 ΡΟ·
2207 1820 2254 1884 Β
2289 1809 2418 1884 quia
2443 1809 2746 1867 Leviathan
2776 1794 3021 1886 linguam
3054 1815 3326 1871 Dominus
3351 1815 3754 1872 incarnationis
3785 1829 3898 1869 sua:

573 1889 748 1946 tentia
767 1905 878 1944 non
909 1886 1150 1956 videtur,
1182 1884 1338 1960 quasi
1371 1884 1570 1942 hamus
1599 1884 1824 1958 quidam
1857 1883 1990 1940 inde
2015 1883 2181 1940 devo-

576 1988 786 2036 rantem
817 1977 1041 2050 perimit
1071 1975 1217 2032 unde
1246 1991 1478 2034 acumen
1516 1974 1776 2048 potentiae
1812 1990 1922 2048 quo
1951 1973 2185 2032 transﬁ-

578 2079 666 2142 gat
694 2069 952 2126 occultat.
983 2066 1246 2142 Sequitur
1272 2085 1284 2124 :

1200 2191 1430 2250 CAPUT
1482 2191 1557 2248 X.

720 2314 858 2371 Isin.
885 2342 957 2354 —
975 2313 1052 2370 Et
1075 2310 1202 2382 fune
1233 2309 1421 2382 ligabis
1454 2309 1689 2382 linguam
1717 2306 1852 2378 ejus.

653 2405 739 2463 18.
771 2405 914 2477 Ejus
945 2403 1180 2475 linguam
1207 2401 1467 2458 Dominus
1499 2399 1702 2473 ligavit,
1746 2399 1872 2454 dum
1898 2395 2054 2452 silere
2081 2410 2188 2450 coe-

579 2496 656 2568 git
679 2491 1262 2553 errores.—Subaudis
1291 2499 1354 2548 ut
1381 2508 1500 2565 ego.
1533 2489 1819 2562 Scriptura
1857 2486 2007 2544 enim
2038 2501 2191 2543 sacra

583 2586 716 2642 fune
745 2583 1042 2658 aliquando
1069 2581 1479 2638 dimensionum
1509 2587 1704 2648 sortes,
1739 2575 2038 2650 aliquando
2071 2591 2190 2648 pec-

585 2684 725 2743 cata,
785 2673 1086 2746 aliquando
1143 2671 1310 2729 ﬁdem
1354 2671 1639 2744 designare
1688 2665 2002 2725 consuevit.
2051 2665 2190 2721 Nam

585 2769 810 2840 propter
834 2760 1213 2819 haereditarias
1258 2761 1674 2818 dimensionum
1731 2765 1907 2814 sortes
1947 2754 2186 2811 dicitur:

589 2855 762 2913 Funes
779 2851 1074 2909 ceciderunt
1097 2851 1229 2909 mihi
1256 2853 1315 2909 in
1345 2851 1628 2925 pra-claris
1643 2868 1664 2916 ;
1691 2849 1878 2906 etenim
1911 2846 2192 2902 hwredztas

587 2962 702 3002 mea
715 2943 986 3016 prwclara
1015 2949 1090 2998 est
1109 2942 1238 2998 mihi
1263 2943 1442 3012 (Psal.
1478 2958 1577 3010 xv,
1595 2939 1674 3014 6).
1709 2940 1891 2995 Funes
1907 2935 2113 3010 quippe
2131 2935 2190 2990 in

590 3030 868 3106 praeclaris
894 3029 1122 3100 cadunt,
1153 3030 1285 3086 dum
1316 3046 1414 3103 per
1449 3029 1825 3086 humilitatem
1859 3027 1990 3086 vita:
2019 3037 2192 3084 sortes

591 3138 692 3177 nos
721 3121 913 3191 patriae
943 3121 964 3155 ³
997 3120 1243 3176 melioris
1272 3121 1578 3192 excipiunt.
1617 3122 1857 3177 Rursum
1906 3117 2036 3191 quia
2060 3117 2192 3173 fune

595 3217 814 3282 peccata
840 3209 1146 3280 signantur,
1180 3225 1276 3280 per
1306 3207 1630 3279 pr0phetam
1673 3208 1912 3264 dicitur:
1973 3209 2060 3266 Vae
2099 3225 2169 3278 qu

597 3297 810 3354 trahitis
835 3295 1167 3368 hiquitatem
1197 3295 1522 3366 infuniculis
1545 3297 1794 3352 vanitatis
1817 3296 1972 3368 (Isai.
1996 3315 2054 3366 v,
2081 3298 2193 3369 18),

598 3383 869 3458 Iniquitas
893 3384 1202 3459 namquein
1223 3383 1484 3438 funiculis
1510 3383 2047 3452 vanitatistrahitur,
2063 3383 2196 3441 dum

599 3491 696 3549 per
723 3483 1078 3548 augmentum
1108 3475 1271 3545 culpa
1300 3471 1620 3544 protelatur.
1661 3471 1816 3529 Unde
1845 3482 1899 3530 et
1931 3489 2026 3545 per
2053 3472 2198 3529 Psal-

599 3565 817 3622 mistam
848 3563 1086 3621 dicitur:
1120 3564 1294 3620 Funes
1324 3567 1662 3634 peccatorum
1701 3560 2050 3633 circumplexi
2078 3567 2200 3617 sunt

599 3673 680 3712 me
711 3655 1102 3728 (Psal.cxv1n,
1135 3653 1250 3726 61).
1275 3650 1417 3720 Quia
1447 3651 1595 3706 enim
1628 3649 1783 3706 funis
1810 3647 2062 3706 addendo
2081 3657 2198 3706 tor-

599 3752 799 3820 quetur
823 3751 885 3800 ut
911 3751 1145 3814 crescat,
1186 3759 1299 3798 non
1344 3741 1624 3798 immerito
1662 3750 1946 3812 peccatum
1979 3741 2039 3797 in
2066 3741 2201 3799 fune

600 3835 886 3908 ﬁguratur,
919 3832 1066 3907 quod
1097 3849 1352 3906 perverso
1379 3831 1542 3888 corde
1581 3847 1741 3903 saepe,
1775 3831 1907 3888 dum
1939 3830 2202 3888 defendi-

600 3933 711 3992 tur,
745 3923 1177 3996 multiplicatur.
1223 3923 1463 3979 Rursum
1510 3920 1641 3976 fune
1661 3919 1800 3976 ﬁdes
1840 3921 2216 3992 exprimitur,.

601 4014 896 4071 Salomone
925 4021 1238 4082 attestante,
1276 4011 1375 4084 qui
1395 4010 1504 4066 ait:
1548 4009 1841 4065 Funiculus
1874 4011 2068 4080 triplex
2097 4009 2202 4080 dif-

602 4104 738 4176 ﬁcile
765 4103 1039 4175 rumpitur
1057 4103 1255 4175 (Eccle.
1298 4117 1378 4166 1v,
1431 4098 1546 4170 12),
1578 4097 1707 4171 quia
1742 4097 1877 4153 ﬁdes
1921 4097 2198 4168 videlicet,

603 4209 724 4268 quae
754 4191 820 4248 de
849 4191 1168 4264 cognitione
1197 4187 1487 4246 Trinitatis
1527 4186 1596 4242 ab
1639 4201 1732 4242 ore
1779 4185 2198 4258 prmdicantium

602 4281 834 4348 texitur,
866 4280 1028 4337 fortis
1056 4281 1116 4337 in
1137 4279 1326 4335 electis
1353 4291 1700 4350 permanens,
1746 4274 1805 4329 in
1859 4276 1977 4330 solo
2016 4292 2198 4348 repro-

602 4373 800 4429 borum
833 4369 996 4427 corde
1017 4368 1334 4441 dissipatur.
1377 4368 1493 4424 Hoc
1521 4367 1706 4440 itaque
1749 4365 1868 4420 loco
1909 4363 2058 4421 funis
2087 4381 2200 4422 no-

605 4461 752 4517 mine
781 4459 897 4516 sive
926 4466 1232 4532 peccatum,
1262 4457 1380 4514 sive
1409 4456 1574 4514 ﬁdem
1604 4455 1684 4512 nil
1732 4453 1912 4511 obstat
1937 4454 2193 4527 intelligi.

607 4549 745 4625 [Vet.
777 4549 966 4624 XIII.]
1016 4552 1336 4605 lncarnatus
1378 4548 1583 4604 etenim
1633 4547 1654 4582 ³
1697 4545 1966 4602 Dominus
2012 4553 2200 4606 noster
2229 4555 2278 4615 D

605 4642 738 4698 fune
766 4640 1070 4696 Leviathan
1092 4639 1336 4711 linguam
1365 4637 1581 4710 ligavit,
1613 4641 1803 4697 1088
1820 4634 1948 4707 quia
1971 4635 2027 4690 in
2049 4635 2199 4694 simi-

605 4738 842 4798 litudine
873 4738 1054 4795 carnis
1081 4736 1290 4810 peccati
1319 4734 1594 4808 apparuit,
1627 4741 1680 4789 et
1707 4732 1896 4789 omnia
1950 4750 2198 4790 errorum

605 4829 724 4903 ejus
754 4828 1177 4902 praedicamenta
1223 4824 1508 4882 damnavit
1563 4825 1740 4895 (Rom.
1773 4839 1900 4890 vm,
1933 4822 2012 4896 3).
2046 4823 2202 4880 Unde

605 4919 775 4976 Paulo
797 4924 1090 4974 attestante
1110 4914 1348 4972 dicitur:
1382 4915 1458 4970 Et
1475 4912 1537 4967 de
1560 4918 1770 4984 peccato
1789 4911 2065 4966 damnavit
2087 4930 2202 4984 pec-

606 5015 781 5065 catum
816 5008 983 5081 (Ibid.
992 5007 1038 5078 ).
1071 5007 1225 5062 Fune
1253 5005 1499 5078 linguam
1527 5001 1744 5075 ligavit,
1775 5001 1905 5074 quia
1933 5019 2028 5075 per
2053 5001 2202 5058 simi-

607 5099 902 5157 litudinem
936 5096 1119 5154 carnis
1139 5094 1347 5168 peccati
1369 5092 1436 5150 ab
1465 5093 1765 5148 electorum
1799 5108 2024 5150 suorum
2069 5109 2204 5150 cor-

608 5188 770 5245 dibus
798 5197 998 5245 cuncta
1015 5185 1134 5258 ejus
1154 5184 1384 5242 fallacia:
1407 5191 1729 5257 argumenta
1746 5181 2042 5240 destruxit.
2061 5183 2204 5240 Ecce

609 5277 756 5334 enim
785 5285 1078 5350 apparente
1107 5275 1167 5333 in
1196 5291 1358 5334 carne
1381 5274 1640 5344 Domino,
1671 5271 1975 5330 Leviathan
2021 5272 2209 5347 lingua

682 5471 703 5543 ξ
731 5467 994 5543 Yindoc.,
1016 5469 1216 5529 Pratel.
1238 5479 1292 5528 et
1320 5469 1434 5539 alii,
1467 5470 1641 5543 ﬁlium
1670 5485 1839 5526 meum
1859 5469 2202 5543 unigenitum.

683 5538 706 5612 ξ
734 5539 988 5612 Laudun.
1015 5548 1074 5612 iet
1103 5545 1312 5612 Germ.,
1336 5538 1601 5600 meliores.

683 5609 886 5684 f5_l_ii.,
917 5611 1249 5684 Redemptor.

646 5681 704 5765 ,β
1428 5703 1510 5744 ac.
1543 5687 1622 5760 pl.
1665 5686 1883 5754 Norm.,
1905 5683 2057 5741 illius
2083 5681 2208 5754 fal-

610 5759 898 5885 ωῗίῖῗότι).
931 5825 1139 5892 Germ.,
1172 5823 1408 5883 Vindoc.
1450 5845 1512 5886 ac
1559 5828 1755 5898 Laud,
1803 5828 2060 5900 zEgypti;
2088 5825 2207 5882 sic-

2291 1899 2422 1956 fune
2449 1899 2804 1958 constrinxit.
2859 1902 3014 1958 Unde
3060 1902 3198 1959 bene
3232 1903 3397 1960 etiam
3437 1919 3536 1976 per
3567 1901 3897 1976 prophetam

2292 1987 2496 2046 dicitur
2519 2007 2532 2045 :
2555 1992 2631 2046 Et
2648 1990 2903 2046 desolabit
2921 1993 3183 2048 Dominus
3205 1992 3440 2064 linguam
3459 1993 3631 2048 maris
3653 1994 3674 2028 ⁵
3696 1993 3901 2062 Egyp-

2296 2081 2356 2136 tii
2382 2081 2544 2153 (Isai.
2576 2097 2656 2148 χι,
2699 2081 2810 2154 15).
2844 2081 3057 2153 Lingua
3103 2083 3306 2156 quippe
3347 2083 3514 2139 maris
3553 2089 3636 2138 est
3664 2080 3905 2138 scientia

2294 2168 2560 2227 doctrinae
2579 2170 2883 2226 sacularis.
2912 2171 3057 2227 Bene
3085 2177 3266 2228 autem
3304 2187 3450 2227 mare
3499 2173 3522 2206 θ
3565 2168 3907 2242 Egyptium

2295 2257 2522 2328 dicitur,
2554 2260 2683 2333 quia
2708 2261 2919 2334 peccati
2961 2259 3296 2318 obscuritate
3323 2260 3590 2317 fuscatur.
3622 2258 3904 2331 Linguam

2295 2365 2423 2421 ergo
2455 2350 2626 2406 maris
2659 2351 2914 2423 Egyptii
2943 2351 3213 2407 Dominus
3241 2350 3534 2418 desolavit,
3565 2346 3699 2422 quia
3738 2346 3905 2420 hujus

2297 2439 2492 2496 mundi
2521 2439 2716 2496 falsam
2745 2441 3073 2513 sapientiam
3097 2456 3194 2512 per
3218 2455 3438 2497 carnem
3468 2454 3525 2494 se
3555 2436 3903 2494 ostendendo

2298 2527 2594 2585 destruxit.
2627 2531 2779 2586 Fune
2811 2546 2940 2602 ergo
2985 2529 3291 2585 Leviathan
3341 2529 3530 2601 lingua
3568 2527 3900 2600 constringi-

2300 2623 2411 2685 tur,
2445 2618 2577 2690 quia
2604 2635 2702 2690 per
2729 2618 3156 2676 similitudinem
3183 2618 3367 2676 carnis
3395 2617 3608 2691 peccati
3635 2617 3810 2692 ligata
3827 2627 3902 2675 est

2298 2708 2622 2781 prtedicatio
2651 2709 2857 2766 vetusti
2887 2709 3212 2784 peccatoris.

2369 2809 2459 2866 20.
2490 2809 2854 2868 Disseminata
2882 2813 3228 2870 sanctissima:
3265 2811 3545 2872 Trinitatis
3569 2811 3672 2885 ﬁde
3685 2811 3902 2869 scientia

2299 2901 2572 2956 sweularis
2605 2901 2785 2958 tacuit.
2817 2933 2881 2944 —
2907 2903 2964 2960 Si
2992 2911 3177 2963 autem
3209 2902 3349 2960 ﬁdes
3375 2903 3505 2960 fune
3535 2901 3815 2975 signatur,
3839 2903 3908 2959 is-

2299 2987 2424 3044 dem
2452 2988 2616 3046 nobis
2643 2991 2843 3048 iterum
2883 2991 3200 3050 intellectus
3240 2995 3260 3029 ⁷
3297 2992 3566 3058 innuitur,
3597 2991 3732 3065 quia
3765 2990 3902 3048 dum

2300 3093 2396 3150 per
2423 3079 2810 3152 praedicatores
2851 3092 3066 3140 sanctos
3102 3084 3160 3139 in
3203 3084 3411 3140 mundo
3447 3083 3579 3140 fides
3605 3082 3904 3140 Trinitatis

2174 3167 2192 3259 ξ
2223 3187 2268 3249 ο
2302 3167 2568 3238 innotuit,
2597 3179 2789 3228 contra
2813 3172 3114 3229 electorum
3157 3180 3366 3229 mentes
3393 3187 3676 3246 erumpere
3707 3171 3904 3230 mundi

2305 3257 2557 3316 doctrina
2582 3261 2836 3318 cessavit.
2883 3261 3036 3318 Unde
3077 3261 3216 3319 bene
3261 3262 3503 3319 Domino
3532 3278 3627 3335 per
3654 3262 3906 3337 prophe-

2305 3355 2417 3404 tam
2447 3347 2652 3405 dicitur
2685 3366 2696 3404 :
2739 3352 2818 3406 Tu
2845 3351 3100 3423 dirupisti
3127 3350 3298 3422 fontes
3323 3357 3372 3407 et
3401 3357 3676 3422 torrentes,
3714 3359 3770 3408 tu
3799 3353 3904 3408 sic-

2307 3438 2439 3494 casti
2464 3439 2652 3510 ﬂuvios
2687 3441 2860 3496 Ethan
2895 3441 3070 3514 (Psal.
3104 3459 3302 3512 Lxxm,
3341 3444 3454 3516 15).
3484 3442 3670 3499 Ethan
3701 3443 3904 3518 quippe

2307 3527 2704 3602 interpretatur
2733 3531 2920 3588 fortis.
2949 3533 3022 3589 Et
3068 3533 3192 3606 quis
3237 3543 3318 3590 est
3353 3533 3448 3591 hic
3486 3534 3666 3603 fortis,
3695 3533 3810 3590 nisi
3838 3531 3904 3588 de

2307 3637 2419 3694 quo
2446 3639 2544 3695 per
2587 3623 2954 3697 Evangelium
2995 3627 3266 3684 Dominus
3310 3625 3447 3684 dicit
3489 3643 3500 3682 :
3553 3628 3721 3684 Nemo
3745 3630 3904 3700 potest

2308 3728 2436 3768 vasa
2452 3713 2612 3784 fortis
2628 3715 2896 3786 ingressus
2914 3715 3122 3772 domum
3144 3717 3396 3788 diripere,
3419 3717 3527 3773 nisi
3540 3717 3699 3790 prius
3722 3716 3903 3788 fortem

2307 3802 2491 3873 alliget
2529 3803 2723 3874 (Marc.
2759 3821 2842 3872 ιη,
2882 3804 2974 3877 27)
3008 3806 3038 3862 ?
3085 3807 3284 3862 Fontes
3327 3806 3511 3881 itaque
3549 3815 3599 3863 et
3643 3815 3905 3863 torrentes

2307 3891 2577 3947 Dominus
2605 3892 2839 3964 dirupit,
2867 3893 2998 3950 dum
3029 3895 3086 3950 in
3117 3895 3491 3968 apostolorum
3522 3891 3753 3954 suorum
3778 3913 3904 3954 cor-

2309 3983 2470 4040 dibus
2503 3985 2709 4040 fluenta
2757 3985 3009 4041 veritatis
3056 3986 3289 4058 aperuit.
3337 3988 3414 4043 De
3457 3987 3658 4060 quibus
3685 4004 3906 4044 rursum

2308 4074 2736 4147 perprophetam
2757 4077 2925 4132 alium
2943 4076 3150 4134 dicitur
3181 4097 3192 4135 :
3227 4079 3497 4135 Haurietis
3515 4095 3681 4149 aquas
3704 4079 3757 4134 in
3779 4093 3909 4150 gau-

2307 4165 2396 4220 dio
2425 4165 2487 4220 de
2513 4165 2749 4236 fontibus
2779 4168 3075 4224 Saluatoris
3102 4170 3265 4239 (Isai.
3317 4186 3418 4238 xu,
3465 4168 3540 4242 3).
3588 4167 3679 4223 Ad
3716 4183 3906 4224 eorum

2307 4256 2508 4328 quippe
2537 4256 2844 4314 doctrinam
2888 4257 3136 4315 sitientes
3173 4259 3472 4331 pergimus,
3507 4259 3528 4292 ³
3561 4264 3624 4314 ut
3653 4255 3908 4313 veritatis

2307 4345 2494 4418 plenas
2520 4347 2772 4406 cordium
2805 4357 3123 4407 nostrorum
3171 4351 3494 4425 lagunculas
3540 4355 3907 4422 reportemus.

2307 4437 2412 4494 Sed
2441 4439 2824 4497 emanantibus
2852 4441 2967 4496 suis
2998 4440 3245 4497 fontibus
3273 4440 3460 4496 Ethan
3501 4439 3709 4496 fluvios
3741 4438 3910 4495 exsic-

2309 4528 2473 4596 cavit,
2505 4528 2635 4584 dum
2657 4529 2965 4587 doctrinam
2988 4529 3146 4587 fortis
3165 4539 3219 4586 et
3237 4529 3464 4602 maligni
3485 4528 3718 4602 spiritus
3738 4535 3910 4584 osten-

2308 4634 2369 4674 so
2393 4618 2548 4675 radio
2575 4637 2686 4676 sua:
2717 4620 2965 4676 veritatis
3003 4619 3246 4676 arefecit.
3292 4619 3604 4675 Leviathan
3642 4635 3771 4692 ergo
3797 4618 3911 4673 lin-

2311 4723 2412 4779 gua
2454 4709 2584 4764 fune
2631 4709 2938 4780 stringitur,
2989 4709 3139 4782 quia,
3179 4717 3404 4766 extensa
3443 4709 3551 4766 ﬁde
3597 4706 3909 4774 Trinitatis,

2310 4814 2556 4854 errorum
2603 4798 3025 4871 praedicamenta
3063 4799 3352 4856 siluerunt.
3401 4799 3507 4856 Sed
3559 4799 3693 4873 quia
3715 4797 3828 4871 jam
3857 4811 3911 4851 se

2310 4896 2494 4960 aperte
2523 4888 2786 4945 extollere
2817 4905 2929 4944 non
2955 4888 3120 4957 valet,
3153 4889 3261 4945 huc
3292 4889 3535 4962 illucque
3581 4887 3912 4946 circumiens

2310 4993 2407 5050 per
2433 4977 2664 5035 insidias
2697 4977 2931 5036 mordet.
2973 4977 3112 5053 [Vet.
3145 4979 3228 5036 XI
3236 4978 3322 5054 V.]
3355 4978 3494 5036 Mira
3523 4985 3712 5034 autem
3760 4976 3911 5032 mise-

2311 5069 2549 5127 ricordia
2575 5079 2766 5128 contra
2813 5069 2961 5128 hunc
3007 5087 3106 5143 pro
3163 5071 3324 5128 nobis
3377 5072 3650 5129 Dominus
3698 5068 3911 5143 vigilat,

2310 5167 2473 5235 atque
2500 5177 2624 5218 eum
2655 5169 2710 5217 et
2737 5162 2796 5217 in
2821 5160 2927 5219 hoc
2955 5161 3102 5236 quod
3145 5161 3436 5220 fraudibus
3474 5161 3708 5220 molitur
3733 5172 3914 5231 expu-

2318 5259 2464 5324 gnat.
2499 5251 2652 5310 Unde
2682 5251 2940 5310 subditur
2968 5271 2981 5309 :

2319 5473 2425 5531 que
2455 5457 2512 5514 in
2540 5455 3027 5586 conseguentibus.

2391 5532 2412 5566 ⁸
2443 5529 2642 5586 Laud..
2750 5536 2936 5586 auntus
2963 5529 3072 5586 dici

2391 5532 2412 5566 ⁸
2434 5529 2642 5602 Laud”
2672 5529 2936 5602 Egyptus
2963 5529 3183 5586 dicitur.

2389 5599 2654 5676 '{E_broic.
2685 5599 2890 5676 aliique
2917 5603 3203 5676 Norman.,
3225 5601 3520 5660 invenitur.

2391 5673 2413 5708 ⁸
2444 5673 2608 5729 Germ
2637 5714 2652 5741 ,
2698 5665 2896 5744 Laud,
2943 5675 3142 5736 Pratel.
3186 5665 3256 5734 ac
3292 5677 3392 5750 pl.,
3441 5681 3489 5732 et
3534 5670 3754 5730 ueritate
3791 5665 3914 5738 ple‘

2317 5764 2531 5807 nas.....
2561 5753 2913 5818 reportamus.
