4156 6178
269 302 374 362 685

749 427 976 488 CAPUT
1006 430 1083 511 x1
1114 432 1257 508 meo.
1290 435 1384 510 Χ).

340 518 514 578 Vsus.
533 519 598 576 21
609 520 957 593 .-—Nunquid
964 541 1124 596 pones
1138 526 1395 584 circulum
1412 527 1467 583 in
1486 528 1707 584 naribus
1721 529 1866 600 ejus?

337 609 432 666 2f.
468 609 714 665 Circulus
740 612 798 667 in
826 614 1047 670 naribus
1067 616 1266 673 diaboli
1292 618 1488 674 divinte
1510 619 1724 675 virtutis
1752 637 1866 675 om-

263 698 579 770 nipotentia.
610 728 682 740 —
700 699 853 758 Sicut
871 719 966 775 per
992 721 1149 762 nares
1178 705 1414 775 insidiae,
1444 708 1522 763 ita
1552 725 1647 780 per
1675 708 1871 765 circu—

264 787 382 843 lum
419 787 627 844 divinaa
657 789 881 848 virtutis
918 794 1317 867 omnipotentia
1356 796 1691 869 designatur.
1736 799 1867 867 Quae

264 894 390 934 cum
422 877 764 950 apprehendi
801 897 901 938 nos
938 885 1338 941 tentationibus
1378 887 1658 959 prohibet,
1710 889 1869 944 miris

263 967 558 1024 ordinibus
587 974 777 1034 1089
806 974 1020 1047 antiqui
1051 975 1225 1033 hostis
1256 977 1483 1035 insidias
1511 980 1869 1052 circumplec-

264 1075 387 1131 tens
417 1074 585 1124 tenet.
619 1067 872 1126 Circulus
901 1087 1027 1144 ergo
1057 1073 1105 1129 ei
1139 1075 1194 1129 in
1217 1076 1443 1133 naribus
1473 1077 1717 1149 ponitur,
1736 1076 1867 1133 dum

264 1157 645 1214 circumducta
670 1161 1028 1230 protectionis
1056 1179 1304 1235 supernae
1333 1166 1681 1234 fortitudine,
1714 1169 1729 1200 ¹
1754 1164 1871 1238 ejus

264 1255 534 1326 sagacitas
562 1255 853 1322 retinetur,
874 1274 942 1314 ne
961 1268 1152 1316 contra
1180 1261 1554 1319 inﬁrmitatem
1578 1263 1869 1319 hominum

264 1351 481 1400 tantum
514 1346 828 1416 praevaleat,
859 1357 1124 1420 quantum
1169 1352 1498 1425 perditionis
1546 1362 1873 1426 argumenta

265 1434 500 1490 latenter
526 1436 798 1508 explorat.
850 1438 1034 1497 Potest
1062 1442 1226 1498 etiam
1270 1443 1467 1499 circuli
1506 1444 1738 1499 nomine
1768 1459 1872 1500 oc-

263 1529 398 1586 culti
441 1527 646 1601 judicii
698 1529 1034 1602 adjutorium
1082 1532 1377 1606 designari,
1411 1533 1558 1607 quod
1605 1533 1664 1588 in
1706 1533 1873 1605 hujus

262 1618 569 1676 Behemoth
598 1619 824 1676 naribus
852 1621 1098 1692 ponitur,
1125 1638 1253 1679 cum
1282 1639 1312 1677 a
1332 1622 1533 1679 callida
1558 1638 1655 1678 sua
1682 1622 1871 1680 crude-

263 1704 417 1763 litate
455 1708 786 1766 refrenatur.
823 1709 978 1765 Unde
1032 1709 1171 1767 bene
1209 1727 1305 1783 per
1344 1710 1693 1783 prophetam,
1742 1727 1868 1768 cum

1034 307 1409 369 MORALIUM
1452 309 1588 368 LIB.
1630 309 1891 368 XXXIII.
1932 340 2002 353 —
2040 311 2112 369 IN
2150 311 2383 371 CAPUT
2419 311 2517 371 XL
2555 312 2618 371 B.
2659 313 2802 372 JOB.

3465 326 3571 384 686

1894 438 1947 499 Α
1980 443 2186 494 astutae
2216 437 2335 511 ejus
2364 439 2596 497 insidias
2622 441 2989 513 omnipotenti
2998 442 3213 515 judicio
3233 451 3571 526 constringe,

1974 536 2037 584 ut
2064 546 2166 585 nec
2193 536 2408 587 tantum
2439 538 2611 587 tentet
2663 540 2928 605 quantum
2958 535 3184 608 appetit,
3216 554 3318 597 nec
3357 548 3572 601 tantum

1975 619 2157 691 capiat
2179 629 2449 694 quantum
2474 628 2665 678 tentat.
2708 622 2966 695 Sequitur
3000 640 3012 679 :

2585 712 2812 769 CAPUT
2842 712 2963 769 XII.

2048 802 2184 857 Iam.
2220 830 2291 842 —
2317 801 2433 857 Aut
2455 801 2676 858 armilla
2702 801 3006 874 perforabis
3032 804 3313 862 maxillam
3340 807 3453 879 ejus
3477 811 3505 867 ἲ

2053 890 2143 947 22.
2168 892 2291 947 Haec
2313 892 2580 964 plurimos
2608 909 2738 963 quos
2766 893 3054 963 devoravit,
3081 895 3146 950 ab
3184 894 3298 966 ejus
3335 897 3577 968 faucibus

1979 979 2232 1036 extrahit.
2262 1012 2332 1023 —
2360 981 2445 1037 Ab
2473 983 2757 1039 intellectu
2786 984 2981 1041 circuli
3009 986 3227 1043 armilla
3246 1003 3356 1045 non
3380 988 3579 1048 discre-

1983 1076 2093 1141 pat,
2131 1069 2260 1142 quia
2302 1070 2419 1143 ipsa
2466 1071 2571 1129 hoc
2615 1090 2830 1147 quoque
2885 1073 2981 1130 ubi
3027 1077 3252 1148 ponitur
3284 1079 3577 1137 ambiendo

1979 1158 2328 1230 constringit.
2363 1160 2467 1215 Sed
2496 1163 2626 1234 quia
2646 1163 2863 1218 armilla
2893 1164 3056 1221 latius
3084 1166 3352 1237 tenditur,
3381 1185 3477 1243 per
3497 1186 3578 1226 ar-

1980 1247 2191 1304 millam
2224 1250 2427 1305 occulti
2471 1248 2588 1321 ejus
2611 1249 2814 1323 judicii
2862 1269 2988 1327 erga
3014 1272 3114 1312 nos
3162 1259 3427 1329 protectio
3471 1260 3577 1316 im-

1982 1338 2204 1409 pensior
2230 1337 2567 1413 designatur.
2590 1341 2826 1399 Armilla
2845 1360 2972 1418 ergo
2992 1346 3263 1405 Dominus
3293 1348 3579 1407 maxillam

1981 1426 2291 1484 Leviathan
2321 1429 2483 1485 istius
2512 1431 2770 1502 perforat,
2803 1433 2931 1507 quia
2961 1434 3225 1491 ineffabili
3258 1438 3580 1495 misericor-

1981 1515 2087 1572 diae
2115 1534 2225 1574 suae
2257 1519 2501 1590 potentia
2528 1520 2607 1577 sic
2653 1522 2878 1579 malitiae
2908 1523 3121 1599 antiqui
3151 1524 3327 1583 hostis
3369 1527 3578 1599 obviat,

1980 1614 2043 1661 ut
2072 1606 2367 1680 aliquando
2396 1626 2489 1666 eos
2518 1609 2680 1667 etiam
2715 1628 2852 1685 quos
2874 1611 2988 1685 jam
3035 1615 3179 1689 cepit
3231 1616 3479 1685 amittat;
3527 1626 3584 1675 et

1981 1696 2140 1766 quasi
2168 1695 2237 1752 ab
2265 1714 2360 1754 ore
2387 1698 2542 1755 illius
2571 1700 2795 1771 cadunt,
2828 1703 2922 1776 qui
2952 1711 3075 1776 post
3104 1712 3440 1779 perpetratas
3467 1709 3580 1767 cul-

262 1795 331 1850 ab
363 1796 734 1854 Israelitarum
766 1798 988 1854 laesione
1018 1799 1361 1872 prohibetur,
1411 1798 1525 1870 regi
1555 1798 1873 1870 Babyloniae
1903 1800 1949 1863 B
1982 1799 2078 1856 Ρειδ
2103 1784 2172 1840 ad
2216 1785 2589 1844 innocentiam
2633 1789 2882 1846 redeunt
2932 1792 3066 1860 Quis
3112 1796 3261 1851 enim
3291 1812 3383 1853 Ore
3430 1797 3582 1856 illius

260 1884 471 1942 dicitur
494 1909 506 1943 :
534 1888 734 1943 Panum
761 1888 1019 1942 circulum
1039 1888 1096 1942 in
1116 1888 1338 1944 naribus
1361 1887 1463 1942 tuis
1482 1887 1867 1958 (Isai.xxxv1r,

261 1974 383 2047 29).
430 1976 512 2033 Ac
553 1977 600 2032 si
646 1984 829 2050 aperte
879 1976 1155 2034 diceretur
1205 1995 1216 2033 :
1277 1976 1587 2049 Cogitando
1636 1976 1870 2033 insidias

258 2067 539 2141 suspiras;
591 2068 685 2125 sed
740 2070 959 2142 explere
1013 2069 1161 2144 quod
1218 2069 1430 2142 appetis
1484 2083 1598 2123 non
1627 2066 1868 2123 valendo

261 2158 677 2230 omnipotentiae
706 2175 840 2215 mea;
868 2160 1137 2217 circulum
1181 2160 1239 2215 in
1268 2159 1497 2215 naribus
1544 2164 1754 2230 portas,
1805 2163 1869 2212 ut

257 2264 387 2305 cum
425 2249 697 2306 honorum
728 2256 958 2305 mortem
981 2248 1262 2305 ardentius
1283 2248 1531 2316 anhelas,
1567 2246 1636 2302 ab
1675 2261 1867 2301 eorum

256 2341 380 2396 vita
407 2356 617 2397 vacuus
662 2338 868 2395 redeas.
918 2338 1075 2406 Quod
1103 2356 1235 2395 vero
1275 2338 1383 2395 hoc
1412 2339 1535 2395 loco
1567 2336 1863 2403 circulum,

255 2428 368 2486 hoc
403 2436 457 2485 et
486 2429 770 2500 Scriptura
796 2444 949 2484 sacra
995 2444 1091 2499 per
1122 2429 1389 2483 Joannem
1420 2427 1477 2482 in
1524 2426 1863 2498 Apocalypsi

250 2518 457 2575 falcem
477 2525 656 2574 vocat.
694 2516 791 2571 Ait
817 2515 964 2570 enim
988 2533 1000 2569 :
1040 2516 1178 2580 Vidi,
1211 2516 1233 2550 ³
1263 2521 1309 2569 et
1332 2532 1438 2569 ecce
1463 2515 1653 2568 nubem
1674 2514 1872 2569 candi-

245 2614 411 2675 dam,
448 2615 496 2663 et
522 2625 681 2679 super
698 2607 885 2662 nubem
913 2606 1166 2661 sedentem
1195 2606 1417 2661 similem
1446 2605 1591 2661 Filio
1621 2605 1868 2672 hominis,

250 2700 531 2755 habentem
560 2698 615 2752 in
661 2697 827 2768 capite
863 2713 957 2751 suo
986 2712 1233 2751 coronam
1262 2712 1501 2764 auream,
1532 2700 1582 2750 et
1605 2695 1663 2749 in
1709 2712 1869 2751 manu

253 2807 360 2846 sua
398 2788 589 2859 falcem
630 2794 842 2843 acutam
884 2788 1071 2861 (Apoc.
1116 2805 1234 2857 xxv,
1273 2787 1384 2860 14).
1439 2788 1691 2843 Potestas
1721 2786 1866 2842 enim

256 2878 439 2937 divini
458 2876 680 2950 judicii,
703 2879 833 2951 quia
848 2878 1091 2951 undique
1107 2878 1349 2950 stringit,
1372 2877 1613 2933 circulus
1635 2876 1863 2944 dicitur;

260 2976 319 3024 et
344 2968 475 3041 quia
502 2967 645 3023 intra
675 2984 733 3023 se
760 2967 946 3023 omnia
976 2966 1274 3023 incidendo
1298 2967 1676 3038 amplectitur,
1709 2966 1870 3023 falcis

262 3055 629 3129 appellatione
658 3056 921 3128 signatur.
954 3058 1015 3112 In
1046 3056 1184 3113 falce
1210 3055 1355 3113 enim
1390 3054 1663 3128 quidquid
1714 3054 1869 3111 inci—

1982 1873 2149 1929 semel
2176 1880 2362 1946 raptus
2382 1876 2666 1933 maxillam
2697 1878 2814 1950 ejus
2843 1880 3118 1952 evaderet,
3154 1890 3343 1948 1090
3372 1885 3419 1941 si
3449 1903 3582 1959 per-

1981 1975 2157 2030 forata
2186 1990 2297 2031 non
2326 1977 2504 2033 esset?
2533 1980 2621 2034 An
2651 1990 2762 2036 non
2792 1980 2851 2037 in
2876 1998 2969 2038 ore
2996 1982 3219 2039 Petrum
3250 1982 3581 2055 tenuit,cum

1981 2062 2202 2149 negavit
2234 2064 2443 2135 (Matth.
2470 2083 2632 2133 xxvr,
2665 2067 2755 2141 70)
2788 2071 2815 2125 ?
2845 2072 2933 2126 An
2963 2087 3075 2128 non
3105 2074 3163 2129 in
3189 2090 3282 2130 ore
3300 2073 3582 2131 Davidte—

1980 2153 2126 2221 nuit,
2157 2169 2283 2210 cum
2335 2153 2391 2210 in
2422 2163 2629 2213 tantam
2655 2175 2712 2215 se
2742 2159 2976 2216 luxuriae
3024 2162 3341 2235 voraginem
3392 2164 3582 2220 mersit

1980 2244 2075 2316 (ΙΙ
2101 2246 2224 2316 Reg.
2258 2261 2341 2312 x1,
2373 2245 2436 2318 4)
2464 2246 2493 2303 ‘l
2519 2247 2620 2304 Sed
2654 2265 2781 2305 cum
2809 2249 2877 2306 ad
2906 2251 3079 2307 vitam
3101 2259 3333 2326 uterque
3361 2269 3458 2327 per
3471 2268 3579 2327 poe-

1981 2334 2273 2391 nitentiam
2320 2334 2506 2406 rediit,
2555 2338 2864 2396 Leviathan
2907 2340 3008 2398 iste
3048 2358 3141 2398 eos
3186 2342 3375 2416 aliquo
3416 2343 3581 2401 modo

1980 2423 2134 2497 quasi
2171 2440 2266 2496 per
2295 2425 2536 2482 maxillae
2568 2443 2678 2484 suae
2717 2428 2992 2486 foramina
3031 2430 3237 2488 amisit.
3274 2432 3376 2489 Per
3422 2432 3582 2490 fora-

1980 2529 2106 2569 men
2151 2529 2278 2585 ergo
2328 2514 2571 2571 maxillae
2618 2515 2685 2571 ab
2714 2514 2831 2587 ejus
2871 2534 2964 2573 ore
2997 2518 3263 2576 subtracti
3309 2528 3439 2577 sunt
3485 2522 3580 2595 qui

1979 2610 2102 2676 post
2141 2605 2610 2677 perpetrationem
2638 2613 2805 2661 tanta;
2846 2607 3107 2681 nequitiae
3136 2609 3456 2681 paenitendo
3485 2628 3583 2668 re—

1981 2691 2223 2749 dierunt.
2256 2694 2391 2762 Quis
2419 2703 2601 2751 autem
2645 2695 2937 2753 hominum
2984 2697 3287 2755 Leviathan
3335 2701 3496 2758 istius
3520 2720 3583 2759 os

1980 2787 2196 2856 evadat,
2224 2794 2286 2843 ut
2314 2788 2469 2843 nulla
2497 2786 2694 2845 illicita
2722 2790 3031 2846 committat
3051 2791 3079 2847 ?
3100 2791 3205 2848 Sed
3234 2792 3367 2849 hinc
3384 2810 3581 2865 cogno-

1980 2876 2185 2933 scimus
2214 2886 2479 2950 quantum
2510 2877 2841 2950 redemptori
2873 2878 3101 2934 humani
3133 2882 3344 2953 generis
3372 2882 3580 2941 debito-

1982 2982 2069 3021 res
2098 2983 2307 3035 sumus,
2341 2967 2437 3040 qui
2475 2982 2586 3022 non
2629 2968 2807 3023 solum
2840 2984 2941 3025 nos
2969 2969 3026 3023 in
3073 2986 3136 3025 os
3166 2969 3471 3027 Leviathan
3501 2972 3580 3030 ire

1980 3054 2291 3128 prohibuit,
2324 3055 2416 3111 sed
2446 3054 2514 3110 ab
2555 3072 2650 3111 ore
2691 3057 2857 3113 etiam
2901 3057 3080 3115 redire
3122 3060 3426 3129 concessit;
3483 3064 3580 3135 qui

263 3147 436 3216 ditur,
468 3163 903 3220 quaquaversum
953 3146 1210 3215 flectitur,
1244 3145 1396 3201 intus
1433 3145 1601 3202 cedit.
1634 3144 1707 3200 Et
1735 3145 1867 3218 quia
1906 3151 1950 3214 ς,
1981 3162 2133 3217 spem
2164 3144 2435 3218 peccatori
2458 3162 2569 3202 non
2599 3146 2853 3217 abstulit,
2885 3148 3015 3221 quia
3044 3150 3327 3209 maxillam
3358 3150 3497 3224 ejus,
3518 3162 3581 3212 ut

258 3243 503 3309 potestas
541 3234 764 3307 superni
802 3234 1002 3307 judicii
1052 3236 1368 3291 nullatenus
1415 3234 1679 3302 evitatur,
1719 3233 1867 3291 intra

256 3325 435 3397 ipsam
457 3326 659 3398 quippe
685 3341 893 3394 sumus,
923 3342 1032 3400 quo
1063 3325 1198 3382 libet
1227 3326 1414 3398 fugere
1444 3342 1735 3396 conemur,
1769 3341 1868 3381 re-

252 3422 345 3473 cte
371 3432 501 3472 cum
547 3422 813 3471 venturus
850 3414 1024 3486 judex
1075 3415 1406 3484 ostenditur,
1440 3416 1638 3472 falcem
1674 3422 1866 3471 tenere

254 3505 597 3579 perhibetur,
630 3506 759 3580 quia
786 3523 911 3563 cum
946 3513 1201 3578 potenter
1228 3506 1296 3561 ad
1326 3506 1513 3562 omnia
1541 3505 1753 3574 obviat,
1785 3505 1869 3560 in-

251 3597 493 3655 cidenda
534 3597 858 3654 circumdat.
892 3599 1024 3653 Esse
1053 3614 1110 3654 se
1159 3599 1307 3653 intra
1351 3599 1372 3632 ³
1416 3595 1621 3667 judicii
1664 3595 1862 3653 falcem

250 3696 533 3770 Propheta
559 3697 719 3767 vidit,
755 3715 884 3755 cum
915 3696 1118 3754 diceret
1153 3715 1163 3753 :
1202 3697 1259 3752 Si
1288 3696 1570 3752 ascendero
1582 3694 1641 3749 in
1656 3695 1863 3763 caelum,

252 3795 311 3842 tu
340 3787 459 3844 illic
476 3805 527 3843 es
543 3805 564 3854 ;
593 3789 640 3843 si
667 3788 973 3844 descendero
1003 3787 1077 3843 ad
1100 3785 1391 3857 infernum.
1424 3772 1585 3840 ades:
1604 3784 1661 3842 Si
1689 3800 1863 3855 sump-

252 3895 371 3933 sero
396 3894 603 3950 pennas
630 3895 771 3934 meas
806 3879 827 3914 ⁴
857 3882 977 3933 ante
1005 3877 1188 3945 lucem,
1219 3881 1267 3931 et
1296 3875 1603 3932 habitavere
1631 3875 1652 3908 ⁸
1679 3874 1739 3929 in
1765 3890 1868 3929 ea:-

253 3969 440 4024 tremis
468 3969 657 4035 maris,
687 3969 872 4025 etenim
920 3968 1051 4024 illuc
1076 3984 1268 4023 manus
1317 3973 1407 4022 tua
1438 3967 1650 4021 deducet
1682 3982 1785 4031 me,
1819 3971 1866 4020 et

252 4059 537 4113 tenebitme
556 4058 773 4113 dextera
803 4064 894 4114 tua
913 4058 1091 4129 (Psal.
1118 4072 1394 4123 cxxxvm,
1417 4056 1541 4125 8,9,
1570 4055 1633 4112 10
1638 4056 1682 4126 ).
1716 4056 1866 4112 Intra

252 4146 558 4221 quamdam
591 4147 787 4204 falcem
817 4164 874 4203 se
917 4145 1081 4214 vidit,
1127 4162 1253 4202 cum
1296 4161 1368 4201 ex
1399 4144 1553 4200 nullo
1596 4142 1701 4200 sibi
1742 4143 1865 4199 loco

252 4246 441 4312 patere
471 4238 613 4311 fugae
642 4236 852 4293 aditum
870 4251 1026 4308 posse
1054 4234 1335 4306 cognovit,
1361 4232 1550 4290 dicens
1574 4250 1585 4288 :
1623 4232 1761 4300 Quia
1778 4248 1866 4287 ne-

253 4346 356 4401 que
396 4328 463 4383 ab
491 4328 709 4395 oriente,
736 4343 899 4398 neque
931 4326 997 4381 ab
1051 4324 1327 4392 occidente,
1375 4339 1539 4393 neque
1574 4317 1623 4377 α’
1649 4321 1866 4379 desertis

252 4418 523 4474 montibus
555 4418 728 4490 (Psal.
760 4433 955 4484 Lxxrv,
975 4414 1056 4487 7);
1091 4412 1355 4470 subaudis
1377 4419 1526 4484 patet
1544 4409 1637 4466 via
1654 4410 1865 4482 fugien-

1978 3233 2247 3290 evadendi
2279 3235 2426 3289 viam
2458 3234 2744 3302 tribueret,
2777 3237 3099 3309 perforavit,
3130 3247 3192 3296 ut
3238 3242 3429 3299 saltem
3459 3252 3582 3316 post

1977 3341 2221 3381 morsum
2252 3325 2446 3398 fugiat,
2480 3325 2575 3398 qui
2618 3325 2873 3385 incautus
2901 3329 3055 3401 prius
3096 3330 3337 3388 morderi
3367 3349 3582 3407 nequa-

1976 3429 2141 3488 quam
2180 3415 2479 3472 metuebat.
2506 3415 2718 3490 Ubique
2748 3433 2875 3490 ergo
2897 3418 3059 3475 nobis
3074 3422 3317 3479 occurrit
3346 3439 3581 3496 superna

1976 3504 2277 3574 medicina,
2311 3506 2441 3580 quia
2467 3513 2521 3561 et
2550 3506 2702 3561 dedit
2730 3506 2945 3563 homini
2976 3519 3245 3584 praecepta
3276 3528 3344 3567 ne
3372 3521 3578 3585 peccet,

1976 3600 2031 3648 et
2058 3600 2247 3649 tamen
2277 3595 2539 3665 peccandi
2571 3595 2724 3650 dedit
2754 3597 3014 3667 remedia,
3054 3615 3123 3654 ne
3152 3601 3581 3673 desperet.Unde

1974 3682 2282 3742 cavendum
2327 3699 2678 3755 summopere
2706 3691 2789 3739 est
2818 3701 2886 3740 ne
2914 3687 3038 3759 quis
3071 3687 3432 3744 delectatione
3460 3706 3578 3760 pec-

1973 3771 2080 3827 cati
2110 3771 2417 3826 Leviatbau
2447 3772 2608 3827 istius
2637 3787 2729 3827 ore
2758 3772 3022 3844 rapiatur,
3055 3783 3108 3831 et
3136 3782 3340 3843 tamen,
3373 3776 3419 3830 si
3461 3793 3582 3850 rap-

1973 3866 2063 3916 tus
2096 3859 2285 3928 fuerit,
2322 3875 2433 3915 non
2481 3859 2752 3931 desperet,
2784 3859 2913 3933 quia
2939 3862 2984 3916 si
3020 3869 3299 3934 peccatum
3344 3863 3579 3935 perfecte

1974 3948 2179 4021 lugeat,
2211 3948 2394 4006 adhuc
2421 3950 2667 4007 foramen
2697 3949 2754 4006 in
2786 3950 3015 4008 maxilla
3052 3951 3170 4025 ejus
3199 3953 3433 4023 invenit,
3485 3970 3582 4028 per

1972 4043 2122 4117 quod
2160 4042 2374 4101 evadat.
2429 4044 2547 4101 Jam
2595 4042 2853 4101 dentibus
2898 4045 3117 4114 teritur,
3166 4045 3261 4101 sed
3304 4045 3486 4103 adhuc
3535 4048 3581 4103 si

1978 4134 2249 4191 evadendi
2280 4134 2372 4190 via
2400 4134 2689 4208 quaeritur,
2721 4135 2780 4191 in
2812 4134 3040 4191 maxilla
3068 4133 3189 4207 ejus
3216 4135 3462 4193 foramen
3503 4138 3584 4193 in-

1976 4225 2219 4281 venitur.
2244 4225 2421 4281 Habet
2465 4225 2630 4281 etiam
2664 4231 2854 4297 captus
2883 4242 2992 4298 quo
3038 4233 3215 4295 exeat,
3266 4227 3357 4299 qui
3390 4228 3582 4300 praevi-

1976 4315 2104 4372 dere
2163 4316 2344 4372 noluit
2399 4333 2467 4371 ne
2519 4324 2820 4388 caperetur.
2877 4316 3140 4391 Quisquis
3165 4334 3292 4389 ergo
3337 4318 3579 4376 nondum

1975 4412 2167 4477 captus
2187 4415 2288 4475 est,
2322 4400 2605 4462 maxillam
2635 4406 2753 4477 ejus
2782 4407 2991 4478 fugiat;
3025 4408 3277 4481 quisquis
3305 4423 3435 4465 vero
3465 4407 3582 4481 jam

254 4507 336 4576 di,
367 4515 532 4580 atque
559 4522 689 4562 mox
718 4504 891 4578 ipsam
921 4519 1170 4575 supernae
1198 4501 1459 4574 potentiae
1488 4497 1863 4555 omnimodam
1898 4521 1949 4582 D
1980 4503 2176 4566 captus
2204 4502 2305 4562 est,
2336 4495 2395 4550 in
2442 4495 2670 4550 maxilla
2698 4494 2947 4551 foramen
2995 4504 3224 4570 quaerat.
3279 4496 3407 4553 Pius
3434 4497 3578 4553 enim

254 4596 807 4668 comprehensionem
826 4591 1171 4660 subdens,ait
1195 4608 1205 4645 :
1232 4589 1496 4658 Quoniam
1524 4588 1666 4644 Deus
1684 4587 1870 4656 judea:

254 4694 349 4743 est.
383 4690 468 4743 Ac
493 4687 539 4743 si
568 4687 773 4743 diceret
807 4704 819 4742 :
853 4682 1119 4757 Fugiendi
1148 4682 1241 4738 via
1270 4679 1517 4754 undique
1547 4679 1719 4748 deest,
1739 4677 1867 4750 quia

256 4777 354 4833 ille
378 4776 616 4849 judiciat
645 4776 739 4848 qui
769 4775 974 4848 ubique
1003 4781 1101 4831 est.
1134 4772 1341 4830 Divina
1360 4771 1544 4844 itaque
1566 4768 1778 4842 judicia
1798 4768 1867 4829 si-

255 4873 355 4924 cut
390 4866 679 4939 signantur
707 4865 863 4934 falce,
895 4865 1025 4938 quia
1060 4862 1543 4922 circumvallantia
1576 4859 1851 4927 incidunt,

258 4957 342 5013 ita
365 4959 755 5029 exprimuntur
782 4956 1010 5024 circulo,
1046 4954 1176 5028 quia
1199 4952 1451 5026 undique
1471 4949 1768 5021 stringunt.
1802 4948 1866 5003 In

254 5047 569 5105 Leviathan
595 5050 779 5121 itaque
795 5047 1063 5104 naribusa
1081 5047 1319 5104 Domino
1335 5046 1579 5103 circulus
1598 5042 1846 5115 ponitur,

256 5139 397 5213 quia
419 5137 619 5211 judicii
640 5137 761 5210 ejus
778 5139 1023 5211 potentia
1053 5138 1112 5193 in
1130 5135 1349 5193 insidiis
1369 5135 1485 5192 suis
1503 5150 1571 5190 ne
1593 5138 1861 5205 quantum

257 5228 387 5285 vult
415 5230 710 5301 praevaleat
760 5234 1085 5285 coarctatur.
1128 5227 1357 5283 Dicatur
1384 5240 1512 5297 ergo
1546 5242 1557 5279 :
1600 5218 1864 5290 Nunquid

250 5335 421 5393 pones
448 5319 707 5377 circulum
732 5318 791 5374 in
816 5317 1039 5376 naribus
1056 5315 1168 5387 ejus
1192 5318 1221 5373 ἲ
1251 5312 1524 5371 Subaudis
1552 5317 1615 5367 ut
1636 5308 1858 5383 ego,qui

339 5502 511 5560 ‘Duo
557 5500 766 5570 Germ.,
815 5497 987 5556 Laud.
1028 5512 1091 5555 ac
1134 5494 1258 5555 Val.
1300 5492 1409 5563 CL,
1453 5491 1567 5563 eius
1618 5488 1862 5563 sagacia.

260 5592 449 5648 Turon
462 5635 493 5661 .,
515 5591 645 5663 ejus
658 5591 849 5663 sagitta
876 5588 1150 5663 retinetur.

311 5664 361 5746 ,ξ
388 5654 587 5735 LaucL,
616 5654 742 5720 duo"
756 5663 939 5721 Germ.
973 5676 1036 5719 ac
1064 5658 1188 5719 Val.
1222 5654 1331 5726 CL,
1360 5659 1410 5711 et
1432 5669 1538 5712 ecce
1563 5654 1721 5713 nubes
1749 5668 1867 5710 can-

260 5735 656 5880 llugavinaoc,
685 5804 938 5877 Ebroic.,
972 5803 1200 5876 Pratel.,
1221 5801 1445 5876 iudicis.

1980 4601 2042 4642 ac
2064 4583 2249 4656 justus
2277 4592 2358 4641 est
2392 4583 2648 4642 conditor
2676 4593 2879 4642 noster.

2051 4674 2195 4749 [Vet.
2237 4674 2380 4750 XV.]
2415 4676 2502 4733 23.
2535 4678 2671 4733 Ante
2701 4678 2909 4750 culpam
2940 4674 3156 4746 justitia
3198 4675 3297 4733 Dei
3345 4685 3581 4733 metuen—

1983 4767 2093 4833 da;
2115 4773 2238 4840 post
2264 4770 2473 4840 culpam
2503 4768 2770 4841 speranda
2798 4768 3185 4825 misericordia.
3213 4766 3391 4823 Ruina
3417 4766 3581 4835 majo-

1985 4874 2107 4912 rum
2136 4858 2207 4912 sit
2237 4860 2443 4914 cautela
2471 4859 2757 4915 minorum.
2798 4889 2870 4900 —
2899 4858 3004 4915 Sed
3034 4873 3195 4912 nemo
3225 4854 3371 4910 dicat
3399 4871 3409 4908 :
3443 4852 3582 4919 Quia

1976 4946 2102 5019 pius
2148 4955 2231 5003 est
2275 4948 2567 5004 venialiter
2609 4966 2793 5021 pecco.
2842 4950 2914 5004 Et
2944 4963 3104 5003 nemo
3134 4943 3228 5018 qui
3276 4941 3581 5015 peccaverit

1980 5037 2128 5094 dicat
2157 5056 2169 5092 :
2203 5037 2341 5103 Quia
2359 5037 2541 5109 justus
2569 5046 2669 5107 est,
2703 5041 2724 5075 ⁶
2755 5038 2821 5094 de
2845 5036 3053 5109 peccati
3079 5032 3406 5091 remissione
3448 5031 3583 5088 des-

1970 5141 2121 5205 pero.
2155 5130 2386 5189 Belaxat
2424 5131 2572 5186 enim
2601 5131 2747 5185 Deus
2781 5125 2997 5184 facinus
3027 5124 3173 5198 quod
3202 5122 3456 5192 deﬂetur,
3486 5121 3581 5178 sed

1971 5232 2288 5303 perpetrare
2318 5222 2552 5298 quisque
2581 5218 2776 5274 timeat
2795 5216 2941 5290 quod
2961 5213 3009 5272 si
3037 5214 3200 5287 digne
3228 5213 3426 5271 deﬂere
3459 5228 3579 5285 pos.

1976 5318 2049 5377 sit
2076 5317 2311 5390 ignorat.
2342 5315 2487 5370 Ante
2514 5310 2731 5384 culpam
2762 5324 2889 5382 ergo
2899 5306 3174 5382 justitiam
3202 5312 3431 5375 metuat,
3458 5311 3581 5377 post

2045 5498 2067 5533 ⁴
2097 5491 2377 5560 Laudun.,
2425 5486 2691 5556 Vindoc.,
2721 5486 2949 5554 Pratel.,
2998 5484 3252 5542 diluculo.
3294 5483 3418 5542 Val.
3468 5482 3578 5554 CL,

1976 5575 2097 5628 ante
2131 5565 2294 5623 lucem
2326 5562 2582 5619 diluculo.

2053 5644 2076 5678 ⁸
2105 5638 2270 5727 Corb.
2327 5635 2542 5704 Germ.,
2602 5628 2777 5689 Laud.
2816 5637 2870 5687 et
2920 5628 3153 5699 Gemet.,
3210 5628 3270 5685 in
3314 5632 3580 5701 postremo

1981 5732 2281 5847 misr-titus.
2314 5793 2368 5843 et
2398 5781 2520 5840 Val.
2552 5779 2659 5850 CL,
2690 5778 3048 5837 remissionem
3068 5775 3301 5847 despero.
