4156 6178
610 285 714 343 687

1808 275 2058 335 SANCTI
2099 274 2456 334 GREGORII-
2477 273 2704 334 MAGNI

3813 273 3919 332 688

609 405 827 476 culpam
859 410 1042 458 tamen
1070 399 1138 456 de
1167 400 1369 474 pietate
1397 407 1722 474 praesumat;
1752 415 1928 476 neque
1959 401 2034 457 ita
2056 401 2217 473 justi-
2245 405 2294 466 Α
2325 400 2619 458 ricordiam
2649 405 2848 472 sperat,
2879 397 2925 454 si
2955 414 3065 456 non
3095 397 3260 455 etiam
3274 397 3549 471 justitiam
3579 399 3808 468 timeat;
3841 400 3920 456 in-

607 493 742 548 tiam
766 491 976 560 timeat,
1007 498 1070 547 ut
1095 489 1250 546 nulla
1277 489 1393 562 spei
1421 489 1798 547 consolatione
1823 491 2175 548 convalescat
2204 490 2220 540 ἱ

609 595 786 654 neque
816 579 893 635 ita
921 578 1163 636 conﬁdat
1181 577 1250 635 de
1277 577 1675 648 misericordia,
1707 587 1770 636 ut
1797 577 2060 636 adhibere
2098 581 2215 636 vul-

611 671 837 728 neribus
865 671 981 728 suis
1011 671 1188 744 digna;
1218 669 1555 742 poenitentiae
1576 670 1822 743 negligat
1850 670 2210 731 medicinam;

611 762 706 821 sed
736 780 898 837 quem
929 762 1212 836 praesumit
1259 761 1364 817 sibi
1396 760 1482 834 pie
1527 777 1768 833 parcere,
1810 778 2024 834 semper
2052 761 2220 817 etiam

613 855 815 928 cogitet
843 861 900 911 et
930 853 1178 912 districte
1200 851 1468 924 judicare.
1509 850 1622 908 Sub
1651 853 1856 924 pietate
1888 853 2073 924 itaque
2102 849 2220 920 ejus

614 960 736 1017 spes
772 943 1076 1017 peccatoris
1125 941 1380 1014 gaudeat,
1411 939 1507 996 sed
1552 939 1656 996 sub
1684 939 2036 996 districtione
2067 940 2220 996 illius

615 1033 936 1107 paenitentis
966 1032 1234 1089 correctio
1262 1030 1666 1088 contremiscat.
1701 1029 1835 1100 Spes
1868 1029 2043 1100 igitur
2071 1047 2220 1102 prae—

615 1123 948 1196 sumptionis
967 1130 1165 1178 nostrae
1187 1121 1383 1178 habeat
1413 1121 1577 1176 etiam
1609 1135 1851 1175 morsum
1885 1120 2127 1189 timoris,
2157 1128 2219 1176 ut

615 1213 683 1268 ad
727 1211 1051 1284 corrigenda
1095 1218 1318 1284 peccata
1373 1209 1595 1282 justitia
1633 1207 1943 1281 judicantis
1990 1218 2216 1280 terreat,

615 1317 777 1376 quem
808 1302 880 1360 ad
906 1301 1164 1358 ﬁduciam
1211 1301 1386 1357 veniae
1444 1299 1612 1372 g.atia
1662 1300 1938 1372 parcentis
1992 1301 2214 1358 invitat.

615 1391 758 1448 Hinc
787 1391 936 1448 enim
965 1409 1061 1464 per
1089 1391 1380 1466 quemdam
1411 1390 1714 1462 sapientem
1741 1388 1948 1446 dicitur
1983 1408 1994 1446 :
2027 1391 2105 1448 Ne
2139 1391 2216 1446 di-

615 1482 784 1548 xeris,
825 1481 1188 1542 Miseratio'nes
1224 1479 1442 1536 Domini
1487 1480 1666 1534 multae
1705 1484 1848 1547 sunt,
1884 1486 2218 1550 peccatorum

615 1588 852 1628 meorum
905 1589 1013 1628 non
1052 1569 1433 1627 memorabitur
1479 1567 1669 1641 (Eccli.
1721 1585 1775 1635 v,
1829 1567 1910 1638 6).
1951 1568 2216 1626 Pietatem

615 1677 852 1735 namque
880 1659 998 1734 ejus
1026 1661 1298 1734 protinus,
1343 1667 1395 1716 et
1437 1657 1713 1730 justitiam
1742 1656 1948 1726 subdit,
1980 1657 2170 1715 dicens
2202 1677 2214 1716 :

2330 505 2545 546 cassum
2568 487 2844 560 justitiam
2872 486 3091 556 metuit,
3112 486 3160 544 si
3189 502 3302 544 non
3329 485 3496 543 etiam
3520 485 3590 543 de
3618 487 3924 546 misericor-

2330 579 2423 636 dia
2447 577 2705 636 conﬁdat.
2738 577 2884 634 Loco
2912 577 3081 650 igitur
3108 577 3352 650 pignoris
3382 577 3527 632 mola
3555 579 3806 650 superior
3833 586 3926 635 aut

2331 669 2561 724 inferior
2594 667 2715 724 tolli
2745 666 3090 739 prohibetur,
3120 667 3252 740 quia
3283 667 3379 740 qui
3409 669 3686 740 peccatori
3718 669 3927 742 praedi-

2330 767 2438 825 cat,
2468 762 2617 814 tanta
2665 756 3068 829 dispensatione
3115 773 3445 829 componere
3482 758 3926 831 pradicationem

2330 845 2508 915 debet,
2543 855 2604 902 ut
2633 863 2733 904 nec
2773 847 3032 903 derelicta
3073 863 3167 919 spe
3194 847 3450 902 timorem
3489 848 3798 916 subtrahat,
3831 864 3930 906 nec

2329 939 2607 996 subtracta
2627 956 2740 1012 spe,
2769 939 2828 995 in
2858 941 2976 997 solo
3003 956 3128 995 eum
3161 939 3359 996 timore
3387 937 3752 1014 derelinquat.
3787 939 3930 996 Mola

2329 1033 2478 1088 enim
2507 1033 2758 1106 superior
2781 1040 2876 1088 aut
2905 1031 3138 1088 inferior
3165 1031 3402 1100 tollitur,
3433 1031 3480 1087 si
3511 1047 3606 1103 per
3631 1031 3928 1104 praedican-

2334 1120 2402 1178 tis
2431 1120 2672 1194 linguam
2725 1121 2783 1178 in
2829 1119 3132 1194 peccatoris
3171 1129 3389 1194 pectore
3433 1128 3530 1178 aut
3559 1121 3728 1178 timor
3752 1137 3788 1176 a
3814 1135 3928 1193 spe,

2327 1218 2422 1266 aut
2446 1226 2567 1284 spes
2595 1225 2626 1266 a
2655 1210 2855 1266 timore
2884 1209 3188 1266 dividatur.

2398 1325 2485 1381 25.
2523 1326 2636 1382 Cur
2653 1327 2797 1382 Deus
2821 1328 3002 1382 electos
3033 1345 3068 1382 a
3095 1325 3403 1382 carnalibus
3429 1323 3572 1380 vitiis
3600 1325 3799 1382 iilwsos
3828 1339 3936 1380 non

2327 1414 2571 1470 custodit.
2631 1416 2892 1487 Superbia
2929 1415 3103 1485 majus
3150 1419 3418 1487 peccatum
3468 1431 3628 1486 quam
3681 1413 3933 1470 luxuria.

2325 1504 2494 1559 Homo
2519 1505 2582 1560 de
2608 1505 2982 1561 medicamento
3011 1507 3205 1562 vulnus
3252 1504 3408 1576 facit,
3449 1504 3592 1561 Deus
3619 1505 3682 1560 de
3707 1505 3936 1560 vulnere

2325 1593 2775 1652 medicamentum.
2807 1627 2878 1638 —
2905 1595 3010 1653 Sed
3039 1595 3187 1670 quia,
3232 1596 3485 1668 exigente
3530 1610 3712 1662 causa,
3748 1590 3938 1650 David

2326 1682 2398 1739 ad
2418 1683 2666 1741 medium
2695 1683 2957 1753 deducto,
2986 1684 3128 1740 tanti
3148 1683 3412 1741 facinoris
3443 1682 3766 1740 memoriam
3796 1681 3936 1738 feci-

615 1751 990 1842 ῌίδενίθοῗάία
1025 1751 1164 1807 enim
1207 1757 1256 1806 εί
1297 1751 1386 1842 ita
1427 1749 1636 1842 (ιδ-δὶῘο
1679 1748 1868 1842 (Ῑὺξάᾎ
1901 1747 1982 1842 ⁷,)’
2016 1749 2219 1842 Βίνίξλδ
2247 1767 2295 1829 Β
2325 1789 2470 1842 mus,
2497 1772 2718 1831 lectoris
2749 1747 2981 1830 fortasse
3009 1774 3230 1830 animus
3257 1779 3538 1842 movetur,
3570 1787 3672 1829 cur
3699 1787 3794 1828 eos
3821 1787 3936 1826 om-

617 1840 802 1915 itaque
832 1841 1124 1898 clementia
1171 1839 1454 1896 maxillam
1501 1837 1808 1894 Behemoth
1849 1837 2011 1894 istius
2040 1838 2216 1910 perfo-

616 1946 763 1998 rans,
808 1928 1016 2002 ubique
1057 1929 1302 1985 humano
1351 1927 1536 2001 generi
1583 1933 1636 1983 et
1685 1926 2117 1984 misericorditer
2163 1937 2218 1986 et

618 2029 871 2096 potenter
917 2022 1178 2090 occurrit,
1238 2021 1368 2096 quia
1412 2037 1514 2078 nec
1564 2019 1740 2076 libero
1783 2017 2216 2077 admonitionem

619 2111 965 2186 praecavendi
1012 2112 1206 2182 tacuit,
1252 2127 1354 2170 nec
1401 2118 1560 2184 capto
1609 2107 1916 2166 remedium
1967 2109 2217 2182 fugiendi

619 2201 914 2258 subtraxit.
946 2199 1032 2256 Ad
1053 2199 1160 2257 hoc
1181 2199 1381 2272 quippe
1401 2199 1460 2255 in
1490 2197 1773 2272 Scriptura
1791 2214 1944 2256 sacra
1971 2197 2218 2256 virorum

619 2289 836 2359 talium,
868 2288 926 2345 id
954 2296 1037 2346 est
1065 2288 1243 2346 David
1263 2297 1317 2345 et
1344 2288 1513 2358 Petri,
1535 2295 1758 2361 peccata
1784 2296 1914 2345 sunt
1942 2287 2140 2358 indita,
2159 2295 2221 2346 ut

619 2379 833 2437 cautela
879 2378 1160 2436 minorum
1201 2375 1274 2434 sit
1320 2377 1484 2434 ruina
1512 2377 1805 2451 majorum.
1837 2377 1925 2434 Ad
1955 2377 2062 2435 hoc
2089 2396 2222 2436 vero

625 2471 640 2504 ¹
678 2469 1174 2543 utrorumqueillic
1201 2476 1256 2524 et
1275 2469 1600 2542 poenitentia
1625 2469 1939 2526 insinuatur
1965 2477 2018 2526 et
2038 2469 2218 2539 venia,

621 2566 684 2616 ut
710 2575 832 2632 spes
861 2559 1208 2631 pereuntium
1259 2558 1332 2614 sit
1373 2560 1712 2631 recuperatio
1752 2557 2114 2632 perditorum.
2144 2559 2223 2616 De

621 2653 768 2702 statu
808 2662 936 2718 ergo
965 2663 1065 2702 suo
1092 2645 1270 2703 David
1310 2645 1556 2714 cadente,
1592 2661 1755 2702 nemo
1794 2647 2094 2720 superbiat.
2145 2649 2224 2704 De

623 2741 780 2814 lapsu
809 2741 976 2797 etiam
1013 2758 1114 2798 suo
1149 2740 1328 2799 David
1369 2749 1644 2816 surgente,
1687 2739 1872 2796 1091
1923 2753 2086 2796 nemo
2116 2737 2224 2794 de-

623 2839 821 2906 speret.
857 2831 1002 2888 Ecce
1029 2847 1194 2906 quam
1227 2831 1248 2866 ²
1268 2831 1599 2887 mirabiliter
1627 2831 1912 2904 Scriptura
1939 2844 2094 2886 sacra
2121 2843 2226 2883 eo-

622 2919 748 2978 dem
802 2919 972 2978 verbo
1027 2919 1291 2994 superbos
1337 2919 1557 2992 premit,
1612 2934 1722 2994 quo
1773 2919 2012 2976 humiles
2056 2916 2222 2974 levat.

624 3013 799 3070 Unam
830 3028 1068 3086 namque
1095 3027 1210 3068 rem
1243 3017 1447 3084 gestam
1485 3011 1696 3080 retulit,
1729 3018 1783 3068 et
1808 3009 2034 3067 diverso
2061 3007 2226 3064 modo

2326 1863 2583 1935 nipotens
2626 1866 2792 1932 Deus,
2843 1879 2980 1937 quos
3017 1864 3076 1920 in
3119 1871 3444 1937 perpetuum
3472 1861 3659 1935 elegit,
3689 1877 3833 1935 quos
3869 1859 3937 1916 ad

2327 1953 2599 2010 donorum
2629 1969 2848 2028 quoque
2883 1953 3218 2026 spiritalium
3245 1954 3468 2010 culmen
3497 1950 3833 2024 assumpsit,
3861 1949 3942 2006 il-

2326 2042 2484 2098 laesos
2512 2059 2544 2097 a
2573 2041 2952 2115 corporalibus
2983 2042 3136 2098 vitiis
3175 2059 3288 2098 non
3314 2041 3580 2100 custodit.
3620 2040 3780 2097 Unde
3811 2039 3943 2114 quia

2327 2130 2581 2188 satisﬁeri
2627 2131 2797 2188 citius
2857 2131 3154 2200 credimus,
3219 2130 3462 2187 breviter
3507 2129 3938 2203 respondemus.

2327 2220 2593 2277 Nonnulli
2622 2221 2773 2277 enim
2812 2237 2908 2294 per
2939 2229 3160 2292 accepta
3188 2219 3333 2276 dona
3359 2219 3655 2288 virtutum,
3686 2234 3797 2290 per
3826 2219 3945 2275 im-

2329 2329 2550 2388 pensam
2581 2313 2810 2386 gratiam
2845 2312 3117 2368 bonorum
3163 2327 3394 2384 operum
3437 2311 3496 2366 in
3539 2307 3820 2382 superbiae
3848 2308 3942 2364 vi-

2335 2401 2473 2458 tium
2497 2401 2718 2471 cadunt,
2750 2401 2846 2458 sed
2875 2411 3059 2458 tamen
3083 2418 3192 2475 quo
3219 2399 3548 2466 ceciderint,
3576 2415 3693 2456 non
3722 2414 3942 2472 cogno-

2331 2499 2514 2550 scunt.
2545 2493 2781 2549 Proinde
2809 2501 3000 2550 contra
3029 2508 3121 2549 eos
3149 2491 3328 2548 hostis
3356 2491 3639 2566 antiquus,
3676 2489 3814 2564 quia
3827 2488 3939 2563 jam

2333 2581 2567 2638 interius
2603 2580 2943 2650 dominatur,
2975 2581 3141 2638 etiam
3171 2579 3416 2636 exterius
3443 2581 3635 2636 saevire
3669 2577 3939 2652 permitti-

2333 2677 2444 2740 tur,
2475 2672 2654 2746 utqui
2683 2672 2742 2728 in
2772 2672 3104 2744 cogitatione
3122 2671 3254 2728 elati
3281 2678 3434 2740 sunt,
3455 2686 3550 2744 per
3575 2670 3758 2728 carnis
3783 2671 3939 2726 luxu-

2333 2763 2474 2820 riam
2503 2772 2938 2836 prosternantur.
2989 2764 3207 2821 Scimus
3253 2770 3435 2820 autem
3482 2761 3612 2835 quia
3635 2760 3938 2834 aliquando

2334 2855 2521 2912 minus
2564 2865 2647 2913 est
2689 2857 2750 2912 in
2797 2857 3048 2930 corporis
3083 2855 3490 2928 corruptionem
3533 2853 3732 2910 cadere
3771 2869 3938 2927 quam

2335 2945 2664 3018 cogitatione
2690 2947 2860 3004 tacita
2878 2963 2948 3003 ex
2967 2945 3271 3002 deliberata
3293 2945 3525 3002 elatione
3544 2959 3771 3016 peccare
3793 2961 3808 3010 ;
3841 2941 3938 3000 sed

2335 3052 2460 3093 cum
2493 3037 2677 3095 minus
2703 3037 2883 3110 turpis
2905 3035 3165 3110 superbia
3193 3034 3453 3104 creditur,
3483 3034 3670 3090 minus
3697 3033 3934 3090 vitatur.

623 3102 886 3174 superbos
920 3101 1142 3174 quidem
1173 3100 1242 3158 ad
1271 3099 1606 3157 humilitatis
1637 3100 2015 3168 formidinem,
2046 3097 2224 3154 humi-
2261 3131 2306 3192 Ο
2343 3127 2646 3184 Luxuriam
2702 3097 2834 3184 verb
2904 3097 2992 3184 eo‘
3036 3127 3210 3200 magis
3256 3097 3585 3183 erubescunt
3632 3122 3892 3180 homines
3921 3165 3935 3191 ’

626 3191 704 3246 les
736 3207 866 3246 vero
895 3191 964 3246 ad
993 3193 1110 3264 spei
1139 3191 1400 3248 fiduciam
1428 3191 1732 3246 revocavit.
1768 3192 1813 3248 Ο
1842 3189 2228 3248 inaestimabile

628 3279 759 3334 novi
801 3281 1014 3352 generis
1051 3280 1536 3348 medicamentum,
1586 3279 1734 3353 quod
1768 3295 1883 3336 uno
1929 3278 2234 3352 eodemque

627 3366 821 3422 ordine
849 3369 1111 3440 positum,
1153 3377 1208 3424 et
1234 3368 1533 3440 premendo
1584 3369 1858 3424 tumentia
1885 3367 2147 3435 exsiccat,
2178 3373 2234 3424 et

629 3456 970 3513 sublevando
993 3457 1204 3514 arentia
1226 3455 1474 3512 infundit
1509 3457 1521 3512 l
1544 3458 1624 3513 De
1653 3455 1927 3529 majorum
1955 3473 2058 3514 nos
2079 3456 2235 3529 lapsu

631 3545 846 3616 terruit,
888 3546 984 3603 sed
1011 3547 1080 3604 de
1117 3545 1461 3622 reparatione
1490 3546 1794 3604 roboravit.

710 3672 800 3732 24.
833 3671 1108 3728 Incassum
1135 3675 1316 3742 sperat
1348 3669 1794 3736 misericordiam,
1840 3669 1935 3741 qui
1955 3667 2234 3740 justitiam

631 3782 738 3822 non
767 3765 928 3820 timet.
959 3791 1030 3802 —
1059 3759 1151 3816 Sic
1181 3759 1386 3832 quippe
1410 3775 1647 3832 semper,
1679 3760 1760 3817 sic
1789 3775 1892 3816 nos
1919 3758 2129 3816 divinae
2159 3757 2241 3814 di-

633 3851 1000 3928 spensationis
1042 3847 1422 3906 misericordia
1446 3855 1501 3904 et
1537 3847 1916 3921 superbientes
1960 3848 2239 3922 reprimit,

635 3953 688 4001 et
715 3961 784 4000 ne
803 3941 872 3998 ad
901 3940 1337 4013 desperationem
1363 3953 1686 3994 corruamus
1707 3938 1887 3994 fulcit.
1915 3937 2056 4012 [Vet.
2090 3939 2241 4018 XVI,

638 4038 754 4093 Rec.
782 4035 867 4090 XI
870 4031 912 4105 .]
946 4030 1099 4087 Unde
1123 4030 1288 4086 etiam
1319 4045 1414 4102 per
1441 4029 1667 4101 Moysen
1693 4029 1973 4098 admonet,
2003 4029 2193 4088 dicens
2224 4049 2238 4088 ε

637 4125 758 4182 Non
783 4121 1004 4192 accipies
1031 4113 1140 4175 loco
1163 4119 1408 4190 pignoris
1436 4118 1781 4190 superiorem,
1810 4124 1906 4174 aut
1931 4117 2243 4189 inferiorem

637 4213 835 4267 molam
867 4209 1048 4281 (Deut.
1079 4224 1237 4276 xxiv,
1269 4207 1353 4279 6).
1386 4207 1649 4280 Accipere
1678 4223 1916 4280 namque
1944 4208 2242 4282 aliquando

639 4297 880 4358 dicimus
921 4295 1155 4352 auferre.
1188 4295 1344 4352 Unde
1371 4303 1426 4352 et
1455 4312 1583 4352 aves
1615 4296 1724 4351 illae
1767 4297 1788 4331 ³
1837 4312 1958 4370 quae
1987 4303 2116 4353 sunt
2144 4313 2241 4352 ra-

640 4386 859 4464 piendis
905 4385 1100 4443 avibus
1145 4385 1341 4454 avidae,
1391 4386 1681 4458 accipitres
1735 4395 2028 4443 vocantur.
2084 4385 2239 4443 Unde

2341 3235 2450 3294 quo
2496 3219 2664 3276 simul
2709 3234 2899 3276 omnes
2935 3225 3151 3291 turpem
3194 3222 3488 3273 noverunt.
3539 3211 3696 3270 Unde
3745 3212 3809 3270 ﬁt
3834 3213 3939 3286 ple-

2343 3323 2576 3381 rumque
2601 3316 2662 3364 ut
2689 3307 2945 3364 nonnulli
2966 3314 3091 3380 post
3116 3305 3429 3379 superbiam
3449 3305 3509 3360 in
3529 3302 3812 3359 luxuriam
3827 3318 3940 3358 cor-

2345 3405 2584 3468 ruentes,
2613 3414 2686 3454 ex
2713 3405 2908 3470 aperto
2943 3412 3076 3454 casu
3115 3397 3324 3453 malum
3366 3394 3543 3468 culpae
3573 3393 3798 3450 latentis
3823 3409 3937 3449 eru-

2344 3488 2569 3545 bescant
2599 3505 2614 3556 ;
2645 3495 2700 3544 et
2733 3494 2868 3545 tunc
2895 3489 3061 3544 etiam
3091 3485 3301 3560 majora
3327 3484 3637 3557 corrigunt,
3665 3499 3794 3541 cum
3821 3498 3938 3556 pro-

2347 3579 2504 3637 strati
2531 3579 2592 3634 in
2621 3578 2870 3635 minimis
2897 3579 3120 3652 gravius
3143 3577 3584 3635 confunduntur.
3625 3575 3766 3632 Reos
3793 3571 3935 3630 enim

2348 3685 2405 3726 se
2433 3669 2578 3726 inter
2609 3667 2824 3724 minora
2849 3667 3216 3741 conspiciunt,
3239 3666 3335 3741 qui
3354 3683 3412 3723 se
3431 3665 3636 3722 liberos
3665 3665 3810 3720 inter
3828 3678 3940 3737 gra-

2350 3759 2505 3815 viora
2534 3757 2905 3816 crediderunt.
2956 3759 3054 3814 Pia
3098 3773 3226 3832 ergo
3262 3755 3490 3814 Domini
3537 3752 3936 3828 dispensatione

2352 3851 2374 3886 °
2403 3847 2620 3906 laxatus
2661 3863 3058 3920 nonnunquam
3107 3845 3412 3903 Behemoth
3444 3846 3547 3902 iste
3575 3844 3645 3900 de
3687 3844 3848 3917 culpa
3871 3840 3936 3899 ad

2350 3947 2567 4020 culpam
2612 3945 2804 4012 trahit,
2849 3953 2904 4000 et
2950 3940 3140 3999 1092
3174 3945 3308 4001 dum
3347 3931 3472 4018 plus
3519 3943 3778 4017 percutit,
3816 3940 3936 3998 inde

2349 4052 2476 4093 eum
2494 4049 2658 4108 quem
2685 4039 2901 4108 ceperat
2920 4033 3148 4102 amittit,
3173 4042 3335 4107 atque
3363 4032 3511 4090 unde
3540 4033 3739 4090 vicisse
3766 4029 3936 4088 cerni-

2349 4132 2460 4194 tur,
2483 4123 2611 4180 inde
2630 4132 2934 4196 superatur.
2959 4122 3316 4181 Considerare
3344 4123 3480 4180 libet
3503 4124 3649 4180 intra
3665 4121 3936 4178 munitum

2349 4213 2535 4288 gratiae
2563 4215 2748 4271 sinum
2778 4221 2984 4288 quanto
3011 4215 3156 4271 Deus
3197 4213 3386 4271 favore
3423 4211 3814 4270 misericordia
3842 4225 3938 4266 nos

2349 4306 2615 4363 continet.
2647 4305 2789 4362 Ecce
2817 4303 2913 4377 qui
2941 4303 3009 4361 de
3037 4305 3243 4361 virtute
3271 4321 3326 4361 se
3373 4303 3596 4361 extollit
3621 4319 3716 4376 per
3743 4301 3940 4358 vitium

2347 4395 2417 4454 ad
2445 4395 2816 4452 humilitatem
2846 4394 3009 4451 redit.
3042 4393 3179 4468 [Vet.
3211 4393 3387 4469 XVI.]
3418 4395 3526 4462 Qui
3554 4409 3686 4449 vero
3712 4390 3940 4464 acceptis

641 4477 844 4536 P3111119
871 4475 1149 4548 aposmlus
1169 4473 1306 4532 dic“
1334 4491 1346 4530 ε
1383 4474 1660 4530 summus
1691 4475 1828 4531 θηίτη
1853 4475 1901 4530 εί
1941 4475 2063 4546 φάε
2091 4475 2240 4531 ἀθυΟ·
2270 4499 2320 4558 D
2349 4485 2651 4542 virtutibus
2669 4484 2978 4553 extollitur,
2996 4500 3108 4540 non
3134 4483 3336 4556 gladio,
3367 4483 3484 4552 sed,
3515 4490 3578 4538 ut
3598 4481 3675 4537 ita
3687 4480 3937 4546 dixerim,

642 4573 752 4636 rat,
783 4567 831 4621 si
859 4565 977 4636 quis
1005 4565 1194 4636 accipit
1241 4564 1330 4636 (II
1359 4563 1484 4621 Cor.
1511 4581 1593 4632 xI,
1621 4562 1736 4637 20).
1765 4565 1846 4621 Ac
1871 4563 1918 4619 si
1938 4563 2163 4632 diceret,
2188 4563 2246 4630 Si

645 4656 770 4732 quis
797 4655 959 4728 rapit.
997 4654 1202 4726 Pignus
1228 4669 1362 4708 vero
1393 4654 1414 4688 ‘
1439 4651 1708 4708 debitoris
1727 4662 1808 4709 est
1827 4653 2100 4710 confessio
2123 4669 2244 4725 pec-

644 4745 862 4804 catoris.
905 4744 954 4798 A
997 4741 1244 4796 debitore
1287 4739 1433 4794 enim
1470 4739 1667 4811 pignus
1711 4739 2002 4812 accipitur,
2055 4757 2182 4798 cum
2207 4755 2240 4794 a

645 4840 928 4908 peccatore
966 4829 1081 4902 jam
1125 4828 1331 4900 peccati
1373 4827 1648 4883 confessio
1689 4836 1926 4886 tenetur.
1983 4829 2244 4901 Superior

645 4933 831 4982 autem
886 4928 940 4976 et
987 4917 1219 4974 inferior
1270 4917 1416 4972 mola
1473 4925 1554 4973 est
1597 4932 1720 4988 spes
1767 4924 1822 4972 et
1867 4918 2054 4974 timor.
2111 4918 2243 4991 Spes

647 5021 850 5092 quippe
891 5013 960 5071 ad
1001 5014 1114 5070 alta
1143 5011 1428 5080 subvehit,
1458 5011 1628 5067 timor
1661 5021 1845 5069 autem
1885 5030 1981 5070 cor
2009 5013 2242 5070 inferius

649 5113 867 5186 premit.
901 5109 1006 5168 Sed
1035 5110 1182 5166 mola
1209 5107 1459 5182 superior
1487 5117 1540 5164 et
1561 5107 1794 5164 inferior
1822 5109 1898 5164 ita
1925 5107 2031 5166 sibi
2060 5124 2242 5166 neces-

646 5203 792 5257 sario
823 5203 844 5236 ⁵
867 5199 1198 5274 junguntur,
1230 5206 1292 5255 ut
1331 5215 1440 5254 una
1469 5197 1588 5254 sine
1615 5197 1786 5254 altera
1829 5197 2104 5255 inutiliter
2149 5197 2242 5254 ha-

647 5289 860 5347 beatur.
890 5291 954 5347 In
982 5289 1283 5364 peccatoris
1311 5289 1496 5364 itaque
1523 5298 1744 5364 pectore
1773 5289 2110 5346 incessanter
2138 5287 2245 5345 de—

647 5375 743 5435 bet
768 5395 891 5452 spes
917 5386 974 5436 et
1005 5379 1246 5436 formido
1282 5378 1566 5453 conjungi,
1605 5377 1736 5452 quia
1779 5378 2054 5438 incassum
2083 5376 2242 5435 mise-

725 5599 741 5672 ξ
772 5595 1045 5672 Dandum,
1075 5608 1372 5672 utrumque.

723 5670 746 5705 ³
775 5668 1153 5742 Ebroicenses,
1185 5668 1510 5730 terribiliter.

722 5743 742 5776 ³
764 5741 1058 5810 Gussanv.,
1085 5760 1201 5812 qua:
1226 5743 1472 5812 rapiendi
1492 5750 1613 5798 sunt
1640 5743 1830 5799 avidae.

2355 4577 2756 4648 medicamento
2787 4575 3130 4631 vulneratur.
3153 4573 3299 4642 Quid
3327 4581 3409 4630 est
3437 4573 3588 4629 enim
3613 4573 3811 4641 virtus,
3839 4569 3938 4627 nisi

2353 4665 2818 4723 medicamentum
2847 4665 2875 4722 ?
2901 4673 2956 4720 et
2987 4663 3125 4737 quid
3151 4672 3234 4720 est
3263 4663 3486 4732 vitium,
3531 4663 3643 4719 nisi
3691 4663 3886 4718 vulnus
3912 4659 3938 4715 τ

2352 4754 2492 4822 Quia
2511 4773 2640 4828 ergo
2660 4773 2761 4813 nos
2778 4755 2845 4812 de
2865 4755 3268 4812 medicamento
3295 4754 3498 4810 vulnus
3527 4752 3785 4820 facimus,
3817 4748 3939 4806 facit

2350 4845 2446 4901 ille
2473 4844 2542 4901 de
2570 4846 2800 4902 vulnere
2822 4844 3307 4910 medicamentum,
3329 4850 3392 4899 ut
3411 4841 3507 4916 qui
3523 4841 3734 4912 virtute
3763 4854 3939 4912 percu-

2350 4935 2541 5002 timur,
2575 4933 2713 4990 vitio
2745 4951 3021 4992 curemur.
3067 4934 3178 4990 Nos
3218 4948 3456 5005 namque
3495 4932 3770 4988 virtutum
3806 4929 3939 4986 dona

2350 5032 2734 5096 retorquemus
2761 5025 2818 5080 in
2847 5039 3008 5082 usum
3029 5023 3318 5092 vitiorum,
3349 5022 3444 5078 ille
3473 5022 3742 5078 vitiorum
3771 5019 3938 5076 illece-

2349 5113 2476 5170 bras
2503 5113 2736 5169 assumit
2761 5113 2823 5169 in
2869 5121 3041 5171 artem
3091 5114 3385 5182 virtutum,
3425 5121 3480 5168 et
3522 5110 3716 5168 salutis
3745 5116 3936 5168 statum

2349 5203 2587 5276 percutit
2615 5211 2677 5260 ut
2705 5211 2904 5272 servet,
2938 5211 3001 5260 ut
3029 5202 3125 5276 qui
3153 5201 3527 5259 humilitatem
3557 5207 3836 5258 currentes
3861 5195 3938 5251 fu-

2353 5293 2554 5365 gimus,
2585 5293 2638 5350 ei
2673 5295 2869 5350 saltem
2890 5292 3146 5351 cadentes
3166 5291 3494 5351 haireamus.
3522 5289 3630 5350 Sed
3658 5291 3804 5346 inter
3829 5286 3941 5342 haec

2351 5379 2638 5464 8ciendum
2657 5387 2740 5438 est
2763 5381 2912 5455 quod
2935 5381 3182 5457 plerique
3201 5380 3517 5453 hominum,
3539 5396 3651 5456 quo
3671 5379 3729 5436 in
3759 5373 3940 5434 multis

2425 5599 2448 5638 ‘
2475 5599 2646 5660 Laud.
2679 5608 2734 5660 et
2759 5602 2856 5674 al.,
2885 5603 3127 5662 debitori.

2425 5675 2447 5752 ξ
2475 5675 2712 5752 ςὲθῐῐιξεῑ.ξ
2741 5671 2851 5734 duo
2875 5677 3086 5748 Germ.,
3115 5677 3345 5752 (Puram,
3373 5675 3572 5750 Laud.,
3601 5673 3872 5749 jungitur.

2425 5747 2448 5781 θ
2474 5746 2670 5817 Laud.,
2695 5749 2996 5808 laxatos...
3030 5746 3214 5808 trahit.
