4156 6178
239 299 329 356 689

996 292 1369 353 MORALIUM
1406 292 1539 350 LIB.
1583 292 1841 351 XXXIII.
1885 322 1956 334 —
1992 292 2066 351 IN
2104 290 2332 350 CAPUT
2373 290 2470 349 XL
2504 291 2566 348 B.
2608 290 2751 347 JOB.

3416 294 3520 352 690

238 429 508 510 corruunt,
551 422 757 479 arctius
800 421 1074 495 ligantur;
1127 437 1361 494 cumque
1391 437 1484 477 eos
1512 419 1816 479 Behemoth
1848 420 1900 481 A
1930 436 2093 493 quem
2122 417 2424 475 Leviathan
2456 418 2557 474 iste
2599 415 2991 489 multiplicavit
3030 433 3238 488 preces,
3272 435 3399 476 cum
3429 436 3524 492 per

240 516 327 572 iste
352 530 423 570 ex
450 529 565 569 uno
590 512 733 569 vitio
759 511 995 585 percutit
1023 519 1086 567 ut
1112 510 1428 579 concidant,
1450 527 1519 567 ex
1546 512 1656 567 alio
1686 527 1818 583 quo-

240 621 330 679 que
368 604 550 675 illigat
587 619 656 658 ne
699 610 1004 673 resurgant.
1054 601 1376 658 Consideret
1422 601 1608 673 itaque
1648 600 1817 655 homo

240 712 353 753 cum
380 710 491 767 quo
520 696 537 728 ¹
575 691 732 749 hoste
759 692 964 748 bellum
998 698 1177 764 gerat;
1229 698 1283 746 et
1310 690 1355 747 si
1380 689 1494 762 jam
1529 707 1587 747 se
1621 689 1678 745 in
1708 690 1819 744 ali-

241 800 337 857 quo
363 781 663 856 deliquisse
694 782 1001 854 perpendit,
1032 782 1224 837 saltem
1251 780 1319 836 ad
1339 781 1555 852 culpam
1576 778 1820 852 pertrahi

241 893 302 932 ex
330 874 487 945 culpa
517 871 888 943 pertimescat,
916 878 978 926 ut
1015 870 1259 926 studiose
1293 871 1542 926 vitentur
1570 870 1818 935 vulnera,

243 964 432 1039 quibus
481 961 800 1034 frequenter
843 960 1125 1028 interﬁcit,
1159 961 1287 1034 quia
1317 959 1475 1015 valde
1503 976 1687 1014 rarum
1718 964 1821 1023 est,

245 1053 378 1128 quod
401 1052 579 1107 hostis
608 1058 792 1106 noster
811 1051 1109 1107 electorum
1130 1050 1292 1106 saluti
1313 1049 1477 1106 etiam
1502 1045 1825 1103 vulneribus

242 1142 416 1200 servit.

305 1234 391 1292 26.
452 1231 691 1289 Tentatio
745 1232 1037 1303 aliquando
1084 1232 1396 1286 meritorum
1450 1235 1525 1285 est
1567 1226 1822 1283 custodia.

242 1324 492 1383 Diabolus
522 1321 768 1376 tentando
798 1328 1002 1376 sanctos
1030 1321 1100 1377 ad
1142 1337 1360 1392 regnum
1391 1324 1567 1374 servat
1607 1317 1823 1371 invitus.

242 1413 540 1472 —Maxilla
566 1419 751 1468 tamen
780 1410 1083 1468 Behemoth
1116 1410 1276 1467 istius
1302 1408 1575 1483 perforata
1594 1405 1830 1477 intelligi

244 1512 294 1561 et
318 1503 473 1559 aliter
500 1508 701 1574 potest,
744 1507 810 1557 ut
847 1501 905 1556 in
949 1518 1042 1556 ore
1086 1510 1268 1557 tenere
1309 1498 1525 1554 dicatur
1554 1512 1665 1551 non
1696 1511 1832 1568 quos

239 1593 344 1667 jam
397 1591 638 1665 perfecte
682 1598 903 1662 peccato
934 1589 1260 1663 implicavit,
1308 1586 1404 1644 sed
1461 1603 1597 1659 quos
1652 1583 1835 1640 adhuc

246 1683 443 1756 peccati
471 1678 924 1753 persuasionibus
966 1686 1163 1747 tentat,
1207 1685 1476 1751 quatenus
1506 1676 1556 1731 ei
1587 1672 1836 1746 quemli-

1928 510 2203 568 subditam
2252 508 2356 565 sibi
2398 508 2667 579 legionem
2708 504 2889 561 dixit:
2936 504 2995 563 Si
3036 505 3181 575 ejicis
3227 524 3344 577 nos,
3382 509 3526 564 mitte

1928 621 2023 659 nos
2060 603 2118 656 in
2155 618 2356 675 gregem
2394 615 2678 672 porcorum
2713 598 2923 671 (Matth.
2955 615 3078 665 VIII,
3110 598 3224 670 3i).
3263 599 3527 666 Quamvis

1932 692 2166 763 intelligi
2197 699 2374 763 potest
2401 693 2421 725 ³
2452 689 2715 763 apertius,
2761 690 2890 763 quia
2914 686 2983 745 ad
3011 689 3311 745 Dominum
3343 707 3529 762 preces

1935 783 2290 855 multiplicat,
2315 798 2439 838 cum
2468 780 2704 837 extremi
2735 779 2824 836 die
2848 778 3047 851 judicii
3078 779 3256 852 iniqui
3287 779 3381 853 qui
3411 779 3530 851 ejus

1935 889 2131 944 corpus
2182 878 2311 927 sunt
2341 871 2443 927 sibi
2478 871 2629 942 parci
2679 870 3060 942 deprecantur,
3112 885 3239 925 cum
3285 870 3533 928 membra

1935 964 2076 1036 ejus,
2110 963 2371 1019 videlicet
2400 962 2637 1034 reprobi,
2670 977 2790 1017 sero
2811 961 3109 1017 clamantes
3138 960 3332 1017 dicunt
3366 979 3376 1016 :
3412 962 3534 1019 Do-

1936 1054 2092 1121 mine,
2123 1053 2364 1119 Domine,
2412 1052 2563 1124 aperi
2608 1051 2757 1107 nobis
2800 1052 2958 1121 (Luc.
2999 1067 3121 1118 xm,
3158 1051 3273 1123 25).
3324 1051 3536 1119 Quibus

1938 1147 2190 1220 protinus
2225 1144 2432 1201 dicitur
2465 1163 2476 1200 :
2522 1144 2704 1200 Nescio
2730 1161 2821 1199 vos
2854 1143 2991 1199 unde
3016 1142 3152 1199 sitis.
3190 1143 3343 1199 Tunc
3371 1142 3536 1199 etiam

1939 1236 2179 1291 Domino
2218 1252 2315 1308 per
2347 1234 2591 1291 membra
2643 1249 2740 1290 sua
2780 1231 2969 1289 mollia
2998 1232 3273 1305 loquetur,
3318 1232 3538 1305 quando

1941 1324 2105 1381 multi
2134 1342 2203 1380 ex
2229 1325 2347 1397 ejus
2368 1340 2593 1396 corpore
2619 1323 2822 1381 dicturi
2843 1330 2971 1378 sunt
2996 1341 3006 1379 :
3032 1322 3274 1390 Domine,
3297 1321 3538 1390 Domine,

1942 1433 2113 1471 nonne
2140 1417 2193 1470 in
2225 1415 2432 1470 nomine
2462 1420 2548 1469 tuo
2572 1413 3025 1488 prophetavimus,
3061 1419 3108 1468 et
3133 1412 3189 1466 in
3217 1411 3425 1467 nomine
3456 1416 3541 1466 tuo

1944 1506 2205 1562 daemonia
2248 1506 2609 1575 ejecimus,.et
2636 1504 2691 1560 in
2720 1504 2927 1559 nomine
2969 1508 3056 1559 tuo
3086 1502 3303 1556 virtutes
3345 1499 3540 1554 multas

1945 1596 2162 1667 fecimus
2188 1597 2406 1665 (Matth.
2432 1612 2533 1664 vn,
2556 1595 2647 1669 22)
2668 1596 2695 1652 ‘l
2722 1594 2911 1651 Mollia
2940 1593 3163 1668 quidem
3193 1591 3545 1665 deprecantes

1948 1686 2164 1754 dicunt,
2193 1702 2319 1742 cum
2349 1685 2467 1757 ejus
2510 1685 2735 1741 nomine
2766 1684 2787 1718 ‘
2817 1683 3085 1754 replicant
3127 1698 3246 1755 quae
3275 1680 3544 1745 fecerunt,

244 1772 331 1828 bet
348 1769 603 1826 mandere
633 1768 705 1824 sit
729 1767 797 1823 de
820 1769 1027 1840 peccati
1057 1784 1183 1824 eum
1210 1764 1573 1823 delectatione
1603 1769 1831 1818 tentare.
1867 1780 1914 1840 B
1947 1774 2041 1830 sed
2069 1773 2210 1829 dum
2249 1774 2411 1829 corde
2444 1773 2538 1828 illa
2569 1790 2694 1829 cum
2734 1772 2993 1839 facerem,
3039 1771 3097 1826 in
3127 1787 3279 1825 suam
3328 1767 3545 1825 laudem

243 1858 604 1917 Mandendum
635 1857 882 1931 quidem,
914 1858 1005 1915 sed
1026 1874 1137 1913 non
1168 1854 1586 1929 deglutiendum
1616 1867 1832 1923 accepe-

249 1958 328 2007 rat
356 1950 607 2017 Paulum,
624 1947 846 2023 quando
875 1948 1035 2003 illum
1066 1955 1187 2020 post
1207 1954 1287 2002 tot
1314 1943 1716 2001 revelationum
1748 1958 1837 1997 su-

245 2040 435 2097 blimia
463 2039 702 2096 stimulis
720 2038 902 2096 carnis
926 2038 1165 2111 agitabat
1197 2037 1285 2109 (II
1300 2037 1424 2093 Cor.
1450 2052 1555 2103 χιι,
1580 2034 1658 2105 7).
1681 2032 1839 2088 Tunc

246 2147 368 2204 ergo
388 2146 516 2188 cum
534 2137 726 2187 contra
747 2129 907 2185 illum
940 2127 1219 2187 licentiam
1250 2123 1574 2183 tentationis
1603 2120 1836 2193 accepit,

249 2222 307 2279 in
334 2220 560 2277 maxilla
588 2236 714 2275 eum
741 2218 942 2287 tenuit,
969 2218 1065 2275 sed
1091 2217 1386 2292 perforata.
1420 2212 1528 2282 Qui
1555 2227 1688 2267 vero
1717 2211 1841 2266 ela-

249 2320 332 2368 tus
360 2311 537 2384 perire
578 2318 813 2382 poterat,
844 2316 1085 2366 tentatus
1112 2315 1193 2364 est
1226 2323 1294 2362 ne
1322 2306 1544 2377 periret.
1587 2301 1842 2359 Tentatio

246 2420 369 2476 ergo
395 2405 493 2460 illa
522 2418 632 2459 non
662 2417 867 2473 vorago
894 2399 1181 2468 vitiorum,
1213 2398 1307 2455 sed
1332 2396 1581 2454 custodia
1606 2395 1844 2450 merito-

244 2510 366 2549 rum
397 2493 528 2559 fuit,
559 2490 690 2563 quia
716 2488 1023 2545 Leviathan
1049 2490 1149 2545 iste
1173 2486 1454 2558 fatigando
1483 2500 1609 2539 eum
1630 2484 1689 2538 in
1711 2480 1845 2536 aﬂli-

239 2584 430 2641 ctione
460 2577 748 2643 contrivit,
778 2576 875 2633 sed
910 2592 1023 2632 non
1050 2576 1106 2631 in
1139 2576 1302 2646 culpa
1329 2570 1594 2644 capiendo
1623 2570 1846 2628 devora-

242 2670 352 2725 vit.
389 2668 581 2724 Elatos
609 2675 790 2723 autem
821 2667 880 2721 in
908 2666 1198 2722 sanctitate
1226 2664 1374 2719 viros
1410 2677 1522 2717 non
1551 2659 1847 2726 amitteret,

242 2759 352 2817 nisi
385 2763 643 2813 tentaret.
695 2754 880 2813 Sancti
912 2755 1113 2827 quippe
1137 2768 1247 2808 non
1278 2757 1478 2817 essent,
1510 2748 1604 2822 qui
1635 2748 1701 2804 de
1730 2762 1848 2804 san-

244 2846 454 2904 ctitatis
483 2845 656 2917 gloria
679 2844 1048 2916 superbirent,
1077 2848 1131 2898 et
1159 2848 1312 2897 tanto
1340 2839 1443 2895 sub
1470 2837 1587 2909 ejus
1612 2836 1736 2908 jure
1765 2853 1848 2892 ca-

248 2938 460 3000 derent.
493 2941 700 3008 quanto
741 2950 798 2989 se
826 2934 882 2988 in
919 2933 1035 2993 suis
1075 2930 1377 2987 virtutibus
1406 2929 1708 2984 elevarent.
1742 2924 1850 2983 Sed

248 3026 390 3082 miro
419 3023 845 3096 dispensationis
867 3020 1060 3077 ordine
1084 3019 1217 3076 dum
1243 3026 1531 3075 tentantur
1553 3015 1851 3072 humilian-

1943 1869 2265 1935 rapuerunt.
2326 1861 2479 1919 Unde
2536 1878 2667 1918 mox
2723 1860 3002 1917 audiunt:
3062 1859 3246 1915 Nescio
3288 1857 3380 1929 qui
3426 1855 3548 1911 estis

1944 1952 2115 2026 (Ibid.
2123 1994 2141 2020 ,
2173 1951 2288 2022 23).
2322 1951 2580 2024 Sequitur
2615 1969 2627 2006 :

2339 2040 2566 2097 CAPUT
2591 2041 2723 2098 XIV
2764 2039 2910 2114 [Rec.
2943 2037 3130 2112 XIII].

2018 2133 2190 2190 Vens.
2223 2131 2310 2189 23.
2333 2161 2405 2172 —
2425 2131 2678 2201 Nunquid
2698 2129 2852 2199 feriet
2880 2136 3041 2186 tecum
3055 2134 3269 2201 pactum
3284 2129 3312 2183 i’
3343 2126 3548 2183 Subau-

1950 2224 2037 2281 dis
2064 2230 2127 2279 ut
2156 2236 2403 2277 mecum:
2437 2222 2510 2276 Et
2536 2219 2754 2291 accipies
2779 2235 2895 2274 eum
2923 2235 3131 2273 servum
3156 2216 3546 2288 sempiternum.

2023 2315 2111 2373 28.
2157 2314 2374 2371 Sanctos
2419 2316 2619 2366 tentans
2661 2324 2843 2364 eorum
2878 2308 3105 2362 utilitati
3146 2306 3327 2370 servit,
3365 2320 3426 2360 ac
3452 2304 3553 2360 Dei

1952 2405 2234 2463 voluntati.
2266 2435 2338 2446 —
2367 2401 2639 2459 Subaudis
2689 2407 2752 2457 ut
2798 2414 2917 2469 ego.
2972 2396 3078 2453 Sed
3125 2394 3286 2450 valde
3325 2393 3553 2449 solerter

1955 2495 2286 2554 intuendum
2309 2502 2387 2550 est
2414 2492 2563 2567 quod
2588 2497 2807 2564 pactum
2836 2505 2961 2547 cum
2991 2486 3228 2545 Domino
3247 2482 3551 2540 Leviathan

1957 2591 2060 2646 iste
2100 2587 2284 2655 feriat,
2329 2594 2392 2642 ut
2436 2583 2805 2656 sempiternus
2833 2579 2901 2636 ab
2939 2596 3003 2635 eo
3043 2593 3235 2635 servus
3265 2573 3550 2631 habeatur.

1958 2682 2019 2736 In
2035 2685 2192 2750 pacto
2205 2675 2351 2733 enim
2362 2673 2819 2744 ,discordantium
2835 2669 3077 2743 partium
3095 2667 3351 2722 voluntas
3363 2663 3554 2736 imple-

1956 2774 2068 2836 tur,
2100 2775 2162 2823 ut
2190 2766 2258 2822 ad
2288 2773 2477 2821 votum
2508 2780 2668 2819 suum
2700 2778 2929 2835 quaeque
2958 2756 3263 2832 perveniat,
3295 2762 3349 2810 et
3372 2752 3557 2825 jurgia

1960 2855 2272 2911 desiderato
2318 2855 2426 2910 ﬁne
2457 2851 2768 2910 concludat.
2802 2849 3080 2919 Antiquus
3110 2847 3294 2917 itaque
3322 2843 3498 2899 hostis
3526 2857 3557 2896 a

1960 2947 2273 3004 sinceritate
2304 2943 2511 2999 divinae
2542 2939 2871 2996 innocentiae
2900 2935 3125 2991 malitiae
3154 2950 3264 2989 suae
3293 2932 3410 2987 face
3438 2918 3557 2986 suc4

1960 3057 2156 3098 census
2175 3034 2476 3101 discordat,
2494 3032 2588 3088 sed
2606 3030 2673 3086 ab
2693 3029 2811 3101 ejus
2829 3027 3041 3099 judicio
3060 3024 3225 3080 etiam
3243 3018 3556 3079 discordan-

251 3124 361 3182 mr’
392 3112 523 3169 dum
542 3108 1064 3201 δηωίηδηίυτβιίυδ,
1088 3107 1343 3201 “391"?”
1373 3107 1657 3201 desiil'im'
1698 3104 1844 3201 Bm!"
1877 3140 1922 3201 Ο
1958 3136 2029 3193 do
2059 3148 2169 3187 non
2197 3126 2497 3197 discrepat;
2526 3138 2655 3178 nam
2690 3120 2837 3176 viros
2860 3116 3039 3189 justos
3059 3128 3271 3184 semper
3292 3109 3560 3165 malevole

249 3220 380 3275 ergo
398 3202 627 3258 maxilla
650 3197 957 3257 Behemoth
976 3198 1138 3255 istius
1161 3196 1434 3269 perforata
1461 3194 1689 3263 dicitur,
1716 3194 1846 3266 quia

250 3293 455 3349 electos
480 3290 581 3348 Dei
610 3289 756 3346 unde
784 3288 1042 3353 conterit,
1072 3285 1203 3343 inde
1235 3285 1471 3351 amittit;
1501 3282 1648 3339 unde
1676 3290 1849 3339 tentat

246 3389 312 3438 ut
333 3380 544 3455 perdat,
562 3379 677 3452 agit
705 3377 832 3434 inde
860 3394 929 3433 ne
956 3382 1197 3449 pereant.
1230 3375 1511 3446 Antiquus
1539 3372 1724 3445 itaque
1754 3372 1851 3427 ho-

247 3473 375 3539 stis,
405 3471 638 3527 occultis
666 3468 765 3525 Dei
795 3464 1300 3539 dispensationibus
1326 3463 1592 3529 serviens,
1624 3468 1853 3518 sancto—

249 3579 375 3619 rum
406 3562 619 3618 animas
647 3560 710 3617 ad
745 3558 1032 3615 interitum
1077 3562 1261 3612 tentat!
1284 3554 1498 3619 volens,
1542 3550 1640 3608 sed
1664 3551 1737 3606 ad
1768 3566 1856 3606 re-

249 3669 424 3725 gnum
449 3652 712 3708 tentando
739 3656 923 3705 servat
943 3647 1173 3702 invitus.
1205 3644 1431 3702 Maxilla
1445 3659 1574 3714 ergo
1593 3641 1713 3713 ejus
1741 3656 1858 3712 per-

250 3741 435 3798 forata
459 3748 559 3808 est,
592 3739 721 3812 quia
751 3754 843 3794 eos
875 3752 1013 3809 quos
1041 3732 1324 3799 tentande,
1355 3730 1414 3786 id
1439 3738 1521 3785 est
1549 3727 1862 3784 mandendo

250 3832 519 3900 conterit,
547 3830 700 3903 quasi
731 3845 858 3885 cum
887 3825 1124 3899 deglutit
1146 3822 1371 3879 amittit.
1404 3819 1563 3889 Quod
1593 3819 1723 3892 quia
1753 3834 1863 3875 non

253 3920 507 3977 humana
550 3918 646 3976 sed
692 3917 885 3975 divina
918 3912 1268 3986 providentia
1295 3911 1496 3983 agitur,
1541 3916 1603 3965 ut
1633 3907 1864 3965 utilitati

246 4010 535 4083 justorum
569 4008 686 4080 ipsa
720 4004 922 4063 vetusti
951 4001 1251 4059 adversarii
1279 4000 1484 4057 astutia
1513 3998 1864 4071 suffragetur,

254 4108 539 4173 quatenus
582 4112 705 4155 cum
757 4096 958 4151 electos
998 4099 1193 4160 tentat,
1247 4106 1339 4146 eos
1381 4089 1555 4161 magis
1601 4085 1869 4144 tentando

253 4189 566 4257 custodiat,
595 4186 735 4243 bene
763 4185 831 4242 ad
853 4184 1074 4240 beatum
1103 4179 1206 4236 Iob
1233 4178 1441 4235 dicitur
1465 4195 1476 4232 :
1512 4178 1624 4233 Aut
1647 4176 1872 4232 armilla

248 4279 571 4353 perforabis
599 4276 881 4332 maxillam
910 4271 1064 4342 eius?
1095 4267 1370 4327 Subaudis
1397 4274 1461 4323 ut
1481 4282 1600 4337 ego,
1622 4267 1720 4338 qui
1750 4282 1871 4337 pro-

258 4369 399 4425 vide
432 4375 633 4424 cuncta
660 4364 978 4435 disponens,
1017 4360 1219 4416 electos
1248 4372 1399 4412 meos
1436 4354 1565 4411 inde
1593 4355 1874 4411 robustius

1957 3230 2168 3283 tentare
2190 3213 2516 3291 appetit,sed
2536 3219 2719 3267 tamen
2736 3207 2844 3263 hoc
2861 3203 3132 3262 Dominus
3143 3201 3230 3257 vel
3252 3197 3559 3255 misericor-

1959 3314 2104 3370 diter
2120 3286 2359 3377 ﬁeri,_vel
2370 3304 2516 3378 juste
2528 3297 2817 3375 permittit.
2832 3297 2961 3352 Haec
2974 3293 3089 3366 ipsa
3100 3306 3227 3364 ergo
3239 3286 3563 3345 tentationis

1962 3404 2186 3460 licentia
2205 3409 2424 3474 pactum
2447 3404 2696 3461 vocatur,
2713 3394 2768 3448 in
2790 3406 2897 3464 qua
2922 3396 2975 3445 et
2995 3385 3331 3443 desiderium
3348 3383 3368 3417 ⁵
3390 3387 3562 3437 tenta-

1963 3492 2102 3549 toris
2112 3467 2312 3562 agitur,
2330 3495 2383 3543 et
2392 3494 2576 3542 tamen
2591 3498 2685 3554 per
2696 3496 2814 3536 eam
2829 3479 2973 3535 miro
2988 3475 3153 3532 modo
3166 3474 3424 3530 voluntas
3429 3468 3450 3541 j
3457 3467 3567 3523 usti

1967 3576 2363 3652 dispensatoris
2384 3573 2663 3645 impletur.
2678 3566 3026 3623 Erudiendos
3044 3563 3215 3630 enim,
3231 3563 3375 3617 sicut
3394 3572 3570 3628 nuper

1970 3645 2243 3731 diximus,
2271 3666 2474 3720 electos
2501 3676 2629 3728 suos
2647 3656 2918 3714 Dominus
2947 3669 3088 3724 saepe
3109 3648 3368 3707 tentatori
3399 3645 3569 3717 subji-

1971 3759 2070 3825 cit,
2103 3756 2249 3811 sicut
2276 3758 2401 3824 post
2429 3745 2667 3821 paradisi
2698 3746 2955 3807 claustra,
2998 3747 3121 3811 post
3147 3736 3297 3792 tertii
3327 3731 3453 3790 coeli
3483 3748 3571 3787 se-

1972 3818 2140 3913 creta,
2194 3858 2263 3897 ne
2278 3818 2694 3895 revelationum
2725 3827 3103 3902 magnitudine
3133 3824 3335 3880 Paulus
3379 3818 3571 3875 extolli

1978 3909 2268 4010 potuisset,
2300 3928 2351 3984 ei
2386 3926 2598 3982 Satanae
2628 3920 2852 3993 angelus
2881 3916 3041 3973 datus
3069 3921 3150 3970 est
3186 3913 3282 3982 (II
3310 3909 3446 4010 Cor;
3466 3925 3570 3976 xu,

1978 3997 2057 4096 “7).
2090 4019 2217 4089 Sed,
2241 3997 2303 4073 ut
2324 4013 2536 4089 praefati
2557 4025 2770 4074 sumus,
2794 4008 2909 4080 ipsa
2937 4005 3041 4062 hac
3067 4001 3368 4059 tentatione
3393 3997 3572 4070 dispo~

1978 4087 2151 4179 nitur,
2182 4087 2244 4165 ut
2274 4087 2369 4180 qui
2399 4102 2526 4161 elati
2554 4100 2732 4174 perire
2752 4102 3021 4170 poterant,
3046 4092 3327 4150 humiliati
3347 4107 3378 4146 a
3399 4087 3574 4162 perdi-

1981 4178 2141 4258 tione
2162 4178 2470 4255 serventur.
2503 4191 2721 4248 Secreto
2751 4203 2878 4259 ergo
2906 4182 3333 4256 dispensationis
3362 4178 3575 4246 ordine,

1981 4290 2130 4347 unde
2162 4285 2355 4343 saevire
2396 4279 2734 4355 permittitur
2763 4273 3029 4347 iniquitas
3057 4271 3284 4338 diaboli,
3334 4266 3461 4339 inde
3490 4267 3580 4339 pie

1984 4378 2270 4452 perﬁcitur
2297 4353 2607 4443 benignitas
2626 4366 2746 4423 Dei.
2780 4365 2851 4421 Et
2867 4362 3005 4418 bene
3026 4377 3095 4416 ex
3120 4360 3228 4415 hoc
3255 4367 3412 4430 pacto
3434 4353 3581 4429 quod

258 4461 325 4516 in
356 4457 677 4549 imegrjwe
711 4451 985 4549 Ῡυῗῖίξάίίλ
1016 4448 1165 4549 Ῥηξθ
1196 4462 1288 4503 eos
1316 4460 1412 4549 Pe"
1442 4443 1869 4549 m?’éi"am,Le'
1902 4490 1951 4549 D
1986 4443 2113 4523 cum
2134 4463 2371 4521 Domino
2393 4460 2556 4515 ferire
2576 4457 2798 4522 dicitur,
2821 4467 3013 4508 servus
3032 4450 3207 4521 accipi
3240 4445 3581 4520 perhibetur,

261 4548 508 4605 viathan
537 4546 696 4601 istius
725 4539 1040 4597 labefactari
1060 4536 1248 4608 aliquo
1268 4532 1433 4590 modo
1461 4531 1530 4588 ab
1560 4530 1871 4603 integritate

261 4637 559 4712 permitto.
596 4632 857 4705 Sequitur
889 4646 900 4684 :

505 4749 732 4808 CAPUT
762 4748 892 4803 XIII
932 4743 1071 4818 [Vet.
1100 4743 1313 4808 XVIII,
1343 4742 1464 4798 Rec.
1496 4736 1654 4803 XII].

346 4842 523 4899 Vnus.
550 4839 636 4896 22.
669 4870 740 4880 -
768 4834 1022 4906 Nunquid
1064 4830 1447 4904 multiplicabit
1488 4828 1559 4885 ad
1600 4833 1645 4882 te
1681 4840 1880 4898 preces,

261 4937 373 4987 aut
406 4932 651 4999 loquetur
681 4927 772 4982 tibi
802 4925 985 4979 mollia
1007 4925 1045 4979 Ῡ

362 5023 563 5080 1093
604 5016 692 5073 27.
738 5016 965 5072 Satanas
1006 5012 1112 5067 sive
1135 5027 1237 5083 per
1264 5026 1336 5075 se,
1369 5008 1477 5063 sive
1516 5024 1614 5079 per
1652 5003 1888 5059 membra

261 5134 401 5183 sua,
426 5114 683 5168 nimirum
702 5109 969 5181 reprobos,
1001 5107 1208 5163 Christo
1220 5120 1396 5177 preces
1414 5096 1888 5158 adhibuit.—Sub-

1997 4556 2126 4631 quia
2147 4554 2275 4609 inde
2304 4552 2643 4621 obtemperat
2672 4543 2899 4600 nutibus
2928 4556 3175 4613 supernae
3202 4537 3405 4610 gratiae,
3437 4535 3585 4591 unde

1992 4622 2209 4703 exercet
2229 4642 2366 4698 iram
2388 4636 2737 4711 nequissimae
2756 4631 3061 4688 voluntatis
3080 4645 3211 4684 sum.
3242 4624 3381 4698 [νει.
3406 4625 3541 4679 XIX
3542 4622 3584 4696 .]

1993 4736 2199 4792 Servus
2227 4747 2355 4805 ergo
2384 4745 2453 4785 ex
2485 4734 2641 4800 pacto
2670 4732 2770 4791 est,
2794 4721 2887 4795 qui
2917 4720 3049 4776 dum
3072 4718 3409 4773 voluntatem
3432 4726 3586 4766 suam

1992 4826 2221 4897 implere
2244 4797 2605 4895 permittitur,
2628 4833 2659 4872 a
2674 4812 2896 4886 superni
2916 4806 3133 4867 consilii
3158 4805 3439 4897 voluntate
3460 4797 3588 4869 liga-

1992 4890 2112 4982 tur,
2142 4922 2204 4968 ut
2232 4890 2436 4966 electos
2462 4905 2584 4973 Dei,
2620 4904 2763 4960 sicut
2791 4901 3001 4957 dictum
3031 4902 3134 4958 est,
3178 4890 3369 4946 volens
3394 4891 3587 4952 tentet,

1999 5011 2054 5059 et
2081 4998 2346 5057 tentando
2371 4995 2619 5051 nesciens
2647 4991 2859 5064 probet.

2067 5092 2156 5147 29.
2208 5086 2570 5158 Reproborum
2831 5077 2931 5135 Dei
2983 5075 3360 5158 electorumque
3411 5062 3597 5135 gloriae

264 5160 449 5262 aud’is
476 5210 538 5259 ut
564 5201 724 5257 mihi.
759 5156 815 5255 Si
845 5198 994 5253 enim
1023 5197 1087 5252 ad
1112 5156 1400 5267 personam
1420 5190 1550 5247 Filii
1579 5189 1697 5245 haec
1724 5186 1892 5242 verba
2001 5180 2323 5254 famulatur.
2342 5206 2412 5217 —
2431 5174 2536 5230 Sed
2566 5171 2696 5243 quia
2716 5166 2910 5265 tandiu
2934 5165 2992 5220 in
3022 5161 3125 5217 bac
3153 5158 3270 5258 vita
3289 5156 3594 5267 electoru‘m

264 5246 449 5262 «μω...
479 5246 538 5259 κ.
759 5246 815 5255 υ-
848 5246 994 5253 ---μη
1024 5246 1087 5252 η
1433 5246 1441 5247 ,
2001 5246 2011 5254 ,

264 5294 623 5359 referantur,
656 5290 940 5346 incarnato
960 5286 1010 5342 ei
1034 5283 1225 5340 mollia
1244 5279 1572 5353 loquebatur
1598 5291 1723 5333 cum
1750 5274 1893 5329 dice-
2001 5271 2197 5328 usibus
2224 5265 2414 5333 servit,
2439 5259 2684 5337 quandiu
2707 5255 2929 5313 malitia:
2951 5268 3063 5309 suae
3091 5246 3394 5359 nequitiam
3423 5249 3596 5359 tegta-

268 5394 369 5443 ret
402 5401 415 5439 :
453 5385 476 5420 ⁸
506 5334 623 5439 Scit;
666 5379 795 5451 quia
839 5376 911 5432 sis
958 5378 1168 5429 sanctus
1214 5333 1335 5427 Deil
1358 5369 1508 5440 (Luc.
1542 5383 1621 5434 1v,
1654 5362 1768 5434 34).
1809 5360 1898 5418 Ad
2009 5359 2182 5418 tionis
2206 5370 2461 5413 exercere
2501 5348 2763 5425 potuerit,
2809 5344 2918 5402 hoc
2945 5348 3129 5400 autem
3159 5337 3217 5394 in
3259 5337 3380 5394 loco
3407 5351 3439 5390 a
3478 5333 3601 5390 Do-

2082 5539 2103 5573 ³
2133 5535 2301 5602 P1er.,
2331 5530 2529 5603 aptius.

2084 5610 2105 5643 ‘
2136 5593 2547 5674 Ebroicfalter,
2575 5593 2962 5674 multiplicant.

2086 5682 2107 5718 ⁵
2138 5676 2335 5736 Pratel.
2368 5682 2421 5732 et
2449 5673 2656 5737 Germ.,
2691 5670 3007 5723 tentationis.

362 5570 381 5605 ¹
416 5567 541 5646 Du_o
574 5563 783 5629 Germ.,
838 5554 1034 5647 Laud.”
1086 5552 1296 5611 Gemet.
1346 5563 1409 5606 ac
1436 5549 1512 5621 pl.
1545 5549 1759 5614 Norm.,
1790 5544 1900 5601 ad—

280 5653 595 5785 υ-εζῗῗιέέὶ.
618 5714 673 5762 et
700 5705 919 5785 Germ,
939 5701 1045 5757 scio
1070 5698 1163 5772 qui
1190 5712 1261 5754 es.
1280 5693 1404 5753 Val.
1429 5690 1537 5755 CL,
1567 5690 1672 5747 scio
1693 5687 1810 5762 quis
1828 5704 1900 5743 es.

282 5781 477 5843 Corb.
510 5781 722 5848 Germ.,
752 5781 845 5850 qui
874 5781 965 5831 sis.
