4156 6178
645 269 746 325 691

1859 271 2111 331 SANCTI
2147 273 2486 334 GREGORII
2523 275 2760 338 MAGNI-

641 393 792 450 mino
821 409 934 450 non
961 394 1143 451 solum
1172 411 1244 452 ex
1273 405 1430 468 pacto
1461 413 1654 454 servus
1671 441 1686 468 ,
1739 398 1836 455 sed
1879 401 2251 474 sempiternus
2276 415 2327 476 Α
2358 405 2418 462 in
2433 405 2538 464 hoc
2559 406 2707 480 quod
2726 407 2915 480 inique
2933 407 3048 480 agit
3073 407 3141 464 ad
3166 409 3463 466 utilitatem
3491 419 3735 470 nostram
3761 413 3946 474 divina

639 497 828 540 servus
861 481 1037 556 accipi
1064 483 1290 554 dicitur,
1321 485 1658 560 investigare
1687 488 2078 561 compellimur
2107 507 2240 564 quo-

639 571 804 628 modo
833 579 888 629 et
913 580 1038 645 post
1061 573 1346 646 praesentis
1376 573 1505 632 vitae
1535 577 1834 634 terminum
1866 581 2074 638 servire
2111 599 2237 640 eum

628 661 700 719 -in
729 670 1053 736 perpetuum
1094 665 1331 720 Domino
1367 663 1826 724 demonstremus.
1872 671 2058 743 Neque
2089 673 2238 728 enim

639 759 774 809 tunc
795 751 974 825 justos
1003 753 1210 810 caelesti
1238 753 1500 812 felicitate
1521 757 1788 827 pollentes
1816 758 2000 817 adhuc
2028 768 2242 818 tentare

640 840 1001 915 permittitur,
1023 857 1148 898 cum
1171 849 1296 897 ante
1315 858 1504 898 eorum
1526 844 1714 899 oculos
1734 845 1952 902 aeternis
1975 846 2242 916 gehennae

643 931 867 1004 ignibus
898 931 1262 1002 mancipatur,
1293 931 1424 1004 quia
1451 949 1794 1006 nequaquam
1832 940 2028 997 1094
2057 937 2114 990 in
2145 936 2243 992 illa

643 1045 876 1102 superna
904 1031 1080 1102 patria
1108 1029 1506 1086 tentationibus
1539 1031 1828 1088 erudiendi
1859 1041 2013 1101 sunt,
2047 1033 2105 1088 in
2135 1051 2244 1108 qua

635 1119 752 1192 jam
780 1136 880 1191 pro
909 1118 1274 1175 tentationum
1306 1118 1589 1175 laboribus
1636 1131 2083 1180 remunerantur.
2135 1124 2240 1180 Sed

641 1216 777 1266 tunc
800 1208 1101 1263 Leviathan
1125 1207 1226 1263 iste
1245 1224 1372 1264 cum
1401 1225 1500 1264 suo
1529 1225 1776 1282 corpore,
1811 1211 2062 1284 reprobis
2091 1212 2242 1268 vide-

641 1297 770 1354 licet
797 1295 1077 1365 omnibus,
1122 1297 1360 1354 ﬂammis
1405 1298 1696 1356 ultricibus
1734 1301 1996 1371 traditur,
2047 1301 2247 1375 quibus

641 1386 761 1444 sine
775 1386 890 1452 fine
915 1388 1211 1444 crucietur.
1235 1387 1382 1456 Quos
1407 1388 1618 1445 scilicet
1643 1389 1920 1446 cruciatus
1948 1390 2083 1446 dum
2107 1389 2248 1464 justi

643 1477 1012 1550 conspiciunt,
1048 1477 1105 1533 in
1135 1477 1234 1534 Dei
1265 1477 1522 1534 laudibus
1549 1487 1826 1548 crescunt,
1859 1479 1989 1553 quia
2017 1489 2072 1536 et
2103 1481 2160 1537 in
2191 1497 2248 1538 se

643 1575 878 1626 cernunt
904 1567 1110 1624 bonum
1142 1584 1252 1640 quo
1281 1567 1615 1624 remunerati
1645 1577 1796 1638 sunt,
1823 1577 1876 1625 et
1907 1570 1964 1625 in
1997 1569 2110 1626 illis
2139 1570 2248 1626 ins-

643 1657 860 1730 piciunt
887 1659 905 1693 ¹
937 1657 1274 1730 supplicium
1307 1657 1454 1731 quod
1485 1665 1796 1714 evaserunt.
1828 1660 1908 1715 Ita
1936 1659 2085 1714 enim
2114 1667 2250 1717 tunc

2350 496 2556 554 virtute
2584 498 2918 570 possidetur,
2937 497 3252 570 jumentum
3273 508 3382 567 est;
3415 499 3546 574 quia
3563 517 3696 560 vero
3723 503 3946 562 latenter

2351 587 2589 654 mordet,
2624 604 2850 660 serpens
2880 595 2997 656 est;
3036 589 3165 662 quia
3205 598 3388 646 autem
3435 607 3831 667 nonnunquam
3859 611 3948 668 per

2350 675 2680 732 indomitam
2698 676 3013 748 superbiam
3029 694 3085 734 se
3100 678 3266 735 etiam
3283 679 3424 736 lucis
3440 681 3696 752 angelum
3709 682 3946 752 simulat,

2349 767 2470 822 avis
2497 775 2602 824 est.
2636 768 2954 824 Humanum
2982 769 3184 824 etenim
3217 786 3385 841 genus
3424 772 3680 844 quamvis
3708 773 3949 846 inexpli-

2351 854 2516 910 cabili
2563 856 2884 929 iniquitatis
2928 865 3046 914 arte
3083 859 3332 928 lacessat,
3372 859 3551 916 tribus
3580 868 3762 919 tamen
3803 861 3951 920 vitiis

2352 943 2511 1000 valde
2541 951 2738 1011 tentat,
2787 953 2848 1001 ut
2895 946 3156 1002 videlicet
3196 947 3340 1004 alios
3368 948 3473 1004 sibi
3523 965 3619 1022 per
3647 951 3948 1018 luxuriam,

2352 1033 2490 1090 alios
2520 1051 2615 1106 per
2641 1035 2932 1104 malitiam,
2964 1036 3100 1092 alios
3130 1053 3226 1109 per
3251 1037 3563 1110 superbiam
3596 1040 3816 1098 subdat.

2429 1123 2516 1179 30.
2551 1125 2843 1180 Secundum
2871 1126 3052 1181 varias
3081 1127 3206 1182 illas
3233 1126 3459 1197 formas,
3482 1129 3630 1183 varie
3651 1135 3829 1187 leniat.
3863 1131 3953 1187 Sa-

2357 1218 2490 1269 tanae
2523 1229 2691 1268 escam
2720 1215 2948 1270 ostendit
2980 1215 3249 1282 Christus,
3284 1217 3530 1286 laqueum
3569 1218 3858 1276 abscondit.
3889 1250 3955 1262 —

2353 1301 2475 1358 Non
2505 1319 2632 1375 ergo
2659 1303 2942 1360 immerito
2968 1304 3028 1360 in
3057 1321 3121 1362 eo
3151 1304 3298 1379 quod
3325 1321 3480 1378 agere
3508 1307 3712 1363 nititur
3738 1325 3810 1365 ex
3839 1309 3954 1381 ipso

2356 1409 2580 1449 suarum
2610 1394 2890 1451 actionum
2922 1395 3144 1452 nomine
3175 1403 3420 1465 vocatur,
3467 1413 3594 1453 cum
3615 1396 3958 1470 jumentum,

2357 1482 2544 1550 draco,
2572 1483 2660 1538 vel
2690 1485 2811 1540 avis
2839 1484 3062 1542 dicitur.
3098 1485 3163 1541 In
3191 1485 3268 1542 eis
3289 1485 3485 1558 quippe
3513 1504 3650 1560 quos
3676 1487 3744 1544 ad
3775 1487 3959 1546 stulti-

2358 1572 2492 1628 tiam
2524 1573 2762 1630 luxuriaa
2792 1575 3022 1644 excitat,
3039 1575 3356 1648 jumentum
3387 1583 3503 1644 est;
3538 1577 3592 1632 in
3619 1577 3698 1635 eis
3725 1595 3863 1651 quos
3892 1578 3962 1636 ad

2358 1662 2597 1720 nocendi
2619 1664 2893 1721 malitiam
2915 1665 3241 1735 inﬂammat,
3265 1665 3432 1724 draco
3450 1673 3562 1736 est;
3596 1667 3654 1723 in
3681 1667 3760 1725 eis
3779 1678 3960 1726 autem

645 1748 875 1822 pulchra
894 1749 999 1805 erit
1019 1749 1511 1818 universitas,dum
1532 1757 1586 1806 et
1607 1749 2012 1824 gehennajuste
2031 1753 2245 1809 cruciat
2278 1783 2325 1845 Β
2359 1769 2498 1826 quos
2526 1753 2586 1809 in
2613 1754 2822 1811 fastum
2850 1756 3121 1827 superbiae
3151 1756 3308 1830 quasi
3327 1758 3438 1812 alta
3459 1757 3734 1830 sapientes
3763 1759 3960 1828 elevat,

647 1837 866 1909 impios,
899 1845 954 1894 et
977 1845 1180 1894 aeterna
1208 1837 1443 1894 felicitas
1466 1837 1615 1909 juste
1644 1849 1959 1897 remunerat
1986 1841 2128 1914 pios.
2168 1841 2250 1898 Si-

647 1934 739 1984 cut
767 1927 916 1983 enim
947 1927 1102 2000 niger
1129 1928 1280 1984 color
1299 1927 1358 1982 in
1388 1927 1603 1999 pictura
1629 1929 2024 1998 substernitur,
2056 1939 2118 1987 ut
2146 1948 2252 1989 su-

647 2016 919 2090 perjectus
948 2016 1104 2073 albus
1133 2018 1222 2073 vel
1250 2017 1454 2074 rubeus
1481 2017 1767 2090 pulchrior
1796 2019 2138 2090 ostendatur,
2171 2022 2251 2078 ita

649 2116 782 2164 tunc
800 2107 966 2163 etiam
989 2109 1162 2164 malos
1181 2107 1320 2164 bene
1339 2108 1602 2166 ordinans
1621 2111 1790 2179 Deus,
1812 2109 2064 2168 feliciora
2093 2111 2249 2168 exhi-

647 2196 739 2254 bet
778 2195 977 2270 gaudia
1022 2197 1328 2266 beatorum,
1380 2199 1614 2254 ostensis
1655 2207 1781 2256 ante
1823 2215 2013 2256 eorum
2062 2201 2250 2258 oculos

648 2285 936 2359 suppliciis
969 2285 1350 2359 reproborum.
1381 2287 1453 2344 Et
1482 2289 1736 2362 quamvis
1766 2289 1904 2346 illud
1935 2307 2006 2346 ex
2036 2289 2252 2345 visione

649 2375 929 2433 dominica
949 2391 1140 2434 eorum
1162 2375 1418 2449 gaudium
1443 2393 1555 2434 non
1575 2379 1647 2436 sit
1671 2380 1693 2414 ³
1720 2379 1867 2453 quod
1887 2387 2112 2447 crescat,
2138 2395 2250 2434 ma-

649 2466 732 2540 gis
769 2473 953 2522 tamen
995 2466 1208 2524 auctori
1254 2483 1354 2523 suo
1399 2483 1514 2524 esse
1561 2484 1617 2525 se
1662 2467 1937 2526 debitores
1983 2469 2250 2538 sentiunt,

649 2555 870 2630 quando
889 2563 944 2612 et
964 2555 1170 2613 bonum
1197 2565 1432 2615 cernunt
1452 2557 1599 2632 quod
1609 2558 1757 2631 juste
1777 2559 2114 2616 remunerati
2136 2573 2252 2630 per-

650 2644 888 2718 cipiunt,
918 2652 972 2701 et
1007 2645 1214 2702 malum
1245 2645 1393 2720 quod
1423 2647 1857 2704 misericorditer
1885 2647 2062 2720 adjuti
2094 2648 2256 2704 vice-

653 2743 804 2815 runt.
841 2733 986 2808 [Rec.
1018 2735 1104 2791 XI
1109 2733 1193 2810 V.]
1238 2736 1413 2808 Igitur
1441 2736 1488 2792 si
1517 2737 1749 2793 utilitati
1772 2735 2049 2810 justorum
2079 2747 2133 2794 et
2163 2738 2255 2795 hic

654 2824 885 2880 tentatio
913 2823 1217 2882 Leviathan
1243 2825 1427 2894 istius,
1465 2833 1520 2883 et
1551 2827 1668 2884 illic
1695 2827 1979 2884 damnatio
2007 2827 2251 2900 proﬁcit,

653 2914 1022 2988 sempiternus
1066 2932 1258 2973 servus
1305 2923 1386 2973 est
1413 2916 1547 2974 dum
1590 2916 1691 2974 Dei
1721 2916 1978 2974 laudibus
2005 2919 2255 2975 nesciens

654 3004 846 3073 servit,
893 3012 947 3060 et
977 3005 1095 3063 illic
1129 3022 1290 3080 pmna
1319 3004 1438 3079 ejus
1460 3005 1631 3080 justa,
1661 3014 1716 3064 et
1744 3005 1838 3064 hic
1868 3009 2128 3065 voluntas
2157 3009 2256 3064 in-

648 3092 818 3167 justa.
851 3094 1113 3169 Sequitur
1144 3113 1156 3152 :

1081 3207 1310 3267 CAPUT
1337 3209 1444 3267 xv
1483 3208 1621 3283 [Vet.
1653 3208 1804 3283 XX].

727 3301 898 3358 Vnus.
931 3299 1017 3357 24.
1049 3330 1120 3342 -
1148 3300 1405 3371 Nunquid
1433 3300 1624 3356 illudes
1651 3299 1699 3354 ei
1726 3301 1882 3370 quasi
1907 3301 1997 3358 avi
2017 3305 2046 3360 Ῡ

727 3389 817 3447 30.
856 3389 1114 3447 Diabolus
1159 3389 1365 3446 animal
1412 3391 1714 3462 quadrupes
1752 3409 1852 3464 per
1889 3393 2114 3449 actionis
2147 3393 2260 3448 im—

657 3478 866 3535 mundae
891 3477 1224 3549 fatuitatem;
1257 3479 1422 3534 draco
1445 3496 1546 3552 per
1571 3481 1790 3538 nocendi
1817 3481 2119 3548 malitiam;
2146 3483 2262 3539 avis

652 3585 752 3641 per
779 3567 1075 3625 elationem.
1107 3599 1178 3610 —
1205 3567 1352 3636 Quid
1391 3577 1474 3626 est
1502 3569 1650 3643 quod
1683 3569 2034 3627 adversarius
2075 3578 2262 3628 noster

659 3659 813 3732 prius
834 3658 1162 3729 Behemoth,
1167 3661 1519 3732 postmodum
1539 3661 1843 3718 Leviathan
1864 3662 2092 3733 dicitur,
2113 3679 2264 3722 nunc

661 3767 793 3807 vero
821 3749 912 3807 avi
953 3748 1013 3806 in
1050 3749 1380 3824 perditionis
1417 3768 1530 3808 suae
1573 3752 1832 3810 illusione
1869 3753 2264 3827 comparatur?

659 3838 988 3908 Behemoth,
1013 3841 1238 3916 quippe,
1259 3849 1322 3899 ut
1343 3840 1613 3912 diximus,
1636 3843 1822 3900 bellua
1849 3843 2262 3916 interpretatur,

661 3948 784 4004 quae
814 3929 1129 4003 quadrupes
1149 3931 1482 4001 ostenditur,
1502 3931 1637 3988 dum
1657 3933 1802 3989 sicut
1826 3932 1925 3988 bos
1949 3931 2140 3988 fenum
2170 3947 2263 3988 co-

662 4018 881 4075 medere
904 4017 1247 4089 perhibetur.
1269 4019 1576 4076 Leviathan
1599 4036 1752 4087 vero,
1783 4020 1913 4092 quia
1934 4019 2100 4075 hamo
2120 4017 2266 4091 capi-

661 4114 775 4172 tur,
796 4103 1183 4176 proculdubio
1201 4123 1424 4178 serpens
1443 4105 1502 4160 in
1524 4106 1682 4178 aquis
1699 4105 2084 4162 innotescitur.
2107 4107 2267 4165 Nunc

664 4209 802 4250 vero
841 4190 913 4248 ad
951 4192 1072 4247 avis
1107 4193 1538 4250 similitudinem
1572 4193 1820 4269 ducitur,
1851 4210 1978 4251 cum
2007 4195 2216 4252 dicitur
2248 4214 2261 4253 :

661 4281 920 4354 Nunquid
949 4280 1141 4338 iliades
1168 4282 1218 4337 ei
1243 4281 1402 4354 quasi
1440 4281 1572 4338 avi?
1618 4281 1730 4354 Cur
1768 4297 1896 4356 ergo
1924 4282 2130 4354 bellua,
2177 4285 2264 4341 vel

658 4373 998 4447 jumentum,
1010 4387 1110 4428 cur
1123 4371 1309 4442 draco,
1325 4387 1426 4429 cur
1443 4372 1562 4430 avis
1581 4372 1904 4446 appelletur,
1922 4373 2264 4448 indagemus.

665 4463 844 4522 Citius
872 4461 1020 4518 enim
1049 4461 1278 4518 nomina
1305 4461 1426 4536 ejus
1454 4463 1823 4536 agnoscimus,
1853 4463 1900 4519 si
1928 4463 2266 4537 tergiversa—

664 4552 838 4609 tionis
867 4551 1020 4608 illius
1048 4551 1306 4610 astutiam
1338 4551 1618 4612 subtiliter
1639 4553 2008 4626 exploremus.
2025 4555 2105 4611 De
2133 4554 2272 4612 ccelo

666 4641 868 4716 quippe
895 4639 965 4697 ad
993 4649 1196 4699 terram
1224 4643 1398 4712 venit,
1425 4649 1481 4699 et
1507 4643 1576 4700 ad
1603 4659 1754 4716 spem
1778 4643 2085 4701 ccelestium
2116 4644 2268 4700 nulla

661 4733 776 4809 jam
806 4733 1166 4806 respiratione
1195 4751 1251 4792 se
1279 4735 1462 4808 erigit.
1493 4733 1814 4791 Irrationale
1842 4749 1970 4806 ergo
1995 4736 2016 4769 ³
2037 4743 2094 4791 et
2121 4751 2264 4808 qua-

669 4827 871 4900 drupes
897 4826 1102 4884 animal
1121 4833 1204 4884 est
1222 4843 1320 4900 per
1337 4825 1573 4884 actionis
1599 4823 1901 4880 immundae
1929 4824 2262 4895 fatuitatem,

667 4917 833 4977 draco
861 4933 958 4992 per
984 4917 1223 4976 nocendi
1255 4915 1548 4984 malitiam,
1574 4914 1694 4971 avis
1719 4931 1816 4987 per
1843 4914 2066 4971 subtilis
2093 4924 2266 4973 natu-

668 5025 743 5064 ra)
761 5009 1064 5065 levitatem.
1095 5007 1237 5076 Quia
1264 5007 1412 5064 enim
1443 5004 1549 5062 hoc
1576 5003 1725 5080 quod
1743 5011 1936 5062 contra
1961 5021 2019 5061 se
2045 5005 2161 5078 agit
2187 5005 2265 5079 ig-

669 5105 850 5166 norat,
881 5096 1049 5155 bruto
1085 5113 1250 5156 sensu
1279 5095 1464 5154 bellua
1495 5103 1608 5163 est;
1640 5094 1770 5168 quia
1797 5094 2070 5152 malitiose
2104 5095 2264 5152 nobis

669 5201 867 5244 nocere
894 5186 1122 5260 appetit,
1149 5185 1315 5242 draco
1343 5191 1454 5252 est;
1498 5183 1630 5258 quia
1658 5199 1790 5240 vero
1817 5183 1886 5240 de
1916 5191 2124 5241 natura;
2153 5200 2265 5241 sua;

669 5273 974 5334 subtilitate
995 5275 1226 5350 superbe
1245 5273 1552 5343 extollitur,
1576 5274 1694 5332 avis
1714 5265 1816 5332 est.
1845 5275 2105 5345 Rursum,
2135 5273 2265 5348 quia

747 5474 762 5508 ¹
793 5475 966 5544 Laud.
997 5484 1052 5532 et
1079 5477 1202 5535 Val.
1234 5475 1342 5544 CL,
1372 5477 1593 5533 malum.

745 5543 768 5631 fl
797 5543 958 5602 Corb.
989 5548 1200 5631 Qerm._,
1230 5543 1450 5605 Ebroic.
1497 5548 1700 5631 aliique
1727 5548 1942 5616 Norrn.,
1985 5563 2090 5618 quo
2117 5565 2272 5604 cres-

673 5621 868 5672 cat.....
899 5619 1039 5687 quod
1055 5619 1194 5688 justi
1221 5621 1568 5676 remunerati.
1611 5619 1629 5622 “

707 5765 719 5772 _
745 5689 768 5724 ³
795 5687 1050 5772 Laudun.
1079 5690 1372 5772 θέρει-αξη
1399 5691 1765 5772 ςιιιιιάιιιιριεᾱθ.⁸
1789 5691 1958 5772 Gilot.
1990 5696 2045 5772 et
2065 5689 2272 5772 Vatia,

672 5765 721 5818 et
730 5760 1088 5836 quadruplex.
1110 5759 1494 5822 Emendantur
1507 5779 1577 5822 ex
1596 5759 1952 5838 Mss.Anglic.
1968 5769 2023 5820 et
2041 5761 2268 5832 nostris,

2360 1844 2480 1901 avis
2508 1853 2624 1913 est;
2658 1845 2717 1901 in
2746 1846 2860 1902 illis
2891 1863 3020 1904 vero
3050 1865 3191 1920 quos
3221 1848 3426 1920 pariter
3453 1847 3512 1903 in
3542 1849 3766 1906 luxuria
3793 1857 3852 1906 et
3877 1864 3959 1906 su-

2361 1933 2551 2006 perbia
2591 1943 2646 1991 et
2676 1936 2890 1993 malitia
2917 1937 3141 2009 polluit,
3172 1935 3510 2008 jumentum,
3557 1943 3752 2002 1095
3779 1937 3962 2005 draco,

2358 2034 2524 2090 simul
2555 2040 2610 2088 et
2637 2033 2755 2088 avis
2787 2033 2998 2089 existit.
3035 2035 3138 2090 Per
3166 2041 3246 2090 tot
3279 2049 3520 2106 namque
3549 2035 3572 2069 ‘
3601 2034 3672 2090 ad
3699 2034 3966 2108 decepto-

2359 2139 2482 2189 rum
2511 2139 2607 2180 cor
2630 2138 2687 2178 se
2715 2121 2926 2194 species
2957 2121 3172 2192 intulit,
3195 2123 3253 2179 in
3278 2131 3414 2195 quot
3433 2139 3524 2178 eos
3552 2124 3838 2197 nequitias
3871 2125 3966 2181 im-

2359 2214 2606 2288 plicavit.
2637 2215 2940 2272 Multarum
2987 2214 3156 2288 igitur
3208 2231 3392 2271 rerum
3440 2213 3667 2271 nomine
3707 2223 3964 2282 vocatur,

2359 2308 2490 2380 quia
2520 2313 2645 2364 ante
2674 2305 3031 2379 deceptorum
3078 2315 3290 2364 mentes
3335 2307 3392 2363 in
3440 2307 3624 2362 varias
3661 2306 3962 2364 formarum

2359 2395 2565 2469 species
2606 2396 2860 2454 vertitur.
2906 2395 3046 2454 Cum
3074 2395 3224 2452 enim
3269 2394 3420 2452 hunc
3447 2411 3543 2467 per
3571 2397 3759 2452 carnis
3791 2396 3965 2454 luxu-

2362 2491 2503 2548 riam
2533 2500 2742 2560 tentat,
2773 2499 2828 2548 et
2858 2501 3044 2548 tamen
3074 2491 3306 2550 minime
3337 2497 3579 2563 superat,
3609 2497 3824 2548 mutata
3849 2508 3961 2564 sug-

2363 2583 2608 2654 gestione
2633 2599 2729 2639 cor
2759 2581 2911 2638 illius
2932 2582 2991 2638 in
3014 2581 3284 2637 malitiam
3314 2579 3638 2638 inﬂammat.
3670 2580 3817 2649 Quia
3842 2597 3960 2654 ergo

2363 2669 2432 2726 ad
2460 2685 2586 2726 eum
2617 2671 2806 2727 venire
2835 2669 3021 2727 bellua
3048 2686 3164 2726 non
3194 2670 3391 2738 valuit,
3411 2669 3578 2727 draco
3609 2671 3784 2728 venit.
3805 2671 3958 2728 Illum

2365 2775 2578 2815 veneno
2619 2759 2847 2816 malitiae
2901 2774 3254 2831 corrumpere
3297 2775 3410 2815 non
3438 2760 3604 2828 valet,
3657 2760 3758 2816 sed
3784 2767 3958 2816 tamen

2363 2848 2506 2904 bona
2533 2865 2633 2904 sua
2663 2848 2783 2920 ejus
2811 2849 2991 2905 oculis
3018 2849 3269 2921 opponit,
3305 2855 3361 2905 et
3387 2864 3480 2904 cor
3506 2849 3658 2904 illius
3683 2848 3746 2903 in
3777 2864 3960 2921 super-

2363 2936 2512 2994 biam
2547 2937 2790 2992 extollit.
2840 2936 2983 2994 Huic
3010 2952 3138 3010 ergo
3168 2944 3231 2994 ut
3261 2936 3426 2994 draco
3455 2938 3476 2972 δ
3520 2935 3817 3008 subrepere
3850 2953 3960 2992 non

2365 3027 2560 3096 valuit,
2593 3025 2690 3083 sed
2718 3033 2902 3084 tamen
2941 3026 3180 3085 adducto
3219 3026 3593 3100 phantasmate
3622 3026 3807 3083 inanis
3837 3027 3964 3099 glo-

2289 3144 2334 3206 C
2367 3117 2484 3186 ria,
2506 3132 2692 3174 coram
2713 3117 3066 3189 cogitationis
3086 3115 3205 3188 ejus
3235 3117 3522 3174 obtutibus
3557 3116 3712 3190 quasi
3733 3116 3855 3174 avis
3873 3132 3962 3172 vo-

2369 3207 2524 3263 lavit.
2549 3207 2680 3274 Quaa
2703 3206 2975 3262 nimirum
2994 3207 3115 3263 avis
3141 3214 3296 3263 tanto
3324 3216 3515 3264 contra
3543 3223 3642 3263 nos
3670 3207 3962 3264 immanius

2367 3295 2676 3362 extollitur,
2697 3303 2907 3368 quanto
2927 3296 3083 3351 nulla
3107 3303 3315 3353 naturae
3343 3313 3455 3352 suae
3485 3296 3811 3354 infirmitate
3840 3314 3962 3370 prte-

2366 3383 2604 3456 peditur.
2657 3383 2798 3452 Quia
2825 3384 2973 3440 enirn
3005 3386 3186 3442 carnis
3229 3394 3404 3442 morte
3446 3403 3558 3443 non
3589 3390 3876 3460 premitur,
3913 3395 3962 3444 et

2367 3473 2788 3548 Redemptorem
2815 3483 3067 3532 nostrum
3088 3491 3250 3534 carne
3271 3477 3560 3534 mortalem
3591 3476 3761 3547 vidit,
3791 3477 3961 3535 altiori

2368 3564 2513 3621 fastu
2541 3565 2796 3622 elationis
2836 3565 3138 3632 intumuit;
3189 3565 3284 3622 sed
3323 3565 3420 3622 ubi
3466 3573 3660 3622 contra
3689 3575 3960 3625 auctorem

2369 3671 2533 3711 suum
2575 3670 2755 3728 penna
2797 3669 2854 3710 se
2883 3654 3155 3727 superbire
3182 3655 3405 3724 extulit,
3455 3655 3532 3711 ibi
3577 3656 3834 3729 laqueum
3859 3670 3961 3711 sua:

2371 3745 2565 3802 mortis
2592 3745 2828 3802 invenit.
2861 3745 2998 3801 Nam
3026 3761 3088 3801 ea
3115 3745 3234 3818 ejus
3261 3744 3444 3801 carnis
3475 3753 3649 3802 morte
3670 3752 3961 3819 prostratus

2371 3844 2473 3902 est,
2499 3851 2665 3907 quam
2695 3835 2930 3907 expetiit
2957 3835 3163 3902 elatus;
3196 3842 3252 3890 et
3280 3833 3412 3891 inde
3440 3835 3667 3906 pertulit
3696 3837 3958 3909 laqueum,

2371 3923 2517 3981 unde
2550 3923 2706 3998 quasi
2733 3939 2914 3980 escam
2943 3941 3058 3980 suae
3085 3923 3312 3980 malitiae
3340 3933 3571 3982 mortem
3595 3923 3737 3998 justi
3765 3941 3964 3983 concu-

2373 4013 2534 4086 pivit.
2568 4011 2709 4084 [νει.
2742 4011 2924 4087 XXI
2955 4013 3184 4070 Dicatur
3211 4030 3340 4086 ergo
3371 4031 3384 4070 :
3427 4015 3685 4086 Nunquid
3714 4015 3898 4072 iliades
3922 4012 3965 4068 ei

2371 4101 2530 4174 quasi
2554 4101 2687 4158 avi?
2717 4100 2886 4169 Quasi
2906 4101 2997 4156 avi
3019 4103 3220 4175 quippe
3239 4103 3508 4161 Dominus
3535 4103 3732 4174 illusit,
3761 4103 3888 4160 dum
3918 4101 3965 4160 ei

2375 4191 2435 4247 in
2463 4189 2720 4263 passione
2763 4189 3040 4262 unigeniti
3084 4191 3215 4247 Filii
3243 4192 3329 4249 sui
3359 4191 3595 4250 ostendit
3628 4209 3832 4260 escam,
3874 4191 3964 4248 sed

2377 4282 2639 4355 laqueum
2671 4279 2984 4338 abscondit.
3008 4281 3167 4338 Vidit
3191 4281 3336 4339 enim
3359 4281 3506 4356 quod
3527 4296 3618 4338 ore
3645 4282 3964 4355 perciperet.

2375 4371 2471 4429 sed
2495 4387 2608 4428 non
2636 4370 2782 4428 vidit
2811 4372 2833 4406 ⁸
2863 4369 3006 4444 quod
3042 4379 3263 4444 gutture
3293 4380 3520 4429 teneret.
3551 4371 3686 4428 Nam
3723 4369 3966 4446 quamvis

2376 4481 2502 4520 eum
2530 4463 2711 4520 fuerat
2742 4463 2860 4535 ipse
2903 4463 3185 4520 confessus
3233 4463 3437 4519 Filium
3479 4463 3576 4520 Dei
3609 4462 3824 4535 (Matth.
3849 4475 3966 4528 vm,

2379 4553 2496 4625 29),
2529 4553 2683 4608 velut
2706 4568 2907 4624 purum
2928 4558 3112 4608 tamen
3135 4552 3293 4610 illum
3315 4552 3597 4608 hominem
3629 4553 3772 4608 mori
3791 4550 3966 4608 credi-

2379 4643 2483 4714 dit,
2503 4642 2573 4699 ad
2591 4641 2752 4714 cujus
2781 4651 3014 4699 mortem
3043 4641 3358 4698 Iudaeorum
3388 4643 3831 4716 persequentium
3860 4638 3965 4696 ani-

2381 4750 2500 4789 mos
2528 4731 2853 4790 concitavit.
2904 4731 3011 4788 Sed
3056 4732 3116 4787 in
3163 4731 3282 4804 ipso
3325 4732 3642 4789 traditionis
3688 4732 3808 4805 ejus
3843 4738 3968 4786 tem-

2379 4841 2510 4898 pore
2535 4824 2690 4880 tarde
2704 4822 2820 4895 jam
2841 4823 3163 4897 cognovisse
3182 4823 3534 4896 intelligitur,
3563 4821 3717 4896 quod
3747 4823 3856 4897 ipse
3882 4821 3971 4876 illa

2378 4913 2500 4986 ejus
2531 4922 2706 4969 morte
2737 4913 3048 4985 puniretur.
3078 4913 3232 4970 Unde
3250 4921 3304 4969 et
3329 4913 3492 4970 Pilati
3518 4912 3809 4985 conjugem
3839 4927 3969 4967 som-

2379 5003 2490 5059 niis
2517 5002 2752 5070 terruit,
2781 5011 2843 5058 ut
2872 5002 2960 5058 vir
2989 5001 3143 5058 illius
3169 5019 3202 5058 a
3222 5001 3360 5074 justi
3389 5002 3771 5075 persecutione
3796 5013 3970 5057 cessa-

2379 5101 2462 5151 ret
2488 5093 2714 5164 (Matth.
2738 5108 2924 5160 xxvn,
2951 5092 3062 5162 19).
3095 5092 3200 5149 Sed
3225 5108 3308 5149 res
3329 5092 3546 5150 interna
3573 5088 3971 5164 dispensatione

2377 5181 2645 5256 disposita
2671 5182 2827 5239 nulla
2855 5181 3032 5239 valuit
3073 5182 3484 5240 machinatione
3521 5181 3810 5256 refragari.
3853 5178 3969 5234 Ex-

2378 5273 2634 5348 pediebat
2664 5287 2905 5346 namque
2931 5279 2993 5330 ut
3017 5281 3364 5346 peccatorum
3401 5281 3635 5332 mortem
3673 5271 3823 5346 juste
3852 5284 3973 5324 mo-

2381 5493 2595 5534 necnon
2624 5493 2692 5531 ex
2723 5483 2831 5532 vet.
2861 5475 3012 5532 Edit.

2453 5549 2474 5584 ‘
2505 5549 2716 5604 Gemet.
2757 5548 2816 5603 in
2847 5548 2958 5604 duo
2985 5545 3195 5614 Germ.,
3225 5549 3298 5604 ad
3324 5565 3507 5605 eorum
3537 5565 3648 5605 car.

2454 5620 2476 5654 ⁵
2508 5619 2622 5692 AL,
2657 5619 2952 5692 subripere,
2990 5626 3046 5692 et
3075 5617 3278 5692 legitur
3303 5619 3360 5677 in
3391 5621 3520 5678 Mss.

2456 5692 2478 5728 ⁶
2507 5690 2649 5748 Pler.
2679 5690 2832 5762 Mssf,
2862 5691 3004 5764 quod
3031 5690 3232 5763 guttur.
