4156 6178
355 219 458 280 693

351 436 483 510 quia
512 438 816 497 Leviathan
845 442 947 500 iste
979 462 1151 519 usque
1178 449 1248 506 ad
1265 458 1478 525 tempus
1506 458 1779 528 passionis
1813 436 1966 520 illius

351 526 655 599 ignoravit,
687 533 845 603 quasi
878 551 1029 592 more
1067 537 1185 595 avis
1227 540 1448 612 illusus,
1494 526 1812 607 divinitatis
1848 551 1966 624 ejus

350 616 615 689 laqueum
643 622 893 691 pertulit,
924 623 1058 681 dum
1088 626 1455 689 humanitatis
1482 633 1603 708 ejus
1628 650 1808 695 escam
1838 616 1964 698 πίο-

350 705 584 764 mordit.
617 707 876 782 Sequitur
908 732 920 769 :

778 834 1006 895 CAPUT
1035 841 1170 900 XVI
1208 844 1351 919 [Rea
1384 847 1528 923 XV].

337 984 358 1003 .
422 949 562 1005 Iern.
587 980 657 991 —
684 952 796 1006 Aut
830 955 842 986 ¹
878 955 1067 1026 ligabis
1092 976 1207 1014 eum
1232 963 1449 1018 ancillis
1480 966 1601 1020 tuis.

422 1037 512 1094 32.
553 1040 799 1097 Christus
830 1042 1046 1115 inﬁrma
1066 1049 1252 1104 mundi
1275 1053 1488 1123 eligens,
1519 1053 1722 1112 diaboli
1751 1056 1967 1127 fortitu-

350 1128 529 1193 dinem
560 1129 855 1188 debellavit.
904 1136 1107 1192 Domus
1135 1141 1406 1211 sapientia:
1438 1144 1638 1201 Christi
1679 1164 1890 1220 corpus,
1921 1156 1968 1204 et

350 1222 612 1277 Ecclesia.
643 1223 735 1278 Ad
755 1227 1157 1296 praulicandum
1186 1234 1534 1305 Evangelium
1564 1238 1667 1294 soli
1706 1242 1968 1312 assumpti

350 1317 477 1367 sunt
520 1313 613 1383 qui
653 1330 755 1384 per
796 1334 847 1371 se
889 1335 996 1373 non
1041 1328 1208 1377 essent
1252 1324 1446 1384 idonei.
1478 1359 1549 1369 —
1590 1330 1867 1387 Subaudis
1906 1340 1967 1388 ut

352 1416 471 1473 ego.
507 1403 569 1458 In
602 1403 777 1459 servis
807 1407 907 1462 etsi
935 1407 1187 1481 despecta
1215 1422 1296 1469 est
1325 1415 1592 1486 conditio,
1622 1419 1857 1476 virilitas
1886 1421 1963 1476 vi-

354 1499 474 1563 get;
507 1493 562 1548 in
597 1494 819 1552 ancillis
849 1507 1033 1555 autem
1064 1518 1192 1557 cum
1223 1505 1543 1563 conditione
1568 1509 1775 1580 pariter
1804 1528 1967 1568 sexus

347 1579 515 1653 jacet.
539 1583 686 1640 Bene
705 1588 1140 1658 ergoZDominus
1167 1594 1471 1652 Leviathan
1502 1579 1670 1655 istum
1700 1617 1811 1658 non
1844 1619 1968 1659 ser-

356 1672 461 1741 vis,
498 1672 592 1730 sed
625 1676 845 1733 ancillis
891 1680 1007 1735 suis
1050 1681 1219 1754 ligare
1261 1701 1317 1741 se
1357 1688 1570 1757 asserit,
1615 1690 1746 1762 quia
1774 1691 1843 1747 ad
1869 1709 1964 1748 no-

1127 231 1503 294 MORALIUM
1542 238 1672 296 LIB.
1714 241 1976 302 XXXIII.
2021 273 2092 289 -
2131 247 2204 306 IN
2241 249 2469 311 CAPUT
2501 254 2597 313 XL
2638 256 2702 315 B.
2743 259 2887 319 JOB.

352 348 620 406 rientium
644 351 878 410 solveret
908 371 1056 413 mors
1078 358 1215 430 justi
1242 361 1448 435 injuste
1470 338 1778 428 morientis.
1802 370 1961 439 Quod
1996 377 2047 436 Λ
2078 377 2251 433 ritum
2282 381 2498 437 nullum

3572 284 3682 346 694

2528 392 2687 483 esset.
2717 386 2964 483 ancillas
2993 409 3121 469 ergo
3138 401 3411 463 Dominus
3434 410 3604 483 misit,
3628 426 3684 474 et

2078 465 2384 526 Leviathan
2419 470 2586 544 hujus
2613 474 2999 537 fortitudinem
3031 465 3242 559 ligavit,
3275 496 3404 567 quia

2077 557 2469 655 praedicatores
2495 564 2704 621 mundo
2734 567 3009 639 exhibuit,
3057 583 3109 631 et
3137 557 3387 648 potentes
3414 557 3677 663 quosque,

2075 644 2173 716 qui
2223 645 2340 717 ejus
2386 665 2593 722 corpus
2639 653 2875 726 fuerant,
2925 659 3028 716 sub
3058 668 3282 724 terroris
3328 644 3681 738 sui‘vinculb

2078 735 2392 794 restrinxit.
2441 740 2513 795 Et
2540 741 2598 796 in
2635 747 2929 819 semetipso
2968 750 3271 812 Leviathan
3319 760 3422 819 iste
3465 735 3681 827 ancillis

2082 823 2312 896 ligatur,
2343 844 2465 884 cum
2490 830 2725 889 inﬁrmis
2746 837 3195 914 praedicantibus,
3217 849 3465 908 veritatis
3486 856 3680 914 clares-

2080 922 2237 969 cente
2294 916 2527 988 lumine,
2580 931 2770 980 contra
2818 928 3117 988 electorum
3165 944 3372 994 mentes
3423 945 3681 1016 antiquus

2079 1000 2257 1060 hostis
2277 1022 2388 1062 non
2424 1021 2691 1081 quantum
2723 1017 2846 1073 vult
2873 1021 3065 1078 saevire
3093 1027 3462 1098 permittitur;
3498 1000 3590 1090 sed
3613 1054 3681 1093 ne

2078 1093 2182 1148 sub
2212 1094 2563 1155 inﬁdelitatis
2591 1105 2911 1175 captivitate
2941 1093 3169 1169 cunctos
3198 1134 3334 1190 quos
3363 1093 3570 1194 appetit
3596 1132 3681 1181 te-

2081 1191 2230 1252 neat,
2268 1185 2442 1258 signis
2473 1200 2527 1246 et
2556 1193 2861 1254 virtutibus
2902 1185 3230 1262 coarctatur:
3279 1185 3412 1281 Ipse.
3431 1185 3557 1286 ergo
3587 1232 3682 1288 per

2077 1291 2134 1330 se
2164 1275 2271 1334 hoc
2300 1279 2521 1337 fortiter
2549 1283 2702 1355 facit,
2731 1290 2824 1362 qui
2856 1302 3047 1350 contra
3067 1296 3227 1355 illum
3259 1301 3403 1359 vires
3432 1320 3544 1361 non
3572 1306 3681 1362 for-

2078 1365 2226 1423 tibus
2272 1369 2489 1428 tribuit.
2542 1374 2645 1430 Sed
2677 1378 2810 1449 quia
2852 1398 2988 1454 quos
3032 1397 3222 1446 contra
3254 1408 3379 1448 eum
3413 1396 3681 1453 Dominus

2077 1455 2264 1513 mittat
2294 1458 2559 1532 insinuat,
2584 1481 2733 1524 nunc
2761 1470 2924 1528 etiam
2955 1475 3088 1548 quid
3110 1478 3213 1551 ipsi
3243 1491 3403 1554 agant
3432 1485 3527 1557 qui
3556 1487 3679 1542 mit-

2076 1553 2295 1616 tuntur,
2326 1550 2595 1624 adjungit.
2628 1555 2888 1631 Sequitur
2919 1580 2930 1617 :

2299 1664 2529 1724 CAPUT
2557 1670 2716 1729 XVII
2754 1672 2891 1748 [Vel.
2925 1677 3104 1753 XXII,
3135 1684 3253 1743 Rec.
3284 1686 3460 1763 XVI].

1629 1743 1647 1762 ι
1776 1743 1843 1747 η
1869 1743 1937 1748 ,η
2755 1743 2775 1748 -
3088 1743 3102 1753 .
3350 1743 3456 1763 --δ-

356 1770 525 1819 stram
557 1764 997 1840 redemptionem
1030 1773 1275 1844 veniens,
1308 1783 1363 1833 et
1391 1795 1519 1834 suos
1549 1788 1738 1836 contra
1768 1782 1963 1839 mundi
1999 1743 2046 1804 Β
2151 1780 2322 1837 Vens.
2354 1784 2443 1841 25.
2476 1817 2546 1829 —-
2577 1788 2863 1849 Concident
2888 1813 3003 1853 eum
3032 1801 3216 1870 amici,
3251 1804 3487 1861 divident
3524 1805 3680 1865 illum

354 1853 669 1925 superbiam
704 1858 1097 1929 praedicatores
1118 1864 1363 1935 mittens,
1387 1866 1596 1924 relictis
1624 1871 1964 1942 sapientibus

358 1941 704 2015 insipientes,
722 1948 930 2005 relictis
949 1951 1187 2010 fortibus
1207 1954 1437 2026 debiles,
1468 1959 1676 2015 relictis
1687 1941 1965 2019 divitibus

355 2045 615 2103 pauperes
643 2036 826 2109 elegit.
877 2041 1114 2097 Ancillis
1143 2059 1270 2116 ergo
1300 2044 1416 2101 suis
1456 2047 1766 2104 Leviathan
1798 2050 1965 2124 hujus

354 2119 741 2181 fortitudinem
764 2128 1038 2186 Dominus
1059 2131 1273 2203 ligavit,
1296 2134 1427 2207 quia
1448 2144 1741 2194 attestante
1762 2119 1961 2196 Paulo:

352 2211 581 2283 Inﬁrma
632 2218 820 2272 mundi
876 2220 1026 2290 elegit
1071 2221 1238 2288 Deus,
1289 2224 1310 2257 ³
1340 2230 1401 2278 ut
1445 2226 1739 2297 confundat
1793 2229 1966 2300 fortia

356 2301 416 2372 (Ι
447 2304 573 2361 Cor.
608 2323 648 2374 1,
685 2306 800 2378 27).
850 2308 1003 2364 Unde
1032 2309 1173 2366 bene
1203 2328 1298 2384 per
1326 2313 1677 2374 Salomonem
1711 2319 1916 2377 dicitur
1948 2339 1960 2377 :

354 2393 630 2466 Sapientia
659 2399 939 2470 aedificavit
966 2401 1065 2456 sibi
1085 2402 1314 2471 domum,
1339 2407 1536 2463 excidit
1562 2412 1833 2467 columnas
1855 2429 1964 2484 sep-

355 2487 476 2552 tem,
533 2486 828 2543 immolavit
880 2489 1139 2557 victimas,
1187 2493 1398 2548 miscuit
1439 2496 1642 2567 vinum,
1686 2502 1969 2572 proposuit

353 2591 611 2642 mensam,
642 2577 786 2631 misit
825 2579 1053 2635 ancillas
1080 2598 1206 2637 suas
1236 2588 1296 2637 ut
1338 2594 1589 2642 vocarent
1627 2590 1698 2644 ad
1726 2607 1899 2645 arcem
1922 2597 1970 2645 et

358 2664 549 2719 moenia
580 2665 806 2721 civitatis
834 2669 1028 2738 (Prov.
1061 2687 1142 2739 1x,
1175 2674 1226 2741 1,
1256 2672 1308 2739 2,
1341 2672 1421 2745 3).
1454 2675 1740 2748 Sapientia
1769 2681 1967 2753 quippe

352 2750 581 2808 domum
614 2755 719 2810 sibi
750 2757 1019 2827 condidit,
1053 2776 1178 2815 cum
1209 2762 1531 2834 unigenitus
1569 2766 1671 2821 Dei
1701 2768 1876 2825 Filius
1907 2771 1966 2826 in

351 2841 648 2914 semetipso
684 2844 829 2901 intra
858 2855 1072 2903 uterum
1106 2849 1371 2921 Virginis,
1428 2853 1720 2910 mediante
1760 2858 1965 2929 anima,

352 2928 658 2987 humanum
710 2933 816 2990 sibi
856 2952 1055 3006 corpus
1103 2938 1330 2994 creavit.
1383 2940 1474 2996 Sic
1522 2943 1728 3016 quippe
1770 2963 1969 3019 corpus

353 3019 635 3092 Unigeniti
673 3021 870 3079 domus
902 3025 996 3081 Dei
1040 3024 1265 3095 dicitur,
1318 3027 1465 3084 sicut
1497 3030 1667 3087 etiam
1703 3036 1965 3107 templum

355 3117 609 3178 vocatur;
659 3112 736 3169 ita
763 3131 913 3181 vero,
963 3122 1024 3170 ut
1051 3132 1197 3172 unus
1227 3116 1485 3191 idemque
1532 3121 1633 3175 Dei
1677 3100 1839 3196 atque
1867 3124 1965 3181 ho-
2001 3100 2045 3161 Ο

350 3198 519 3254 minis
562 3199 711 3258 ﬁlius
754 3202 869 3274 ipse
918 3203 991 3259 sit
1023 3205 1117 3278 qui
1152 3210 1343 3270 1096
1375 3206 1672 3278 inhabitat,
1708 3212 1837 3285 ipse
1867 3214 1963 3287 qui

354 3295 716 3355 inhabitatur.
751 3300 907 3368 Quod
940 3310 1126 3359 tamen
1156 3313 1302 3361 recte
1331 3312 1386 3360 et
1414 3304 1574 3362 aliter
1602 3308 1891 3381 accipitur,
1916 3311 1961 3366 si

352 3386 550 3445 domus
579 3390 860 3463 sapientiae
889 3392 1140 3454 Ecclesia
1169 3403 1415 3452 vocetur.
1459 3397 1592 3464 Quae
1621 3407 1827 3470 septem
1855 3400 1963 3457 sibi

349 3470 639 3535 columnas
679 3482 909 3551 excidit,
955 3483 1084 3557 quia
1124 3484 1191 3540 ab
1220 3501 1408 3540 amore
1446 3488 1731 3557 praesentis
1775 3491 1964 3546 saeculi

353 3566 663 3641 disjunctas
682 3569 751 3626 ad
772 3572 1095 3644 portandam
1126 3573 1369 3645 ejusdem
1401 3576 1662 3632 Ecclesiae
1694 3578 1963 3635 fabricam

355 3665 568 3714 mentes
598 3660 1013 3731 praedicantium
1045 3662 1240 3717 erexit.
1274 3662 1406 3729 Quae
1437 3680 1535 3734 pro
1565 3679 1630 3718 eo
1657 3665 1805 3736 quod
1831 3683 1967 3737 per-

356 3748 618 3806 fectionis
665 3751 871 3807 virtute
901 3749 1152 3806 subnixae
1182 3758 1334 3817 sunt,
1377 3753 1692 3824 septenario
1735 3771 1965 3812 numero

351 3838 732 3911 designantur.
749 3839 1069 3897 Immolavit
1098 3840 1375 3909 victimas,
1393 3840 1523 3914 quia
1553 3841 1725 3897 vitam
1756 3843 1965 3916 praedi-

350 3928 600 3986 cantium
648 3930 875 3987 mactari
925 3929 983 3985 in
1012 3930 1393 4001 persecutione
1444 3930 1720 4003 permisit.
1754 3933 1963 3990 Vinum

352 4018 596 4087 miscuit,
629 4019 760 4092 quia
800 4019 1110 4076 divinitatis
1152 4027 1208 4076 et
1248 4019 1617 4077 humanitatis
1660 4039 1772 4079 suae
1804 4023 1965 4080 nobis

356 4108 564 4179 pariter
594 4124 792 4165 arcana
831 4108 1171 4181 praedicavit.
1220 4110 1464 4166 Mensam
1509 4127 1727 4185 quoque
1771 4117 1963 4186 propo-

354 4198 485 4267 suit,
523 4199 653 4272 quia
695 4199 993 4273 Scriptura:
1037 4217 1202 4258 sacraa
1232 4201 1391 4259 nobis
1441 4202 1638 4274 pabula
1666 4205 1965 4276 aperiendo

356 4288 705 4360 prmparavit.
730 4288 973 4345 Ancillas
1004 4289 1173 4346 etiam
1200 4306 1326 4345 suas
1354 4291 1527 4360 misit,
1550 4309 1670 4366 quae
1694 4294 1763 4350 ad
1782 4312 1962 4352 arcem

355 4393 456 4431 nos
485 4384 648 4449 atque
679 4376 923 4434 civitatis
952 4377 1153 4433 muenia
1181 4387 1461 4447 vocarent,
1485 4381 1616 4452 quia
1645 4383 1962 4454 prmdicato-

2073 1870 2435 1940 negotiatores.

2145 1957 2232 2014 33.
2264 1959 2481 2018 Diaboli
2507 1966 2740 2024 membra
2772 1972 3141 2044 conciduntur,
3171 1995 3287 2035 cum
3314 1983 3380 2038 ab
3408 1984 3520 2054 ejus
3546 2002 3678 2042 cor-

2074 2062 2202 2117 pore
2223 2057 2519 2120 peccatores
2546 2067 2868 2128 separantur
2895 2064 3106 2123 Christo
3133 2070 3391 2130 sociandi.
3412 2075 3675 2133 Prcedica-

2078 2141 2214 2192 tores
2239 2147 2365 2196 sunt
2389 2145 2752 2214 negotiatores.
2786 2182 2851 2193 —
2881 2153 3185 2214 Leviathan
3212 2160 3314 2219 iste
3343 2164 3507 2220 toties
3533 2181 3677 2223 con-

2075 2224 2301 2298 ciditur,
2321 2232 2536 2303 quoties
2554 2234 2734 2293 divini
2754 2241 2906 2298 verbi
2924 2244 3104 2315 gladio
3115 2263 3214 2303 sua
3228 2248 3297 2305 ab
3314 2250 3413 2309 illo
3431 2254 3679 2312 membra

2075 2326 2416 2389 separantur.
2462 2322 2647 2397 Iniqui
2690 2328 2838 2385 enim
2876 2347 3002 2389 cum
3034 2335 3261 2393 verbum
3292 2340 3541 2399 veritatis
3567 2360 3677 2400 au-

2081 2407 2266 2475 diunt,
2296 2418 2373 2476 et,
2395 2420 2584 2469 sancto
2608 2414 2808 2474 timore
2827 2422 3087 2492 perculsi,
3102 2424 3171 2481 ab
3190 2427 3404 2500 antiqui
3424 2445 3481 2486 se
3501 2430 3676 2489 hostis

2079 2494 2393 2555 imitatione
2423 2503 2784 2575 suspendunt,
2808 2508 2923 2580 ipse
2942 2510 3002 2567 in
3022 2529 3248 2586 corpore
3262 2533 3363 2574 suo
3382 2517 3675 2589 dividitur,

2080 2585 2172 2641 cui
2199 2585 2257 2642 hi
2280 2589 2375 2660 qui
2398 2606 2564 2662 prave
2586 2592 2920 2654 inhaeserant
2937 2585 3357 2661 subtrahuntur.
3375 2606 3527 2678 Ipsos
3545 2585 3676 2665 vero

2080 2675 2289 2732 amicos
2318 2679 2588 2750 nominat,
2611 2698 2746 2755 quos
2774 2687 3026 2760 superius
3050 2691 3278 2750 ancillas
3306 2704 3497 2764 vocat;
3530 2698 3677 2771 ipsos

2078 2765 2242 2822 etiam
2294 2771 2661 2841 negotiatores
2702 2777 2960 2849 appellat,
3009 2797 3145 2854 quos
3187 2782 3392 2841 amicos
3437 2765 3673 2846 dixerat.

2079 2854 2268 2913 Sancti
2296 2866 2351 2914 et
2393 2861 2540 2917 enim
2588 2864 2973 2935 prmdicatores
3001 2871 3153 2942 prius
3182 2874 3397 2931 ancillae
3426 2885 3556 2933 sunt
3581 2894 3678 2950 per

2079 2944 2461 3018 formidinem,
2494 2953 2516 2987 ⁴
2547 2962 2669 3024 post
2698 2957 2862 3013 amici
2893 2975 2988 3032 per
3014 2961 3202 3033 ﬁdem,
3250 2965 3319 3021 ad
3365 2975 3675 3026 extremum

2083 3051 2306 3110 quoque
2334 3042 2701 3111 negotiatores
2728 3064 2825 3119 per
2852 3050 3145 3109 actionem.
3178 3055 3317 3126 Ipsis
3343 3057 3546 3130 quippe
3574 3060 3675 3115 in-

2073 3126 2432 3186 ﬁrmantibus
2459 3132 2697 3191 dicitur:
2730 3138 2906 3194 Nolite
2932 3141 3129 3213 timere,
3146 3145 3342 3217 pusille
3547 3149 3675 3220 quia

2074 3221 2392 3292 complacuit
2417 3224 2577 3280 Patri
2612 3233 2783 3283 vestro
2812 3230 2942 3287 dare
2967 3233 3112 3289 vobis
3138 3253 3358 3308 regnum
3388 3237 3539 3310 (Luc.
3570 3254 3674 3307 χιι,

2074 3307 2189 3381 32).
2223 3308 2363 3383 Ipsis
2395 3327 2613 3369 rursum
2643 3319 3110 3379 cavalescentibus
3136 3307 3343 3383 dieitur
3375 3307 3406 3382 :'
3443 3327 3541 3387 Vos
3567 3346 3678 3385 au—

2075 3400 2171 3451 tem
2202 3397 2321 3453 dixi
2349 3401 2564 3470 amicos,
2592 3406 2721 3474 quia
2749 3409 2928 3464 omnia
2955 3427 3273 3484 guwcunque
3298 3415 3484 3471 audivi
3511 3435 3545 3472 a
3572 3418 3677 3474 Pa-

2075 3491 2152 3540 tre
2180 3504 2312 3552 meo,
2353 3495 2479 3543 nota
2507 3490 2610 3560 feci
2636 3494 2787 3550 vobis
2811 3496 2993 3568 (Joan.
3023 3517 3122 3567 xv,
3156 3503 3267 3576 15).
3312 3503 3450 3576 ipsis
3472 3505 3542 3562 ad
3568 3523 3678 3563 ex-

2071 3579 2314 3630 tremum
2342 3576 2402 3632 in
2422 3582 2629 3651 negotii
2650 3586 3021 3655 operationem
3045 3592 3396 3664 pergentibus
3416 3592 3672 3665 jubetur:

2072 3662 2194 3717 Eun
2205 3669 2274 3717 tes
2303 3664 2359 3717 in
2387 3668 2643 3723 mundum
2672 3672 2994 3742 universum,
3017 3662 3303 3748 praedicata
3328 3684 3679 3755 Evangelium

2076 3752 2222 3805 omni
2240 3761 2501 3812 creatura:
2515 3759 2716 3826 (Marc.
2736 3764 2978 3835 xvr,i5).
2994 3766 3054 3820 In
3072 3769 3460 3837 praedicatione
3477 3752 3678 3843 quippe

2081 3839 2211 3895 ﬁdei
2240 3843 2395 3913 quasi
2427 3844 2701 3914 quoddam
2732 3851 3011 3919 negotium
3035 3854 3261 3924 geritur,
3284 3853 3419 3912 dum
3446 3839 3677 3916 verbum

2075 3928 2258 3999 datur,
2292 3940 2345 3986 et
2374 3931 2509 3989 ﬁdes
2536 3934 2604 3991 ab
2633 3936 2978 3996 auditoribus
3005 3943 3263 4000 sumitur.
3306 3946 3474 4014 Quasi
3508 3950 3678 4021 quod-

2076 4017 2204 4075 dam
2220 4020 2507 4092 negotium
2530 4023 2863 4100 faciunt,qui
2883 4030 3327 4102 praedicationem
3349 4017 3678 4112 praerogant,

2073 4118 2130 4166 et
2156 4127 2187 4166 a
2216 4111 2436 4183 populis
2465 4112 2632 4171 ﬁdem
2659 4127 2961 4191 reportant.
2994 4122 3187 4181 Fidem
3216 4127 3237 4161 ⁵
3259 4111 3606 4200 impartiunt,
3627 4138 3682 4187 et

2073 4214 2268 4254 eorum
2298 4208 2540 4257 sanctam
2570 4206 2824 4277 protinus
2854 4210 3023 4266 vitam
3055 4221 3303 4271 sumunt.
3326 4215 3385 4272 Si
3404 4217 3554 4274 enim
3568 4216 3682 4290 jus-

2071 4302 2259 4354 torum
2320 4296 2511 4354 1097
2566 4299 2883 4371 praedicatio
2942 4303 3225 4374 negotium
3279 4321 3393 4361 non
3450 4306 3677 4376 fuisset,

2073 4386 2327 4455 profecto
2356 4388 2645 4445 Psalmista
2674 4406 2785 4445 non
2815 4388 3021 4447 diceret
3050 4409 3062 4447 :
3098 4393 3296 4449 Sumite
3316 4396 3604 4465 psalmum,
3634 4402 3683 4452 et

359 4483 446 4522 res
476 4466 725 4522 inﬁrmos
754 4465 1101 4540 abjectosque
1130 4467 1333 4523 habere
1363 4469 1597 4538 studuit,
1649 4472 1744 4544 qui
1775 4473 1967 4530 ﬁdeles
2002 4462 2052 4521 D
2079 4475 2199 4531 date
2230 4482 2535 4548 tympanum
2562 4479 2741 4548 (Psal.
2774 4496 2948 4549 Lxxx,
2980 4481 3060 4553 3).
3091 4483 3152 4539 In
3183 4462 3449 4557 tympano
3476 4462 3678 4541 etenim

356 4557 591 4627 populos
618 4555 687 4611 ad
712 4556 977 4627 spiritalis
1005 4557 1192 4628 patriae
1218 4556 1452 4614 aediﬁcia
1482 4575 1718 4631 superna
1747 4562 1964 4635 collige-

352 4653 496 4700 rent.
525 4644 678 4700 Unde
707 4645 764 4699 in
795 4645 1097 4716 Evangelia
1126 4646 1397 4702 Dominus
1424 4645 1816 4705 Nathanaelem
1852 4651 1967 4706 lau-

358 4736 453 4790 dat
483 4734 663 4807 (Joan.
697 4752 737 4803 ι,
770 4734 886 4804 47),
930 4751 1030 4790 nec
1059 4743 1241 4790 tamen
1276 4735 1335 4790 in
1364 4744 1509 4791 sorte
1541 4737 1963 4809 prardic-antium

355 4830 635 4891 numerat,
688 4822 817 4895 quia
854 4821 924 4878 ad
968 4822 1381 4894 praedicandum
1436 4842 1561 4881 eum
1612 4827 1746 4883 tales
1776 4830 1965 4886 venire

357 4912 680 4980 debuerant,
721 4911 816 4984 qui
846 4911 912 4967 de
953 4913 1113 4968 laude
1144 4913 1365 4985 propria
1396 4914 1537 4970 nihil
1572 4914 1866 4985 habebant,
1902 4926 1965 4975 ut

359 5011 514 5059 tanto
542 5005 563 5037 ³
613 5001 843 5057 solidius
895 5002 1144 5059 veritatis
1187 5020 1304 5060 esse
1344 5014 1766 5077 cognosceretur
1815 5007 1965 5081 quod

279 5126 283 5130 ~
355 5101 600 5165 agerent,
648 5100 854 5165 quanto
886 5101 939 5149 et
985 5104 1169 5166 aperte
1209 5104 1526 5152 cerneretur
1575 5097 1705 5170 quia
1747 5098 1813 5154 ad
1857 5098 1964 5154 hoc

354 5181 625 5255 agendum
656 5198 753 5254 per
791 5198 849 5237 se
882 5181 1065 5237 idonei
1105 5199 1218 5238 non
1246 5183 1500 5241 fuissent.
1552 5185 1623 5240 Ut
1667 5202 1794 5258 ergo
1824 5187 1964 5242 mira

356 5274 598 5346 potentia
624 5290 718 5345 per
746 5272 1173 5345 prmdicatorum
1205 5273 1422 5345 linguas
1441 5276 1786 5342 claresceret,
1811 5278 1962 5347 prius

354 5363 668 5420 mirabilius
688 5370 871 5420 actum
893 5368 974 5416 est
990 5369 1049 5416 ut
1076 5361 1394 5417 eorumdem
1414 5361 1830 5434 praedicantium
1851 5382 1959 5421 me-

427 5571 440 5603 ι
478 5566 738 5635 Vindoc.,
774 5565 973 5634 Laud.,
1004 5566 1218 5631 Norm.,
1249 5564 1516 5636 alligabis.

423 5640 445 5674 ²
480 5639 602 5695 Val.
636 5637 744 5708 CL,
778 5643 835 5693 ut
863 5637 1225 5708 confunderet.

426 5713 448 5747 ³
481 5709 644 5770 Corb.
670 5710 880 5780 Germ.,
909 5707 1155 5778 Ebroic.,
1188 5707 1401 5767 Gemet.
1420 5709 1626 5785 aliique
1654 5711 1871 5782 Norm.,
1900 5729 1964 5771 ac

2078 4564 2294 4620 corium
2325 4566 2563 4622 siccatur
2592 4574 2654 4621 ut
2681 4576 2855 4624 sonet.
2884 4569 3029 4636 Quid
3058 4581 3140 4628 est
3167 4588 3295 4645 ergo
3323 4573 3504 4631 dicere
3536 4592 3548 4630 :
3583 4575 3678 4630 Su-

2075 4653 2198 4706 mite
2220 4653 2513 4723 psalmum,
2543 4660 2591 4708 et
2618 4655 2738 4709 date
2766 4662 3092 4728 tympanum,
3125 4660 3233 4715 nisi
3262 4661 3495 4733 accipite
3521 4660 3678 4732 spiris

2082 4742 2187 4797 tale
2215 4742 2492 4800 canticum
2523 4742 2726 4813 cordis,
2766 4753 2820 4802 et
2848 4745 3060 4803 reddite
3095 4750 3452 4821 temporalem
3482 4763 3678 4803 mace-

2077 4833 2345 4889 rationem
2378 4833 2669 4909 corporis?
2696 4835 2753 4891 Si
2778 4852 3017 4908 superna
3046 4837 3363 4910 praedicatio
3390 4835 3681 4906 negotium

2076 4938 2189 4978 non
2221 4922 2436 4991 fuisset,
2466 4940 2811 4997 nequaquam
2840 4925 2942 4981 sub
2974 4935 3104 4997 typo
3133 4925 3292 4981 fortis
3312 4922 3559 4979 mulieris
3589 4922 3678 4979 Sa-

2082 5011 2276 5066 lomon
2306 5010 2373 5067 de
2397 5022 2584 5070 sancta
2614 5013 2861 5070 Ecclesia
2906 5013 3112 5069 diceret
3144 5029 3156 5067 :
3201 5012 3483 5068 Sindonem
3507 5009 3682 5080 fecitet

2073 5098 2329 5165 vendidit,
2358 5105 2405 5153 et
2433 5100 2700 5170 cingulum
2723 5099 2948 5156 tradidit
2980 5100 3278 5156 Chananwo
3295 5099 3488 5169 (Prov.
3510 5114 3673 5167 xxxx,

2081 5184 2197 5258 24).
2246 5186 2392 5252 Quid
2415 5187 2564 5242 enim
2594 5188 2840 5259 signatur
2867 5204 2964 5259 per
2992 5187 3222 5242 linteum
3253 5185 3523 5255 sindonis,
3569 5185 3679 5242 nisi

2084 5272 2307 5329 subtilis
2336 5274 2574 5331 intextio
2603 5283 2801 5331 sancta:
2832 5272 3236 5346 prazdicationis
3256 5274 3284 5331 7
3311 5275 3374 5330 In
3404 5290 3511 5347 qua
3539 5274 3671 5330 mol-

2077 5362 2205 5419 liter
2237 5363 2559 5437 quiescitur,
2605 5365 2734 5437 quia
2762 5381 2917 5420 mens
2945 5365 3003 5422 in
3034 5365 3131 5421 illa
3172 5364 3422 5422 ﬁdelium
3457 5382 3551 5439 spe
3581 5382 3684 5423 su—

2073 5571 2203 5629 Val.
2236 5570 2343 5639 Cl.,
2373 5572 2538 5627 solius
2566 5571 2825 5627 veritatis.
2858 5571 2941 5628 Ita
2968 5573 3132 5630 etiam
3167 5582 3279 5632 vet.
3309 5573 3463 5632 Edit.

2150 5645 2169 5717 ξ
2201 5644 2446 5717 Pratell.,
2472 5645 2825 5717 postmodum.

2146 5716 2167 5750 ⁵
2198 5715 2408 5773 Gemet.
2440 5713 2495 5773 et
2525 5713 2686 5773 Corb.
2721 5716 2929 5789 Germ.,
2960 5717 3237 5792 incipiunt.
