4156 6178
492 187 599 248 695

1697 179 1947 238 SANCTI
1980 178 2319 239 GREGORII
2351 181 2581 240 MAGNI

3691 189 3800 248 696

491 325 659 386 perna
698 305 996 363 refovetur.
1047 302 1201 362 Unde
1242 311 1298 362 et
1337 303 1498 362 Petro
1537 303 1798 362 animalia
1826 306 1884 362 in
1913 307 2084 362 linteo
2111 309 2163 369 Α
2188 306 2384 379 11.32),
2405 305 2561 379 prius
2589 303 2755 377 elegit
2781 304 3024 373 inﬁrma,
3053 311 3116 361 ut
3143 312 3267 378 post
3293 308 3663 369 confunderet
3690 312 3801 369 for-

489 399 937 456 demonstrantur
967 393 1108 467 (Act.
1128 411 1188 464 χ,
1216 395 1331 466 ii),
1349 395 1483 470 quia
1509 402 1856 467 peccatorum
1886 397 2085 454 animm

491 483 920 543 misericorditer
941 491 1259 558 aggregatae,
1281 485 1342 540 in
1369 482 1570 541 blanda
1589 483 1719 540 ﬁdei
1746 485 1929 558 quiete
1958 503 2086 543 con-

488 573 754 632 tinentur.
787 575 938 632 Hanc
963 590 1094 650 ergo
1112 573 1401 631 sindonem
1424 573 1672 630 Ecclesia
1701 573 1852 644 fecit,
1873 583 1928 632 et
1956 593 2086 633 ven-

487 663 652 732 didit,
683 663 813 738 quia
840 663 1005 722 ﬁdem
1037 681 1201 738 quam
1229 663 1501 722 credendo
1529 671 1779 721 texuerat
1809 665 2086 740 loquendo

489 752 663 822 dedit,
703 761 758 810 et
785 754 854 811 ab
896 755 1214 811 inﬁdelibus
1243 754 1413 810 vitam
1459 763 1620 812 rectas
1649 757 2086 814 conversationis

489 845 718 918 accepit.
756 845 887 913 Quae
915 853 970 902 et
999 845 1307 902 Chanaan
1348 845 1632 918 cingulum
1675 845 1924 914 tradidit,
1955 848 2087 920 quia

489 951 586 1008 per
637 937 652 970 ι
698 935 943 1009 vigorem
989 935 1372 991 demonstrata:
1415 933 1670 1005 justitiae,
1729 935 1878 990 ﬂuxa
1925 952 2090 1008 opera

490 1025 816 1099 gentilitatis
834 1023 1112 1092 astrinxit,
1133 1032 1196 1079 ut
1214 1023 1320 1080 hoc
1337 1023 1484 1097 quod
1504 1023 1823 1097 praecipitur
1841 1024 2087 1082 vivendo

490 1121 741 1172 teneatur
773 1132 784 1170 :
821 1113 939 1170 Sint
965 1113 1128 1168 lumbi
1159 1113 1320 1168 vestri
1339 1113 1613 1184 prwcincti
1641 1115 1800 1185 (Luc.
1830 1131 1934 1184 x11,
1965 1115 2082 1188 35).

490 1203 878 1262 Praedicatores
907 1218 1036 1274 ergo
1063 1218 1192 1258 suos
1233 1203 1502 1259 Dominus
1528 1203 1823 1277 quaerendo
1857 1204 2089 1262 ancillas

491 1293 726 1359 invenit,
759 1291 1122 1364 permutando
1151 1291 1356 1350 amicos
1384 1292 1538 1362 facit,
1568 1294 1796 1353 ditando
1832 1296 2091 1368 negotia-

491 1390 636 1440 tores
663 1381 908 1442 exhibet.
950 1381 1057 1451 Qui
1085 1382 1234 1439 enim
1265 1383 1460 1440 mundi
1491 1385 1642 1457 prius
1673 1385 1850 1444 minas
1878 1385 2089 1443 inﬁrmi

491 1471 818 1542 timuerunt,
863 1481 986 1546 post
1014 1472 1084 1528 ad
1111 1473 1488 1545 cognoscenda
1517 1473 1708 1531 divina
1735 1475 1969 1532 consilia
1998 1493 2090 1532 as-

491 1563 754 1621 cendunt.
785 1564 957 1620 Ditati
986 1574 1169 1624 autem
1200 1564 1519 1636 virtutibus,
1552 1583 1722 1640 usque
1741 1568 1809 1624 ad
1829 1583 2090 1626 exerceno

2193 395 2290 456 tia.
2321 395 2502 467 Elegit
2532 395 2733 468 quippe
2761 395 2930 450 stulta
2957 394 3173 464 mundi,
3210 404 3272 452 ut
3306 398 3675 457 confunderet
3701 419 3802 459 sa-

2195 486 2404 558 pientes
2427 485 2486 557 (I
2505 485 2631 542 Cor.
2647 502 2688 550 1,
2710 485 2826 556 27).
2845 484 3005 541 Prius
3022 502 3257 560 namque
3277 489 3505 562 collegit
3525 490 3801 562 indoctos,

2194 584 2249 632 et
2277 574 2628 648 postmodum
2659 574 3056 648 philosophos;
3088 583 3142 632 et
3171 593 3282 633 non
3311 595 3408 652 per
3436 589 3682 638 oratores
3707 581 3803 639 do-

2194 665 2311 722 cuit
2338 666 2658 737 piscatores,
2691 663 2786 720 sed
2811 664 2950 721 mira
2979 666 3221 738 potentia
3249 683 3346 740 per
3375 669 3679 742 piscatores
3709 689 3802 728 su~

2195 754 2345 826 begit
2370 761 2633 810 oratores.
2657 753 2808 810 Dicit
2835 769 2962 827 ergo
2987 772 2999 810 :
3028 755 3284 828 Nunquid
3316 759 3560 830 implebis
3585 778 3806 833 sagenas

2189 843 2328 914 pelle
2345 842 2480 912 ejus,
2497 849 2596 897 aut
2611 843 2944 914 gurgustium
2968 844 3195 918 piscium
3215 846 3381 918 capite
3402 848 3572 904 illius.
3596 849 3804 906 Subau-

2197 932 2302 1000 dis,
2334 941 2397 989 ut
2424 933 2659 1008 ego,qui
2680 934 2826 990 intra
2843 933 3147 992 Ecclesiam
3178 934 3426 992 ﬁdelium
3457 939 3611 1012 prius
3639 940 3802 1014 quasi

2197 1023 2398 1097 pellem
2431 1023 2640 1080 diaboli
2670 1033 2946 1081 extremos
2973 1025 2994 1059 ⁵
3026 1031 3189 1098 atque
3231 1023 3452 1084 inﬁmos
3479 1028 3704 1102 colligo,
3745 1036 3802 1086 et

2197 1117 2548 1189 postmodum
2567 1126 2732 1192 caput
2753 1119 2929 1188 illius,
2951 1117 3008 1174 id
3027 1125 3109 1174 est
3127 1117 3420 1192 prudentes
3440 1119 3581 1176 mihi
3602 1119 3797 1176 adver-

2199 1208 2392 1274 sarios,
2423 1206 2620 1264 subdo.
2675 1197 2934 1282 sequitur
2967 1226 2978 1264 :
3029 1208 3198 1264 Panes
3241 1226 3395 1283 super
3427 1226 3544 1264 eum
3581 1226 3801 1266 manant

2201 1298 2388 1354 tuam?
2425 1297 2487 1354 Id
2515 1306 2596 1354 est
2626 1303 2689 1352 ut
2718 1313 2837 1373 ego,
2869 1297 2966 1370 qui
2993 1296 3124 1353 forti
3156 1297 3310 1354 illum
3341 1299 3581 1372 potentia
3608 1298 3798 1372 repri—

2198 1403 2377 1453 mens,
2399 1403 2510 1442 non
2533 1386 2658 1458 plus
2675 1403 2840 1460 quam
2861 1386 3116 1459 expediat
3145 1387 3335 1443 saevire
3354 1389 3630 1461 permitto,
3651 1387 3698 1461 ej
3707 1405 3796 1446 us-

2198 1494 2304 1551 que
2334 1479 2604 1536 saevitiam
2627 1486 2893 1552 quantum
2923 1479 3220 1552 permisero
3249 1479 3304 1537 in
3331 1481 3622 1536 electorum
3648 1495 3795 1536 meo.

2199 1583 2324 1623 rum
2354 1567 2652 1624 utilitatem
2700 1577 3009 1642 retorqueo.
3050 1568 3150 1625 Vel
3196 1576 3339 1626 certe
3383 1585 3603 1626 manum
3633 1583 3799 1642 super

491 1651 624 1708 dum
644 1651 774 1710 ﬁdei
795 1654 1076 1726 negotium
1097 1654 1493 1728 perducuntur,
1517 1665 1578 1713 ut
1599 1657 1904 1713 Leviathan
1932 1657 2092 1716 istius
2122 1677 2169 1740 Β
2198 1673 2324 1713 eum
2366 1675 2571 1732 ponere
2619 1667 2702 1715 est
2745 1659 2972 1716 virtutis
3013 1667 3279 1733 potestate
3327 1676 3596 1733 superare.
3628 1659 3797 1718 Beato

491 1746 739 1803 membra
765 1745 1102 1820 increpando
1141 1755 1305 1820 atque
1348 1747 1629 1804 suadendo
1661 1757 1815 1805 tanto
1843 1750 2092 1806 severius

492 1835 764 1906 incidant,
799 1845 1008 1910 quanto
1032 1845 1087 1895 et
1113 1839 1278 1896 amici
1309 1838 1441 1897 facti
1473 1839 1494 1875 ³
1522 1839 1698 1895 amori
1727 1837 1980 1896 veritatis
2011 1854 2090 1896 se-

493 1927 756 2000 metipsos
797 1925 983 1984 verius
1031 1927 1312 2000 copulant,
1363 1935 1526 2001 atque
1555 1927 1624 1984 ab
1652 1943 1716 1984 eo
1744 1927 2091 2000 peccantium

494 2017 710 2073 animas
734 2024 888 2074 tanto
913 2017 1148 2074 celerius
1176 2016 1523 2085 subtraham,
1553 2025 1760 2090 quanto
1793 2019 2093 2089 negotiato-

494 2122 582 2163 res
599 2105 788 2163 idonei
809 2105 988 2162 eﬂ‘ecti
1006 2107 1064 2163 in
1091 2107 1401 2180 semetipsis
1418 2106 1784 2180 amplissimas
1798 2107 2092 2180 apothecas

495 2195 770 2251 virtutum
808 2203 1138 2252 monstrant.
1187 2196 1329 2265 Quia
1369 2197 1517 2252 enim
1565 2214 1662 2270 per
1709 2197 2092 2271 praedicatores

493 2283 594 2341 Dei
622 2283 784 2341 valde
826 2283 1177 2344 laudabiliter
1203 2303 1236 2342 a
1261 2285 1565 2345 Leviathan
1605 2287 1712 2346 isto
1739 2305 1825 2346 res
1855 2303 2096 2362 possessa

495 2373 788 2444 dividitur,
818 2375 1069 2432 veritatis
1114 2392 1228 2432 vox
1271 2393 1368 2450 per
1410 2377 1731 2452 prophetam
1781 2379 2094 2452 pollicetur,

495 2462 685 2522 dicens
713 2480 725 2519 :
775 2465 852 2522 Et
876 2463 925 2520 si
950 2465 1285 2538 separaveris
1321 2459 1610 2538 pretiosum
1635 2487 1671 2524 a
1698 2468 1816 2539 vili,
1855 2469 2010 2540 quasi
2037 2485 2095 2525 os

497 2555 791 2612 meumeris
821 2557 1035 2628 (Jerem.
1070 2573 1166 2625 xv,
1201 2557 1314 2629 19).
1359 2557 1666 2615 Pretiosum
1697 2559 1898 2632 quippe
1927 2577 1958 2615 a
1993 2559 2096 2615 vili

497 2655 731 2721 separat,
749 2647 848 2722 qui
863 2647 1132 2706 humanas
1151 2657 1362 2706 mentes
1379 2665 1412 2705 a
1434 2648 1666 2722 reproba
1685 2649 1900 2722 antiqui
1921 2648 2096 2706 hostis

498 2736 810 2793 imitatione
838 2735 1129 2810 disjungit.
1160 2739 1324 2795 Recte
1353 2754 1415 2794 os
1448 2737 1549 2794 Dei
1577 2737 1804 2805 dicitur,
1836 2738 1966 2810 quia
2000 2755 2098 2811 per

498 2842 626 2884 eum
645 2827 836 2900 procul
848 2827 1021 2886 dubio
1034 2828 1252 2904 eloquia
1262 2829 1455 2886 divina
1469 2827 1608 2885 form
1615 2828 2064 2902 antur.Sequitur
2079 2848 2092 2886 :

854 2917 1084 2978 CAPUT
1114 2920 1299 2977 xvm
1337 2917 1482 2994 [Rec.
1513 2919 1720 2994 XVII].

568 3007 740 3066 Vnus.
771 3008 938 3067 26.—
951 3010 1208 3082 Nunquid
1233 3009 1472 3084 implebis
1491 3027 1710 3084 sagenas
1735 3010 1874 3083 pelle
1890 3009 2024 3081 ejus,
2053 3015 2100 3065 et

496 3101 830 3173 gurgustium
853 3101 1082 3172 piscium
1109 3101 1279 3174 capite
1304 3100 1455 3157 illius
1475 3103 1504 3157 ?

569 3188 658 3245 34.
691 3191 759 3246 In
777 3190 1026 3246 Ecclesia:
1042 3207 1232 3263 sagena
1247 3189 1405 3263 prius
1423 3190 1564 3262 capti
1584 3189 1894 3262 piscatores,
1916 3188 2100 3248 deinde

492 3295 594 3354 per
631 3296 716 3336 eos
757 3281 992 3337 rhetores
1035 3288 1084 3336 et
1120 3279 1442 3354 philosophi.
1471 3311 1542 3322 —
1568 3279 1714 3349 Quid
1755 3296 1852 3352 per
1877 3294 2100 3352 sagenas

499 3369 588 3426 vel
616 3368 960 3443 gurgustium
990 3368 1226 3442 piscium
1257 3370 1366 3425 nisi
1395 3369 1636 3427 ecclesia;
1676 3368 1946 3437 ﬁdelium,
1978 3385 2098 3442 quae

498 3475 664 3516 unam
698 3461 720 3497 ³
749 3459 1053 3517 Ecclesiam
1089 3457 1418 3517 catholicam
1453 3460 1682 3530 faciunt,
1733 3459 2052 3534 designatur
2070 3459 2100 3516 ‘t

500 3551 656 3610 Unde
684 3551 744 3608 in
773 3551 1076 3626 Evangelio
1101 3551 1371 3624 scriptum
1401 3559 1482 3609 est
1515 3570 1528 3608 :
1571 3552 1755 3610 Simile
1781 3557 1856 3608 est
1880 3568 2101 3624 regnum

497 3643 750 3700 calorum
775 3659 980 3715 sugente
1005 3641 1181 3698 missa
1205 3641 1264 3697 in
1291 3658 1456 3711 mare,
1487 3647 1536 3697 et
1562 3659 1627 3698 ea:
1646 3641 1789 3697 omni
1814 3657 1994 3712 genere
2016 3639 2099 3712 pi-

498 3732 663 3789 scium
681 3732 1019 3806 congreganti
1048 3731 1269 3802 (Matth.
1283 3731 1538 3804 1111,47).
1566 3731 1814 3802 Regnum
1835 3729 2099 3788 caelorum

498 3823 710 3883 scilicet
729 3829 961 3881 vocatur
987 3821 1258 3888 Ecclesia,
1287 3820 1448 3895 cujus
1475 3821 1610 3878 dum
1631 3837 1811 3878 mores
1830 3818 2102 3876 Dominus

497 3913 568 3970 ad
597 3929 837 3988 superna
877 3911 1150 3981 sublevat,
1190 3910 1305 3985 jam
1345 3910 1464 3968 haec
1492 3911 1611 3984 ipsa
1640 3911 1699 3966 in
1736 3909 1975 3967 Domino
2005 3923 2103 3981 per

497 4003 776 4060 cmlestem
823 3999 1300 4058 conversationem
1329 4007 1541 4072 regnat.
1592 3999 1724 4068 Quae
1753 4006 1902 4055 recte
1932 3996 2098 4052 etiam

497 4106 710 4164 sagenm
735 4090 916 4147 missae
947 4089 1005 4145 in
1035 4105 1185 4146 mare
1213 4096 1586 4164 comparatur,
1625 4105 1696 4145 ex
1725 4085 1879 4144 omni
1906 4100 2102 4158 genere

498 4179 733 4255 piscium
764 4179 1139 4253 congreganti,
1189 4179 1324 4252 quia
1352 4179 1522 4237 missa
1549 4178 1608 4234 in
1640 4176 1745 4234 hoc
1775 4173 2104 4248 gentilitatis

497 4270 782 4341 suculam,
811 4268 1030 4326 nullum
1058 4267 1292 4342 respuit;
1325 4269 1419 4326 sed
1449 4269 1622 4325 malos
1649 4282 1774 4325 cum
1803 4264 1982 4331 bonis,
2014 4279 2100 4318 su-

497 4357 694 4433 perbos
719 4372 851 4415 cum
883 4353 1210 4427 humilibus,
1258 4356 1550 4414 iracundos
1590 4371 1718 4413 cum
1765 4351 2014 4420 mitibus,
2044 4357 2099 4408 et

497 4449 677 4506 fatuos
705 4463 830 4506 cum
863 4446 1205 4520 sapientibus
1249 4448 1414 4520 cepit.
1463 4447 1527 4503 In
1565 4445 1706 4519 pelle
1734 4458 1865 4499 vero
1894 4439 2098 4498 Levia-

496 4538 631 4597 than
667 4537 848 4608 istius,
895 4538 1093 4596 stultos
1137 4538 1258 4613 ejus
1295 4537 1560 4611 corporis,
1598 4535 1656 4591 in
1706 4534 1884 4607 capite
1912 4540 2096 4589 autem

495 4627 792 4704 prudentes
819 4627 1141 4702 accipimus.
1184 4628 1286 4687 Vel
1315 4634 1461 4684 certe
1489 4626 1651 4698 pelle,
1691 4639 1812 4698 quae
1841 4629 1920 4679 est
1949 4629 2096 4677 exte-

493 4719 630 4791 rius,
652 4718 862 4779 subditi
884 4718 950 4776 ad
974 4718 1089 4776 huic
1109 4727 1354 4776 extrema
1374 4715 1694 4782 servientes,
1712 4711 1890 4784 capite
1905 4717 2094 4767 autem

492 4809 795 4884 prmpositi,
837 4807 1213 4883 designantur.
1263 4806 1337 4862 Et
1362 4805 1498 4862 bene
1533 4803 1822 4867 Dominus,
1869 4806 2089 4857 servato

491 4899 706 4970 ordine,
737 4899 836 4958 has
864 4914 1087 4972 sugenas
1116 4898 1202 4954 vel
1235 4893 1579 4971 gurgustium
1608 4891 1866 4964 piscium,
1915 4889 1969 4946 id
2007 4895 2089 4946 est

495 4992 686 5054 1098
729 4988 1032 5048 Ecclesium
1061 5003 1239 5057 suam,
1268 4993 1324 5044 et
1351 4992 1481 5043 vota
1509 4980 1757 5039 ﬁdelium
1791 4978 1942 5054 prius
1979 4979 2001 5014 ⁸
2032 4994 2091 5034 se

491 5085 630 5160 pello
657 5084 778 5161 eius
807 5093 861 5144 et
890 5085 1240 5162 postmodum
1265 5083 1442 5158 capite
1471 5079 1668 5139 asserit
1694 5077 2076 5151 impleturum,

489 5173 640 5252 quia,
671 5174 814 5235 sicut
841 5175 1092 5254 superius
1117 5173 1364 5235 diximus
1395 5171 1576 5248 (Sup.,
1605 5187 1650 5228 c.
1680 5167 1746 5226 id
1773 5167 1934 5241 hujus
1965 5165 2079 5233 tib.,

561 5411 576 5450 ¹
610 5409 733 5470 Val.
767 5411 876 5482 CL,
907 5411 1155 5470 uiuam».

558 5482 1030 5564 {Danduamorm
1111 5555 1143 5564 _
1390 5551 1400 5564 .
1505 5550 1539 5564 _,
1583 5551 1616 5564 η
1817 5549 1849 5564 ,,
1905 5545 1940 5564 ..

558 5555 579 5594 ³
614 5547 823 5635 (ionici.
870 5567 923 5618 et
951 5555 1313 5635 dimatant,
1357 5550 1704 5635 simpliciter,
1747 5547 2074 5635 cathglicam.

671 5617 856 5706 9min};
885 5645 1013 5706 veru
1041 5617 1312 5690 Ecclesia
1333 5641 1444 5686 non
1470 5617 1598 5685 'raro
1636 5617 1697 5681 in
1721 5617 2080 5693 scriptoribus

807 5699 1026 5786 Ltlgltur.

671 5703 674 5706 ,
741 5629 856 5692 alue
885 5645 1013 5690 veru

2199 1747 2370 1822 igitur
2396 1747 2499 1805 Job
2528 1765 2625 1821 per
2655 1750 3143 1824 interrogationem
3173 1749 3382 1806 dicitur
3417 1767 3428 1806 :

2271 1838 2444 1896 Vens.
2473 1839 2562 1896 27.
2594 1869 2666 1881 —
2693 1841 2865 1896 Panes
2891 1857 3050 1911 super
3077 1857 3192 1896 eum
3219 1857 3436 1897 manum
3466 1845 3606 1898 tuam
3627 1841 3654 1896 ?

2273 1925 2413 2001 [γει.
2444 1927 2686 2000 XXIII.]
2731 1929 2813 1984 Ac
2862 1929 2908 1984 si
2947 1936 3130 2002 aperte
3177 1928 3498 1986 diceretur?
3535 1927 3800 2002 Nunquid

2200 2017 2405 2072 virtute
2435 2017 2594 2073 illum
2621 2017 2843 2092 propria
2869 2020 2890 2053 ⁸
2919 2017 3228 2091 reprimes?
3257 2018 3410 2076 Unde
3438 2025 3492 2074 et
3519 2026 3641 2093 apte
3662 2034 3799 2076 mox

2200 2105 2456 2163 subditur
2487 2123 2500 2161 :
3791 2111 3794 2114 ’

2774 2195 3007 2254 CAPUT
3035 2195 3192 2253 XIX.

2273 2285 2408 2340 IBID.
2439 2315 2510 2326 —
2535 2285 2792 2342 Memento
2822 2285 2963 2354 belli,
2993 2301 3084 2340 nec
3112 2286 3262 2342 ultra
3289 2284 3459 2340 addas
3493 2284 3656 2356 loqui.

2272 2375 2360 2433 35.
2404 2377 2572 2444 Quam
2601 2378 2711 2432 alta
2743 2377 3129 2448 dispensatione
3158 2379 3294 2432 Deus
3321 2375 3554 2447 famulos
3581 2392 3702 2432 suos
3720 2377 3802 2434 vel

2203 2465 2384 2531 minis,
2413 2469 2494 2522 vel
2521 2467 2680 2522 etiam
2708 2466 2931 2538 flagellis
2954 2471 3182 2538 premat.
3212 2496 3284 2506 -
3312 2464 3439 2522 Alta
3466 2465 3800 2538 dispensatio

2200 2553 2538 2626 judiciorum
2575 2555 2672 2612 Dei
2703 2555 2912 2612 idcirco
2941 2571 3083 2629 saepe
3101 2555 3241 2611 bene
3269 2563 3536 2612 merentes
3564 2556 3800 2614 famulos

2205 2647 2292 2702 vel
2317 2647 2484 2702 minis
2512 2647 2748 2720 impetit,
2768 2647 2858 2704 vel
2886 2646 3117 2720 ﬂagellis
3131 2645 3351 2720 premit,
3364 2646 3452 2704 vel
3472 2647 3799 2720 quibusdam

2205 2735 2646 2808 superimpositis
2680 2736 2944 2792 oneribus
2973 2745 3182 2809 gravat,
3211 2737 3300 2794 vel
3329 2735 3610 2794 laboriosis
3637 2751 3796 2794 occu-

2205 2827 2520 2900 pationibus
2534 2829 2937 2902 implicat,quia
2960 2830 3102 2886 mira
3119 2830 3362 2902 potentia
3377 2828 3635 2901 praevidet
3647 2825 3798 2900 quod

2206 2916 2252 2972 si
2278 2916 2450 2990 quieti
2471 2933 2532 2973 ac
2552 2916 2714 2973 liberi
2735 2917 2793 2973 in
2817 2918 3220 2991 tranquillitate
3243 2917 3601 2990 persisterent,
3631 2917 3652 2951 ⁷
3675 2925 3797 2972 ten-

2205 3007 2441 3064 tationes
2472 3007 2614 3065 ferre
2643 3007 2944 3065 adversarii
2973 3024 3084 3064 non
3115 3009 3378 3078 valentes,
3423 3007 3618 3064 mentis
3654 3023 3799 3080 pro-

2206 3098 2364 3156 strati
2394 3097 2728 3155 vulneribus
2749 3097 3018 3170 jacerent.
3059 3099 3205 3154 Dum
3234 3115 3360 3172 ergo
3384 3114 3474 3154 eos
3501 3097 3636 3154 foris
3664 3098 3801 3155 tole-

2205 3185 2392 3243 randis
2421 3186 2651 3260 ﬂagellis
2679 3187 2764 3244 vel
2787 3185 3048 3244 oneribus
3069 3187 3090 3222 ⁸
3111 3195 3358 3262 occupat,
3380 3205 3412 3243 a
3439 3187 3804 3260 suscipiendis

2206 3277 2357 3334 intus
2383 3277 2749 3334 tentationum
2773 3274 2974 3349 jaculis
2999 3277 3259 3335 occultat.
3282 3277 3450 3335 Moris
3471 3279 3672 3354 quippe
3692 3295 3802 3335 me-

2206 3367 2462 3425 dicinalis
2491 3374 2592 3436 est,
2621 3374 2684 3422 ut
2711 3382 2852 3438 saepe
2879 3365 3152 3422 fervorem
3183 3367 3454 3424 viscerum
3483 3368 3541 3424 in
3571 3368 3802 3442 prurigi-

2208 3474 2330 3514 nem
2362 3456 2506 3514 cutis
2535 3455 2738 3525 trahat,
2780 3463 2834 3511 et
2861 3455 3186 3530 plerumque
3212 3455 3340 3512 inde
3371 3457 3604 3514 interius
3625 3465 3799 3526 curat,

2207 3547 2354 3605 unde
2381 3545 2628 3604 exterius
2656 3545 2885 3602 sauciat.
2916 3546 2996 3601 Ita
3021 3561 3418 3621 nonnunquam
3448 3547 3654 3604 divina:
3677 3547 3803 3604 dis-

2207 3635 2546 3710 pensationis
2567 3634 2930 3692 medicamine
2953 3635 3134 3707 agitur
3153 3644 3214 3692 ut
3241 3637 3609 3694 exterioribus
3637 3636 3802 3694 dolo-

2209 3727 2366 3783 ribus
2393 3725 2674 3782 internum
2705 3724 2910 3780 vulnus
2935 3723 3228 3794 adimatur,
3255 3731 3315 3780 et
3338 3723 3676 3798 ﬂagellorum
3707 3741 3802 3782 se-

2209 3815 2488 3873 ctionibus
2505 3814 2801 3886 repellatur
2821 3828 2885 3868 ea
2905 3829 3024 3886 qua:
3047 3829 3310 3886 occupare
3331 3821 3571 3871 mentem
3593 3821 3802 3888 poterat

2211 3904 2444 3962 interior
2471 3902 2706 3976 putredo
2732 3901 3032 3970 vitiorum;
3074 3910 3128 3958 et
3157 3910 3338 3959 tamen
3367 3920 3508 3978 saepe
3536 3905 3668 3961 dum
3696 3921 3802 3978 pa-

2211 3993 2379 4050 tentis
2407 3993 2579 4064 culpaa
2615 3991 2723 4047 sibi
2753 3989 3007 4048 homines
3049 3993 3260 4049 conscii
3290 4010 3403 4050 non
3439 4002 3588 4064 sunt,
3619 4002 3672 4051 et
3706 4003 3803 4051 aut

2211 4083 2496 4142 doloribus
2545 4082 2884 4150 cruciantur,
2930 4089 3026 4138 aut
3069 4081 3352 4140 laboribus
3393 4082 3802 4157 deprimuntur,

2211 4182 2401 4232 contra
2423 4172 2636 4246 justum
2657 4182 2820 4247 atque
2849 4173 3280 4246 omnipotentem
3307 4173 3545 4247 judicem
3578 4175 3634 4230 in
3665 4190 3798 4249 que-

2212 4265 2379 4322 relam
2391 4263 2706 4336 prosiliunt,
2728 4263 2940 4320 scilicet
2951 4263 3134 4320 minus
3146 4262 3421 4322 intuentes
3436 4275 3624 4324 contra
3635 4281 3798 4340 quem

2211 4357 2411 4414 fortem
2437 4355 2808 4413 adversarium
2835 4355 3041 4412 bellum
3072 4362 3286 4428 gerunt.
3337 4355 3504 4430 Cujus
3532 4358 3578 4414 si
3607 4357 3803 4414 intole-

2206 4446 2408 4504 rabiles
2436 4447 2586 4503 vires
2603 4446 2838 4503 sollicite
2864 4445 3226 4516 attenderem,
3250 4463 3592 4522 nequaquam
3623 4448 3690 4506 de
3715 4449 3805 4506 his

2209 4551 2329 4611 quae
2357 4537 2603 4594 exterius
2631 4537 2869 4593 tolerant
2903 4545 3332 4594 murmurarent.

2277 4627 2364 4685 36.
2399 4630 2520 4686 Haec
2545 4627 2735 4700 gravia
2762 4644 2868 4682 non
2895 4625 3160 4692 videntur,
3180 4627 3228 4682 si
3246 4627 3381 4685 bella
3404 4629 3594 4684 occulti
3619 4629 3801 4686 adver-

2204 4719 2342 4774 sarii
2367 4718 2624 4790 graviora
2659 4717 3027 4790 ponderemus.
3075 4717 3195 4772 Non
3217 4717 3394 4788 patris
3419 4719 3688 4790 ﬂagellum
3715 4721 3805 4775 sed

2203 4808 2366 4863 hostis
2391 4805 2630 4878 gladium
2654 4804 3226 4876 formidemus.-Sed
3255 4805 3378 4862 ideo
3411 4805 3676 4863 videntur
3708 4824 3802 4864 no-

2201 4896 2288 4953 bis
2308 4896 2426 4952 harc
2447 4895 2656 4968 gravia,
2689 4895 2817 4968 quia
2847 4893 2992 4952 bella
3021 4895 3223 4952 occulti
3245 4893 3525 4952 adversari
3542 4898 3803 4954 nolumus

2201 5001 2426 5062 pensare
2449 4982 2722 5058 graviora.
2746 4986 2794 5040 Α
2815 4983 3014 5058 quibus
3035 4984 3356 5059 plerumque
3375 4985 3556 5054 bellis,
3576 4995 3637 5042 ut
3659 4985 3801 5042 dixi-

2195 5092 2336 5142 mus,
2367 5073 2500 5130 dum
2535 5071 2896 5145 ﬂagellamur,
2917 5073 3290 5142 defendimur,
3313 5073 3446 5130 dum
3478 5073 3800 5148 aﬁligimur,
3859 5065 3868 5073 ’

2193 5165 2554 5226 occultamur.
2589 5161 2727 5220 Caro
2754 5162 2905 5221 enim
2935 5172 3126 5220 nostra
3149 5163 3306 5238 prius
3335 5180 3498 5240 quam
3525 5180 3799 5222 resurrec-

2265 5400 2286 5436 ‘
2316 5399 2440 5458 Val.
2471 5397 2579 5468 CL,
2607 5397 2702 5454 sub
2726 5397 2880 5470 pelle.

2261 5472 2284 5507 ⁵
2313 5471 2512 5528 Laud..
2543 5469 2766 5528 Pratel..
2795 5467 3056 5528 Vindoc..
3086 5469 3108 5524 i

2263 5472 2284 5507 ⁵
2313 5471 2512 5539 Laud.,
2543 5469 2766 5540 PratelI,
2795 5469 3056 5538 Vindoc.,
3086 5469 3346 5543 inﬁrmos.

2263 5544 2285 5624 ξ
2315 5544 2397 5624 ita
2415 5544 2567 5624 Mss,
2598 5557 2733 5624 non,
2761 5540 3037 5624 reprimis,
3061 5549 3130 5624 ut
3152 5539 3360 5624 Excusi
3394 5541 3600 5624 ferunt.

2263 5615 2282 5649 ⁷
2315 5613 2552 5671 Vindoc.
2584 5629 2649 5670 ac
2673 5612 2901 5680 Pratel.,
2933 5619 3250 5670 tentantes...
3283 5612 3643 5669 adversarios.

2265 5685 2286 5723 ⁸
2313 5684 2536 5746 Ebroic.
2576 5684 2782 5760 aliique
2819 5685 3032 5756 Norm.,
3068 5701 3194 5746 cum
3273 5683 3534 5755 Vindoc.,
3562 5683 3782 5758 implica
