4156 6178
306 261 407 321 097

1091 267 1466 328 MOBALIUM
1501 270 1615 328 LIB
1653 270 1914 334 XXXIII.
1950 302 2022 321 -
2058 277 2130 336 IN
2168 278 2397 339 CAPUT
2433 281 2556 340 XLI
2593 284 2655 342 B.
2696 285 2839 344 JOB.

3491 300 3596 357 698

301 389 471 486 tionis
495 389 913 486 incorruptione
940 392 1227 486 solidetur,
1258 396 1304 451 si
1330 398 1486 455 nullo
1505 415 1738 458 maerore
1758 404 1890 461 aﬂi—
1916 409 1968 469 A
1995 424 2068 464 no
2088 414 2223 464 tunc
2230 406 2417 479 judice
2438 409 2763 468 terribiliter
2789 423 3104 486 apparente,
3145 421 3455 480 astantibus
3503 426 3592 482 le-

300 481 472 550 citur,
492 480 550 537 in
580 482 976 541 tentationibus
988 484 1303 545 eifrenatur.
1332 489 1468 557 Quis
1487 501 1669 549 autem
1688 496 1896 553 nesciat

302 570 455 644 quod
479 571 651 627 multo
688 573 886 629 melius
904 574 977 631 sit
1004 575 1193 631 ardere
1214 576 1433 635 ﬂamma
1462 579 1701 638 febrium
1732 600 1895 656 quam

302 660 433 733 igne
461 660 724 718 vitiorum
745 664 773 719 ?
791 664 863 720 Et
874 671 1057 721 tamen
1078 684 1204 723 cum
1221 668 1370 725 febre
1388 672 1741 744 corripimur,
1769 674 1899 747 quia

302 751 574 811 vitiorum
590 761 783 811 aestum
799 755 894 828 qui
918 773 1183 831 occupare
1203 777 1304 817 nos
1322 766 1534 833 poterat
1550 765 1898 821 considerare

304 846 659 918 negligimus,
689 848 754 903 de
782 851 1125 921 percussione
1156 870 1582 913 murmuramus.
1616 856 1750 924 Quis
1779 874 1896 915 nes-

303 937 415 994 ciat
438 936 589 1009 quod
618 937 792 993 multo
813 940 1010 996 melius
1038 943 1110 997 sit
1130 941 1284 1000 duris
1314 944 1371 999 in
1395 946 1622 1002 servitio
1644 945 1899 1003 homini—

303 1029 408 1085 bus
445 1026 836 1101 subjici,quam
865 1030 1277 1091 blandientibus
1314 1040 1503 1099 1099
1543 1036 1899 1095 daemoniacis

304 1127 594 1201 spiritibus
620 1129 833 1186 subdi?
850 1133 923 1188 Et
948 1141 1130 1190 tamen
1157 1153 1283 1193 cum
1299 1137 1411 1193 alto
1432 1137 1529 1194 Dei
1541 1136 1756 1209 judicio
1765 1135 1787 1209 j
1795 1152 1899 1208 ugo

305 1218 565 1275 humana
594 1219 931 1278 conditionis
954 1225 1262 1294 atterimur,
1297 1228 1353 1282 in
1376 1228 1673 1301 quaerelam
1712 1225 1901 1298 prosi-

305 1310 492 1377 limus,
516 1308 783 1365 nimirum
811 1312 941 1383 quia
969 1314 1154 1370 minus
1180 1315 1515 1371 attendimus
1536 1314 1684 1388 quod
1726 1315 1770 1369 si
1802 1330 1901 1369 nos

306 1400 459 1456 nulla
486 1398 734 1456 conditio
763 1403 1047 1458 servitutis
1075 1405 1430 1477 opprimeret,
1465 1405 1700 1461 fortasse
1746 1421 1902 1461 mens

306 1496 495 1546 nostra
524 1489 715 1545 multis
762 1491 1150 1565 iniquitatibus
1188 1492 1342 1566 pejus
1376 1494 1549 1551 libera
1576 1494 1897 1551 deserviret.

301 1588 432 1645 Ideo
451 1604 581 1661 ergo
610 1587 728 1645 haec
753 1606 874 1663 quae
904 1591 1225 1661 toleramus,
1248 1592 1435 1665 gravia
1454 1591 1754 1660 credimus,
1774 1591 1905 1664 quia

302 1676 448 1734 bella
476 1677 651 1733 hostis
673 1678 880 1747 callidi,
915 1695 1079 1752 quam
1107 1681 1218 1737 sint
1237 1690 1427 1738 contra
1456 1697 1555 1738 nos
1574 1681 1711 1737 dura
1740 1688 1903 1753 atque

2005 494 2260 567 gionibus
2304 500 2645 573 angelorum,
2692 501 2977 558 assistente
3034 514 3233 562 cuncto
3261 509 3593 578 {ministerio

2006 586 2309 642 caelestium
2342 596 2693 661 potestatum,
2715 598 2875 665 atque
2901 593 3089 649 electis
3108 596 3366 655 omnibus
3389 601 3458 656 ad
3488 602 3595 659 hoc

2007 678 2377 748 spectaculum
2398 678 2668 749 deductis,
2687 679 2791 736 ista
2819 681 3003 738 bellua
3018 684 3256 741 crudelis
3279 695 3333 743 et
3352 688 3510 746 fortis
3532 690 3592 747 in

2008 766 2251 822 medium
2280 770 2498 842 captiva
2534 769 2846 840 deducitur,
2876 780 2930 828 et
2961 789 3086 829 cum
3117 791 3217 831 suo
3259 792 3505 849 corpore,
3538 780 3597 835 id

2006 866 2086 914 est
2113 876 2240 915 cum
2272 859 2518 931 reprobis
2547 860 2823 928 omnibus,
2871 863 3089 918 aeternis
3119 863 3381 935 gehennae
3412 867 3598 923 incen-

2008 946 2116 1003 diis
2148 950 2517 1022 mancipatur,
2540 966 2666 1006 cum
2696 950 2937 1006 dicitur:
2964 953 3222 1009 Discedite
3258 974 3293 1010 a
3322 974 3418 1024 me,
3435 960 3597 1014 male-

2008 1037 2154 1104 dicti,
2178 1039 2234 1093 in
2261 1040 2431 1110 ignem
2452 1044 2723 1104 wternum,
2746 1040 2839 1111 qui
2852 1048 3192 1112 prwparatus
3212 1050 3288 1098 est
3312 1044 3525 1100 diabolo
3551 1052 3600 1101 et

2008 1128 2207 1199 angelis
2227 1127 2339 1197 ejus
2366 1130 2583 1200 (Matth.
2618 1146 2754 1198 xxv,
2778 1128 2896 1201 41).
2926 1129 2971 1186 Ο
3000 1132 3162 1203 quale
3187 1134 3292 1189 erit
3312 1132 3453 1189 illud
3483 1151 3600 1207 spe-

2010 1218 2532 1291 ctaculum,quando
2553 1219 2669 1276 haec
2685 1220 3083 1277 immanissima
3112 1222 3285 1279 bestia
3304 1225 3602 1282 electorum

2012 1309 2188 1365 oculis
2216 1307 2554 1377 ostendetur,
2576 1326 2697 1382 quae
2718 1308 2823 1367 hoc
2852 1310 2982 1367 belli
3016 1319 3258 1385 tempore
3291 1314 3456 1371 nimis
3478 1314 3605 1371 illos

2010 1409 2213 1458 terrere
2243 1410 2514 1474 potuerat,
2548 1402 2594 1458 si
2623 1401 2936 1459 videretur!
2971 1404 3076 1461 Sed
3110 1405 3325 1460 occulto
3373 1422 3435 1462 ac
3463 1406 3607 1461 miro

2010 1490 2110 1546 Dei
2142 1491 2373 1546 consilio
2404 1492 2671 1564 agitur,ut
2690 1501 2744 1549 et
2762 1509 2910 1550 nunc
2930 1509 3026 1565 per
3045 1492 3162 1565 ejus
3191 1494 3420 1565 gratiam
3451 1510 3609 1567 apu-

2013 1580 2306 1652 gnantibus
2326 1597 2436 1637 non
2453 1580 2571 1637 visa
2594 1598 2629 1635 v
2640 1582 2934 1651 incatur,et
2949 1591 3083 1640 tunc
3097 1599 3129 1639 a
3145 1584 3283 1640 laetis
3299 1584 3607 1641 victoribus

2006 1671 2121 1744 jam
2151 1671 2369 1743 captiva
2398 1671 2677 1728 videatur.
2718 1680 2908 1735 1100
2936 1674 3090 1730 Tunc
3118 1682 3300 1729 autem
3336 1673 3471 1748 justi
3501 1674 3603 1731 di-

308 1767 683 1823 intolerabilia
710 1784 822 1823 non
853 1768 1128 1826 videmus.
1145 1770 1314 1826 Menti
1332 1770 1479 1826 enim
1512 1777 1715 1825 nostra:
1746 1785 1910 1825 omne
1941 1760 1988 1821 B
2018 1770 2150 1825 vino
2174 1768 2449 1840 adjutorio
2471 1777 2740 1841 quantum
2757 1770 3029 1826 debitores
3056 1780 3185 1827 sunt
3209 1770 3424 1843 plenius
3445 1787 3609 1828 reco-

307 1856 527 1929 pondus
555 1857 866 1927 vilesceret,
890 1857 936 1914 si
966 1875 1029 1914 ea
1056 1875 1176 1932 quae
1204 1876 1259 1916 se
1295 1859 1602 1931 opprimere
1630 1866 1906 1931 poterant,

306 1949 515 2007 occulti
543 1949 841 2006 adversarii
872 1949 1016 2006 bella
1036 1957 1306 2022 pensaret.
1330 1950 1473 2018 Quid
1496 1950 1643 2005 enim
1664 1949 1709 2005 si
1730 1949 1909 2005 omni-

308 2046 505 2111 potens
518 2040 663 2096 Deus
682 2054 848 2096 onera
879 2054 1000 2112 quae
1030 2040 1274 2113 patimur
1303 2038 1574 2109 sublevet,
1599 2040 1693 2096 sed
1726 2047 1909 2095 tamen

310 2143 411 2185 sua
444 2126 605 2184 nobis
635 2126 913 2199 adjutoria
940 2127 1250 2195 subtrahat,
1268 2134 1325 2183 et
1350 2127 1495 2184 inter
1522 2127 1911 2183 Leviathanis-

310 2216 423 2272 tius
474 2232 577 2272 nos
607 2223 946 2273 tentamenta
998 2215 1396 2290 derelinquat?
1429 2217 1701 2273 Saeviente
1754 2223 1912 2272 tanto

314 2304 471 2361 hoste
499 2321 608 2378 quo
638 2304 862 2373 ibimus,
881 2305 927 2360 si
947 2306 1118 2361 nullis
1144 2304 1385 2362 auctoris
1414 2306 1589 2363 nostri
1620 2307 1912 2379 protectio-

312 2394 478 2451 nibus
505 2393 911 2452 defendamur?
940 2394 1083 2462 Quia
1110 2410 1237 2468 ergo
1264 2394 1456 2452 beatus
1470 2396 1572 2452 Job
1600 2397 1777 2469 culpae
1805 2395 1913 2460 sibi

312 2483 568 2540 conscius
595 2498 708 2538 non
735 2490 872 2550 erat,
904 2492 959 2539 et
986 2483 1126 2539 dura
1151 2489 1335 2538 tamen
1381 2483 1597 2555 ﬂagella
1625 2484 1911 2554 tolerabat,

313 2587 389 2627 ne
421 2571 651 2625 fortasse
680 2570 741 2624 in
768 2570 907 2625 vitio
949 2570 1407 2627 murmurationis
1447 2572 1461 2604 ¹
1505 2571 1754 2640 excedat,
1790 2587 1916 2628 me-

314 2663 567 2713 moretur
595 2656 743 2729 quod
771 2657 981 2724 timeat,
1024 2665 1080 2713 et
1124 2657 1338 2714 dicatur
1364 2659 1414 2715 ei
1447 2677 1459 2715 :
1492 2660 1746 2716 Memento
1773 2659 1914 2726 belli,

311 2762 407 2802 nec
428 2747 574 2802 ultra
600 2746 621 2780 ²
649 2747 812 2802 addes
841 2748 986 2819 loqui
1015 2746 1158 2821 [Rea
1177 2748 1414 2823 XVIII.]
1446 2750 1527 2806 Ac
1554 2750 1598 2805 si
1642 2750 1691 2806 ei
1734 2758 1917 2824 aperte

314 2839 595 2896 diceretur
625 2856 638 2894 :
672 2841 729 2897 Si
759 2841 961 2897 occulti
990 2841 1169 2898 hostis
1193 2852 1383 2899 contra
1409 2850 1462 2898 te
1495 2843 1703 2899 bellum
1722 2846 1915 2902 consi-

317 2928 494 2986 deras.
529 2928 802 3002 quidquid
833 2946 864 2984 a
891 2946 979 2986 me
1011 2933 1233 3003 pateris,
1267 2948 1376 2988 non
1397 2949 1640 2990 accusas.
1671 2934 1727 2990 Si
1749 2935 1918 3006 impe-

318 3024 522 3074 tentem
574 3024 629 3073 te
687 3017 984 3075 adversarii
1017 3019 1259 3091 gladium
1301 3022 1590 3094 prospicis,
1641 3022 1918 3095 ﬂagellum

2018 1866 2307 1931 gnoscunt,
2339 1856 2556 1930 quando
2577 1867 2688 1914 tam
2714 1857 2915 1915 fortem
2934 1858 3163 1915 bestiam
3186 1859 3429 1916 viderint
3443 1876 3606 1932 quam

2018 1963 2172 2004 nunc
2198 1946 2407 2003 inﬁrmi
2438 1947 2715 2014 vicerunt,
2750 1954 2805 2004 et
2837 1947 2895 2003 in
2927 1946 3105 2004 hostis
3151 1949 3237 2004 sui
3266 1948 3609 2004 immanitate

2019 2036 2370 2109 conspiciunt
2399 2044 2665 2111 quantum
2682 2036 2915 2095 debeant
2944 2038 3128 2112 gratia;
3160 2037 3463 2094 defensoris
3499 2036 3606 2093 sui.

2020 2125 2270 2183 Redeunt
2298 2126 2446 2182 enim
2477 2126 2543 2183 de
2573 2126 2679 2184 hoc
2708 2126 2899 2200 praelia
2920 2135 3054 2185 tunc
3069 2127 3273 2184 milites
3302 2127 3478 2183 nostri
3500 2126 3608 2181 vir-

2020 2222 2202 2271 tutum
2232 2215 2477 2289 trophaaa
2523 2215 2851 2282 referentes;
2887 2223 2940 2271 et
2995 2217 3227 2288 receptis
3264 2213 3608 2286 corporibus,

2022 2323 2147 2363 cum
2173 2304 2285 2378 jam
2318 2305 2377 2362 in
2406 2306 2503 2363 illo
2526 2304 2986 2377 judiciocmlestis
3005 2306 3156 2378 regni
3180 2306 3469 2360 introitum
3485 2319 3614 2359 sor-

2022 2399 2258 2467 tiuntur,
2280 2397 2433 2471 prius
2452 2396 2879 2453 immanissimas
2905 2395 3054 2452 vires
3073 2394 3239 2467 hujus
3267 2395 3482 2468 antiqui
3503 2410 3612 2452 ser-

2023 2489 2202 2562 pentis
2230 2488 2524 2561 aspiciunt,
2555 2504 2624 2543 ne
2652 2487 2761 2543 vile
2795 2486 3085 2556 aestiment,
3118 2486 3265 2561 quod
3294 2491 3608 2543 evaserunt.

2024 2579 2169 2635 Bene
2199 2595 2326 2652 ergo
2354 2579 2560 2635 dicitur
2584 2596 2595 2632 :
2630 2576 3016 2634 Etvidentibus
3038 2576 3234 2631 cunctis
3258 2574 3611 2647 pracipitabi-

2027 2674 2135 2738 tur,
2157 2669 2287 2742 quia
2316 2670 2434 2725 visa
2463 2684 2609 2724 mors
2619 2664 2737 2738 ejus
2751 2674 2883 2722 tunc
2900 2665 3159 2738 gaudium
3176 2663 3423 2732 exhibet,
3456 2661 3613 2734 cujus

2026 2759 2255 2815 tolerata
2309 2758 2425 2814 vita
2484 2773 2631 2814 nunc
2682 2757 2848 2829 justis
2878 2755 3125 2829 quotidie
3178 2753 3235 2809 in
3275 2751 3613 2811 cruciatibus

2025 2847 2231 2904 bellum
2264 2854 2467 2903 movet.
2513 2846 2619 2902 Sed
2675 2846 2961 2902 audientes
3006 2845 3129 2912 ista,
3160 2859 3223 2899 ac
3270 2842 3317 2898 si
3363 2840 3614 2913 protinus

2025 2954 2420 3011 quereremur,,
2442 2936 2682 2992 Domino
2703 2935 2946 2992 dicentes
2980 2952 2991 2989 :
3024 2932 3278 2999 Domine,
3309 2930 3403 3004 qui
3425 2929 3615 2985 Levia-

2025 3026 2158 3082 than
2188 3026 2354 3081 istum
2382 3031 2549 3081 tanta;
2578 3039 2695 3079 esse
2723 3023 3065 3079 fortitudinis
3093 3037 3203 3077 non
3234 3020 3471 3093 ignoras,
3488 3034 3614 3073 eum

320 3105 491 3180 patris
521 3106 840 3163 nullatenus
870 3108 1264 3180 perhorrescis.
1296 3109 1466 3166 Vides
1495 3110 1633 3166 inim
1662 3111 1807 3183 quali
1829 3110 1921 3166 ila-
1950 3120 1994 3180 C.
2024 3118 2081 3173 in
2112 3114 2409 3172 certamine
2435 3112 2775 3170 infirmitatis
2804 3120 3002 3169 nostra:
3032 3128 3132 3169 cur
3158 3109 3432 3168 suscitas?
3463 3108 3614 3164 illico

319 3195 460 3268 gello
488 3203 542 3251 te
575 3196 739 3265 ferio,
763 3197 859 3254 sed
896 3197 1099 3255 intueri
1129 3199 1361 3271 negligis
1388 3215 1419 3256 a
1447 3208 1655 3274 quanto
1676 3208 1727 3256 te
1758 3200 1914 3258 hoste

316 3284 645 3357 ﬂagellando
675 3286 913 3344 liberum
968 3303 1146 3344 servo.
1178 3289 1436 3347 Memento
1480 3307 1602 3363 ergo
1644 3291 1786 3357 belli,
1825 3306 1917 3346 nec

317 3379 466 3434 ultra
494 3378 668 3434 addas
699 3379 864 3451 loqui,
895 3379 953 3435 id
980 3387 1082 3449 est,
1104 3387 1258 3437 tanto
1279 3387 1333 3436 te
1349 3381 1416 3437 ad
1432 3381 1778 3454 disciplinam
1809 3399 1916 3456 pa-

316 3467 422 3523 tris
447 3467 651 3524 exhibe
669 3468 918 3537 tacitum,
948 3477 1221 3543 quantote
1240 3470 1509 3543 prospicis
1536 3471 1605 3527 ad
1633 3471 1776 3527 bella
1804 3471 1916 3528 ho—

315 3559 422 3616 stis
450 3557 755 3614 inﬁrmum.
787 3561 931 3616 Dum
962 3576 1090 3632 ergo
1120 3577 1206 3616 me
1235 3561 1564 3633 corripiente
1594 3562 1915 3633 percuteris,

314 3655 384 3705 ut
413 3649 798 3720 aequanimiter
827 3649 990 3717 feras,
1020 3648 1236 3705 hostem
1276 3656 1433 3704 tuum
1482 3650 1550 3705 ad
1594 3650 1916 3706 memoriam

316 3754 539 3808 revoca,
566 3746 621 3795 et
647 3738 848 3796 durum
878 3753 991 3793 non
1038 3737 1274 3793 aestimes
1313 3753 1474 3794 omne
1503 3737 1649 3810 quod
1697 3738 1918 3810 pateris,

314 3832 455 3890 dum
487 3834 734 3890 externis
772 3831 1113 3890 cruciatibus
1138 3830 1207 3887 ab
1235 3831 1454 3888 interna
1494 3830 1745 3903 passione
1770 3830 1919 3888 libe-

317 3922 483 3979 raris.
521 3922 664 3990 Quia
684 3930 871 3979 autem
899 3920 1201 3978 Leviathan
1237 3921 1336 3977 iste
1365 3920 1431 3977 de
1471 3918 1662 3976 divina
1690 3918 1919 3975 miseri-

317 4010 515 4068 cordia
552 4011 691 4067 falsa
745 4011 851 4067 sibi
899 4010 1265 4082 promissione
1292 4009 1595 4077 blanditur,
1629 4016 1916 4082 postquam

318 4108 589 4158 terrorem
615 4100 960 4157 fortitudinis
988 4100 1105 4172 ejus
1160 4100 1373 4169 intulit,
1401 4109 1455 4157 et
1482 4100 1627 4156 beati
1656 4099 1758 4156 Job
1783 4100 1918 4156 ani-

238 4262 245 4270 .
321 4207 476 4247 mum
521 4192 580 4247 in
623 4189 739 4263 ejus
793 4190 1288 4262 circumspectione
1325 4188 1648 4257 commovit,
1679 4188 1914 4245 dicens:

320 4282 581 4338 Memento
611 4280 753 4348 belli,
776 4296 867 4334 nec
885 4280 1031 4334 ultra
1065 4279 1235 4334 addas
1266 4278 1447 4349 loqui;
1476 4286 1537 4334 ut
1566 4277 1919 4334 irremissibi-

328 4373 438 4428 lem
468 4379 684 4428 reatum
712 4386 831 4442 ejus
857 4368 1189 4436 ostenderet,
1220 4368 1373 4425 illico
1401 4367 1662 4440 adjunxit
1690 4384 1702 4421 :

557 4460 786 4519 CAPUT
815 4460 925 4515 XX
955 4456 1093 4532 [νει.
1126 4458 1323 4526 XXIV,
1354 4459 1472 4515 Rec.
1504 4457 1682 4530 XIX].

395 4559 569 4615 Vens.
602 4557 691 4614 28.
726 4587 799 4599 —
822 4558 843 4592 ³
871 4557 1004 4612 Ecce
1032 4571 1145 4626 spes
1173 4553 1286 4622 ejus
1314 4552 1675 4622 frustrabitur
1711 4569 1846 4608 eum.

400 4647 468 4704 37
479 4646 718 4703 .Diaboli
740 4652 788 4701 et
805 4644 1155 4716 reproborum
1174 4642 1408 4697 omnium
1421 4647 1615 4696 (eterna
1630 4641 1922 4710 damnatio,

320 4736 676 4809 prementibus
704 4733 945 4790 omnibus
973 4731 1143 4787 electis
1174 4730 1516 4802 publicanda.
1545 4763 1616 4773 —
1653 4731 1810 4800 Quod
1845 4732 1924 4788 sic

327 4827 396 4884 de
425 4843 490 4883 eo
525 4825 686 4882 debet
706 4821 1042 4895 intelligi,ut
1070 4819 1263 4877 referri
1291 4819 1455 4876 etiam
1477 4820 1709 4878 adillius
1727 4838 1928 4895 corpus

327 4914 518 4987 possit,
551 4912 681 4986 quia
709 4909 887 4983 iniqui
916 4924 1107 4965 omnes
1135 4909 1229 4982 qui
1259 4906 1661 4966 districtionem
1690 4909 1927 4982 justitiae

327 5003 536 5060 divinae
564 5018 678 5058 non
708 5006 980 5066 metuunt,
1014 4999 1289 5056 incassum
1320 4996 1427 5054 sibi
1447 4997 1513 5055 de
1544 4998 1925 5056 misericordia

330 5090 713 5148 blandiuntur.
745 5090 983 5161 Moxque
1010 5088 1081 5144 ad
1100 5087 1530 5145 consolationem
1561 5096 1805 5145 nostram
1827 5107 1928 5146 re-

331 5181 510 5251 diens,
537 5181 773 5238 Extremi
798 5179 997 5252 judicii
1026 5178 1275 5236 futurum
1305 5177 1422 5251 ejus
1475 5179 1758 5236 interitum
1789 5198 1924 5254 prae-

334 5272 577 5339 nuntiat,
607 5270 795 5328 dicens
830 5286 841 5324 :

406 5363 481 5418 Et
506 5360 800 5416 videntibus
827 5357 1024 5414 cunctis
1046 5355 1492 5430 prcecipitabitur.

409 5450 639 5510 Cunctis
652 5449 800 5507 enim
824 5448 1143 5506 videntibus
1158 5445 1614 5521 praecipitabitur,
1628 5446 1756 5522 quia
1773 5456 1925 5507 aeter-

416 5597 431 5630 ¹
461 5593 632 5651 Laud.
665 5600 719 5649 et
746 5593 869 5651 Val.
903 5591 1012 5661 CL,
1043 5590 1274 5648 excidat?

412 5667 435 5701 ³
468 5668 589 5723 Duo
616 5666 801 5723 Germ.
832 5671 887 5720 et
913 5664 1135 5732 Pratel.,
1166 5661 1356 5720 addas.

412 5741 436 5775 ³
464 5737 687 5807 Pratel.,
709 5743 758 5794 et
781 5752 915 5810 spes.

1949 4480 2000 4540 D

2026 3203 2285 3277 adjuuxit
2317 3220 2328 3259 :

2098 3293 2228 3351 CAP.
2284 3310 2397 3362 xm,
2427 3292 2599 3349 Vsus.
2634 3292 2684 3347 1.
2712 3321 2785 3332 -
2810 3290 2931 3349 Νοη
2949 3290 3103 3362 quasi
3117 3288 3342 3345 crudelis
3362 3285 3619 3342 suscitabo

2027 3399 2139 3437 eum
2148 3426 2161 3438 .

2100 3470 2238 3545 [Vet.
2268 3472 2436 3537 XXV,
2480 3473 2600 3528 Rec.
2633 3470 2778 3545 XX]
2809 3470 2881 3526 Et
2909 3471 3061 3528 velut
3106 3471 3153 3526 si
3207 3485 3338 3525 mox
3384 3484 3416 3522 a
3461 3466 3620 3523 nobis

2028 3576 2191 3616 causa
2214 3559 2445 3616 rationis
2473 3567 2826 3633 quaereretur.
2860 3559 3145 3628 Quomodo
3172 3574 3284 3615 non
3312 3572 3438 3613 eum
3467 3556 3622 3628 quasi

2029 3651 2269 3707 crudelis
2297 3650 2546 3718 suscitas,
2579 3667 2740 3724 quem
2769 3650 2976 3707 scimus
2994 3650 3123 3723 quia
3147 3657 3329 3704 tantos
3356 3646 3621 3704 invadere

2030 3747 2084 3796 et
2112 3738 2375 3796 devorare
2404 3740 2678 3812 permittis
2696 3740 2724 3795 ?
2752 3740 2939 3795 statim
2971 3737 3243 3806 subdidit,
3277 3736 3466 3793 dicens
3499 3752 3509 3789 :

2630 3826 2857 3885 CAPUT
2886 3828 3038 3883 XXI.

2103 3918 2276 3976 Vsus.
2330 3918 2382 3987 1,
2425 3916 2478 3974 2.
2511 3948 2582 3959 —
2613 3916 2743 3985 Quis
2775 3917 2913 3972 enim
2964 3914 3204 3971 resistere
3243 3918 3410 3986 potest
3452 3909 3625 3966 vultui

2030 4024 2140 4065 meo
2160 4011 2188 4066 ?
2216 4008 2395 4079 etquis
2422 4014 2542 4064 ante
2564 4007 2705 4063 dedit
2731 4008 2881 4076 mihi,
2920 4013 2983 4063 ut
3007 4006 3225 4062 reddam
3253 4004 3301 4060 ei
3318 4007 3346 4061 ἵ

2056 4170 2061 4177 ,
2100 4098 2189 4154 38.
2222 4097 2413 4155 Gratia
2426 4097 2526 4153 Dei
2549 4097 2883 4169 gratuita.—
2897 4096 3106 4165 Quibus
3128 4094 3343 4152 duobus
3372 4091 3625 4149 versibus

2031 4192 2085 4242 et
2112 4186 2373 4243 virtutem
2400 4202 2511 4242 suae
2540 4186 2817 4259 potentiae,
2850 4194 2904 4244 et
2951 4202 3115 4241 omne
3145 4183 3359 4257 pondus
3395 4180 3626 4237 rationis

2030 4276 2433 4348 explevit.Nam
2452 4286 2673 4350 propter
2690 4277 2991 4349 potentiam
3011 4276 3158 4332 dixit
3181 4291 3192 4328 :
3220 4273 3348 4343 Quis
3386 4270 3526 4327 enim
3545 4288 3625 4326 re-

2030 4365 2213 4421 sistere
2234 4372 2402 4438 potest
2434 4368 2607 4423 rultui
2625 4384 2735 4423 meo
2758 4369 2785 4424 ἵ
2814 4368 2885 4423 Et
2900 4376 3122 4439 propter
3141 4365 3409 4421 rationem
3438 4359 3627 4417 subdi-

2031 4453 2114 4510 dit
2138 4472 2149 4510 :
2175 4456 2303 4521 Quis
2322 4460 2443 4509 aute
2469 4456 2613 4510 dedit
2628 4456 2779 4523 mihi,
2810 4462 2869 4510 ut
2892 4456 3111 4510 reddam
3124 4456 3171 4510 ei
3190 4456 3218 4510 ?
3233 4455 3314 4511 Ac
3332 4452 3378 4509 si
3399 4451 3622 4508 diceret:

2031 4545 2153 4601 Non
2186 4559 2312 4600 eum
2341 4544 2497 4616 quasi
2517 4544 2755 4601 crudelis
2776 4546 3001 4614 suscito,
3034 4545 3164 4620 quia
3182 4544 3250 4601 de
3266 4543 3383 4616 ejus
3410 4540 3627 4597 fortitu-

2035 4632 2164 4689 dine
2183 4639 2237 4688 et
2264 4633 2464 4689 electos
2494 4650 2645 4690 meos
2690 4641 2940 4707 potenter
2967 4635 3164 4708 eripio,
3194 4642 3247 4690 et
3294 4650 3513 4691 rursum
3542 4645 3624 4686 re-

2035 4720 2234 4794 probos
2263 4738 2375 4778 non
2406 4721 2629 4794 injuste,
2656 4723 2750 4781 sed
2776 4723 3179 4780 rationabiliter
3206 4723 3427 4789 damno;
3450 4723 3506 4778 id
3521 4731 3624 4791 est,

2035 4819 2089 4869 et
2103 4828 2194 4869 eos
2214 4827 2351 4885 quos
2378 4812 2613 4885 benigne
2632 4813 2775 4885 eligo
2801 4814 3010 4887 eripere
3031 4813 3359 4869 mirabiliter
3379 4828 3624 4883 possum,

2036 4910 2091 4959 et
2110 4919 2201 4958 eos
2230 4918 2368 4975 quos
2416 4919 2612 4975 respuo
2659 4920 2771 4960 non
2828 4902 3028 4976 injuste
3076 4900 3417 4974 derelinquo.
3450 4900 3622 4957 Nemo

2037 4996 2237 5069 quippe
2268 5004 2329 5051 ut
2355 4996 2548 5053 divina
2578 4998 2734 5054 illum
2767 4999 2942 5071 gratia
2960 4996 3327 5070 subsequatur
3353 4994 3507 5068 prius
3526 4994 3626 5050 ali-

2037 5086 2172 5159 quid
2200 5086 2439 5142 contulit
2457 5088 2590 5143 Deo.
2612 5089 2750 5144 Nam
2780 5088 2826 5142 si
2846 5105 2947 5143 nos
2975 5089 3150 5142 Deum
3180 5086 3317 5141 bene
3346 5085 3621 5157 operando

2035 5174 2421 5247 praevenimus,
2453 5175 2548 5231 ubi
2576 5184 2658 5232 est
2684 5175 2831 5248 quod
2860 5174 3131 5247 Propheta
3157 5174 3235 5231 ait
3261 5192 3273 5230 :
3306 5174 3625 5235 Misericor-

2036 5264 2127 5320 dia
2154 5263 2266 5335 ejus
2289 5265 2578 5336 prwveniet
2601 5282 2681 5319 me
2711 5263 2885 5335 (Psal.
2918 5281 3076 5333 Lvm,
3124 5264 3236 5336 11).
3268 5264 3325 5321 Si
3355 5264 3490 5337 quid
3521 5280 3618 5319 nos

2034 5354 2192 5411 bonae
2220 5352 2553 5426 operationis
2580 5352 2854 5422 dedimus,
2886 5361 2948 5410 ut
2992 5352 3109 5426 ejus
3137 5352 3364 5426 gratiam
3395 5368 3625 5408 merere-

2038 5460 2184 5513 mur,
2208 5442 2304 5499 ubi
2333 5450 2415 5500 est
2439 5443 2586 5516 quod
2614 5443 2912 5516 Apostolus
2935 5443 3071 5500 dicit
3102 5459 3114 5498 :
3153 5442 3342 5500 Gratia
3371 5443 3393 5478 ⁴
3431 5440 3628 5498 saluati

2066 5591 2131 5717 ιβ
2160 5591 2281 5720 Παιξο
2309 5589 2517 5660 Germ.,
2547 5588 2719 5648 Laud.
2730 5632 2746 5661 ,
2770 5588 2892 5648 Val.
2916 5588 2999 5647 Cl.
3032 5594 3086 5644 et
3106 5588 3340 5661 Gemet.,
3372 5587 3511 5645 salvi
3539 5587 3625 5664 fa-

2085 5680 2106 5720 t
2132 5679 2184 5719 es
2259 5704 2272 5720 .

2037 5679 2106 5720 σιῑ
2132 5679 2272 5720 esus.
