4156 6178
495 248 600 307 699

1701 237 1953 300 SANCTI
1990 237 2328 300 GREGOBII
2363 239 2591 298 MAGNI

3689 245 3799 303 700

496 373 617 430 estis
635 387 733 444 per
759 371 915 443 ﬁdem
935 387 955 436 ;
975 376 1024 426 et
1050 371 1145 426 hoc
1171 385 1278 426 non
1315 383 1382 425 ea:
1407 369 1576 438 vobis,
1607 370 1624 405 ί
1651 372 1739 427 sed
1757 373 1856 430 Dei
1879 375 2074 430 donum
2099 370 2152 430 A
2187 368 2371 442 gimus
2403 385 2525 442 quae
2556 384 2862 442 ageremus.
2895 368 3182 442 Sequitur:
3208 371 3400 428 Omnia
3417 388 3537 444 qme
3553 379 3648 434 sub
3673 382 3800 436 calo

496 468 699 530 est,non
719 476 785 515 ea:
806 458 1051 531 operibus
1087 459 1310 531 (Ephes.
1336 477 1398 528 ιι,
1427 459 1485 532 8)
1511 459 1538 515 ?
1557 459 1614 516 Si
1649 471 1838 519 nostra
1869 463 2093 525 dilectio

497 553 674 610 Deum
707 548 996 622 praevenit,
1028 548 1126 604 ubi
1155 557 1236 605 est
1255 549 1401 622 quod
1429 550 1665 607 Joannes
1693 555 1972 625 apostolus
2011 557 2092 614 di-

499 640 578 698 cit
611 657 622 696 :
649 639 671 674 ²
697 640 817 710 Non
843 639 973 710 quia
1001 656 1096 694 nos
1133 639 1474 695 dilexerimus
1501 641 1690 708 Deum,
1722 643 1810 697 sed
1837 643 1966 714 quia
1986 646 2094 717 ipse

492 731 652 805 prior
679 729 866 785 dilexit
896 747 990 784 nos
1023 729 1080 800 (Ι
1102 730 1258 785 Joan.
1292 746 1368 798 ιν,
1403 729 1493 800 10)
1514 729 1542 786 Ῡ
1570 729 1672 786 Ubi
1701 740 1784 788 est
1825 733 1968 806 quod
1999 753 2094 808 per

500 821 636 878 Osee
649 820 920 876 Dominus
940 819 1078 876 dicit
1104 837 1115 874 :
1135 820 1366 891 Diligam
1385 837 1470 874 eos
1489 827 1765 892 spontanee
1787 823 1955 896 (Osece
1973 843 2092 896 x1v,

497 914 592 988 5)?
621 914 676 972 Si
701 914 819 970 sine
847 912 965 984 ejus
995 927 1220 968 munere
1249 921 1435 968 nostra
1482 913 1686 970 virtute
1713 917 1888 972 Deum
1917 919 2093 990 sequi-

501 1019 647 1072 mur,
669 1001 767 1058 ubi
797 1001 1041 1075 estquod
1070 1017 1166 1074 per
1193 1001 1555 1073 Evangelium
1589 1001 1808 1061 Veritas
1837 1013 2094 1076 protesta-

501 1099 613 1160 tur,
646 1091 872 1146 dicens:
915 1091 1038 1146 Sine
1063 1107 1144 1145 me
1167 1090 1305 1146 nihil
1325 1093 1542 1163 potestis
1574 1091 1752 1163 facere
1783 1093 1964 1166 (Joan.
1997 1112 2094 1164 xv,

504 1181 560 1253 5)
586 1181 614 1237 ἳ
634 1180 737 1236 Ubi
759 1186 840 1236 est
861 1179 1008 1252 quod
1037 1180 1114 1236 ait
1142 1197 1152 1234 :
1178 1180 1340 1237 Nemo
1369 1188 1539 1253 potest
1558 1183 1732 1238 venire
1759 1184 1833 1239 ad
1863 1201 1962 1250 me,
1993 1183 2098 1240 nisi

503 1283 666 1339 Pater
684 1281 777 1353 qui
817 1280 961 1335 misit
990 1298 1090 1346 me,
1124 1283 1354 1338 traxerit
1377 1299 1494 1339 eum
1527 1283 1688 1356 (Ibid.
1712 1301 1790 1353 VI,
1820 1281 1961 1356 44)?
1994 1283 2102 1340 Ubi

501 1381 584 1429 est
613 1371 763 1444 quod
795 1371 993 1428 iterum
1021 1372 1159 1429 dicit
1199 1391 1210 1428 :
1244 1373 1365 1430 Non
1411 1390 1501 1429 vos
1527 1391 1608 1430 me
1647 1375 1869 1446 elegistis
1897 1375 1987 1430 sed
2013 1393 2102 1447 ego

502 1464 632 1538 elegi
687 1483 776 1519 vos
828 1464 991 1536 (Ibid.
1044 1481 1140 1532 xv,
1176 1464 1314 1535 16)?
1341 1463 1398 1520 Si
1427 1464 1618 1519 saltem
1649 1464 1793 1520 dona
1829 1465 2100 1522 bonorum

505 1570 733 1626 operum
760 1554 966 1610 virtute
996 1561 1182 1610 nostra
1209 1551 1348 1609 bene
1393 1552 1682 1625 cogitando
1713 1554 2102 1626 prmvenimus,

2203 465 2327 514 sunt
2351 477 2464 514 mea
2485 465 2625 514 sunt.
2677 457 2950 515 Omnibus
2992 459 3166 532 liquet
3193 461 3340 534 quod
3367 479 3482 520 non
3513 465 3691 523 solum
3738 485 3802 526 ea

2203 565 2325 622 quae
2355 548 2456 605 sub
2488 549 2628 604 coelo
2657 556 2809 617 sunt,
2841 547 2936 604 sed
2964 549 3082 621 ipsa
3109 566 3326 622 quoque
3353 567 3474 624 quae
3503 569 3672 626 super
3697 572 3800 612 coe-

2205 640 2287 696 los
2315 637 2540 696 condita
2567 637 2808 694 caelestia
2835 647 3105 694 vocantur
3123 639 3241 711 ejus
3256 642 3532 698 voluntati
3553 645 3804 701 serviunt

2202 748 2234 787 a
2263 748 2371 804 quo
2402 745 2458 786 se
2489 737 2672 786 creata
2699 746 2815 785 esse
2845 729 3234 788 meminerunt.
3269 731 3380 790 Cur
3403 749 3533 806 ergo
3561 743 3803 792 tantum-

2203 817 2368 874 modo
2398 817 2466 874 de
2495 817 2851 874 inferioribus
2881 819 3110 892 loquens
3137 819 3233 876 ait.

2780 917 3006 974 CAPUT
3029 919 3207 974 XXII.

2275 1007 2414 1062 Iam.
2447 1007 2715 1064 -—-0mn-ia
2741 1024 2857 1078 quis
2877 1009 2969 1063 sub
2998 1011 3122 1064 ccelo
3151 1016 3295 1076 sunt,
3315 1028 3433 1068 mea
3458 1016 3623 1070 sunt?

2277 1095 2367 1152 41.
2405 1097 2597 1155 Omnia
2621 1098 2729 1155 Deo
2759 1099 3012 1154 serviunt.
3029 1099 3221 1156 —Sed
3249 1102 3382 1174 quia
3412 1103 3480 1158 de
3497 1103 3806 1161 Leviathan

2205 1185 2474 1261 loquitur,
2508 1187 2606 1260 qui
2633 1186 2746 1260 jam
2776 1204 2888 1244 non
2919 1189 2975 1244 in
3004 1188 3226 1246 aetherei
3251 1192 3376 1247 coeli
3407 1193 3533 1249 sede
3559 1195 3806 1250 contine-

2207 1285 2326 1345 tur,
2357 1285 2558 1335 cuncta
2586 1296 2707 1352 qua:
2736 1278 2838 1334 sub
2867 1281 3005 1336 coelo
3047 1285 3178 1336 sunt
3218 1282 3411 1336 asserit
3445 1299 3542 1338 sua
3569 1299 3705 1352 esse,
3745 1292 3809 1340 ut

2211 1387 2338 1426 eum
2373 1387 2589 1444 quoque
2617 1371 2712 1445 qui
2742 1371 2810 1427 de
2841 1371 2980 1428 caelo
3008 1373 3227 1443 cecidit,
3282 1391 3392 1430 suae
3439 1372 3630 1432 doceat
3658 1385 3808 1450 pote-

2210 1463 2345 1519 stati
2373 1461 2604 1530 servire,
2637 1479 2700 1519 ac
2729 1463 2775 1518 si
2805 1461 3012 1520 diceret
3045 1481 3056 1519 :
3089 1464 3390 1521 Leviathan
3420 1465 3521 1522 iste
3559 1467 3811 1523 beatitu—

2212 1555 2407 1614 dinem
2439 1556 2665 1632 quidem
2697 1575 2872 1614 meam
2924 1557 3184 1630 perdidit,
3217 1559 3312 1616 sed
3357 1559 3664 1616 dominium
3693 1577 3810 1617 non

503 1642 600 1699 ubi
631 1651 712 1700 est
743 1643 889 1718 quod
931 1660 1150 1699 rursum
1198 1660 1293 1716 per
1339 1643 1570 1699 Paulum
1600 1646 1620 1679 ³
1650 1651 1760 1698 tam
1811 1643 2105 1700 salubriter
2211 1646 2410 1715 evasit,
2441 1647 2572 1720 quia
2603 1655 2658 1702 et
2687 1647 2815 1720 ipsae
2845 1649 2985 1704 mihi
3033 1657 3326 1720 potestates
3355 1649 3667 1706 inserviunt
3691 1666 3813 1724 quae

503 1733 736 1804 dicitur,
765 1742 826 1792 ut
863 1735 1046 1791 omnis
1075 1735 1141 1790 de
1169 1751 1226 1790 se
1271 1732 1524 1790 humanae
1567 1734 1766 1790 mentis
1801 1733 2004 1790 ﬁducia
2033 1735 2101 1791 ab
2135 1730 2182 1792 Β
2215 1735 2354 1792 mihi
2380 1737 2564 1808 pravis
2591 1737 2903 1794 actionibus
2931 1738 3308 1796 adversantur.
3338 1740 3600 1813 Sequitur
3629 1757 3644 1796 :

505 1826 625 1898 ipsa
653 1825 836 1882 cordis
865 1825 1048 1883 radice
1080 1824 1418 1892 succidatur,
1451 1840 1576 1881 cum
1607 1823 1743 1881 dicit
1770 1842 1781 1880 :
1814 1825 1934 1882 Non
1979 1826 2106 1896 quia

449 1971 458 1982 ,
506 1915 810 1988 suﬁcientes
838 1916 1002 1970 simus
1029 1915 1239 1986 aliquid
1263 1915 1491 1988 cogitare
1516 1934 1549 1972 a
1581 1915 1725 1970 nobis
1743 1915 1900 1986 quasi
1923 1933 1988 1970 ea:
2015 1933 2104 1972 no-

509 2003 713 2073 bis,sed
741 2004 1049 2078 sufficientia
1077 2012 1262 2060 nostra
1291 2023 1356 2060 ex
1374 2005 1481 2061 Deo
1503 2011 1575 2060 est
1605 2007 1700 2078 (II
1730 2005 1854 2060 Cor.
1885 2022 1970 2074 III,
2000 2006 2056 2077 5)
2079 2006 2106 2062 ?

509 2094 682 2151 Nemo
711 2111 838 2166 ergo
869 2095 1043 2150 Deum
1075 2095 1286 2150 meritis
1315 2093 1600 2166 praevenit,
1651 2101 1712 2151 ut
1755 2103 1938 2150 tenere
1977 2112 2104 2152 eum

510 2183 664 2255 quasi
697 2183 1000 2240 debitorem
1022 2184 1192 2256 possit
1215 2201 1229 2251 ;
1253 2183 1347 2240 sed
1377 2184 1520 2240 miro
1539 2184 1703 2240 modo
1734 2201 1906 2258 equus
1925 2186 2107 2242 omni"

506 2271 613 2329 bus
638 2273 910 2340 conditor,
942 2283 996 2330 et
1015 2273 1278 2348 quosdam
1301 2275 1595 2348 praeelegit,
1628 2283 1682 2331 et
1709 2277 1975 2349 quosdam
2003 2279 2024 2312 ‘
2047 2276 2104 2332 in

510 2362 628 2420 suis
655 2365 840 2436 pravis
867 2364 1114 2421 moribus
1133 2365 1282 2438 juste
1311 2365 1664 2440 derelinquit.

591 2459 778 2516 1101
839 2452 926 2512 39.
958 2455 1062 2512 Nec
1089 2455 1258 2510 electis
1291 2455 1462 2527 pietas
1492 2455 1604 2511 sine
1633 2455 1872 2527 justitia,
1900 2473 1990 2511 nec
2018 2473 2105 2512 re-

503 2551 689 2626 probis
707 2551 929 2623 justitia
951 2553 1063 2609 sine
1088 2553 1455 2610 misericordia
1483 2555 1773 2611 exhibetur.
1804 2587 1874 2596 —
1892 2557 2002 2614 Nec
2030 2563 2106 2613 ta-

511 2660 638 2700 men
667 2643 854 2700 electis
883 2644 996 2698 suis
1024 2643 1280 2716 pietatem
1312 2643 1430 2702 sine
1453 2644 1672 2716 justitia
1699 2645 1947 2716 exhibet,
1978 2647 2110 2721 quia

515 2733 608 2792 hic
634 2751 726 2792 eos
759 2734 913 2792 duris
941 2735 1334 2793 afﬂictionibus
1361 2738 1592 2809 premit;
1626 2753 1728 2794 nec
1755 2755 1972 2795 rursum
2011 2756 2108 2795 re-

517 2822 702 2898 probis
725 2823 998 2897 justitiam
1028 2825 1146 2880 sine
1179 2825 1558 2883 misericordia
1585 2835 1824 2896 exercet,
1856 2827 1987 2901 quia
2013 2828 2107 2886 hic

511 2916 900 2990 aequanimiter
926 2917 1124 2974 tolerat
1168 2934 1307 2991 quos
1335 2917 1664 2992 quandoque
1693 2919 1751 2974 in
1781 2927 2105 2992 perpetuum

518 3005 762 3064 damnat.
795 3007 852 3065 Si
882 3025 1009 3080 ergo
1039 3015 1092 3065 et
1121 3007 1282 3064 electi
1311 3009 1739 3082 praevenientem
1789 3027 1846 3066 se
1874 3011 2105 3083 gratiam

515 3105 904 3172 sequuntur,et
919 3097 1138 3170 reprobi
1161 3097 1324 3170 juxta
1344 3099 1491 3172 quod
1513 3108 1794 3156 merentur
1807 3101 2109 3171 accipiunt,

515 3193 570 3241 et
589 3185 656 3240 de
676 3185 1055 3241 misericordia
1082 3185 1377 3242 inveniunt
1418 3188 1577 3245 electi
1606 3187 1752 3261 quod
1785 3189 2028 3256 laudent,
2059 3199 2114 3246 et

517 3271 586 3330 de
609 3272 829 3344 justitia
844 3291 957 3330 non
987 3274 1194 3331 habent
1221 3275 1441 3348 reprobi
1478 3275 1626 3349 quod
1651 3285 1930 3334 accusent.
1963 3279 2111 3334 Bene

517 3362 703 3436 itaque
733 3362 938 3419 dicitur
971 3380 982 3418 :
1021 3363 1148 3431 Quis
1175 3369 1295 3418 ante
1323 3363 1464 3419 dedit
1499 3365 1650 3432 mihi,
1682 3370 1740 3418 ut
1767 3365 1986 3420 reddam
2020 3367 2067 3422 ei
2087 3370 2114 3424 ἵ

518 3455 603 3510 Ac
621 3452 668 3509 si
689 3459 874 3526 aperte
893 3452 1168 3510 diceretur
1187 3471 1198 3510 :
1221 3451 1311 3510 Ad
1329 3453 1666 3526 parcendum
1696 3454 1944 3526 reprobis
1962 3453 2116 3512 nulla

521 3542 734 3599 ratione
763 3543 1084 3616 compellor,
1116 3543 1246 3616 quia
1292 3543 1370 3602 eis
1402 3543 1618 3607 debitor
1653 3559 1724 3599 ex
1765 3559 1864 3599 sua
1903 3543 2118 3602 actione

523 3648 636 3690 non
655 3639 863 3690 teneor.
891 3633 1104 3692 Idcirco
1132 3635 1282 3690 enim
1303 3649 1648 3708 nequaquam
1671 3633 1908 3690 cmlestis
1926 3634 2118 3706 patriae

521 3725 749 3797 prmmia
776 3730 980 3780 aeterna
999 3723 1332 3798 percipiunt,
1359 3722 1488 3796 quia
1503 3738 1566 3780 ea
1581 3739 1736 3780 nunc
1752 3723 1884 3782 dum
1905 3741 2116 3798 prome-

521 3813 629 3870 reri
651 3821 924 3886 poterant,
954 3831 1024 3871 ex
1041 3815 1216 3872 libero
1231 3813 1462 3871 arbitrio
1477 3815 2118 3886 contempserunt.Quod

522 3903 785 3962 videlicet
812 3905 1049 3963 liberum
1077 3904 1370 3962 arbitrium
1400 3904 1422 3939 ⁸
1453 3903 1513 3960 in
1541 3904 1688 3962 bono
1715 3905 1986 3961 formatur
2014 3904 2121 3960 ele-

521 3995 646 4062 ctis,
679 4011 807 4050 cum
837 4011 1030 4051 eorum
1075 4010 1230 4050 mens
1273 4009 1304 4048 a
1345 3993 1579 4049 terrenis
1619 3993 1907 4050 desideriis
1949 3993 2123 4064 gratia

524 4081 802 4153 aspirante
835 4082 1211 4152 suspenditur.

595 4166 734 4242 [Vet.
765 4170 990 4244 XXVI.]
1041 4170 1129 4226 40.
1161 4171 1373 4226 Bonum
1413 4167 1554 4238 quod
1579 4166 1784 4238 agimus
1812 4173 1860 4223 et
1885 4167 1986 4224 Dei
2027 4175 2122 4237 est,

523 4263 572 4314 et
599 4265 864 4314 nostrum.
895 4289 965 4300 —
993 4259 1208 4314 Bonum
1245 4259 1449 4330 quippe
1478 4258 1626 4330 quod
1673 4259 1909 4332 agimus,
1941 4269 1996 4318 et
2024 4263 2125 4320 Dei

531 4355 636 4414 est,
665 4357 721 4405 et
750 4354 1006 4403 nostrum
1032 4365 1044 4402 :
1068 4348 1166 4404 Dei
1184 4364 1280 4420 per
1310 4347 1734 4420 praevenientem
1757 4351 2010 4422 gratiam,
2027 4368 2123 4408 no-

2287 1827 2459 1884 Vsus.
2489 1825 2548 1883 3.
2580 1859 2652 1869 —
2680 1829 2801 1885 Non
2823 1846 3047 1901 parcam
3090 1829 3138 1886 ei
3170 1832 3191 1866 ⁷
3223 1830 3396 1886 verbis
3418 1831 3737 1904 potentibus,
3767 1836 3817 1886 et

2213 1917 2284 1972 ad
2314 1917 2697 1988 deprecandum
2723 1919 3040 1990 compositis.

2291 2004 2432 2078 [Lee
2463 2006 2611 2062 XXI.
2635 2005 2750 2078 με.
2780 2008 2898 2074 Qua
2916 2007 3120 2062 ratione
3155 2008 3398 2064 diabolus
3419 2009 3618 2065 dicitur
3643 2011 3818 2068 Deum

2213 2098 2506 2168 deprecari.
2539 2128 2610 2139 --
2647 2097 2784 2165 Quis
2813 2097 2941 2168 hoc,
2971 2099 3117 2172 quod
3143 2101 3340 2172 legisse
3366 2117 3428 2157 se
3462 2117 3820 2174 nequaquam

2213 2190 2390 2257 novit,
2427 2189 2729 2258 existimet,
2756 2190 2888 2263 quia
2916 2192 3203 2264 culparum
3225 2208 3449 2249 suarum
3469 2193 3728 2250 diabolus
3741 2193 3822 2250 sit

2212 2279 2434 2336 veniam
2462 2280 2738 2354 petiturus
2754 2281 2782 2336 ‘2
2810 2281 2916 2338 Sed
2939 2282 3030 2338 ille
3057 2283 3287 2340 fortasse
3313 2283 3504 2352 homo,
3533 2299 3697 2356 quem
3717 2283 3818 2339 Le-

2214 2369 2444 2426 viathan
2473 2371 2578 2427 iste
2600 2370 2657 2429 in
2694 2371 2886 2427 mundi
2917 2373 3155 2428 termino
3182 2389 3282 2428 vas
3303 2372 3409 2429 sibi
3429 2371 3716 2445 proprium
3736 2373 3821 2428 fa-
3919 2419 3931 2430 .

2213 2461 2291 2518 cit
2321 2463 2362 2529 ⁸,
2394 2478 2564 2532 quem,
2613 2467 2906 2518 attestaute
2934 2461 3124 2530 Paulo,
3161 2463 3421 2518 Dominus
3465 2463 3617 2519 Iesus
3644 2463 3820 2518 inter-

2215 2550 2352 2622 ﬁciet
2369 2549 2565 2620 spiritu
2584 2550 2694 2604 oris
2733 2551 2835 2618 sui,
2857 2557 2905 2606 et
2925 2551 3154 2607 destruet
3179 2551 3538 2607 illustratione
3567 2551 3818 2606 adventus

2216 2639 2301 2693 sui
2327 2638 2425 2706 (II
2453 2639 2628 2695 Thess.
2673 2655 2737 2708 ιι,
2767 2639 2850 2710 8),
2881 2640 3108 2696 territus
3134 2647 3301 2696 tantae
3345 2639 3642 2712 majestatis
3669 2653 3817 2712 prae-

2215 2727 2552 2800 sentia,quia
2579 2743 2835 2786 exercere
2866 2730 3012 2786 vires
3041 2747 3168 2786 suas
3196 2747 3309 2786 non
3337 2731 3502 2798 valet,
3533 2730 3599 2786 ad
3629 2732 3816 2802 preces

2215 2817 2539 2875 inclinatur.
2573 2817 2731 2885 Quod
2762 2827 2948 2875 tamen
2971 2819 3039 2875 de
3067 2818 3187 2890 ejus
3213 2835 3460 2891 corpore,
3489 2819 3544 2874 id
3591 2826 3672 2874 est
3701 2818 3806 2874 ini-

2217 2907 2343 2980 quis
2372 2909 2394 2943 θ
2427 2907 2687 2963 omnibus
2718 2907 2954 2981 intelligi
2984 2909 3168 2982 aptius
3212 2917 3407 2982 potest,
3437 2907 3530 2982 qui
3575 2924 3696 2964 sero
3739 2908 3820 2965 ad

2215 2995 2550 3070 petitionum
2582 2996 2750 3053 verba
2779 2999 3032 3065 veniunt,
3065 2999 3196 3070 quia
3221 3015 3370 3056 nunc
3414 2997 3636 3068 exsequi
3667 2997 3822 3054 facta

2148 3095 2192 3155 ο
2223 3094 2609 3144 contemnunt.
2642 3088 2797 3145 Unde
2826 3104 2923 3160 per
2968 3087 3334 3161 Evangelium
3358 3087 3572 3145 Veritas
3622 3085 3763 3144 dicit
3805 3101 3818 3142 :

2220 3176 2516 3235 Novissime
2533 3177 2748 3233 veniunt
2764 3183 2812 3232 et
2838 3177 3058 3249 reliquie
3069 3177 3320 3250 virgines,
3347 3177 3570 3232 dicentes
3597 3191 3608 3230 :
3636 3175 3822 3232 Domi-

2219 3285 2306 3334 ne,
2335 3267 2581 3334 Domine,
2611 3267 2762 3338 aperi
2805 3268 2954 3323 nobis
3007 3268 3218 3339 (Matth.
3249 3285 3386 3334 xxv,
3435 3268 3550 3340 11).
3598 3265 3818 3334 Quibus

2224 3356 2376 3413 illico
2405 3355 2772 3428 respondetur
2795 3374 2806 3411 :
2832 3356 3000 3412 Amen
3019 3357 3134 3414 dico
3153 3358 3318 3423 vobis,
3333 3356 3507 3412 nescio
3533 3355 3823 3428 oos(Ibid.,

2227 3446 2341 3518 12).
2383 3446 2487 3503 Sed
2518 3463 2646 3502 cum
2676 3446 2844 3502 verba
2871 3449 3118 3519 potentia
3149 3447 3212 3504 ad
3244 3447 3650 3520 deprecandum
3679 3461 3824 3502 com-

2224 3553 2428 3610 ponere
2447 3535 2677 3606 dicitur,
2709 3545 2868 3609 urget
2897 3537 3070 3609 magis
3098 3545 3160 3594 ut
3188 3537 3334 3611 quod
3353 3537 3422 3593 de
3451 3536 3572 3610 ejus
3599 3549 3826 3610 corpore

2229 3627 2287 3684 in
2319 3628 2510 3685 futuro
2542 3627 2788 3684 diximus
2818 3627 2875 3682 in
2906 3626 3012 3684 hoc
3039 3635 3282 3700 tempore
3309 3628 3635 3685 sentiamus.

2292 3717 2438 3793 [νει.
2485 3716 2746 3792 Χχνη]
2783 3719 2972 3779 1102
2999 3715 3089 3773 43.
3122 3717 3306 3774 Irrita:
3325 3723 3452 3772 sunt
3487 3733 3668 3789 preces
3695 3733 3828 3788 quas

2222 3819 2321 3890 pia
2336 3819 2448 3874 vita
2476 3834 2584 3873 non
2605 3816 2867 3886 sequitur.
2901 3815 3188 3872 Nonnullis
3201 3815 3260 3870 in
3279 3831 3434 3870 usum
3460 3813 3830 3886 negotiationis

2229 3910 2453 3964 vertitur
2479 3907 2674 3962 oratio.
2702 3905 2888 3964 Veram
2905 3905 3203 3960 orationem
3222 3905 3447 3978 efﬁciunt
3473 3904 3651 3961 amari
3671 3903 3828 3977 gemi-

2231 4005 2334 4068 tus,
2378 4015 2486 4052 uon
2512 3996 2671 4052 verba
2701 3996 3008 4067 composita.
3027 3995 3253 4052 —Sunt
3281 4011 3520 4068 namque
3549 3995 3695 4050 intra
3707 4009 3830 4050 san-

2235 4095 2380 4144 ctam
2409 4085 2716 4142 Ecclesiam
2745 4083 3025 4152 nonnulli,
3051 4084 3147 4157 qui
3163 4085 3411 4156 prolixas
3432 4083 3499 4140 ad
3525 4083 3830 4140 Dominum

2232 4192 2421 4249 preces
2439 4175 2667 4244 habent,
2698 4172 2793 4230 sed
2819 4173 2994 4228 vitam
3023 4173 3436 4246 deprecantium
3455 4188 3565 4228 non
3595 4170 3827 4236 habent;

2231 4282 2358 4321 nam
2387 4264 2660 4338 promissa
2687 4262 2932 4318 coelestia
2961 4261 3323 4334 petitionibus
3351 4267 3670 4335 sequuntur,
3699 4273 3831 4332 ope-

2232 4355 2390 4411 ribus
2407 4353 2728 4427 fugiunt.Hi
2744 4367 3141 4424 nonnunquam
3159 4351 3322 4408 etiam
3352 4352 3626 4424 lacrymas
3641 4348 3699 4404 in
3711 4363 3833 4404 ora-

525 4443 702 4494 strum
733 4454 830 4512 per
845 4436 1237 4511 obsequentem
1261 4439 1490 4497 liberam
1512 4441 1873 4498 voluntatem.
1896 4443 1955 4499 Si
1974 4445 2122 4500 enim
2154 4459 2203 4518 ι)
2233 4445 2384 4502 tione
2431 4443 2761 4518 percipiunt,
2811 4442 2905 4498 sed
2951 4458 3078 4498 cum
3108 4449 3231 4513 post
3276 4439 3541 4497 orationis
3587 4446 3837 4509 tempora

523 4527 624 4584 Dei
644 4544 758 4585 non
785 4535 889 4593 est,
918 4527 1064 4585 unde
1092 4529 1141 4584 ei
1193 4529 1396 4602 gratias
1442 4531 1503 4586 in
1550 4538 1816 4588 aiternum
1873 4533 2136 4606 agimus?
2229 4551 2432 4608 .eorum
2465 4543 2702 4591 mentem
2750 4531 3004 4605 superbia
3049 4530 3370 4604 pulsaverit,
3402 4529 3555 4586 illico
3601 4528 3660 4584 in
3689 4526 3836 4582 fastu

525 4617 764 4675 Rursum
818 4618 864 4676 si
895 4627 1146 4677 nostrum
1186 4637 1298 4678 non
1352 4629 1455 4690 est,
1485 4623 1632 4680 unde
1683 4624 1843 4680 nobis
1901 4627 2132 4684 retribui

526 4708 755 4780 praamia
773 4724 1055 4782 speramus
1077 4711 1105 4767 ?
1128 4710 1269 4779 Quia
1296 4728 1424 4784 ergo
1467 4727 1579 4767 non
1607 4713 1890 4768 immerito
1927 4715 2131 4785 gratias

526 4797 762 4871 agimus,
794 4798 998 4856 scimus
1026 4799 1174 4874 quod
1205 4799 1323 4872 ejus
1369 4816 1596 4856 munere
1627 4801 2032 4872 praevenimur;
2076 4813 2133 4860 et

529 4889 907 4962 rursum,quia
922 4905 1031 4946 non
1058 4889 1336 4946 immerito
1356 4889 1779 4946 retributionem
1808 4891 2129 4964 quaerimus,

529 4976 738 5036 scimus
769 4981 790 5014 ⁶
819 4978 968 5052 quod
997 4979 1332 5052 obsequente
1378 4978 1556 5036 libero
1597 4979 1829 5037 arbitrio
1855 4980 2001 5038 bona
2027 4982 2130 5040 ele-

605 5208 624 5244 ¹
655 5208 916 5278 Vindoc.,
948 5213 1048 5268 Dei
1073 5212 1276 5269 enim...
1309 5213 1504 5268 donum
1533 5219 1624 5268 est.

604 5299 628 5335 ι
659 5280 920 5356 Yindoc.,
944 5285 1168 5353 Pratel.,
1199 5292 1328 5353 etc.,
1347 5301 1451 5338 non
1481 5285 1636 5356 quasi
1651 5299 1747 5338 nos
1761 5283 2128 5340 dilexerimus.

605 5367 627 5402 ε
658 5351 860 5424 Laud.,
891 5351 1160 5425 Vindoc.,
1188 5351 1412 5425 PrateL,
1468 5351 1634 5425 Utic.,
1687 5362 1796 5411 tum
1843 5356 2124 5413 subtiliter.

534 5435 658 5493 Duo
678 5427 892 5498 Germ.,
923 5429 1014 5482 ubi
1041 5429 1244 5498 quod...
1279 5435 1386 5484 tam
1425 5429 1708 5485 subtiliter.

611 5510 632 5544 ι
663 5496 860 5556 Censet
890 5496 1160 5556 Jameiius
1189 5501 1563 5572 legendum,in
1591 5501 1700 5556 suis
1740 5501 2134 5572 reprobis,pro-

575 5589 659 5638 ter
687 5573 1069 5647 Anglic._M_s_s.
1093 5571 1499 5647 auctoritatem,
1524 5573 1726 5647 quibus
1757 5571 2132 5647 consentiunt.

575 5599 659 5638 ter
687 5599 906 5644 11113110.
941 5599 1069 5630 "155.
1093 5599 1499 5641 ξιυυιυϊιιδιυιιι,
1524 5599 1726 5647 ιμιωυδ
1757 5599 2132 5628 υυιιδυιιιιωιι.

538 5599 798 5720 ε’ίηάορη
827 5643 954 5720 Val.
975 5643 1082 5711 CL,
1111 5643 1221 5700 duo
1251 5645 1434 5701 Germ.
1467 5654 1519 5703 et
1548 5645 1792 5720 plerique
1821 5659 1891 5700 ex
1910 5642 2132 5701 nostris.

610 5726 632 5761 ϐ
669 5715 784 5780 AL,
817 5716 872 5771 in
905 5718 1110 5775 bonum.

2241 4625 2496 4682 elationis
2523 4624 2929 4688 intumescunt;
2979 4637 3106 4678 cum
3136 4619 3367 4676 avaritia
3411 4618 3658 4690 instigat,
3702 4631 3834 4671 mox

2240 4731 2337 4788 per
2361 4715 2618 4773 incendia
2637 4713 2812 4770 avida
2829 4711 3178 4784 cogitationis
3196 4717 3652 4775 exaestuant;cum
3673 4706 3836 4762 luxu-

2243 4805 2325 4862 ria
2354 4803 2673 4872 tentaverit,
2696 4803 2908 4859 illicitis
2935 4802 3188 4876 protinus
3215 4789 3506 4857 desideriis
3533 4796 3836 4860 anhelant;

2239 4895 2404 4952 cumi
2412 4911 2470 4950 ra
2487 4893 2878 4960 suaserit,mox
2898 4889 3372 4950 mansuetudinem
3393 4887 3596 4944 mentis
3617 4885 3841 4940 ﬂamma

2240 4983 2469 5042 insania:
2514 4990 2845 5040 concremet.
2877 4981 2948 5038 Ut
2986 4997 3114 5054 ergo
3159 4979 3430 5047 diximus,
3461 4984 3518 5034 et
3571 4975 3735 5032 ﬂetus
3779 4971 3840 5028 in

2311 5215 2334 5249 θ
2365 5213 2612 5281 Ebroic.,
2643 5211 2875 5278 Gemet.,
2905 5212 2977 5266 al.
3009 5211 3197 5267 Norm.
3229 5217 3282 5281 et
3301 5207 3414 5281 duo
3455 5205 3668 5281 Germ.,
3698 5199 3844 5281 quod

2241 5272 2609 5360 subsequente:
2625 5284 2714 5340 Sic
2743 5272 2942 5360 legitur
2970 5279 3364 5360 in_vet._Ed.i_t._
3383 5277 3551 5360 Basil.
3584 5283 3660 5360 et.
3684 5272 3837 5360 aliis.

2313 5359 2331 5392 ⁷
2362 5347 2484 5413 Duo
2517 5358 2724 5422 Germ.,
2755 5347 2990 5422 (ἤπιοι,
3021 5353 3244 5421 Pratel.,
3277 5351 3445 5418 Utic.,
3476 5355 3524 5405 et
3549 5347 3722 5404 verbis
3749 5359 3843 5416 po-

2245 5429 2466 5486 tentibus
2493 5429 2565 5484 ad
2584 5427 2998 5500 deprecandum.
3015 5425 3228 5500 Sicque
3255 5422 3532 5494 deinceps.

2317 5502 2338 5534 ⁸
2371 5500 2515 5574 Υἱός
2541 5499 2638 5574 lib.
2659 5498 2843 5574 xxxii,
2882 5515 2939 5554 n.
3136 5567 3187 5574 __
3282 5567 3296 5574 _
3407 5567 3418 5574 _
3467 5566 3496 5574 __
3624 5564 3635 5574 α
3832 5563 3843 5572 ,

2316 5574 2336 5607 ⁰
2369 5571 2565 5638 Laud.,
2607 5564 2918 5628 hominibus.
2973 5571 3096 5630 Val.
3129 5567 3236 5636 CL,
3277 5566 3573 5624 hominibus
3612 5564 3843 5636 intelligi

2243 5643 2426 5700 altius.
