4156 6178
412 279 514 338 701

1159 273 1534 337 MOBALIUM
1570 276 1703 335 LIB.
1744 266 2004 335 XXXIII.
2044 304 2118 320 —
2154 274 2228 335 IN
2266 273 2494 333 CAPUT
2534 273 2630 331 XL
2668 273 2730 331 B.
2771 272 2915 330 JOB.

3604 277 3707 336 702

402 419 563 478 prece
599 402 929 476 percipiunt,
960 411 1014 460 et
1042 414 1246 473 tamen,
1289 403 1524 477 expletis
1560 403 1835 477 precibus,
1866 418 1993 462 cum
2024 403 2075 466 Α
2102 399 2236 459 boni
2267 398 2378 455 viri
2407 399 2466 454 in
2495 397 2575 453 eis
2604 397 2882 470 recipiunt
2909 396 3149 470 speciem
3168 413 3334 472 quam
3357 408 3566 470 amant,
3590 418 3708 474 per-

402 493 670 551 vitiorum
730 495 1074 568 suggestione
1126 496 1434 568 pulsantur,
1498 510 1844 568 nequaquam
1899 511 1998 566 pro

404 582 598 642 aeterni
630 583 780 656 regni
810 584 1081 641 desiderio
1109 601 1166 641 se
1194 584 1409 642 ﬂevisse
1426 584 1821 641 meminerunt.
1842 583 2000 652 Quod

404 681 593 745 aperte
616 670 685 729 de
712 688 769 728 se
795 672 1014 729 Balaam
1042 673 1304 744 innotuit,
1328 674 1422 748 qui
1444 672 1725 746 justorum
1750 673 1997 730 taberna-

401 762 529 820 cula
541 762 901 836 conspiciens,
931 765 1007 820 ait
1040 783 1051 820 :
1078 766 1349 823 Moriatur
1377 766 1559 821 anima
1581 783 1695 821 mea
1723 771 1891 820 morte
1910 764 2000 835 ju-

402 857 630 919 storum,
663 858 710 907 et
744 854 877 924 ﬁant
902 854 1187 910 novissima
1219 872 1333 910 mea
1361 856 1547 910 horum
1577 855 1783 910 similia
1813 854 1997 926 (Num.

401 959 573 1011 χχιιι,
599 943 711 1014 10).
730 943 835 999 Sed
855 961 981 1002 cum
1001 946 1442 1017 compunctionis
1460 952 1673 1019 tempus
1715 945 1998 1015 abscessit,

402 1039 603 1090 contra
629 1048 820 1089 eorum
876 1035 1045 1090 vitam
1079 1034 1281 1107 quibus
1315 1052 1371 1092 se
1413 1035 1652 1092 similem
1684 1034 1803 1091 ﬁeri
1834 1036 2000 1091 etiam

404 1120 693 1180 moriendo
736 1130 1079 1196 poposcerat,
1122 1124 1419 1181 consilium
1458 1125 1694 1197 praebuit
1726 1142 1739 1191 ;
1774 1132 1828 1180 et
1873 1139 2000 1180 cum

405 1212 747 1271 occasionem
799 1211 864 1269 de
916 1211 1148 1269 avaritia
1193 1215 1417 1286 reperit,
1468 1214 1619 1271 illico
1669 1213 1877 1270 oblitus
1920 1221 2001 1269 est

403 1300 675 1375 quidquid
701 1301 805 1357 sibi
835 1301 902 1358 de
932 1302 1246 1360 innocentia
1276 1304 1508 1376 optavit.
1560 1303 1803 1361 Virtutis
1833 1303 2003 1375 igitur

404 1391 621 1467 pondus
641 1393 816 1447 oratio
845 1408 956 1448 non
978 1392 1160 1463 habet,
1185 1410 1349 1466 quam
1371 1410 1716 1467 nequaquam
1738 1408 2005 1465 perseve-

403 1482 583 1539 rantia
628 1481 879 1537 continui
925 1482 1129 1538 amoris
1156 1490 1325 1539 tenet.
1373 1483 1492 1551 Quo
1534 1489 1726 1539 contra
1753 1481 1891 1537 bene
1937 1481 2005 1537 de

354 1618 363 1625 ς
405 1573 566 1629 Anna
592 1570 756 1628 ﬂente
786 1570 1108 1643 perhibetur
1131 1590 1142 1627 :
1186 1574 1469 1645 Vultusque
1488 1573 1603 1642 ejus
1629 1589 1735 1627 non
1754 1578 1876 1626 sunt
1894 1588 2005 1626 am-

400 1664 549 1737 plius
577 1663 636 1717 in
663 1662 874 1718 diversa
900 1662 1094 1719 mutati
1110 1664 1175 1735 (Ι
1207 1665 1331 1735 Reg.
1365 1681 1403 1730 ι,
1438 1663 1551 1735 18),
1584 1662 1714 1735 quia
1742 1660 2007 1718 videlicet

406 1769 561 1810 mens
591 1750 710 1825 ejus
730 1768 1074 1826 nequaquam
1105 1761 1226 1826 post
1245 1769 1430 1825 preces
1458 1754 1644 1824 inepta
1669 1750 1861 1806 laetitia
1888 1751 2007 1806 las-

407 1842 661 1902 civiendo
689 1841 952 1914 perdidit,
985 1841 1132 1915 quod
1158 1841 1425 1898 orationis
1444 1858 1556 1897 suae
1573 1849 1818 1913 tempore
1836 1840 2007 1912 gemi-

414 1946 564 1994 tuum
598 1938 613 1971 ι
645 1935 825 2008 rigore
850 1935 1173 2008 exquisivit.
1190 1933 1486 1991 Nonnullis
1507 1950 1637 1989 vero
1654 1933 1713 1988 in
1734 1949 1897 1989 usum
1919 1948 2013 1987 ne-

409 2026 730 2099 gotiationis
775 2025 1012 2082 vertitur
1054 2025 1211 2082 labor
1257 2024 1542 2081 orationis.
1592 2026 1672 2080 De
1719 2022 1921 2095 quibus
1950 2021 2011 2076 in

406 2115 706 2187 Evangelio
733 2113 949 2171 Veritas
977 2114 1113 2171 dicit
1145 2133 1157 2169 :
1190 2114 1461 2170 Devorant
1501 2113 1681 2167 domos
1722 2112 2014 2167 viduarum

408 2206 502 2263 sub
531 2206 739 2261 obtentu
770 2204 1002 2275 prolixae
1026 2205 1305 2261 orationis.
1355 2204 1428 2259 Hi
1458 2204 1716 2275 accipient
1736 2201 2014 2274 prolixius

399 2296 665 2367 judicium
680 2295 881 2366 (Marc.
913 2311 1016 2361 χιι,
1056 2294 1171 2366 40).
1203 2294 1345 2362 Quia
1372 2310 1499 2367 ergo
1520 2292 1840 2366 iniquorum
1860 2292 2016 2365 peti-

408 2384 662 2443 tionibus
683 2384 778 2458 qui
798 2383 1101 2439 Leviathan
1123 2383 1284 2441 istius
1301 2400 1501 2455 corpus
1521 2391 1651 2440 sunt
1668 2383 1826 2439 nullo
1846 2382 2015 2438 modo

411 2476 684 2552 parcitur,
712 2490 841 2531 cum
857 2489 1047 2529 eorum
1077 2489 1263 2544 preces
1277 2490 1439 2546 opere
1454 2474 1838 2541 destruantur,
1869 2480 2016 2531 recte

414 2579 571 2621 nunc
600 2561 836 2619 dicitur:
871 2562 991 2617 Non
1016 2579 1239 2633 parcam
1265 2563 1311 2617 ei
1343 2563 1513 2617 verbis
1544 2561 1842 2634 potentibus
1871 2569 1918 2618 et
1945 2563 2017 2619 ad

417 2651 806 2724 deprecandum
834 2652 1149 2723 compositis.
1182 2651 1204 2685 ³
1242 2650 1504 2719 Quamvis
1531 2660 1585 2707 et
1613 2668 1709 2725 per
1738 2650 1843 2709 hoc
1870 2652 2016 2727 quod

415 2739 588 2796 verba
616 2739 864 2812 potentia
889 2746 943 2795 et
985 2739 1054 2795 ad
1088 2738 1488 2811 deprecandum
1532 2740 1836 2812 composita
1866 2742 2019 2797 refe-

412 2836 638 2896 runtur,
657 2836 843 2900 aperte
860 2828 1097 2885 inanitas
1110 2828 1374 2884 orationis
1389 2828 1714 2886 ostenditur.
1737 2831 2018 2887 Veraciter

414 2933 655 2990 namque
683 2933 856 2985 orare,
881 2925 962 2974 est
989 2933 1204 2974 amaros
1225 2917 1283 2973 in
1312 2918 1736 2990 compunctione
1756 2921 2016 2992 gemitus,

414 3015 468 3064 et
520 3023 633 3063 non
673 3006 978 3079 composita
1020 3006 1189 3063 verba
1228 3022 1501 3063 resonare.
1549 3010 1689 3080 ιγει.
1721 3010 1824 3065 XX
1837 3011 1964 3067 νη]
1975 3009 2014 3084 .]

2108 491 2333 546 mistum
2364 496 2589 545 sumant
2617 486 2784 543 etiam
2807 486 2959 542 virus
2980 487 3128 560 quod
3148 487 3350 545 vitant.
3374 489 3527 547 Unde
3550 507 3708 564 quos-

2107 581 2233 637 dam
2252 580 2456 636 Paulus
2475 579 2754 651 apostolus
2770 577 2990 633 intuens
3008 578 3111 634 sub
3131 579 3541 650 praedicationis
3567 583 3711 637 vela-

2111 669 2257 724 mine
2281 667 2492 723 ventris
2517 666 2702 722 studio
2722 665 3048 735 servientes,
3079 667 3157 722 ait
3181 685 3192 722 :
3225 668 3343 738 Ipse
3364 670 3502 723 enim
3532 671 3708 726 Sata-

2109 775 2206 813 nas
2233 759 2581 829 transﬁgurat
2607 772 2659 811 se
2688 755 2743 810 in
2770 755 3013 825 angelum
3045 755 3177 811 lucis
3194 755 3291 825 (II
3319 755 3445 811 Cor.
3477 772 3557 823 x1,
3595 757 3709 829 I4).

2110 847 2256 916 Quid
2284 864 2411 920 ergo
2427 847 2629 901 mirum
2652 846 2700 901 si
2726 845 2966 901 ministri
2998 843 3114 916 ejus
3135 844 3594 916 transﬁgurantur
3620 864 3710 903 ve-

2108 938 2193 992 lut
2222 934 2461 991 ministri
2477 933 2709 1005 justitiae
2730 933 2758 989 ‘l
2798 934 2950 989 Hanc
2994 932 3527 1005 transﬁgurationem
3550 935 3713 991 Josue

2110 1025 2322 1094 timuit,
2357 1023 2579 1098 quando
2633 1022 2827 1079 videns
2857 1022 3134 1093 angelum,
3173 1020 3330 1093 cujus
3360 1029 3498 1077 esset
3545 1023 3716 1095 partis

2113 1115 2426 1188 inquisivit,
2446 1113 2635 1169 dicens
2657 1130 2668 1167 :
2694 1114 2884 1170 Noster
2899 1129 2971 1179 es,
2988 1128 3060 1167 an
3074 1112 3511 1167 adversariorum
3528 1114 3717 1184 (Iosue

2112 1223 2171 1274 v,
2204 1204 2301 1276 13)
2321 1204 2348 1260 Ῡ
2369 1211 2431 1259 ut
2459 1202 2717 1258 videlicet
2740 1202 2787 1258 si
2815 1202 3063 1258 adversae
3080 1202 3310 1259 virtutis
3329 1210 3487 1270 esset,
3506 1218 3570 1257 eo
3597 1203 3716 1275 ipso

2112 1311 2221 1368 quo
2250 1311 2309 1350 se
2338 1300 2656 1365 suspectum
2684 1299 3055 1365 cognosceret,
3077 1292 3145 1348 ab
3170 1291 3429 1348 illusione
3458 1292 3714 1350 resiliret.

2112 1383 2253 1452 Quia
2284 1399 2415 1455 ergo
2446 1381 2749 1438 Leviathan
2780 1382 2882 1439 iste
2901 1381 2961 1437 in
2982 1397 3045 1437 eo
3076 1382 3227 1454 quod
3254 1381 3567 1455 iniquitatis
3581 1398 3718 1455 opus

2114 1473 2368 1543 molitur,
2401 1490 2541 1545 saepe
2571 1474 2591 1507 δ
2623 1473 2805 1545 specie
2834 1472 3142 1529 sanctitatis
3189 1471 3478 1537 induitur;
3510 1480 3565 1528 et
3593 1471 3723 1544 quia

2113 1565 2221 1621 nisi
2252 1582 2346 1638 per
2376 1564 2626 1620 divinam
2650 1563 2881 1636 gratiam
2904 1561 3278 1618 simulationis
3302 1560 3421 1634 ejus
3436 1560 3614 1633 detegi
3634 1560 3719 1616 in-

2114 1654 2377 1711 dumenta
2404 1671 2517 1711 non
2548 1662 2798 1727 possunt,
2833 1654 2971 1709 bene
2999 1651 3205 1708 dicitur
3240 1670 3252 1707 :
3300 1650 3427 1719 Quis
3466 1649 3727 1704 reuelabit

2033 1770 2081 1831 Β
2112 1743 2303 1814 [aciem
2329 1743 2620 1799 indumenti
2646 1742 2802 1811 ejus?
2831 1741 3104 1798 Subaudis
3125 1739 3233 1796 nisi
3264 1756 3383 1811 ego,
3414 1738 3508 1811 qui
3529 1753 3712 1795 servo-

2120 1849 2244 1888 rum
2293 1847 2540 1887 meorum
2562 1830 2840 1887 mentibus
2863 1830 3095 1901 gratiam
3127 1827 3503 1883 subtilissima:
3524 1824 3722 1882 discre-

2121 1922 2289 1980 tionis
2319 1922 2550 1994 inspiro,
2571 1928 2633 1976 ut
2656 1920 2895 1976 revelata
2924 1918 3138 1976 malitia
3155 1918 3351 1975 faciem
3373 1917 3492 1989 ejus
3512 1916 3723 1972 nudam

2120 2012 2373 2080 videant,
2410 2028 2573 2085 quam
2605 2018 2921 2082 coopertam
2946 2010 3039 2065 ille
3068 2009 3171 2065 sub
3201 2006 3400 2063 habitu
3420 2003 3726 2074 sanctitatis

2122 2101 2382 2159 occultat.
2406 2102 2478 2156 Et
2508 2100 2637 2174 quia
2654 2099 2950 2173 aliquando
2978 2098 3228 2156 ﬁdelium
3250 2104 3459 2152 mentes
3479 2111 3724 2153 corrum-

2122 2206 2249 2263 pere
2277 2189 2587 2245 ostensione
2622 2205 2740 2257 sua,
2775 2186 3071 2262 aliquando
3114 2186 3459 2258 suggestione
3487 2191 3720 2241 conatur

2127 2279 2261 2352 (agit
2294 2279 2442 2335 enim
2486 2277 2649 2335 modo
2682 2293 2865 2351 opere,
2917 2274 3080 2332 modo
3110 2274 3355 2348 persuasi
3384 2273 3514 2345 me),
3577 2279 3723 2329 recte

2123 2367 2480 2443 subjungitur
2499 2386 2510 2425 :

2700 2475 2927 2536 CAPUT
2958 2477 3139 2535 XXV.

2193 2586 2332 2643 Iern.
2363 2616 2435 2627 —
2455 2587 2529 2642 Et
2548 2586 2605 2640 in
2632 2585 2862 2641 medium
2888 2584 3001 2639 oris
3019 2585 3134 2656 ejus
3163 2582 3282 2656 quis
3319 2580 3585 2638 intrabit?

2195 2675 2284 2732 45.
2315 2676 2459 2732 Deus
2487 2676 2656 2731 electis
2685 2674 3028 2732 calliditatem
3051 2674 3163 2744 ejus
3183 2674 3398 2742 revelat.
3428 2702 3500 2712 —
3519 2669 3726 2727 Subau-

2126 2764 2212 2821 dis
2239 2765 2349 2821 nisi
2377 2781 2496 2838 ego,
2529 2765 2624 2839 qui
2644 2781 2741 2838 per
2760 2765 3021 2822 discretas
3040 2763 3342 2820 electorum
3362 2767 3573 2817 mentes
3602 2776 3730 2832 sug-

2126 2854 2434 2927 gestionum
2461 2854 2578 2927 ejus
2611 2855 2777 2912 verba
2790 2854 3052 2924 discutio,
3077 2861 3131 2910 et
3154 2869 3267 2910 non
3294 2852 3374 2909 ita
3394 2851 3510 2908 haec
3527 2866 3645 2906 esse
3666 2856 3728 2906 ut

2126 2954 2430 3001 sonuerunt
2459 2945 2772 3001 manifesto.
2805 2946 3019 3000 Bonum
3048 2959 3287 3015 namque
3318 2940 3579 2996 videntur
3608 2955 3728 3010 pro-

2126 3035 2368 3102 mittere,
2399 3034 2494 3090 sed
2521 3033 2591 3089 ad
2614 3033 2893 3105 perditum
2923 3032 3090 3087 finem
3121 3030 3367 3087 trahunt.
3399 3030 3463 3085 In
3484 3026 3728 3084 medium

414 3095 519 3154 sed
543 3096 675 3194 quia
703 3095 1160 3197 antiqu‘ﬁhftslis
1182 3112 1290 3171 quo
1307 3096 1614 3197 dis"
1632 3097 2013 3197 fraPBi‘ngeo
2049 3136 2095 3197 α
2128 3122 2298 3195 igitur
2318 3095 2430 3179 oris
2451 3122 2568 3196 ejus
2584 3095 2791 3178 intrare
2811 3129 2893 3179 est
2907 3120 3226 3178 calliditatis
3245 3119 3366 3192 ejus
3381 3117 3548 3175 verba
3561 3133 3722 3190 pene-

415 3186 650 3259 nequius
680 3201 775 3258 per
818 3184 1153 3257 multiplicia
1192 3193 1512 3258 argumenta
1539 3186 1822 3257 dilatatur,
1854 3188 2013 3261 cujus

416 3281 600 3330 tamen
630 3272 864 3331 insidias
907 3275 1178 3332 Dominus
1222 3284 1426 3348 quanto
1455 3274 1715 3333 subtilius
1745 3278 2015 3334 occultari

418 3363 744 3432 considerat,
768 3370 924 3420 tanto
954 3364 1115 3421 nobis
1134 3365 1547 3423 misericordias
1564 3367 1900 3436 manifestat,
1931 3384 2014 3424 re-

418 3460 504 3512 cte
532 3453 919 3527 subjungitur:

798 3595 1025 3654 CAPUT
1054 3595 1242 3654 XXIV
1274 3594 1418 3668 [Rea
1450 3596 1657 3670 XXII].

492 3711 662 3769 Vens.
697 3711 782 3768 I4.
805 3742 877 3752 —
908 3709 1038 3779 Quis
1064 3710 1317 3767 reuelabit
1344 3710 1534 3782 faciem
1565 3712 1854 3767 indumenti
1884 3714 1912 3768 ?

492 3801 580 3859 44.
627 3804 794 3860 Satan
838 3801 999 3858 aliter
1042 3800 1319 3873 religiosas
1366 3807 1577 3870 mentes,
1625 3803 1784 3858 aliter
1823 3803 2019 3858 mundo

423 3892 626 3949 deditas
656 3899 836 3949 tentat.
861 3923 932 3933 —
966 3891 1270 3948 Leviathan
1301 3892 1403 3949 iste
1432 3893 1593 3949 aliter
1620 3893 1901 3967 religiosas
1925 3893 2020 3949 ho-

427 3983 641 4040 minum
673 3991 903 4052 mentes,
933 3982 1096 4038 aliter
1124 3997 1255 4038 vero
1285 3981 1417 4039 huic
1447 3982 1655 4039 mundo
1676 3982 1886 4040 deditas
1905 3991 2023 4039 ten-

425 4078 535 4139 tat;
567 4087 695 4126 nam
724 4070 910 4144 pravis
936 4070 1081 4141 mala
1109 4085 1229 4142 quae
1259 4069 1572 4127 desiderant
1595 4081 1777 4144 aperte
1803 4071 2021 4143 objicit,

427 4161 586 4218 bonis
610 4168 793 4218 autem
822 4160 1054 4217 latenter
1072 4160 1362 4231 insidians,
1388 4162 1489 4218 sub
1511 4163 1691 4234 specie
1709 4161 2026 4219 sanctitatis

428 4252 635 4309 illudit.
670 4251 786 4307 Illis
805 4249 958 4305 velut
987 4248 1354 4306 familiaribus
1374 4251 1489 4306 suis
1518 4251 1771 4324 iniquum
1794 4267 1850 4307 se
1867 4254 1887 4287 ³
1912 4268 2025 4307 ma-

431 4340 685 4396 nifestius
696 4339 966 4406 insinuat;
988 4337 1108 4394 istis
1124 4353 1255 4394 vero
1270 4339 1421 4394 velut
1441 4341 1720 4395 extraneis
1739 4341 2025 4413 cujusdam

431 4431 586 4505 quasi
616 4429 919 4487 honestatis
950 4436 1219 4502 praetextu
1249 4443 1304 4483 se
1334 4428 1541 4500 palliat,
1565 4436 1627 4484 ut
1644 4431 1785 4485 mala
1807 4447 1925 4504 quae
1948 4431 2026 4488 eis

430 4499 650 4593 publice
680 4534 793 4575 non
809 4499 975 4586 valet,
996 4524 1142 4573 tecta
1161 4517 1316 4572 bonae
1338 4499 1570 4573 actionis
1599 4499 1871 4575 velamine
1892 4520 2031 4576 sub-
2058 4499 2108 4558 D

432 4609 785 4666 intromittat.
819 4607 975 4664 Unde
1006 4615 1061 4662 et
1089 4605 1335 4662 membra
1365 4604 1482 4677 ejus
1514 4623 1655 4679 szepe
1684 4624 1810 4664 cum
1840 4618 2028 4683 aperta

434 4700 683 4774 nequitia
715 4713 911 4757 nocere
938 4714 1046 4755 non
1076 4704 1323 4770 possunt,
1346 4696 1503 4752 bonae
1523 4698 1755 4755 actionis
1777 4699 2026 4757 habitum

435 4797 691 4858 sumunt;
727 4791 747 4825 δ
778 4797 832 4845 et
862 4804 1031 4861 prava
1060 4786 1282 4861 quidem
1328 4802 1384 4842 se
1414 4802 1575 4859 opere
1616 4787 1902 4857 exhibent,
1934 4790 2029 4846 sed

435 4893 622 4943 sancta
649 4885 832 4959 specie
860 4884 1225 4940 mentiuntur.
1259 4883 1441 4956 Iniqui
1459 4882 1607 4938 enim
1625 4883 1670 4939 si
1691 4893 1873 4957 aperte
1896 4885 2028 4942 mali

436 4981 636 5043 essent,
671 4991 703 5030 a
730 4973 893 5030 bonis
921 4972 1093 5045 recipi
1123 4971 1352 5027 omnino
1383 4988 1493 5027 non
1524 4980 1744 5044 possent
1770 4991 1782 5039 ;
1816 4973 1910 5030 sed
1942 4990 2031 5030 su-

438 5071 599 5121 munt
627 5062 840 5137 aliquid
878 5061 947 5118 de
994 5060 1209 5117 visione
1242 5060 1537 5130 bonorum,
1577 5066 1765 5124 1103
1795 5069 1855 5117 ut
1896 5061 2029 5118 dum

520 5253 534 5286 ¹
567 5250 768 5319 Laud.,
802 5250 926 5307 Val.
955 5248 1061 5318 Cl.,
1084 5248 1282 5306 Pratel.
1307 5257 1360 5305 et
1386 5248 1496 5305 duo
1530 5248 1739 5318 Germ.,
1770 5249 1919 5321 rigor
1946 5266 2035 5305 ex-

476 5323 677 5379 uisivit.

476 5341 677 5379 umvit.

439 5341 472 5396 ᾳ
518 5396 538 5429 ³
557 5396 640 5451 lta
667 5411 738 5451 ex
773 5392 1032 5450 omnibus
1060 5390 1262 5448 nostris
1289 5392 1417 5447 Mss.
1442 5390 1847 5447 restituendum
1874 5391 2035 5448 duxi-

442 5483 588 5534 mus,
619 5484 741 5539 cum
774 5466 927 5539 prius
955 5466 1243 5539 legeretur,
1273 5463 1400 5533 quia
1426 5468 1478 5539 _e_t
1498 5479 1596 5533 per
1625 5462 1736 5520 hoc.

454 5570 470 5575 -
514 5540 536 5573 ³
562 5538 736 5594 Laud.
769 5534 824 5594 et
852 5534 1256 5602 Corb.‘Germ.,
1288 5534 1618 5604 manifestus.

516 5610 539 5645 ‘
579 5609 799 5666 Ebroic.
833 5608 1038 5681 aliique
1070 5608 1286 5681 Norm.,
1313 5612 1362 5661 et
1393 5623 1657 5681 pravos...
1698 5605 1788 5662 sed
1810 5613 2035 5662 sanctos.

444 5681 569 5740 Val.
601 5681 710 5750 (11.,
740 5688 789 5737 et
811 5677 988 5752 prava
1016 5679 1227 5752 quidem
1253 5677 1424 5752 opere,
1459 5677 1662 5752 omisso
1681 5694 1753 5734 se.

518 5754 541 5790 ⁵
572 5746 774 5825 Laud.,
804 5746 1041 5828 Speciem"
1059 5746 1354 5810 sanctitatis
1380 5746 1645 5822 induitur,
1673 5746 2041 5824 quemadmo-

2122 3219 2289 3279 trare,
2325 3222 2388 3269 ut
2414 3228 2761 3286 nequaquam
2778 3218 3037 3284 pensetur
3052 3209 3186 3283 quid
3202 3215 3481 3274 resonant,
3506 3206 3602 3263 sed
3620 3222 3729 3280 quo

2123 3302 2432 3359 intendant.
2469 3304 2680 3361 Intrare
2707 3302 2886 3359 Adam
2912 3302 2971 3357 in
3002 3299 3249 3356 medium
3278 3298 3389 3356 oris
3417 3297 3535 3371 ejus
3566 3300 3587 3332 ⁶
3620 3313 3729 3354 no-

2125 3392 2252 3461 luit,
2300 3392 2522 3465 quando
2565 3392 2931 3450 intentionem
2960 3390 3331 3464 persuasionis
3383 3387 3535 3443 illius
3573 3392 3730 3444 caute

2126 3500 2352 3557 pensare
2384 3483 2629 3555 neglexit
2660 3501 2675 3551 ;
2706 3480 3062 3538 divinitatem
3084 3480 3288 3554 quippe
3310 3481 3328 3515 7
3361 3494 3419 3533 se
3446 3493 3541 3549 per
3570 3476 3730 3532 illum

2126 3575 2371 3646 accipere
2390 3573 2648 3640 credidit,
2668 3580 2724 3628 et
2757 3573 2777 3606 ³
2807 3571 3282 3627 immortalitatem
3302 3566 3492 3624 amisit
3513 3565 3726 3637 (Genes.

2128 3664 2239 3734 ιιι).
2271 3662 2426 3719 Unde
2454 3678 2587 3733 ergo
2617 3659 2684 3716 ab
2715 3660 3002 3717 intellectu
3032 3656 3328 3713 verborum
3357 3652 3476 3727 ejus
3505 3653 3727 3709 incaute

2129 3750 2371 3808 exterius
2384 3749 2555 3816 stetit,
2575 3747 2703 3804 inde
2723 3765 2780 3804 se
2799 3748 2882 3804 ori
2904 3745 3056 3802 illius
3076 3742 3453 3801 devorandum
3473 3740 3729 3796 funditus

2130 3840 2386 3914 praebuit.
2417 3840 2682 3912 Sequitur
2698 3855 2710 3894 :

2493 3958 2720 4023 CAPUT
2750 3962 2937 4022 XXVI
2977 3958 3121 4035 meo.
3144 3954 3382 4029 XXIII].

2204 4078 2374 4135 Vens.
2407 4076 2460 4133 5.
2491 4106 2562 4118 -—
2591 4077 2787 4132 Portus
2818 4073 2994 4128 vultus
3022 4069 3133 4142 ejus
3163 4068 3281 4141 quis
3308 4062 3558 4140 aperiet?

2202 4168 2292 4226 46.
2323 4169 2502 4226 Porta:
2533 4166 2823 4223 Leviathan
2845 4160 3418 4237 pseudoprcedicatores
3447 4156 3737 4229 appellan-

2136 4266 2243 4318 tur.
2276 4259 2387 4315 Has
2414 4257 2673 4313 Dominus
2701 4254 2892 4330 aperit,
2914 4253 3194 4324 magistros
3224 4264 3473 4306 errorum
3500 4245 3740 4317 manife-

2136 4350 2345 4407 stando.
2372 4379 2443 4390 —
2462 4349 2637 4404 Portae
2660 4347 2850 4403 vultus
2865 4341 2984 4415 ejus
2998 4347 3127 4397 sunt
3151 4338 3331 4413 iniqui
3346 4337 3619 4406 doctores,
3644 4336 3738 4409 qui

2140 4439 2347 4497 idcirco
2377 4447 2549 4511 portae
2579 4438 2766 4493 vultus
2788 4434 2907 4506 ejus
2938 4431 3117 4489 vocati
3138 4438 3288 4499 sunt,
3320 4428 3448 4502 quia
3467 4443 3562 4502 per
3592 4426 3741 4499 ipsos
3826 4444 3843 4452 κ

2141 4530 2381 4603 quisque
2419 4526 2748 4599 ingreditur,
2780 4532 2843 4580 ut
2872 4522 3178 4579 Leviathan
3199 4520 3299 4578 iste
3327 4518 3482 4593 quasi
3514 4517 3571 4572 in
3591 4522 3739 4589 pote-

2139 4618 2295 4676 statis
2324 4634 2435 4673 suae
2458 4616 2772 4690 principatu
2793 4613 3065 4669 videatur.
3095 4612 3248 4668 Sicut
3275 4609 3422 4664 enim
3454 4608 3741 4679 Scriptura

2136 4724 2289 4765 sacra
2323 4714 2540 4764 sanctos
2592 4705 2741 4761 viros
2788 4710 2975 4777 portas
3028 4702 3164 4757 Sion
3210 4714 3405 4754 vocare
3450 4692 3740 4754 consuevit

2140 4800 2295 4873 (Sion
2323 4799 2523 4873 quippe
2546 4795 2857 4871 speculatio‘
2898 4794 3316 4864 interpretatur,
3339 4796 3392 4842 et
3414 4801 3523 4840 non
3546 4784 3740 4873 imme-

2138 4868 2245 4946 rito
2275 4868 2660 4962 praedicatores
2691 4892 2909 4942 sanctos
2948 4888 3131 4955 portas
3161 4876 3291 4932 Sion
3320 4874 3580 4940 dicimus,
3612 4868 3742 4942 quia

2138 4996 2235 5054 per
2263 4995 2453 5051 eorum
2475 4977 2645 5033 vitam
2665 4984 2827 5048 atque
2856 4970 3168 5028 doctrinam
3194 4962 3516 5054 abscondita
3545 4975 3733 5054 super-

2142 5048 2225 5123 nae
2245 5048 2731 5138 contemplationis
2743 5056 3060 5128 intramus),
3080 5054 3157 5109 ita
3170 5050 3335 5108 etiam
3357 5050 3530 5125 portis
3545 5048 3737 5106 Levia-

2145 5241 2276 5312 dum
2308 5241 2366 5296 in
2398 5240 2537 5295 Psal.
2569 5254 2705 5314 χρη,
2726 5238 2774 5305 1,
2799 5236 3032 5314 decorem
3051 5230 3270 5314 indutus
3292 5233 3382 5284 est.
3408 5227 3583 5295 Quam
3599 5240 3744 5283 con-

2145 5306 2502 5370 structionem
2532 5308 2763 5382 probant
2790 5306 2987 5379 optimi
3012 5306 3322 5375 scriptores.

2218 5388 2240 5421 θ
2282 5385 2422 5441 Male
2460 5371 2704 5437 in'Edit.
2750 5371 2862 5435 vet.
2904 5384 2958 5432 et
2988 5371 3222 5440 recent.,
3251 5374 3435 5430 voluit.
3468 5371 3738 5428 Gussanv.

2146 5465 2329 5514 tamen
2361 5456 2509 5511 hunc
2537 5468 2776 5509 errorem
2806 5448 3142 5506 emendavit.

2219 5530 2238 5564 ⁷
2274 5524 2885 5597 Gemet.,super_illu_m.
2950 5592 2975 5597 Α
3178 5590 3223 5597 __
3454 5596 3459 5597 ί
3613 5594 3621 5597 Α
3658 5587 3666 5597 .

2221 5602 2242 5636 ⁸
2264 5590 2524 5666 νὶιιάοοξ,
2556 5590 2733 5653 Laud.
2750 5638 2767 5664 ,
2797 5594 2907 5652 duo
2936 5592 3149 5661 Germ.,
3176 5590 3390 5661 Norm.,
3414 5596 3519 5648 etc.
3528 5631 3545 5661 ,
3574 5594 3629 5645 et
3648 5590 3740 5651 inp

2147 5671 2490 5730 mortalitatis
2517 5667 2769 5744 gratiam.
