4156 6178
395 285 497 342 703

1593 274 1842 335 SANCTI
1883 275 2223 336 GREGOBII
2259 279 2487 338 MAGNI

3601 283 3706 341 704

392 408 526 465 than
552 404 714 462 istius
732 417 981 460 errorum
1004 401 1251 476 magistri
1265 402 1574 476 signantur,
1601 418 1840 475 quorum
1860 402 1994 459 dum
2024 405 2074 465 Α
2102 403 2269 460 etiam
2296 403 2556 460 inﬁrmus
2583 403 2888 460 Leviathan
2916 403 3076 461 istius
3101 404 3294 462 dentes
3315 420 3427 460 non
3450 404 3708 480 despice-

395 493 711 571 przedicatio
757 509 1011 566 perversa
1051 493 1338 565 recipitur,
1381 491 1598 547 miseris
1643 491 1990 548 auditoribus

393 587 485 643 via
516 583 842 658 perditionis
870 583 1132 656 aperitur.
1165 582 1269 640 Sed
1296 591 1467 655 portae
1497 583 1615 638 istae
1645 589 1771 638 ante
1803 583 1990 640 oculos

392 675 680 732 hominum
701 675 1024 746 plerumque
1039 673 1105 728 ad
1124 671 1581 730 introducendum
1601 671 1822 744 quidem
1841 688 1989 744 aper-

391 775 464 822 tae
484 772 634 832 sunt,
661 763 754 820 sed
781 771 964 819 tamen
984 763 1050 818 ad
1071 761 1591 835 deprehendendum
1613 762 1832 830 clausae,
1861 761 1991 834 quia

391 863 540 912 recta
583 854 640 910 in
672 853 851 926 specie
879 852 1166 920 exhibent,
1210 851 1303 908 sed
1349 867 1511 924 opere
1543 867 1709 923 prava
1755 867 1989 923 persua-

393 945 543 1001 dent.
577 944 663 1000 Ad
692 941 1209 1016 deprehendendum
1231 958 1357 1012 ergo
1386 942 1585 998 clausae
1600 948 1750 1008 sunt,
1775 941 1902 1014 quia
1922 957 1990 995 ne

395 1033 730 1090 intrinsecus
765 1031 1018 1105 cognosci
1057 1032 1296 1098 valeant,
1332 1029 1591 1086 exteriori
1637 1029 1990 1084 simulatione

395 1125 742 1180 muniuntur.
775 1121 920 1189 Quas
949 1129 1133 1176 tamen
1155 1119 1295 1174 mira
1313 1118 1556 1190 potentia
1572 1117 1842 1174 Dominus
1867 1134 1982 1190 ape-

394 1213 488 1281 rit,
521 1213 650 1285 quia
679 1211 866 1268 electis
895 1211 1011 1266 suis
1029 1207 1450 1281 hypocritarum
1482 1215 1694 1263 mentes
1722 1224 1991 1280 compre-

395 1299 691 1356 hensibiles
710 1299 860 1354 facit.
879 1299 1074 1354 Portas
1093 1313 1220 1369 ergo
1236 1298 1412 1352 vultus
1431 1296 1547 1367 ejus
1565 1296 1684 1368 quis
1709 1299 1722 1331 ¹
1747 1296 1988 1368 aperiet?

394 1387 666 1446 Subaudis
693 1388 800 1444 nisi
853 1405 974 1460 ego,
1005 1387 1103 1460 qui
1131 1387 1320 1443 electis
1350 1386 1488 1442 meis
1523 1385 1814 1458 magistros
1843 1399 1990 1440 erro-

393 1493 518 1534 rum
548 1476 650 1532 sub
679 1476 860 1550 specie
896 1477 1204 1534 sanctitatis
1245 1475 1595 1532 absconditos
1629 1481 1822 1537 1104
1852 1490 1988 1546 per-

395 1573 581 1646 spicua
610 1573 923 1644 cognitione
972 1571 1280 1627 manifesto.
1317 1573 1385 1627 Et
1432 1571 1562 1644 quia
1609 1569 1988 1626 Antichristus

2099 501 2200 562 ret,
2233 494 2279 550 si
2310 511 2422 550 non
2438 511 2532 550 eos
2559 511 2657 568 per
2685 493 2978 550 circuitum
3003 501 3334 566 potestatum
3353 496 3706 554 saecularium

2101 593 2275 640 terror
2305 585 2593 642 muniret?
2645 585 2750 642 Sed
2779 585 2988 658 duplici
3038 595 3230 642 contra
3272 603 3364 644 eos
3401 588 3710 646 calliditate

2099 675 2302 746 agitur,
2331 675 2462 747 quia
2510 675 2659 748 quod
2707 674 2786 730 eis
2815 675 2884 731 ab
2906 675 3030 731 aliis
3061 675 3246 732 verbis
3292 677 3710 735 blandientibus

2100 765 2326 834 dicitur,
2359 765 2464 822 hoc
2493 765 2560 822 ab
2593 766 2718 821 aliis
2739 767 2936 838 gladiis
2959 767 3291 824 ferientibus
3321 771 3343 805 ⁸
3384 770 3706 844 imperatur.

2099 853 2230 920 Quae
2259 861 2620 926 utrorumque
2650 855 2814 924 actio,
2840 854 2895 910 id
2925 865 3007 912 est
3028 857 3345 928 potentium
3371 866 3532 933 atque
3564 864 3583 897 ⁷
3617 863 3710 918 Ιο-

2099 943 2408 1014 quentium,
2432 943 2490 998 in
2519 943 2747 999 Joannis
2768 945 3099 1018 Apocalypsi
3133 946 3290 1002 brevi
3325 955 3407 1004 est
3435 952 3709 1007 sententia

2099 1030 2512 1102 comprehensa,
2547 1047 2654 1104 qua
2682 1031 2888 1088 dicitur
2923 1050 2934 1088 :
2984 1035 3223 1090 Potestas
3251 1053 3508 1108 equormn
3536 1037 3593 1092 in
3620 1058 3710 1096 ore

2104 1125 2151 1174 et
2181 1119 2238 1172 in
2254 1120 2441 1174 caudis
2461 1137 2644 1175 eorum
2663 1127 2781 1176 erat
2809 1123 3004 1192 (Apoc.
3037 1139 3111 1190 ιι,
3137 1123 3251 1194 19).
3279 1125 3340 1179 In
3362 1141 3457 1181 ore
3475 1141 3710 1202 namque

2099 1209 2415 1280 doctorum,
2448 1212 2682 1268 scientia
2711 1231 2726 1280 ;
2759 1212 2816 1268 in
2841 1212 3014 1268 cauda
3032 1229 3188 1282 vero,
3219 1216 3571 1274 smcularium
3603 1233 3711 1290 po-

2097 1301 2274 1357 tentia
2307 1301 2593 1374 ﬁguratur.
2628 1302 2730 1358 Per
2759 1302 2986 1358 caudam
3019 1303 3242 1376 quippe,
3274 1321 3394 1376 quae
3418 1314 3562 1362 retro
3589 1315 3702 1376 est,

2101 1388 2268 1461 hujus
2297 1390 2481 1446 saeculi
2530 1391 2911 1462 postponenda
2940 1393 3318 1465 temporalitas
3360 1394 3703 1468 designatur,

2099 1479 2166 1535 de
2212 1497 2320 1553 qua
2362 1481 2563 1538 Paulus
2615 1483 2895 1555 apostolus
2924 1482 3060 1540 dicit
3091 1501 3104 1540 :
3145 1485 3318 1542 Unum
3355 1493 3553 1551 autem,
3589 1505 3708 1558 qua:

2097 1576 2242 1625 retro
2262 1576 2386 1624 sunt
2401 1569 2618 1637 oblitus,
2640 1571 2712 1626 ad
2731 1589 2790 1626 ea
2809 1589 2926 1642 quce
2943 1578 3064 1628 ante
3081 1580 3204 1628 sunt
3222 1580 3461 1631 extentus
3481 1575 3705 1648 (Philip.

395 1661 623 1718 veniens
652 1662 796 1734 ipsas
825 1663 989 1718 etiam
1021 1678 1263 1718 summas
1293 1661 1457 1734 hujus
1477 1660 1663 1716 saeculi
1696 1668 1988 1732 potestates
2095 1659 2301 1732 111,13).
2335 1661 2499 1718 Retro
2519 1661 2668 1716 enim
2698 1669 2779 1717 est
2807 1678 2970 1718 omne
2991 1662 3137 1737 quod
3157 1665 3376 1732 transit,
3405 1671 3530 1720 ante
3559 1681 3710 1720 vero-

396 1751 688 1820 obtinebit,
719 1752 814 1824 qui
843 1751 1052 1825 duplici
1088 1767 1270 1807 errore
1309 1749 1541 1806 saeviens
1569 1757 1804 1806 conatur
1831 1749 1902 1806 ad
1930 1766 1988 1806 se
2016 1770 2064 1832 B
2097 1755 2179 1804 est
2207 1764 2370 1805 omne
2399 1749 2546 1823 quod
2575 1749 2802 1806 veniens
2821 1759 3122 1824 permanet.
3147 1753 3270 1810 Istis
3291 1769 3419 1826 ergo
3439 1753 3615 1826 equis,
3643 1752 3704 1809 id

319 1843 329 1851 ’
396 1841 560 1900 corda
578 1840 870 1897 hominum
891 1842 952 1896 'et
983 1841 1164 1897 missis
1189 1838 1638 1913 praedicatoribus
1665 1837 1902 1908 trahere,
1935 1847 1990 1896 et

396 1931 691 1990 commotis
719 1932 1083 2005 potestatibus
1112 1931 1402 2000 inclinare,
1431 1929 1570 1987 bene
1592 1929 1659 1986 de
1689 1930 1994 1988 Leviathan

398 2020 506 2078 isto
532 2021 804 2078 Dominus
832 2021 1104 2090 subdidit,
1132 2020 1322 2078 dicens
1354 2038 1366 2075 :

734 2139 960 2196 CAPUT
986 2140 1197 2196 XXVII
1231 2136 1370 2211 [Vet.
1403 2135 1632 2209 XXIX].

466 2228 604 2284 lmn.
634 2259 706 2269 —
724 2229 830 2284 Per
853 2245 1043 2301 gyrum
1067 2229 1298 2284 dentium
1317 2225 1429 2296 ejus
1443 2224 1696 2296 formido.

465 2317 554 2373 47.
589 2317 777 2373 Dentes
803 2319 1092 2374 Leviathan
1108 2319 1262 2373 iidem
1281 2316 1412 2388 falsi
1425 2316 1677 2372 doctores.
1699 2342 1763 2355 -—
1784 2313 1994 2369 Mutato

397 2421 636 2478 namque
678 2407 923 2478 nomine,
970 2409 1072 2464 hos
1099 2407 1218 2480 ejus
1259 2406 1448 2463 dentes
1499 2403 1783 2460 insinuare
1831 2403 1995 2458 aliter

399 2494 602 2564 voluit,
633 2511 771 2569 quos
799 2497 1050 2570 superius
1077 2504 1262 2570 portas
1292 2493 1530 2551 vocavit.
1564 2492 1813 2548 Perversi
1843 2491 1992 2547 enim

403 2583 788 2655 praedicatores
802 2593 972 2657 porta:
1000 2585 1119 2658 ejus
1146 2592 1296 2654 sunt,
1325 2583 1458 2658 quia
1475 2583 1785 2654 ingressum
1815 2579 1991 2652 perdi-

398 2671 568 2728 tionis
596 2673 868 2744 aperiunt.
899 2676 1100 2730 Dentes
1131 2673 1249 2746 ejus
1276 2680 1424 2742 sunt,
1457 2670 1585 2744 quia
1605 2687 1698 2726 eos
1727 2687 1864 2744 quos
1886 2669 1908 2704 ²
1934 2669 1991 2724 in

401 2777 587 2818 errore
639 2761 883 2834 capiunt,
915 2778 947 2818 a
991 2761 1238 2816 veritatis
1289 2761 1568 2817 soliditate
1609 2759 1988 2830 confringunt.

400 2851 556 2909 Sicut
568 2851 717 2906 enim
744 2857 943 2908 sanctae
968 2851 1226 2907 Ecclesiae
1247 2850 1436 2907 dentes
1457 2849 1762 2922 accipimus
1782 2863 1875 2903 eos
1895 2846 1991 2919 qui

398 2939 881 3014 praedicationibus
903 2940 1018 2996 suis
1037 2941 1382 3012 peccantium
1397 2939 1659 2996 duritiam
1676 2943 1990 3005 conterunt,

399 3031 545 3088 unde
571 3031 620 3086 ei
652 3045 748 3103 per
788 3031 1135 3086 Salomonem
1169 3029 1375 3087 dicitur
1405 3048 1416 3086 ε
1452 3030 1639 3086 Dentes
1697 3027 1774 3083 tui
1807 3027 1828 3062 ³
1858 3026 1993 3081 sicut

395 3137 570 3194 greges
596 3120 935 3176 dctonsaru-m
957 3119 1337 3174 ascendentium
1369 3119 1430 3174 de
1461 3119 1672 3174 lavacro
1697 3117 1880 3188 (Cant.
1908 3132 1990 3183 1v,
2025 3135 2070 3196 ο

399 3211 457 3285 2)
483 3229 498 3280 ;
529 3210 626 3284 qui
653 3226 764 3266 non
793 3209 1074 3264 immerito
1090 3208 1338 3264 detonsis
1365 3223 1429 3264 ac
1458 3207 1584 3262 lotis
1615 3205 1815 3262 ovibus
1843 3220 1990 3261 com-

399 3307 680 3374 parantur,
704 3299 834 3374 quia
853 3297 1149 3354 innocuam
1171 3296 1344 3352 vitam
1365 3301 1664 3362 sumentes,
1689 3293 1748 3348 in
1775 3293 1995 3349 lavacro

399 3389 744 3463 baptismatis
781 3385 1214 3446 conversationis
1242 3385 1490 3458 pristinae
1532 3383 1736 3438 vellera
1781 3390 1997 3439 vetusta

399 3487 732 3554 posuerunt;
762 3479 841 3536 ita
867 3478 1032 3534 etiam
1049 3475 1308 3533 dentibus
1325 3472 1628 3532 Leviathan
1657 3472 1821 3529 istius
1849 3488 1994 3529 erro-

401 3585 525 3626 rum
571 3569 818 3642 magistri
863 3566 1188 3640 ﬁgurantur,
1235 3565 1366 3640 quia
1415 3563 1774 3637 reproborum
1821 3562 1994 3618 vitam

400 3657 703 3715 mordendo
723 3657 1015 3726 dilaniant,
1037 3664 1091 3713 et
1106 3673 1199 3712 eos
1219 3672 1250 3712 a
1270 3655 1520 3712 veritatis
1535 3651 1852 3725 integritate
1867 3651 1996 3709 sub-

399 3747 594 3805 ductos
617 3748 639 3784 ⁴
672 3747 730 3803 in
745 3747 1018 3806 sacriﬁcio
1038 3746 1297 3802 falsitatis
1328 3751 1592 3802 mactant.
1613 3743 1860 3811 Quorum
1873 3741 1996 3816 qui-

401 3837 526 3896 dem
555 3837 872 3911 praedicatio
901 3837 1061 3894 facile
1081 3835 1288 3908 despici
1311 3835 1378 3892 ab
1395 3832 1742 3891 auditoribus
1762 3839 1995 3906 poterat,

401 3925 654 3984 sedhanc
679 3934 806 3983 ante
831 3924 1299 3998 humanajudicia
1325 3923 1621 3997 adjunctus
1648 3922 1996 3979 saecularium

401 4025 733 4092 potestatum
756 4023 933 4070 terror
962 4015 1186 4069 exaltat.

475 4106 565 4162 48.
598 4103 848 4164 Muniunt
879 4105 998 4159 illos
1017 4105 1195 4160 steculi
1217 4107 1516 4177 potestates.
1551 4100 1669 4158 Alii
1687 4099 1878 4168 verbis,
1899 4098 2000 4156 alii

405 4195 603 4270 gladiis
617 4194 855 4250 saeviunt.
879 4194 1099 4252 Insidia:
1112 4193 1430 4250 Antichristi
1442 4209 1508 4248 ea:
1526 4191 1684 4263 falsis
1700 4190 1996 4248 miraculis.

405 4315 477 4326 —
504 4284 669 4341 Recte
699 4299 826 4356 ergo
858 4281 1064 4340 dicitur
1088 4307 1100 4339 .-
1123 4284 1228 4339 Per
1263 4299 1453 4354 gyrum
1481 4280 1716 4336 dentium
1742 4279 1856 4351 ejus
1886 4278 2000 4350 for-

408 4373 572 4441 mide,
609 4372 667 4430 id
696 4379 798 4442 est,
828 4371 1050 4448 iniquos
1081 4369 1466 4444 praedicatores
1507 4367 1839 4426 Antichristi
1868 4384 2002 4442 per-

2103 1843 2186 1892 est
2211 1837 2232 1872 3
2266 1837 2618 1911 nequissimis
2636 1839 3106 1910 praedicatoribus,
3137 1841 3350 1916 ubique
3377 1841 3588 1899 carnali
3611 1841 3711 1898 im-

2105 1925 2270 1998 pulsu
2299 1928 2666 1998 currentibus,
2699 1931 2755 1986 in
2791 1947 2884 1986 ore
2913 1939 2966 1986 et
3011 1931 3066 1988 in
3112 1931 3291 1988 cauda
3319 1939 3561 2004 potestas
3609 1939 3710 2001 est,

2105 2017 2235 2090 quia
2264 2018 2368 2090 ipsi
2400 2019 2622 2090 quidem
2652 2036 2907 2092 perversa
2936 2020 3218 2077 suadendo
3248 2021 3570 2093 praedicant,
3603 2021 3703 2079 sed

2103 2106 2502 2179 temporalibus
2531 2108 2890 2180 potestatibus
2917 2109 3070 2177 fulti,
3099 2125 3194 2181 per
3221 2125 3284 2164 ea
3313 2125 3369 2165 se
3400 2125 3520 2182 quae
3556 2117 3706 2166 retro

2103 2205 2232 2252 sunt
2275 2196 2540 2252 exaltant.
2595 2197 2665 2252 Et
2713 2197 2843 2270 quia
2893 2197 2998 2270 ipsi
3035 2213 3294 2270 apparere
3343 2197 3710 2270 despicabiles

2103 2293 2350 2358 possunt,
2382 2285 2450 2342 ab
2483 2285 2686 2358 iniquis
2716 2284 3064 2342 auditoribus
3093 2285 3208 2342 suis
3237 2302 3334 2358 per
3362 2303 3454 2343 eos
3483 2285 3594 2342 sibi
3625 2303 3710 2342 re-

2102 2373 2406 2430 verentiam
2453 2376 2702 2448 exigunt,
2736 2391 2971 2448 quorum
3021 2374 3347 2448 patrociniis
3378 2373 3708 2431 fulciuntur.

2103 2467 2257 2524 Unde
2287 2467 2382 2524 hic
2415 2483 2634 2540 quoque
2685 2473 2875 2530 1105
2907 2483 3021 2522 non
3057 2467 3337 2523 immerito
3378 2481 3476 2540 per
3511 2483 3710 2539 gyrum

2102 2565 2352 2622 dentium
2377 2565 2495 2638 ejus
2523 2563 2762 2621 formido
2783 2564 2960 2620 inesse
2981 2563 3336 2630 describitur,
3363 2565 3493 2638 quia
3523 2563 3713 2620 multis

2102 2655 2409 2712 terroribus
2439 2654 2642 2726 agitur,
2689 2661 2750 2709 ut
2793 2653 2850 2708 in
2896 2653 3167 2726 perversis
3213 2669 3405 2710 eorum
3437 2653 3714 2726 przedica-

2101 2743 2350 2802 tionibus
2372 2744 2475 2800 etsi
2506 2760 2617 2800 non
2648 2742 2898 2799 veritatis
2913 2743 3202 2810 sententia,
3221 2750 3365 2800 certe
3383 2742 3709 2816 temporalis

2103 2835 2346 2907 potentia
2369 2834 2648 2890 timeatur.
2683 2832 2836 2890 Unde
2852 2833 2990 2889 bene
3019 2832 3273 2889 eumdem
3296 2832 3708 2890 Antichristum

2100 2923 2388 2980 Psalmista
2431 2921 2741 2995 descripsit,
2789 2921 2980 2978 dicens
3009 2939 3021 2978 :
3057 2923 3164 2980 Sub
3197 2922 3379 2994 lingua
3403 2921 3518 2992 ejus
3551 2921 3704 2975 labor

2101 3017 2148 3067 et
2186 3011 2360 3080 dolor,
2397 3013 2418 3046 θ
2449 3011 2585 3068 sedet
2626 3011 2683 3065 in
2710 3010 2923 3066 insidiis
2950 3027 3066 3066 cum
3111 3011 3364 3067 divitibus
3407 3011 3460 3064 in
3493 3009 3707 3072 occultis

2107 3101 2281 3172 (Psal.
2322 3116 2404 3168 1x,
2431 3099 2550 3172 28).
2594 3100 2824 3172 Propter
2864 3099 3014 3155 enim
3042 3113 3298 3172 perversa
3321 3097 3573 3170 dogmata
3607 3096 3711 3154 sub

2105 3189 2293 3262 lingua
2320 3187 2438 3260 ejus
2467 3189 2622 3245 labor
2645 3196 2698 3244 et
2728 3188 2886 3244 dolor
2914 3196 3026 3257 est;
3061 3198 3284 3262 propter
3309 3187 3706 3245 miraculorum

2105 3295 2236 3334 vero
2265 3277 2501 3351 speciem
2523 3277 2673 3334 sedet
2703 3278 2760 3333 in
2786 3277 3007 3334 insidiis
3029 3296 3042 3345 ;
3069 3285 3290 3351 pmpter
3311 3275 3596 3334 saecularis
3613 3293 3710 3333 au-

2103 3377 2216 3426 tem
2248 3367 2535 3441 potestatis
2565 3367 2818 3440 gloriam,
2868 3382 2994 3423 cum
3039 3366 3311 3424 divitibus
3360 3367 3418 3424 in
3448 3365 3708 3435 occultis,

2105 3458 2247 3527 Quia
2266 3456 2415 3514 enim
2459 3457 2628 3514 simul
2657 3464 2708 3513 et
2736 3456 3132 3514 miraculorum
3179 3454 3371 3512 fraude
3410 3463 3465 3512 et
3495 3463 3715 3512 terrena

2105 3555 2370 3622 potestate
2396 3545 2595 3615 utitur,
2617 3553 2670 3602 et
2696 3546 2754 3602 in
2774 3546 3008 3603 occultis
3030 3553 3085 3602 et
3109 3561 3236 3602 cum
3262 3543 3538 3602 divitibus
3566 3543 3715 3601 sede-

2105 3655 2163 3695 re
2183 3637 2539 3712 perhibetur:

2443 3751 2672 3811 CAPUT
2694 3753 2932 3809 xxvul
2961 3749 3105 3826 [Rec.
3139 3749 3370 3825 XXIV].

2177 3842 2343 3900 Vsus.
2382 3841 2435 3899 6.
2464 3872 2535 3884 —
2568 3842 2775 3914 Corpus
2801 3840 2948 3897 illius
2971 3839 3131 3912 quasi
3154 3845 3306 3895 scuta
3333 3837 3552 3910 fusilia.

2177 3931 2267 3990 49.
2294 3931 2430 3990 Mali
2458 3930 2869 4004 corripientibus
2897 3937 3101 3986 scutum
3147 3929 3502 3987 excusationis
3548 3945 3715 4003 oppo-

2107 4028 2259 4080 nunt.
2281 4052 2350 4064 —
2377 4022 2544 4078 Sacra
2571 4021 2857 4092 Scriptura
2886 4021 3029 4077 scuti
3061 4021 3288 4078 nomine
3307 4019 3610 4095 aliquando
3634 4019 3717 4076 uti

2109 4111 2166 4166 in
2207 4117 2358 4184 parte
2389 4123 2666 4181 prospera,
2711 4107 3008 4180 aliquando
3048 4107 3107 4164 in
3147 4105 3382 4164 adversa
3407 4106 3712 4165 consuevit.

2107 4199 2245 4256 Nam
2270 4213 2410 4271 saepe
2437 4196 2579 4254 scuti
2610 4195 2857 4252 defensio
2888 4212 2987 4269 pro
3015 4196 3206 4253 divina
3255 4196 3591 4270 protectione
3621 4211 3716 4268 po-

2109 4290 2282 4358 nitur,
2313 4302 2712 4361 nonnunquam
2745 4301 2874 4342 vero
2905 4303 3002 4360 pro
3030 4285 3274 4342 humana
3316 4284 3718 4360 repugnatione

2110 4385 2466 4436 memoratur.
2504 4378 2549 4412 ¹⁰
2571 4377 2675 4432 Pro
2690 4374 2885 4431 divina
2911 4374 3060 4432 enim
3092 4375 3432 4448 protectione
3465 4374 3718 4448 ponitur,

613 4462 781 4536 huius
809 4464 998 4560 εφαιιὶ
1025 4469 1322 4560 protegunt
1349 4467 1662 4560 Ροῑθδῐδῑξδεξο
1694 4460 1829 4516 Nam
1865 4476 2002 4560 (1.1103
2035 4502 2084 4560 Β
2114 4471 2258 4528 sicut
2279 4486 2376 4543 per
2404 4469 2751 4526 Psalmistam
2785 4465 2990 4524 dicitur
3022 4485 3034 4523 :
3074 4469 3231 4524 Scuto
3257 4467 3405 4523 bona
3429 4467 3723 4523 voluntatis

417 4553 502 4610 illi
541 4561 808 4626 appetunt
850 4553 1125 4628 loquendo
1165 4551 1444 4623 seducere,
1491 4551 1653 4609 multi
1700 4549 2008 4625 potentium

420 4643 646 4702 student
683 4643 960 4701 saetiendo
988 4652 1211 4700 terrere.
1243 4643 1347 4699 Per
1375 4659 1571 4716 gyrum
1602 4657 1730 4712 ergo
1758 4639 2010 4695 dentium

418 4732 539 4806 ejus
567 4731 808 4789 formido
838 4741 940 4804 est,
966 4749 1029 4790 ac
1049 4732 1095 4789 si
1111 4740 1294 4806 aperte
1311 4731 1614 4787 diceretur:
1645 4727 1858 4784 Idcirco
1879 4728 1899 4761 ⁵
1918 4726 2010 4781 isti

419 4823 663 4896 perversi
697 4822 1080 4896 praedicatores
1117 4822 1333 4893 aliquos
1366 4817 1656 4875 suadentes
1695 4822 2007 4882 conterunt,

419 4911 549 4984 quia
577 4912 723 4970 circa
751 4913 898 4985 ipsos
927 4917 1056 4968 sunt
1083 4909 1179 4964 alii
1196 4907 1292 4980 qui
1309 4907 1654 4962 inﬁrmorum
1677 4913 1885 4960 mentes
1905 4912 2009 4960 ter-

413 5009 594 5058 rentes
627 5002 898 5074 afﬂigunt.
932 4999 1102 5068 Quale
1122 4997 1306 5071 itaque
1336 4996 1475 5054 illud
1516 5003 1734 5068 tempus
1761 5011 2010 5068 persecu-

417 5098 590 5155 tionis
619 5097 922 5172 apparebit,
964 5094 1184 5170 quando
1213 5095 1281 5152 ad
1316 5093 1731 5169 pervertendam
1761 5092 2008 5150 ﬁdelium

420 5185 679 5261 pietatem
705 5183 802 5242 alii
821 5183 1004 5242 verbis
1020 5183 1276 5258 saepiunt,
1307 5183 1403 5242 alii
1437 5181 1672 5258 gladiis?
1699 5182 1834 5252 Quis
1857 5180 2006 5239 enim

497 5389 513 5462 ξ
543 5387 742 5462 haud,
765 5391 958 5462 aperit.

495 5459 518 5494 ³
549 5461 760 5518 Gemet.
770 5505 786 5531 ,
798 5459 872 5516 'in
900 5469 1120 5518 terrore.

499 5531 520 5606 if
552 5532 726 5606 Laud.
757 5540 812 5590 et
838 5533 1076 5604 Gemet.,
1105 5533 1240 5590 sicut
1264 5549 1412 5606 grex.

503 5602 526 5693 ξ
553 5605 778 5693 ξξὶποὶρ.
809 5606 1025 5693 ettpler.
1056 5602 1720 5693 Eormq'in‘sacriﬁcium.

505 5673 526 5708 ⁸
557 5679 766 5734 Gemet.
799 5686 852 5734 et
873 5673 1034 5749 Corb.
1069 5678 1278 5744 Germ.,
1308 5677 1399 5732 isti
1433 5673 1529 5749 per
1557 5694 1629 5732 se.

517 5749 540 5783 "'
568 5749 694 5807 Val.
724 5749 833 5820 CL,
864 5748 1200 5821 impetratur.

2119 4567 2221 4616 tute
2248 4560 2519 4614 coronasti
2545 4577 2640 4614 nos
2667 4557 2848 4632 (Psal.
2876 4573 2932 4626 v,
2961 4557 3073 4630 13).
3115 4556 3282 4614 Scuto
3323 4573 3426 4614 nos
3454 4556 3726 4613 Dominus

2119 4665 2383 4706 coronare
2435 4647 2778 4720 perhibetur,
2811 4646 2940 4720 quia
2968 4663 3102 4720 quos
3133 4653 3427 4719 protegens
3474 4643 3724 4718 adjuvat,

2119 4754 2482 4794 remunerans
2501 4743 2744 4793 coronat.
2775 4737 3011 4792 Rursum
3043 4751 3142 4808 pro
3170 4734 3414 4791 humana
3442 4750 3728 4808 repugna-

2118 4826 2270 4883 tione
2310 4842 2407 4899 per
2435 4823 2689 4882 eumdem
2720 4823 3047 4896 Prophetam
3076 4830 3294 4881 scutum
3325 4823 3557 4896 ponitur
3581 4822 3728 4879 sicut

2117 4915 2253 4971 alibi
2270 4916 2349 4971 ait
2368 4933 2378 4970 :
2399 4915 2482 4972 Ibi
2497 4913 2756 4986 confregit
2787 4931 3008 4984 cornua,
3025 4930 3232 4980 arcum,
3245 4919 3472 4980 scutum,
3486 4912 3728 4985 gladium

2117 5011 2165 5059 et
2195 5005 2386 5060 bellum
2422 5005 2594 5077 (Psal.
2627 5019 2798 5072 Lxxv,
2831 5002 2910 5076 4).
2948 5006 3009 5061 In
3031 5002 3298 5060 cornibus
3325 5003 3531 5076 quippe
3559 4999 3728 5058 elatio

2116 5092 2509 5166 superborum,
2525 5092 2581 5147 in
2597 5108 2729 5148 arcu
2744 5108 2876 5148 vero
2893 5091 3108 5149 insidias
3126 5092 3284 5165 longe
3300 5090 3642 5158 ferientium,
3667 5089 3726 5144 in

2116 5191 2272 5243 scuto
2283 5192 2466 5240 autem
2479 5183 2752 5240 obstinata
2761 5182 3345 5240 duritiadefensionum
3356 5182 3434 5251 ,in
3448 5180 3630 5255 gladio
3649 5179 3728 5235 vi-

2196 5391 2216 5425 "
2249 5392 2370 5446 Duo
2390 5389 2599 5458 Germ.,
2623 5387 2816 5456 Laud.,
2839 5385 3099 5456 Vindoc.,
3123 5385 3376 5459 Gemet.,,
3389 5385 3695 5459 loquacium
3711 5427 3724 5440 .

2203 5461 2224 5496 ⁸
2253 5463 2419 5518 Deest
2445 5457 2779 5532 nequissimis
2809 5459 2867 5514 in
2898 5459 3070 5516 Laud.
3101 5466 3157 5515 et
3185 5459 3306 5516 Val.
3341 5457 3424 5518 Cl.

2200 5534 2221 5569 θ
2252 5532 2491 5600 Gemet.,
2520 5531 2670 5588 sedit.

2200 5604 2245 5638 ¹⁰
2275 5604 2508 5670 Gemet.,
2541 5603 2762 5672 Pratel.,
2793 5603 2988 5674 Laud.,
3021 5603 3132 5659 duo
3175 5602 3361 5660 Germ.
3389 5609 3443 5674 et
3472 5601 3574 5674 pL,
3599 5616 3725 5672 pro-

2133 5673 2317 5733 divina
2353 5674 2491 5731 enim
2512 5676 2830 5749 protectione
2850 5693 2951 5750 per
2974 5673 3206 5734 Psalmis
3217 5681 3320 5730 tam
3347 5673 3564 5732 dicitur.
