4156 6178
412 276 515 336 705

1170 273 1543 336 MORALIUM
1582 273 1716 331 LIB.
1757 269 2017 331 XXXIII.
2060 302 2123 315 —
2164 271 2240 331 IN
2281 270 2509 331 CAPUT
2547 270 2671 329 XLI
2708 271 2772 329 B.
2812 270 2956 329 10B.

3609 272 3713 333 706

405 404 908 477 cinapercussio,in
920 401 1845 478 belloveroipsacontraDominnm
1862 420 2008 461 men-
2034 406 2086 467 Α
2118 404 2353 460 vetitum
2383 402 2722 475 contigisset,
2752 418 2862 457 non
2892 400 2962 457 ad
2990 417 3048 457 se
3072 402 3291 476 culpam
3324 404 3536 474 retulit,
3568 404 3662 462 sed
3684 419 3715 459 a

409 498 485 554 tis
506 494 678 551 motio
705 493 1044 567 designatur.
1075 495 1234 565 Quod
1264 497 1530 553 nimirum
1546 504 1724 552 totum
1744 497 1801 552 in
1822 505 2011 553 sancta

410 581 661 641 Ecclesia
680 582 1069 655 confringitnr,
1101 584 1232 641 dum
1250 594 1462 642 mentes
1480 588 1594 642 Deo
1610 585 2005 655 resistentium,

411 671 757 745 superposito
767 670 901 745 jugo
922 672 1777 742 humilitatis,edomantur.Hinc
1792 692 2008 731 rursum

409 780 506 836 per
525 762 778 818 eumdem
812 762 1158 820 Psalmistam
1192 755 1432 822 dicitur:
1466 766 1667 821 Arcum
1695 771 1937 833 conteret,
1965 770 2012 818 et

411 851 707 922 confringet
721 870 899 921 arma,
928 860 973 907 et
990 860 1135 909 scuta
1150 855 1415 909 comburat
1432 854 1540 926 igni
1558 854 1869 926 (Psal.xr.v,
1895 853 2007 925 10).

412 944 619 999 Arcum
642 940 790 996 enim
811 942 1083 999 Dominus
1097 944 1353 1012 conterit,
1373 962 1497 1001 cum
1518 944 1733 1000 occulta
1748 942 2010 999 insidian-

412 1032 555 1087 tium
588 1031 1032 1088 machinamenta
1058 1031 1333 1090 dissolvit.
1354 1036 1523 1090 Arma
1542 1035 1861 1106 confringit,
1885 1050 2009 1089 cum

414 1136 476 1177 ea
505 1137 625 1195 qua:
672 1128 866 1177 contra
895 1138 952 1177 se
982 1130 1161 1179 erecta
1189 1124 1407 1179 fuerant
1436 1123 1742 1196 patrocinia
1772 1123 2014 1178 humana

411 1209 765 1268 comminuit.
812 1210 977 1267 Scuta
1019 1210 1134 1285 igni
1176 1212 1473 1282 comburit,
1509 1229 1635 1269 cum
1665 1213 2009 1284 peccantium

412 1307 626 1357 mentes
655 1300 930 1356 obstinata
961 1317 1016 1357 se
1046 1301 1252 1357 duritia
1281 1301 1655 1370 defendentes,
1692 1302 1707 1335 ¹
1739 1301 1806 1357 ad
1828 1299 2015 1373 poeni-

415 1392 601 1448 tentiae
632 1399 686 1448 et
714 1392 1081 1449 confessionis
1112 1393 1363 1449 ardorem
1391 1394 1566 1449 sancti
1587 1392 1827 1464 Spiritus
1856 1392 2015 1448 calo-

390 1497 470 1538 .re
517 1482 826 1538 succendit.
876 1480 1016 1555 [Vet.
1058 1481 1255 1557 XXX]
1302 1482 1460 1550 Quod
1504 1498 1633 1537 vero
1673 1482 1731 1536 in
1757 1480 1863 1536 hoc
1894 1481 2014 1536 loco

411 1585 615 1642 corpus
643 1570 949 1626 Leviathan
980 1569 1140 1627 istius
1169 1571 1341 1628 scutis
1370 1570 1629 1626 fusilibus
1645 1576 2012 1641 comparatur,

413 1659 871 1733 perscrutandnm
897 1659 1060 1716 nobis
1089 1660 1363 1727 innuitur,
1396 1660 1524 1732 quia
1543 1658 1743 1714 durum
1767 1656 2011 1730 quidem,

2122 496 2352 551 muliere
2377 510 2542 567 quam
2566 492 2837 549 Dominus
2862 491 3086 549 dederat
3104 508 3160 548 se
3179 495 3448 567 accepisse
3478 512 3715 569 respon-

2122 586 2205 642 dit
2236 584 2446 657 (Genes.
2479 601 2563 652 III,
2612 583 2698 648 12)
2726 601 2740 650 ;
2778 590 2840 638 ut
2868 582 3026 655 quasi
3060 590 3275 638 reatum
3301 601 3462 640 suum
3492 584 3714 657 oblique

2122 675 2182 731 in
2210 683 2486 731 auctorem
2518 672 2793 741 relideret,
2823 673 2915 745 qui
2943 672 2993 728 ei
3016 672 3301 728 mulierem
3333 672 3557 729 dederat
3589 690 3716 747 qua:

2123 765 2256 822 talia
2298 764 2665 837 persuaderet.
2700 764 2816 819 Hoc
2844 771 3059 819 scutum
3092 762 3257 817 etiam
3289 763 3554 836 requisita
3583 780 3715 818 mn-

2123 857 2227 912 lier
2250 857 2449 925 tenuit,
2475 855 2694 929 quando
2722 871 2899 927 neque
2928 854 3045 925 ipsa
3074 853 3144 909 ad
3170 870 3226 910 se
3257 854 3474 926 culpam
3503 855 3714 923 retulit,

2124 946 2219 1003 sed
2247 947 2516 1018 serpentis
2536 946 2675 1001 illud
2696 944 3141 1018 persuasionibus
3157 945 3465 1016 replicavit,
3492 944 3712 1001 dicens:
3732 942 3739 947 ’

2126 1038 2349 1107 Serpens
2376 1035 2570 1107 decepit
2596 1052 2695 1103 me,
2729 1041 2777 1089 et
2803 1035 2997 1089 comedi
3026 1034 3212 1104 (Ibid.,
3236 1033 3424 1107 i3),nt
3446 1034 3562 1106 ipsa
3587 1050 3720 1106 quo-

2125 1142 2229 1198 que
2276 1133 2487 1181 reatum
2535 1141 2695 1181 suum
2739 1124 2961 1196 oblique
2996 1124 3052 1178 in
3082 1131 3379 1180 creatorem
3411 1123 3715 1192 reduceret,

2127 1215 2147 1248 3
2177 1213 2271 1286 qui
2298 1214 2432 1270 illuc
2450 1215 2653 1269 intrare
2676 1212 2980 1285 serpentem
3012 1229 3399 1284 persuasurum
3432 1212 3561 1267 talia
3585 1229 3720 1285 per-

2128 1303 2384 1359 misisset.
2417 1303 2648 1374 Serpens
2677 1318 2809 1357 vero
2832 1299 2945 1372 jam
2974 1317 3088 1357 non
3124 1301 3444 1373 requiritur,
3469 1302 3599 1373 quia
3618 1317 3721 1358 nec

2127 1392 2244 1464 ejus
2265 1392 2587 1465 pmnitentia
2612 1390 2973 1465 quaerebatur.
3015 1390 3083 1446 Hi
3112 1397 3295 1446 autem
3321 1407 3555 1463 quorum
3596 1408 3721 1464 pm-

2127 1482 2362 1537 nitentia
2389 1481 2581 1554 qumsit
2602 1497 2633 1535 a
2649 1490 2751 1550 est,
2773 1489 2987 1537 scutum
3010 1481 3363 1553 nequissimae
3383 1480 3722 1537 defensionis

2126 1580 2319 1628 contra
2362 1570 2682 1643 justissima
2739 1570 3099 1644 correptionis
3145 1571 3314 1628 verba
3374 1572 3723 1643 protulerunt

2131 1659 2339 1732 (Genes.
2396 1661 2506 1734 ιιι).
2545 1661 2701 1717 Unde
2728 1678 2877 1718 nunc
2906 1677 3077 1733 usque
3097 1660 3153 1716 in
3184 1677 3345 1716 usum
3375 1660 3720 1733 peccantium

413 1751 510 1807 sed
553 1758 738 1807 tamen
778 1768 905 1808 cum
940 1750 1170 1820 labitur,
1203 1750 1393 1824 fragile
1421 1750 1559 1805 solet
1585 1764 1700 1804 esse
1731 1764 1826 1802 vas
1853 1762 2016 1802 omne
2049 1772 2096 1832 Β
2126 1751 2388 1818 trahitur,
2418 1759 2480 1806 ut
2500 1752 2661 1823 culpa
2688 1768 2811 1807 cum
2843 1752 3093 1823 arguitur
3121 1750 3480 1819 defendatur;
3505 1760 3559 1808 et
3577 1750 3723 1807 unde

416 1839 565 1915 quod
595 1839 757 1895 fusile
784 1848 886 1896 est.
918 1840 1087 1897 Scuta
1131 1856 1258 1913 ergo
1288 1840 1333 1896 si
1363 1846 1494 1895 sunt
1522 1836 1729 1905 fusilia,
1759 1836 1815 1891 in
1847 1833 2017 1891 susci-

418 1930 617 2004 pienda
640 1929 963 2002 sagittarum
982 1930 1331 2003 percussione
1353 1928 1577 1985 robusta
1597 1933 1747 1995 sunt,
1766 1925 1861 1981 sed
1889 1940 2019 1980 casu

417 2018 777 2092 fragilia.Ictu
798 2018 1023 2093 quidem
1044 2018 1362 2074 ferientium
1386 2017 1616 2072 minime
1637 2021 2015 2088 penetrantur,

416 2109 510 2166 sed
556 2126 655 2166 suo
702 2124 759 2165 se
790 2109 945 2181 lapsu
973 2125 1071 2182 per
1106 2108 1415 2181 fragmenta
1443 2106 1776 2163 dissolvunt.
1810 2104 2021 2177 Corpus

416 2214 544 2273 ergo
571 2198 877 2256 Leviathan
908 2198 1091 2268 istius,
1119 2197 1177 2254 id
1204 2204 1285 2254 est
1312 2213 1503 2253 omnes
1533 2195 1733 2269 iniqui,
1768 2193 1897 2268 quia
1925 2209 2022 2266 per

416 2288 847 2345 obstinationem
877 2287 1003 2344 duri
1031 2295 1182 2355 sunt,
1203 2287 1298 2345 sed
1320 2304 1417 2360 per
1435 2288 1607 2342 vitam
1634 2284 1877 2357 fragiles,
1900 2300 2020 2340 scu-

416 2381 490 2435 tis
538 2378 802 2435 fusilibus
831 2385 1242 2450 comparantur.
1276 2376 1413 2433 Cum
1444 2376 1592 2432 enim
1629 2368 1799 2431 verba
1826 2372 2021 2446 praedi-

417 2468 657 2528 cationis
682 2466 940 2534 audiunt,
971 2467 1130 2522 nulla
1165 2465 1529 2536 correptionis
1550 2464 1735 2536 jacula
1762 2479 1818 2519 se
1848 2478 2024 2534 pene-

418 2568 569 2615 trare
598 2557 949 2629 permittunt,
978 2555 1109 2627 quia
1134 2554 1193 2609 in
1214 2554 1367 2608 omni
1383 2560 1603 2625 peccato
1630 2553 1776 2625 quod
1794 2552 2021 2623 faciunt,

423 2654 650 2704 scutum
694 2645 943 2717 superbae
985 2642 1324 2700 defensionis
1366 2650 1672 2715 opponunt.
1714 2644 1851 2699 Nam
1898 2658 2024 2699 cum

424 2737 627 2793 talium
649 2736 881 2809 quisque
902 2736 969 2791 de
986 2742 1141 2790 reatu
1165 2750 1277 2789 suae
1293 2733 1601 2806 iniquitatis
1621 2733 1891 2805 arguitur,
1912 2748 2024 2788 non

425 2846 559 2884 mox
602 2829 807 2900 cogitat
840 2826 1117 2901 quomodo
1146 2826 1361 2898 culpam
1393 2826 1649 2897 corrigat,
1681 2823 1776 2879 sed
1804 2824 1936 2898 quid
1965 2824 2024 2879 in

420 2912 700 2990 adjuto’rio
748 2935 859 2974 suae
889 2916 1228 2974 defensionis
1256 2922 1512 2988 opponat.
1544 2915 1707 2971 Nulla
1737 2915 1907 2987 igitur
1935 2931 2024 2971 ve-

421 3008 602 3065 ritatis
647 3009 846 3081 sagitta
872 3013 1212 3080 penetratur,
1238 3006 1368 3078 quia
1397 3005 1561 3061 verba
1590 3013 1792 3061 sanctae
1833 3022 2025 3062 corre-

421 3097 630 3171 ptionis
676 3097 735 3153 in
779 3106 937 3153 scuto
967 3096 1176 3168 excipit
1203 3096 1448 3167 superbae
1479 3095 1834 3153 defensionis.
1869 3095 2023 3152 Unde

421 3188 560 3245 bene
589 3186 658 3244 de
686 3186 891 3243 Jndaais
929 3194 1120 3243 contra
1148 3193 1416 3260 praecepta
1454 3188 1681 3243 Domini
1712 3184 1944 3259 superba
1973 3200 2029 3240 se

427 3276 752 3333 defensione
798 3275 1086 3332 tuentibus
1111 3291 1208 3348 per
1235 3276 1525 3332 Jeremiam
1556 3276 1797 3332 dicitur:
1829 3274 2030 3333 Reddes

426 3368 499 3425 eis
545 3369 732 3434 vicem,
780 3367 1022 3436 Domine,
1072 3365 1241 3437 juxta
1297 3384 1458 3439 opera
1513 3384 1768 3423 manuum
1807 3382 2031 3423 suarum

429 3458 656 3531 (Thren.
694 3473 781 3523 III,
812 3455 930 3528 64).
966 3461 1157 3533 1106
1183 3456 1422 3528 Moxque
1436 3456 1686 3512 eamdem
1723 3456 1895 3513 vicem
1924 3470 2032 3511 ex-

428 3555 672 3629 pressius
702 3554 952 3613 subdidit
982 3553 1202 3612 dicens:
1237 3554 1403 3611 Dabis
1430 3557 1504 3612 eis
1530 3563 1733 3612 scutum
1760 3556 1934 3611 cordis
1959 3556 2032 3610 la-

430 3646 604 3702 borem
636 3652 783 3701 tuum
812 3644 1003 3716 (Ibid.,
1033 3642 1151 3716 65).
1186 3642 1364 3699 Labor
1389 3644 1590 3717 quippe
1620 3642 1845 3700 Domini
1875 3658 2032 3714 appa-

428 3751 555 3792 rens
602 3736 748 3791 inter
792 3733 1049 3790 homines
1093 3732 1369 3805 passibilis
1415 3731 1533 3804 ejus
1560 3732 1875 3789 humanitas
1904 3731 2033 3798 fuit,

431 3840 593 3898 quam
623 3824 799 3883 Judzei
828 3822 1063 3896 superbe
1121 3822 1395 3895 sapientes
1423 3821 1555 3879 dum
1587 3828 1891 3891 cernerent,
1930 3821 2036 3877 de-

433 3922 773 3987 spexerunt;
815 3928 1052 3986 eumque
1092 3911 1459 3967 immortalem
1506 3911 1725 3969 credere
1755 3909 2036 3983 dedignati

432 4012 584 4074 sunt,
604 4021 767 4079 quem
785 4010 980 4059 natura
999 4001 1251 4075 passibili
1272 4001 1558 4058 mortalem
1575 4001 1853 4058 viderunt.
1873 4000 2036 4058 Cum-

433 4111 537 4171 que
566 4095 685 4169 ejus
715 4095 737 4130 ³
755 4093 1130 4151 humilitatem
1159 4093 1558 4166 conspicerent,
1573 4092 1841 4166 superbiae
1870 4090 2037 4148 fasti-

432 4187 536 4244 bus
583 4185 861 4254 obdurati,
920 4200 1135 4241 summa
1189 4198 1322 4241 cura
1355 4184 1536 4240 moliti
1571 4190 1718 4252 sunt,
1748 4199 1816 4239 ne
1844 4198 2035 4239 eorum

436 4285 649 4334 mentes
671 4284 859 4334 sancta
880 4273 1299 4348 praedicantium
1319 4274 1487 4330 verba
1506 4280 1873 4345 penetrarent.
1892 4274 2036 4328 Dum

436 4382 562 4441 ergo
592 4366 673 4423 eis
703 4366 975 4422 Dominus
1004 4364 1184 4420 vicem
1215 4362 1486 4417 malorum
1504 4377 1732 4433 operum
1762 4359 2035 4424 redderet,

2127 1840 2149 1873 ‘
2178 1838 2329 1894 ﬁniri
2353 1846 2533 1894 reatus
2563 1839 2776 1907 debuit,
2807 1839 2935 1894 inde
2955 1841 3286 1895 cumuletur.
3319 1841 3463 1897 Bene
3492 1857 3621 1913 ergo
3642 1839 3724 1896 di-

2126 1928 2307 1985 citur:
2345 1929 2551 2000 Corpus
2580 1928 2727 1983 illius
2758 1929 2912 1999 quasi
2939 1934 3085 1984 scuta
3114 1928 3326 1999 fusilia,
3357 1929 3487 2001 quia
3533 1943 3726 1984 omnes

2129 2018 2338 2090 iniqui,
2374 2033 2441 2073 ne
2484 2016 2554 2073 ad
2594 2033 2649 2072 se
2693 2017 3113 2090 corripientium
3162 2017 3330 2074 verba
3375 2018 3723 2090 perveniant,

2129 2106 2282 2179 quasi
2302 2114 2494 2163 contra
2518 2098 2955 2164 adversariorum
2970 2107 3155 2179 jacula
3168 2116 3323 2164 scuta
3341 2107 3724 2164 defensionum

2128 2199 2340 2264 parant.
2393 2191 2551 2258 Quod
2580 2191 2840 2248 videlicet
2869 2192 2986 2265 ejus
3013 2210 3212 2266 corpus
3231 2192 3414 2249 adhuc
3444 2190 3604 2247 nobis
3631 2206 3724 2246 ex-

2130 2294 2348 2352 pressus
2374 2278 2599 2352 detegit,
2630 2278 2763 2336 dum
2792 2279 3106 2353 subjungit:

2714 2386 2941 2446 CAPUT
2971 2389 3179 2446 XXIX.

2203 2486 2339 2542 Iam.
2366 2515 2438 2527 —
2469 2485 2808 2557 Compactum
2835 2486 3067 2557 squamis
3085 2502 3137 2540 se
3158 2483 3532 2558 prementibus.

2203 2573 2294 2630 51.
2332 2574 2579 2645 Squamis
2601 2574 2715 2630 tecti
2744 2575 2955 2647 reprobi
2972 2573 3174 2645 jaculis
3196 2572 3434 2630 veritatis
3452 2572 3723 2628 resistunt.

2132 2693 2203 2704 —
2231 2664 2426 2721 Fertur
2454 2665 2585 2737 quia
2606 2665 2862 2722 draconis
2906 2681 3105 2738 corpus
3132 2664 3376 2739 squamis
3404 2664 3630 2737 tegitur,
3660 2678 3730 2718 ne

2133 2751 2299 2810 citius
2338 2752 2674 2826 jaculatione
2704 2763 3040 2828 penetretur.
3070 2757 3151 2812 Ita
3178 2770 3379 2827 corpus
3408 2770 3571 2810 omne
3599 2751 3730 2809 dia-

2132 2839 2270 2913 boli,
2301 2844 2340 2899 il
2369 2852 2451 2900 est
2480 2844 2781 2900 multitudo
2797 2844 3316 2916 reproborum,cum
3339 2842 3406 2898 de
3436 2842 3729 2915 iniquitate

2132 2948 2231 2989 sua
2275 2933 2592 3006 corripitur.
2635 2933 2835 3005 quibus
2878 2933 3022 2987 valet
3068 2930 3613 3004 tergiversationibus
3672 2945 3730 2985 se

2133 3036 2390 3078 excusare
2416 3028 2667 3090 conatur,
2689 3028 2743 3076 et
2765 3021 2922 3093 quasi
2944 3020 3207 3093 quasdam
3220 3020 3557 3077 defensionis
3572 3034 3729 3093 squa-

2062 3135 2107 3196 α
2131 3128 2248 3168 mas
2303 3110 2515 3184 objicit,
2570 3127 2638 3168 ne
2693 3109 2944 3182 transﬁgi
2992 3110 3186 3183 sagitta
3232 3109 3481 3168 veritatis
3536 3110 3727 3183 possit.

2136 3202 2396 3277 Quisquis
2425 3203 2572 3259 enim
2596 3200 2729 3258 dum
2758 3200 3075 3272 corripitur,
3100 3205 3392 3272 peccatum
3412 3217 3573 3257 suum
3604 3216 3732 3256 ma-

2138 3292 2219 3366 gis
2269 3309 2530 3350 excusare
2574 3292 2783 3364 appetit
2830 3307 2993 3365 quam
3051 3289 3271 3360 deflere,
3306 3291 3462 3365 quasi
3492 3290 3736 3365 squamis

2136 3385 2361 3457 tegitur,
2404 3384 2536 3442 dum
2578 3402 2610 3441 a
2640 3382 2844 3441 sanctis
2882 3381 3337 3456 praedicatoribus
3366 3382 3548 3455 gladio
3576 3379 3734 3437 verbi

2133 3472 2430 3547 jaculatnr.
2482 3476 2746 3549 Squamas
2780 3473 2966 3543 habet,
3007 3480 3061 3529 et
3115 3473 3321 3530 idcirco
3347 3472 3416 3528 ad
3453 3468 3571 3544 ejus
3597 3487 3730 3544 prie-

2140 3565 2328 3622 cordia
2358 3563 2681 3622 transeundi
2703 3564 2850 3619 viam
2882 3563 3037 3619 verbi
3053 3564 3251 3634 sagitta
3277 3579 3389 3619 non
3419 3561 3604 3618 habet.
3622 3563 3737 3618 Du-

2141 3654 2271 3710 ritia
2298 3654 2446 3710 enim
2472 3652 2678 3711 carnali
2711 3651 3014 3723 repellitur,
3047 3667 3116 3707 ne
3144 3650 3406 3724 spiritalis
3434 3651 3485 3708 ei
3525 3649 3739 3723 gladius

2141 3743 2421 3817 inﬁgatur.

2213 3834 2303 3891 52.
2349 3835 2447 3890 His
2493 3832 2728 3906 squamis
2764 3832 3081 3889 obduratum
3117 3847 3208 3888 cor
3229 3829 3404 3899 Sauli,
3434 3827 3622 3901 gratiae
3640 3845 3739 3884 sa-

2139 3924 2286 3996 gittis
2307 3923 2581 3996 patuit.—
2601 3921 2820 3980 Carnali
2848 3921 3116 3994 sapientia
3143 3928 3335 3977 contra
3347 3919 3521 3975 Deum
3543 3916 3741 3974 Saulus

2143 4013 2497 4082 obduruerat,
2558 4011 2777 4087 quando
2834 4028 2929 4069 cor
2983 4009 3101 4084 ejus
3147 4011 3301 4067 nulla
3328 4007 3739 4082 praedicationis

2141 4102 2490 4177 Evangelicai
2518 4103 2716 4176 sagitta
2754 4103 2909 4160 nulla
2944 4102 3280 4175 penetrabat.
3314 4099 3419 4157 Sed
3448 4105 3737 4173 postquam

2121 4192 2274 4250 'forti
2304 4193 2521 4250 coalitus
2550 4193 2925 4266 increpatione
2964 4191 3260 4265 jaculatus,
3304 4198 3358 4248 et
3391 4206 3631 4264 superno
3660 4205 3739 4245 re-

2142 4292 2335 4356 spectu
2362 4292 2603 4342 caecatus
2634 4291 2715 4341 est
2747 4283 2961 4356 (lumen
2991 4282 3192 4356 quippe
3220 4291 3280 4339 ut
3308 4280 3575 4355 acciperet
3604 4280 3740 4336 ami-

2143 4372 2264 4445 sit),
2286 4374 2356 4431 ad
2375 4375 2647 4432 Ananiam
2680 4375 2908 4431 veniens
2927 4374 3295 4431 illuminatur.
3318 4375 3380 4430 In
3410 4390 3517 4447 qua
3550 4377 3742 4435 1107

436 4453 603 4560 ficti“.
628 4454 741 4556 illis
766 4464 1011 4560 fol}.th
1036 4450 1220 4560 θοιτξίδ
1247 4451 1490 4507 laborem
1518 4449 1865 4560 ξυυῖξθιξίιιίξι
1888 4454 2037 4505 remo
2069 4500 2120 4560 Β
2147 4469 2555 4528 illuminatione
2585 4472 2716 4545 quia
2735 4472 3121 4528 defensionum
3151 4487 3373 4528 suarum
3404 4469 3612 4528 duritia
3639 4486 3742 4527 ca-

430 4543 644 4617 judicio
686 4544 817 4601 inde
865 4544 992 4599 illos
1036 4549 1226 4599 contra
1270 4558 1325 4597 se
1354 4539 1585 4611 superbe
1614 4537 1916 4595 obstinatos
1944 4553 2036 4592 ex-

437 4637 642 4707 hibuit,
699 4637 844 4693 unde
900 4636 1017 4707 ipse
1070 4650 1169 4706 pro
1198 4632 1359 4689 nobis
1387 4631 1709 4687 inﬁrmitate
1740 4628 2028 4686 laboravit.

437 4729 782 4801 Repulerunt
830 4726 1031 4800 quippe
1061 4741 1091 4780 a
1132 4739 1188 4779 se
1243 4722 1411 4779 verba
1438 4720 1877 4795 praedicantinm,
1905 4718 2036 4791 quia

439 4817 722 4891 dedignati
751 4823 881 4872 sunt
915 4814 973 4869 in
1001 4813 1239 4870 Domino
1270 4812 1491 4868 inﬁrma
1504 4811 1840 4885 passionum.
1862 4809 2034 4865 Labo-

438 4923 552 4963 rem
584 4908 754 4981 igitur
770 4904 997 4962 Domini
1018 4912 1210 4960 contra
1228 4902 1481 4959 eumdem
1503 4902 1801 4959 Dominum
1815 4907 2034 4957 scutum

439 4997 621 5054 cordis
660 4995 995 5064 habuerunt,
1045 4995 1175 5068 quia
1217 4994 1449 5067 superba
1490 4991 1832 5066 sapientibus
1853 5006 1918 5046 eo
1938 4989 2032 5046 de-

441 5093 660 5160 spectus
688 5084 966 5158 apparuit,
998 5099 1106 5156 quo
1137 5090 1359 5157 propter
1385 5099 1476 5140 eos
1506 5080 1736 5139 humilis
1763 5079 1889 5137 fuit.

514 5227 652 5300 [νει.
702 5224 930 5298 ΧΧΧΙ.]
968 5223 1057 5281 50.
1096 5224 1208 5279 Hoc
1234 5227 1378 5277 scuto
1408 5220 1492 5276 usi
1518 5220 1695 5276 Adam
1723 5225 1770 5275 et
1792 5221 1932 5275 Ευα.
1966 5246 2038 5258 -

442 5314 558 5373 Hoc
585 5321 824 5383 scutum,
852 5312 995 5370 sicut
1004 5310 1119 5383 jam
1135 5308 1385 5382 superius
1419 5307 1686 5373 diximus,
1710 5304 1924 5376 primus
1945 5302 2039 5360 ille

441 5415 696 5480 peccator
722 5403 924 5474 tenuit,
955 5402 1071 5476 qui,
1095 5400 1406 5474 requirente
1438 5397 1677 5455 Domino
1696 5410 1797 5454 cur
1827 5395 2039 5468 lignum

476 5646 479 5647 '
516 5635 535 5671 ³
564 5629 729 5690 Corb.
760 5625 948 5685 Germ.
979 5628 1034 5679 et
1048 5619 1286 5688 Gemet.,
1314 5616 1386 5676 ad
1406 5615 1727 5692 pwnitentiie
1748 5611 2043 5691 confessio-

443 5721 560 5761 nem
586 5704 800 5760 ardore.

517 5777 541 5813 ³
569 5775 693 5836 Val.
727 5773 833 5843 Cl.,
868 5768 1262 5829 humanitatem.

2144 4560 2276 4629 ruit,
2298 4559 2437 4617 bene
2466 4561 2533 4618 de
2568 4578 2631 4617 eo
2653 4562 2920 4633 scriptum
2940 4569 3039 4619 est:
3068 4562 3378 4619 Ceciderunt
3402 4561 3557 4632 quasi
3570 4575 3742 4630 squa-

2139 4667 2239 4705 mce
2279 4651 2345 4707 ab
2389 4652 2556 4708 oculis
2598 4651 2715 4723 ejus
2748 4652 2887 4725 (Act.
2940 4669 3019 4723 rx,
3055 4653 3168 4726 18).
3208 4653 3454 4711 Carnalis
3484 4648 3742 4706 videlicet

2142 4744 2445 4813 tegumenti
2475 4744 2636 4800 illum
2667 4743 2873 4800 duritia
2903 4751 3189 4817 presserat,
3239 4748 3293 4798 et
3321 4740 3530 4797 idcirco
3559 4735 3743 4792 radios

2143 4834 2261 4889 veri
2284 4834 2513 4890 luminis
2542 4850 2653 4891 non
2680 4834 2919 4890 videbat.
2952 4834 3058 4891 Sed
3086 4840 3373 4904 postquam
3400 4825 3645 4900 superbae
3662 4839 3742 4880 re-

2143 4923 2505 4996 pugnationes
2533 4922 2653 4995 ejus
2680 4924 2841 4982 victa
2861 4932 3012 4991 sunt,
3044 4920 3428 4978 defensionum
3449 4915 3569 4988 ejus
3583 4928 3738 4988 squa-

2144 5030 2246 5069 mas
2289 5014 2626 5073 ceciderunt.
2669 5016 2801 5083 Quae
2843 5015 3065 5088 quidem
3096 5013 3197 5069 sub
3225 5009 3455 5067 Ananiae
3484 5008 3742 5064 manibus

2143 5102 2213 5158 ab
2241 5104 2417 5160 oculis
2445 5104 2770 5162 ceciderunt
2800 5098 3066 5175 corpdris,
3097 5101 3193 5158 sed
3220 5106 3347 5156 ante
3367 5098 3485 5170 jam
3513 5097 3617 5155 sub
3645 5096 3741 5153 do-

2144 5193 2351 5250 minica
2399 5193 2777 5266 increpatione
2819 5191 3132 5249 ceciderant
3192 5190 3261 5247 ab
3309 5191 3485 5246 oculis
3536 5187 3738 5245 cordis.

2148 5282 2286 5340 Cum
2317 5282 2466 5339 enim
2493 5283 2617 5340 altae
2637 5282 2969 5339 invectionis
2991 5279 3179 5352 jaculo
3205 5279 3492 5338 confossus
3512 5277 3740 5352 jaceret,

2149 5372 2351 5431 humili
2380 5372 2580 5446 jamtet
2608 5380 2889 5448 penetrato
2930 5371 3095 5431 corde
3134 5370 3470 5446 requirebat,
3512 5368 3736 5428 dicens:

2222 5605 2500 5738 ξξέῗιεὲἱ,
2530 5602 2853 5753 ᾶέῗῧῗςέθιω.
2885 5615 2941 5666 et
2963 5602 3086 5669 Val.
3118 5603 3227 5677 CL,
3257 5603 3351 5680 qui
3367 5604 3499 5666 illic.
