2078 3089
202 124 252 153 707
803 119 926 149 SANC'I’I
945 119 1113 149 GREGORII
1131 120 1243 150 MAGNI

1807 121 1864 151 708

200 184 388 219 Dominc,quid
396 192 436 211 me
443 184 483 211 ris
493 185 580 219 facere
588 185 657 220 (Act.
673 192 714 217 xi,
729 184 776 220 6)?
785 184 910 220 Repulsis
926 183 1000 211 vide-
1014 184 1039 214 Α
1057 184 1139 220 pedes
1154 184 1290 213 introrsus
1305 184 1455 219 subtrahit,
1471 190 1553 221 caput
1566 185 1727 219 abscondit;
1749 190 1776 214 et
1792 187 1864 217 intra

201 231 264 258 licet
282 229 413 265 squamis,
436 229 493 264 jam
509 229 542 257 ad
557 229 647 257 cordis
657 229 762 257 viscera
770 229 894 256 veritatis
905 229 1002 265 sagitta

199 278 372 311 pervenerat,
384 274 506 311 quando,
522 274 645 310 deposita
654 274 772 302 elatione
782 275 926 310 superbiat,
938 283 1001 302 eum

200 329 280 357 quem
304 321 525 356 impugnaverat,
550 320 699 348 Dominum
722 320 865 353 conﬁtens,
889 324 914 347 et
935 320 1000 356 quid

201 371 292 402 ageret
307 366 441 399 nesciens,
458 365 623 402 requirebat,
641 365 745 393 Intueri
763 366 830 393 libet
845 366 892 393 ubi
905 370 946 393 est
954 374 1001 393 sm-

200 419 253 438 vus
268 410 313 438 ille
329 413 498 446 persecutur,
515 410 561 437 ubi
574 410 653 445 lupus
668 418 761 445 rapax.
785 409 854 446 [ιόι.
871 410 1000 446 XXXII]

199 456 271 483 Ecce
288 456 315 483 in
330 464 409 482 ovem
422 454 478 490 jam
499 463 594 482 versus
608 458 657 487 est,
687 455 734 490 qui
750 459 943 491 percunctatur
958 463 1002 491 pa.

201 501 284 527 storis
307 500 430 527 semitam
456 508 536 535 quam
552 503 690 535 sequatur.
707 500 742 526 Et
757 500 911 528 notandum
928 502 1002 537 quod

201 553 263 573 cum
279 544 381 572 diceret
394 554 399 571 :
418 544 482 577 Quis
497 553 531 577 es,
548 545 658 571 Domine
671 544 741 579 (Act.
761 553 831 577 xxn,
842 546 870 580 8)
883 546 896 573 ‘?
911 555 966 574 non
977 547 1001 575 ei

201 597 217 616 a
230 590 348 617 Domino
368 589 565 624 respondetur:
583 589 640 624 Ego
655 598 715 617 sum
733 590 892 625 unigenitus
903 591 1000 626 Patris,

202 642 251 669 ego
259 633 438 670 principium,
455 641 503 669 ego
514 633 635 662 Verbum
647 638 709 662 ante
722 635 829 662 srecula.
846 635 916 669 Quia
928 636 1001 663 enim

200 683 302 710 Saulus
317 682 489 710 incarnatum
506 682 652 710 Dominum
668 682 778 710 credere
797 683 1001 717 contemnebat,

201 732 228 756 et
243 728 302 764 ejus
317 728 498 756 humanitatis
512 727 621 755 infirma
637 727 806 763 despexerat,
823 728 856 756 de
871 728 939 757 cozlo
951 728 1003 756 hoc

202 773 277 809 quod
293 776 492 809 contempserat
507 772 632 800 audivit:
649 774 705 808 Ego
723 781 781 799 sum
792 773 867 800 Iesus
878 774 1003 801 Nazare-

203 827 264 852 nus,
289 828 364 855 quem
386 823 413 846 tu
434 818 600 854 persequeris
616 818 710 853 (Ibiil.,
727 817 766 853 8).
785 818 825 845 Ac
841 817 862 845 si
881 817 1000 846 diceret:

1059 229 1181 258 tenentis
1195 239 1306 258 manum
1322 235 1411 259 totum
1426 230 1509 258 simul
1525 231 1672 265 amittitur,
1688 232 1763 268 quod
1775 237 1863 262 totum

1058 274 1144 302 simul
1162 279 1224 303 ante
1248 275 1403 303 videbatur.
1433 275 1478 303 Sic
1497 275 1629 305 nimirum
1654 276 1694 304 sic
1717 277 1864 306 malitiosa;

1062 324 1167 348 mentes
1181 324 1257 354 sunt,
1282 329 1344 348 cum
1367 320 1395 347 in
1420 320 1476 347 suis
1498 320 1654 348 excessibus
1675 322 1864 357 comprehen—

1063 365 1176 392 duntur.
1194 365 1282 402 Caput
1298 366 1370 393 enim
1383 365 1479 393 hericii
1496 366 1628 400 cernitur,
1644 367 1707 402 quia
1716 376 1771 404 quo
1782 368 1863 397 initio

1061 414 1189 446 peccator
1201 411 1234 438 ad
1248 411 1355 447 culpam
1372 411 1515 439 accesserit
1530 411 1650 439 videtur.
1666 412 1750 440 Pedes
1764 413 1861 443 hericii

1057 457 1278 492 conspiciuntur,
1295 457 1358 493 quia
1370 456 1470 492 quibus
1485 457 1607 493 vestigiis
1616 458 1738 493 nequitia
1749 458 1784 486 sit
1795 467 1862 495 per-

1057 509 1165 542 petrata
1180 503 1369 539 cognoscitur;
1387 506 1413 530 et
1428 507 1531 536 tamen,
1547 502 1675 531 adductis
1692 509 1802 540 repente
1816 515 1861 534 ex-

1058 549 1260 583 cusationibus,
1277 547 1414 575 malitiosa
1431 555 1508 575 mens
1523 548 1658 576 introrsus
1673 548 1754 584 pedes
1776 551 1862 579 colli-

1058 595 1177 632 git,quia
1188 598 1285 622 cuncta
1294 593 1448 630 iniquitatis
1457 602 1512 621 suae
1524 593 1797 629 vestigiaabscondit.
1814 596 1860 625 Ca-

1060 644 1109 676 put
1119 639 1272 673 subtraliit,
1284 638 1348 674 quia
1357 638 1434 665 miris
1442 638 1649 665 defensionibus
1656 647 1706 667 nec
1715 639 1860 670 inchoasse

1059 693 1086 713 se
1098 693 1213 721 pravum
1226 682 1330 719 aliquid
1343 682 1479 716 ostendit;
1495 686 1521 710 et
1531 683 1607 718 quasi
1618 683 1721 719 sphaera
1732 685 1760 712 in
1775 694 1858 714 manu

1059 729 1179 757 tenentis
1195 731 1325 762 remanet,
1343 727 1408 764 quia
1423 728 1446 755 is
1466 727 1513 764 qui
1529 727 1652 764 corripit,
1674 733 1775 758 cuncta
1798 738 1858 766 quae

1056 774 1113 809 jam
1139 777 1304 809 cognoverat
1330 772 1421 800 subito
1442 772 1581 806 amittens,
1606 772 1763 801 involutum
1788 774 1859 801 intra

1058 818 1255 847 conscientiam
1279 821 1447 853 peccatorem
1474 821 1556 852 tenet,
1572 821 1598 845 et
1620 818 1667 854 qui
1690 822 1781 846 totum
1803 818 1858 854 jam

203 864 262 892 Hoc
276 872 291 891 a
306 872 349 891 mc
364 863 428 891 audi
446 863 479 890 de
494 862 692 899 superioribus,
704 862 776 898 quod
787 862 814 889 in
828 870 869 889 me
885 862 918 889 de
935 862 1002 890 infe-
1020 864 1043 895 B
1061 862 1291 900 deprehendenda
1315 862 1431 896 viderat,
1458 862 1683 898 tergiversatione
1702 871 1793 899 pravm
1808 863 1859 891 de-

203 908 324 937 rioribus
339 908 466 944 despicis.
486 909 492 925 ¹
510 908 657 935 Auctorem
676 907 737 935 coeli
753 907 859 934 venisse
872 907 1002 943 despexe-

203 960 246 981 ras
273 953 301 979 in
326 956 437 987 terram,
451 960 485 980 ex
500 955 572 979 terra
586 959 648 988 ergo
663 951 804 978 hominem
824 959 956 986 cognosce
971 951 1004 979 de

203 999 282 1033 caelo,
298 1002 329 1026 ut
341 1002 418 1027 tanto
433 997 462 1025 in
475 1005 517 1024 me
528 997 646 1032 amplius
656 999 825 1024 sacramenta
834 995 1003 1024 inﬁrmitatis

204 1048 320 1079 metuas,
334 1048 436 1080 quanto
448 1048 474 1071 et
483 1043 540 1071 haec
551 1042 681 1078 perducta
696 1042 725 1069 in
741 1042 899 1071 caelestibus
914 1043 947 1070 ad
958 1051 1005 1071 ex-

203 1090 359 1118 cellentiam
374 1089 512 1125 potestatis
528 1087 635 1123 probas.
659 1088 837 1116 Prosternens
861 1088 946 1124 igitur
961 1092 999 1123 te,

204 1142 375 1171 nequaquam
391 1133 442 1161 tibi
452 1134 504 1161 hoc
519 1138 610 1160 astruo
623 1132 697 1169 quod
713 1137 775 1160 ante
803 1133 904 1161 saacula
931 1134 1003 1161 Deus

204 1189 264 1208 sum
278 1189 284 1213 ;
301 1180 347 1208 sed
363 1179 431 1207 illud
446 1188 462 1207 a
476 1188 519 1207 me
532 1178 610 1206 audis
624 1178 698 1215 quod
714 1179 747 1206 de
762 1187 806 1206 me
821 1178 932 1207 credere
950 1179 1004 1207 de—

203 1224 333 1260 dignaris.
350 1223 495 1259 Postquam
511 1223 583 1250 enim
600 1223 673 1250 dixit
694 1223 779 1257 Iesus,
795 1222 888 1250 adhuc
902 1223 930 1250 in
947 1230 1003 1250 ex-

203 1269 370 1305 pressionem
389 1272 502 1296 terrenae
513 1268 723 1296 inbabitationis
735 1267 860 1295 subdidit
878 1268 1003 1295 Nazare—

203 1323 275 1346 nus;
289 1314 365 1341 velut
379 1314 400 1340 si
416 1314 536 1349 apertius
554 1313 706 1341 diceretur:
738 1312 909 1341 Humilitatis
936 1320 1002 1340 mea!

203 1358 315 1386 inﬁrma
329 1358 447 1394 suscipe,
462 1362 489 1386 et
501 1362 555 1386 tua:
569 1358 703 1395 superbiae
718 1367 845 1395 squamas
860 1359 965 1386 amitte.

239 1432 282 1459 53.
300 1432 332 1459 In
347 1430 489 1466 hypocritis
503 1430 625 1458 duriores
640 1431 695 1458 illae
708 1440 833 1467 squamae.
862 1431 1003 1460 Malitiosw

206 1480 300 1504 mentes
312 1476 416 1504 hericiis
426 1476 532 1504 similes.
549 1491 583 1496 —
599 1476 748 1504 Sciendum
765 1480 855 1504 tamen
873 1480 914 1504 est
928 1475 1003 1512 quod

205 1522 264 1549 istae
279 1520 469 1548 defensionum
485 1530 616 1557 squama),
635 1521 761 1557 quamvis
775 1529 843 1557 pene
858 1529 939 1549 omne
954 1520 1002 1548 liu-

205 1575 316 1594 manum
332 1574 415 1602 genus
430 1570 586 1601 contegant,
606 1566 815 1602 hypocritarum
830 1570 920 1593 tamen
935 1573 982 1601 spe
992 1580 1002 1585 -

204 1611 311 1639 cialiter
320 1615 346 1639 et
354 1611 516 1640 callidorum
528 1611 672 1638 hominum
683 1615 788 1638 mentes
801 1614 938 1645 premunt.
947 1610 1001 1646 Ipsi

205 1657 306 1684 etenim
322 1657 414 1692 culpas
428 1665 491 1684 suas
506 1660 581 1683 tanto
597 1655 790 1683 vehementius
813 1655 938 1683 conﬁteri
953 1663 1002 1682 re—

205 1701 325 1737 fugiunt,
342 1702 352 1718 ³
367 1705 472 1737 quanto
491 1709 518 1728 se
542 1700 654 1728 stultius
678 1699 767 1727 videri
784 1699 818 1727 ab
841 1699 1001 1728 hominibus

205 1751 359 1783 peccatores
378 1746 552 1774 erubescunt.
575 1745 706 1781 Correpta
729 1745 824 1781 itaque
845 1745 1000 1774 sanctitatis

204 1791 355 1825 simulatio,
371 1794 397 1819 et
417 1791 523 1819 malitia
544 1791 652 1826 occulta
672 1789 851 1826 deprehensa,
875 1798 1001 1826 squamas

205 1837 301 1873 objicit
312 1836 488 1870 defensionis,
496 1840 522 1863 et
532 1836 656 1863 veritatis
667 1835 789 1870 gladium
803 1834 1001 1871 repellit.Unde

205 1882 274 1910 bene
289 1891 336 1919 per
346 1881 510 1918 Prophetam
525 1885 620 1909 contra
635 1880 748 1908 Judeam
764 1880 883 1908 dicitur:
901 1880 1002 1908 Ibicu—

205 1928 275 1955 bavit
291 1927 383 1960 lamia,
398 1930 422 1954 et
437 1927 533 1954 invenit
543 1926 593 1954 sibi
608 1926 734 1961 requiem,
745 1926 780 1953 ibi
796 1926 887 1953 habuit
900 1926 1002 1961 foveam

205 1972 318 2000 hericius
335 1972 413 2006 (Isai.
428 1979 528 2003 xxxtv,
545 1971 587 2004 ili,
612 1971 667 2007 15).
696 1970 746 1998 Per
770 1971 880 1998 Iamiam
902 1970 1001 2007 quippe

205 2018 368 2055 hypocrita,
386 2025 433 2052 per
448 2016 584 2044 hericium
600 2025 664 2045 vero
679 2017 811 2046 malitiosi
826 2017 938 2054 quique,
954 2017 1002 2053 qui

205 2064 322 2091 diversis
346 2071 373 2090 se
395 2062 601 2090 defensionibus
628 2066 786 2099 contegunt,
812 2062 999 2098 designantur.

205 2108 300 2137 Lamia
315 2107 415 2135 etenim
432 2107 581 2135 humanam
599 2107 697 2135 habere
713 2106 816 2135 dicitur
831 2107 940 2141 faciem,
955 2107 1002 2136 sed

205 2163 304 2191 corpus
319 2154 442 2182 bestiale.
459 2153 503 2182 Sic
517 2158 544 2181 et
567 2161 663 2181 omnes
683 2152 837 2189 hypocritae
861 2152 889 2180 in
914 2154 1001 2189 prima

206 2201 275 2229 facie
296 2199 369 2237 quod
384 2198 617 2235 ostenduntquasi
628 2207 662 2226 ex
676 2198 783 2226 ratione
790 2198 943 2227 sanctitatis
951 2202 1000 2232 est;

205 2246 252 2275 sed
280 2245 393 2273 bestiale
411 2248 451 2272 est
477 2253 576 2279 corpus
598 2243 670 2280 quod
695 2244 830 2280 sequitur,
846 2244 911 2280 quia
925 2243 1004 2272 valde

206 2295 301 2331 iniqua
315 2297 379 2322 sunt
394 2302 454 2330 quae
469 2293 519 2321 sub
534 2292 599 2320 boni
614 2292 702 2328 specie
718 2293 884 2321 moliuntur.
902 2293 1003 2321 Hericii

205 2345 296 2369 autem
334 2339 446 2367 nomine
483 2338 682 2366 malitiosarum
718 2338 851 2365 mentium
881 2337 1004 2365 defensio

206 2387 376 2423 designatur,
405 2384 470 2422 quia
497 2383 626 2412 videlicet
655 2383 777 2411 bericius
807 2392 868 2411 cum
903 2391 1003 2419 appre-

206 2430 338 2460 henditur
370 2430 428 2467 ejus
454 2433 481 2457 et
505 2431 587 2465 caput
614 2427 746 2461 cernitur,
764 2431 859 2460 1108
873 2431 899 2456 et
922 2427 1003 2464 pedes

206 2482 347 2516 videntur,
363 2483 390 2509 et
404 2487 503 2516 corpus
522 2487 603 2507 omne
618 2478 786 2515 conspicitur
802 2488 808 2512 ;
831 2478 878 2506 sed
893 2487 958 2507 mox
973 2482 1003 2506 ut

206 2526 393 2565 apprehensus
403 2526 497 2561 fuerit,
511 2526 688 2563 semetipsum
699 2525 728 2553 in
740 2525 874 2562 sphaeram
885 2525 1002 2562 colligit,

244 2626 253 2643 ¹
268 2625 329 2653 Val.
345 2624 574 2660 C1,,utauctorem
585 2623 642 2652 mli
656 2623 741 2652 discas
748 2623 847 2660 uenisse
854 2623 880 2650 in
891 2626 1001 2652 terram.

208 2660 306 2694 Laud.,
322 2661 446 2695 Ebroic.,
460 2661 577 2694 Gemet.,
592 2660 690 2689 Pratel.
707 2663 734 2688 et
751 2659 806 2688 duo
829 2660 934 2695 Germ.,
953 2668 1003 2696 pro

206 2697 373 2749 deipexeras,
388 2697 489 2725 habent
501 2697 632 2732 desperas,
648 2697 691 2724 vel
707 2696 837 2731 disperas.

271 2733 308 2749 ἸΙ-ι
326 2738 422 2749 τινι-κοίης
450 2733 528 2749 Cum“
551 2740 644 2749 nmnna
655 2733 707 2749 Μεο
729 2733 837 2749 Πηωθυιίη

271 2733 311 2759 Ita
326 2738 432 2768 Ῑπίῡῐῡῐ.
450 2733 540 2760 Germ.
551 2740 646 2760 omnes
655 2733 718 2761 Mss.
729 2733 815 2760 nostri
823 2735 850 2760 et
858 2735 913 2760 vet.
925 2732 1001 2760 Edit.

209 2771 244 2797 At
260 2768 357 2801 (litat,
376 2770 456 2802 Utic.,
472 2770 619 2803 (iussanv.,
644 2777 706 2798 cum
721 2767 778 2804 jam
801 2768 876 2797 dicto
897 2768 1002 2801 Germ.,

209 2806 268 2832 loca
283 2805 398 2837 stultius,
414 2804 514 2832 habent
533 2805 618 2832 citius.

243 2841 254 2847 ‘
275 2840 327 2876 AL,
339 2841 511 2880 caligosis,.ut
525 2840 625 2880 legitur
634 2842 663 2871 in
674 2842 757 2872 duob.
774 2843 879 2877 Germ.,
894 2842 1000 2872 Gemet.

336 2875 510 2905 vetustiorib.
526 2875 594 2903 Cod.

379 2951 391 2974 is

391 2973 431 3050 ἱ

1059 908 1193 936 fensionis
1224 907 1332 942 illusus,
1362 911 1449 935 totum
1475 907 1576 943 pariter
1604 907 1721 943 ignorat.
1742 908 1858 936 Foveam

1059 961 1121 989 ergo
1153 952 1274 980 hericius
1301 952 1329 979 i.i
1358 951 1481 987 reprobis
1508 951 1599 985 habet,
1630 952 1694 988 quia
1722 953 1860 981 malitiosa

1059 1006 1136 1026 mens
1151 1006 1207 1026 sese
1225 998 1297 1025 intra
1311 1005 1339 1024 se
1353 997 1484 1033 colligens
1500 997 1528 1024 in
1542 997 1666 1025 tenebris
1686 997 1859 1026 defensionis

1058 1042 1212 1071 abscondit.
1229 1042 1281 1070 Sed
1296 1041 1324 1069 in
1337 1041 1390 1069 hoc
1405 1041 1478 1078 quod
1494 1050 1522 1069 se
1536 1045 1662 1077 peccator
1682 1047 1805 1076 excusat,
1828 1042 1856 1070 in

1058 1087 1111 1115 hoc
1126 1086 1199 1123 quod
1225 1087 1235 1103 ³
1259 1086 1416 1122 caliginosis
1439 1085 1646 1114 defensionibus
1668 1086 1755 1114 ﬁxum
1777 1087 1806 1114 in
1830 1095 1858 1114 se

1058 1132 1170 1160 oculum
1188 1131 1361 1167 corripientis
1379 1130 1533 1165 obnubilat,
1547 1131 1660 1159 divinus
1673 1131 1753 1160 nobis
1768 1140 1858 1159 sermo

1058 1177 1139 1205 etiam
1156 1177 1295 1213 quomodo
1310 1185 1325 1204 a
1345 1175 1482 1204 similibus
1497 1176 1627 1205 fulciatur
1647 1177 1777 1205 ostendit.
1805 1177 1858 1205 Se-

1059 1222 1170 1258 quitur:

1217 1273 1330 1302 CAPUT
1354 1274 1445 1302 XXX.
1464 1274 1533 1312 [Vet.
1551 1274 1696 1312 XXXIII].

1093 1320 1179 1349 Vsus.
1197 1320 1222 1347 7.
1243 1336 1278 1340 —
1296 1320 1352 1348 Una
1367 1321 1413 1347 uni
1428 1319 1609 1356 conjungitur,
1624 1324 1648 1348 et
1661 1330 1692 1348 ne
1707 1322 1717 1339 ⁸
1733 1320 1856 1357 spiracu-

1059 1366 1113 1393 lum
1129 1365 1232 1400 quidem
1246 1365 1341 1392 incedit
1353 1373 1402 1400 per
1417 1374 1469 1393 eas.

1092 1410 1136 1438 54.
1154 1410 1244 1444 Iniqui
1256 1410 1360 1437 alterna
1374 1418 1400 1437 se
1414 1410 1523 1437 invicem
1538 1410 1687 1445 defensione
1703 1413 1854 1438 tuentur.—

1058 1456 1117 1484 Istm
1132 1463 1251 1491 squamze
1268 1454 1451 1490 peccantium,
1475 1463 1508 1482 ne
1525 1454 1558 1482 ab
1583 1463 1629 1483 ore
1647 1454 1852 1491 praedicantium

1058 1502 1150 1538 aliquo
1164 1502 1228 1529 vitre
1244 1501 1381 1537 spiraculo
1396 1505 1583 1537 penetrentur,
1600 1505 1627 1530 et
1638 1501 1775 1530 obduratee
1789 1507 1854 1530 sunt

1019 1550 1040 1581 α
1057 1550 1084 1574 et
1099 1546 1263 1581 conjunctae.
1276 1547 1286 1562 ⁵
1298 1546 1371 1579 Quos
1386 1546 1459 1573 enim
1469 1546 1569 1574 similis
1584 1551 1674 1575 reatus
1688 1547 1782 1581 sociat,
1791 1555 1854 1575 con-

1056 1591 1132 1619 cordi
1146 1590 1296 1627 pertinacia
1306 1591 1388 1618 etiam
1396 1590 1520 1620 defensio
1532 1600 1659 1627 perversa
1669 1591 1816 1628 constipat,
1825 1597 1857 1620 ut

1056 1636 1089 1664 de
1108 1636 1278 1663 facinoribus
1296 1636 1352 1663 suis
1374 1635 1479 1663 alterna
1500 1644 1527 1664 se
1553 1637 1673 1664 invicem
1697 1637 1856 1666 defensione

1056 1684 1197 1709 tueantur.
1217 1680 1274 1708 Sibi
1292 1680 1366 1707 enim
1382 1680 1498 1716 quisque
1512 1682 1622 1715 metuit,
1636 1681 1703 1709 dum
1713 1681 1856 1710 admoneri

1056 1726 1099 1753 vel
1115 1725 1215 1761 corrigi
1231 1725 1347 1753 alterum
1363 1726 1466 1759 cernit;
1490 1730 1517 1754 et
1531 1726 1634 1755 idcirco
1653 1732 1752 1756 contra
1766 1728 1856 1756 corri—

1056 1771 1191 1808 pientium
1208 1771 1290 1799 verba
1305 1771 1473 1799 unanimiter
1483 1773 1611 1808 assurgit,
1623 1774 1687 1809 quia
1697 1782 1725 1802 se
1734 1773 1762 1801 in
1771 1774 1856 1803 altero

1056 1816 1183 1852 protegit.
1201 1816 1273 1843 Bene
1288 1824 1351 1852 ergo
1366 1815 1484 1844 dicitur:
1505 1817 1560 1845 Una
1575 1818 1622 1846 uni
1636 1819 1817 1855 conjungitur,
1834 1823 1857 1847 et

1057 1870 1088 1888 ne
1102 1862 1266 1896 spiraculum
1281 1862 1385 1896 quidem
1399 1862 1494 1889 incedit
1506 1870 1555 1898 per
1569 1871 1622 1897 eas,
1631 1863 1696 1899 quia
1712 1864 1740 1891 in
1755 1863 1856 1901 iniqui-

1057 1906 1161 1934 tatibus
1176 1907 1245 1940 suis,
1268 1906 1334 1934 dum
1360 1906 1483 1934 vicissim
1504 1907 1620 1942 superba
1646 1916 1674 1935 se
1697 1908 1855 1937 defensione

1057 1955 1212 1987 protegunt,
1229 1955 1328 1978 sancta:
1346 1950 1547 1980 exhortationis
1558 1952 1694 1988 spiracula
1709 1953 1742 1981 ad
1757 1962 1784 1981 se
1795 1954 1854 1981 nul-

1057 1996 1164 2024 latenus
1179 1996 1281 2023 intrare
1296 1995 1470 2031 permittunt.
1485 1996 1607 2030 Quorum
1622 1998 1776 2034 pestiferam
1786 2007 1852 2026 con-

1057 2041 1178 2069 cordiam
1194 2040 1285 2070 adhuc
1295 2041 1416 2076 apertius
1431 2041 1565 2077 subdidit,
1582 2042 1692 2072 dicens:

1341 2112 1454 2142 CAPUT
1466 2113 1570 2143 XXXI.

1094 2159 1179 2187 Vens.
1202 2160 1228 2188 8.
1245 2175 1280 2180 —
1297 2160 1353 2188 Una
1365 2160 1445 2188 alteri
1460 2162 1471 2178 θ
1492 2161 1671 2195 adlucrebunt,
1695 2164 1719 2188 ct
1746 2163 1855 2189 tenentes

1059 2212 1085 2232 se
1098 2213 1264 2240 nequaquam
1276 2205 1479 2240 separabantur.

1095 2250 1138 2278 55.
1157 2250 1208 2283 Qui
1223 2250 1303 2277 divisi
1317 2250 1364 2277 vix
1379 2250 1478 2286 corrigi
1489 2253 1621 2286 poterant,
1638 2251 1766 2286 quomodo
1773 2259 1855 2278 emen-

1059 2295 1194 2322 dabuntur
1205 2295 1335 2322 uniti?—
1348 2295 1399 2328 Qui
1414 2295 1487 2322 enim
1504 2295 1586 2323 divisi
1601 2295 1701 2332 corrigi
1719 2299 1853 2331 poterant,

1060 2339 1088 2366 in
1105 2339 1283 2375 iniquitatum
1294 2348 1405 2368 suarum
1419 2340 1568 2376 pertinacia
1576 2341 1648 2368 uniti
1659 2341 1816 2377 perdurant,
1829 2344 1855 2369 et

1058 2388 1135 2412 tanto
1154 2385 1240 2420 magis
1255 2384 1378 2421 quotidie
1394 2385 1403 2402 ⁷
1420 2393 1435 2412 a
1449 2385 1604 2421 cognitione
1617 2385 1731 2421 justitiae
1742 2394 1856 2421 separa-

1057 2429 1171 2457 biliores
1186 2433 1260 2462 sunt,
1275 2434 1435 2466 quantoase
1446 2429 1565 2459 invicem
1577 2430 1653 2458 nulla
1668 2431 1854 2467 increpatione

1058 2477 1230 2510 separantur.
1247 2475 1313 2502 Nam
1330 2475 1401 2503 sicut
1416 2484 1473 2503 esse
1495 2476 1610 2504 noxium
1626 2476 1696 2504 solet
1717 2476 1739 2503 si
1763 2476 1854 2504 unitas

1058 2519 1128 2547 desit
1142 2519 1234 2554 bonis,
1251 2520 1288 2548 ita
1302 2520 1488 2557 perniciosum
1503 2525 1543 2549 est
1557 2522 1581 2549 si
1602 2529 1658 2549 non
1679 2520 1750 2550 desit
1763 2520 1852 2549 malis.

1094 2621 1104 2659 ξ
1120 2620 1237 2659 (jemet.,
1257 2622 1460 2659 inepti-acutum,
1477 2627 1503 2651 et
1520 2622 1558 2651 ita
1572 2630 1679 2659 semper
1694 2626 1798 2658 postea.

1093 2657 1103 2674 ⁵
1120 2657 1236 2719 (fremet,
1266 2658 1320 2686 alio
1343 2666 1435 2693 sensu,
1459 2667 1525 2694 quos
1552 2657 1745 2687 enim—similes
1765 2661 1854 2687 reatus

1093 2701 1121 2719 αα
1137 2715 1143 2719 .

1057 2700 1147 2756 soiaii.
1163 2728 1291 2772 Yulg‘ata,
1309 2731 1461 2772 αάιιωνριξίρἶ
1469 2732 1507 2772 _At
1517 2731 1545 2759 in
1554 2730 1688 2772 Hebr-uico
1697 2731 1851 2772 fonteplur.

1230 2765 1382 2804 legiturque
1395 2767 1429 2795 ad
1444 2766 1563 2796 litteram
1580 2776 1585 2796 :
1597 2767 1640 2795 vir
1652 2766 1738 2802 fratri
1750 2765 1799 2794 suo
1807 2766 1854 2795 ad-

1114 2808 1236 2880 etggilietq
1251 2847 1267 2866 α
1276 2839 1468 2880 ~cognatione...
1481 2839 1557 2876 ﬁunt.
1567 2838 1675 2880 Ilabent
1689 2839 1772 2880 etiam
1783 2837 1852 2880 ﬁunt

1057 2875 1181 2911 plerique
1193 2876 1257 2906 Mss.
1273 2875 1353 2905 Corb.
1365 2876 1470 2910 Germ.,
1481 2875 1502 2904 'a
1517 2875 1704 2911 cogitatione...
1721 2876 1797 2912 ﬁunt.
