4156 6178
322 296 421 353 709

1096 301 1468 360 MOBALIUM
1506 301 1639 360 LIB.
1681 301 1941 362 XXXIII.
1986 336 2050 348 —
2090 305 2163 363 IN
2198 304 2425 364 CAPUT
2462 305 2584 364 XLI
2621 304 2684 363 B.
2724 299 2867 365 JOB.

3523 317 3627 392 7w

316 422 608 480 Perversos
638 423 837 497 quippe
850 426 1033 482 unitas
1057 428 1395 497 corroborat,
1418 429 1551 485 dum
1573 430 1902 498 concordat;
1939 437 1991 497 Α
2018 436 2155 493 tatio
2184 433 2443 507 splendor
2475 432 2617 505 ignis
2650 441 2897 491 vocatur.
2929 435 2992 491 In
3020 451 3084 491 eo
3114 437 3261 493 enim
3292 439 3440 512 quod
3469 458 3525 499 se
3553 443 3622 499 ad

315 518 371 568 et
389 518 544 568 tanto
574 513 748 585 magis
774 514 1197 588 incorrigibiles,
1228 527 1435 590 quanto
1454 520 1742 578 unanimes
1763 522 1913 578 facit.

314 605 394 660 De
414 602 517 658 hac
547 605 759 659 unitate
784 605 1143 677 reproborum
1175 613 1188 645 ι
1220 624 1318 680 per
1336 609 1646 681 Sapientem
1674 610 1912 667 dicitur:

316 694 523 762 Stuppa
550 693 785 761 collecta,
816 710 1079 767 synagoga
1092 698 1417 769 peccantium
1439 700 1631 769 (Eccli.
1656 716 1777 765 xxr,
1802 700 1915 771 10).

313 784 393 838 De
420 781 527 837 hac
556 781 772 838 Nahum
805 786 1071 857 propheta
1103 788 1179 842 ait
1215 806 1226 843 :
1264 788 1409 843 Sicut
1439 789 1603 859 spina:
1634 789 1849 844 invisent
1868 806 1920 844 se

314 873 747 943 complectuntur,
770 873 844 927 sic
872 876 1167 930 convivium
1193 894 1375 931 eorum
1397 877 1606 949 pariter
1626 878 1920 948 potantinm

318 962 557 1032 (Natum:
586 978 625 1029 ι,
658 961 771 1032 10).
805 961 1139 1020 Convivium
1188 982 1423 1038 namque
1454 967 1807 1039 reproborum
1838 974 1919 1023 est

315 1050 610 1107 delectatio
630 1053 1015 1122 temporalium
1038 1055 1402 1127 voluptatum.
1427 1058 1488 1111 In
1516 1073 1624 1129 quo
1651 1057 1918 1112 nimirum

315 1140 583 1198 convivio
619 1141 823 1212 pariter
851 1150 1040 1214 potant
1067 1145 1162 1217 qui
1190 1145 1571 1202 delectationis
1599 1164 1709 1202 suae
1741 1148 1919 1202 illece-

314 1238 433 1294 bris
476 1235 667 1293 1109
730 1255 787 1294 se
848 1240 1195 1297 concorditer
1251 1242 1521 1300 debriant.
1568 1244 1743 1316 Igitur
1793 1243 1920 1316 quia

316 1328 570 1384 membra
595 1327 900 1384 Leviathan
929 1330 1110 1399 istius,
1132 1330 1189 1387 id
1209 1340 1289 1388 est
1310 1332 1531 1405 iniquos
1551 1349 1761 1400 omnes,
1783 1347 1921 1405 quos

314 1417 417 1472 Dei
446 1432 629 1472 sermo
658 1433 1008 1489 squamarum
1028 1423 1503 1494 compactionibus
1532 1429 1832 1493 comparat,
1854 1420 1922 1475 ad

316 1505 698 1562 defensionem
721 1523 878 1562 suam
900 1524 996 1580 par
1016 1510 1178 1582 culpa
1191 1512 1507 1579 concordat,
1528 1511 1664 1567 bene
1680 1510 1886 1566 dicitur
1906 1528 1916 1565 :

324 1598 441 1655 Una
476 1598 639 1655 alteri
668 1599 1026 1669 adhaerebunt,
1057 1607 1105 1656 et
1141 1608 1361 1657 tenentes
1395 1619 1448 1657 se
1477 1618 1808 1673 nequaquam
1836 1619 1925 1657 se-

309 1688 675 1761 parabantur.
723 1690 991 1747 Tenentes
1028 1691 1177 1746 enim
1233 1708 1289 1748 se
1336 1691 1573 1764 separari
1621 1699 1922 1764 nequeunt,

2027 524 2427 599 persequendos
2469 522 2647 595 justos
2692 531 3026 599 commovet,
3090 533 3215 580 ante
3263 528 3619 599 reproborum

2029 616 2217 671 oculos
2245 614 2531 685 signorum
2561 612 2860 668 virtutibus
2908 613 3072 668 lucet.
3112 614 3185 668 Et
3214 614 3344 686 quia
3371 615 3490 687 ejus
3522 626 3623 690 ty-

2030 700 2248 757 rannidi
2276 701 2547 772 sapientes
2577 700 2769 757 mundi
2813 700 3113 770 adhaerent,
3161 718 3460 776 eorumque
3488 722 3622 761 con-

2029 792 2168 846 siliis
2197 807 2360 846 omne
2390 790 2540 864 quod
2572 808 2799 863 pravum
2820 792 3046 848 molitur
3069 800 3303 861 exercet,
3332 801 3477 850 recte
3497 796 3623 850 sub-

2023 879 2280 953 jungitur
2322 900 2333 937 :

2348 980 2576 1037 CAPUT
2604 980 2841 1036 xxxm
2877 977 3016 1053 [Vet.
3052 980 3293 1054 XXXV].

2100 1079 2236 1134 Iern.
2268 1109 2337 1118 —
2364 1080 2438 1134 Et
2465 1079 2603 1135 oculi
2633 1078 2745 1147 ejus
2764 1084 2824 1133 ut
2836 1078 3105 1149 palpebra:
3134 1079 3378 1135 diluculi.

2100 1168 2189 1224 57.
2226 1169 2379 1225 Oculi
2401 1168 2534 1239 ejus,
2561 1169 2618 1223 id
2647 1175 2721 1222 est
2748 1167 3065 1236 consiliarii,
3084 1184 3181 1221 cur
3193 1168 3465 1239 palpebris
3492 1169 3631 1225 dilu-

2031 1256 2140 1311 culi
2167 1263 2571 1328 comparantur.
2603 1287 2674 1296 —
2704 1257 2807 1311 Per
2833 1255 3021 1311 oculos
3050 1255 3271 1327 quippe,
3300 1256 3415 1329 qui,
3446 1257 3632 1314 inhae-

2031 1353 2211 1401 rentes
2267 1346 2457 1418 capiti,
2530 1344 2762 1401 utilitati
2820 1344 3062 1401 wisionis
3135 1345 3464 1415 inserviunt,
3524 1363 3633 1404 non

2031 1434 2312 1490 immerito
2326 1436 2444 1508 ejus
2457 1434 2765 1490 consiliarii
2777 1432 3152 1505 designantur,
3165 1435 3260 1507 qui
3272 1435 3403 1492 dum
3418 1453 3632 1509 perver-

2032 1525 2108 1579 sis
2134 1523 2640 1581 machinationibus
2668 1540 2789 1597 quae
2817 1523 3053 1595 qualiter
3081 1524 3289 1594 agenda
3316 1533 3462 1592 sunt,
3494 1542 3634 1597 prae-

2037 1613 2247 1683 vident,
2275 1614 2542 1685 malignis
2568 1611 2686 1684 ejus
2706 1612 2970 1685 operariis
2995 1613 3150 1685 quasi
3176 1620 3456 1670 ostensum
3487 1614 3636 1687 pedi-

2033 1702 2137 1757 bus
2166 1702 2270 1758 iter
2307 1702 2570 1773 praebent.
2607 1702 2713 1769 Qui
2740 1709 2882 1757 recte
2908 1701 3181 1773 palpebris
3210 1701 3443 1760 diluculi
3473 1720 3636 1761 com-

315 1779 450 1851 quia
496 1796 561 1835 eo
605 1780 674 1835 ad
715 1780 1090 1838 defensionem
1133 1798 1288 1837 suam
1341 1781 1591 1837 vicissim
1637 1781 1921 1837 constricti
1955 1798 2002 1858 Β
2038 1790 2624 1860 paranturJ’alpebras
2642 1805 2875 1860 namque
2894 1790 3440 1857 diluculi,extremas
3456 1794 3638 1849 noctis

314 1876 472 1939 sunt,
493 1886 602 1943 quo
623 1887 679 1927 se
708 1870 818 1927 sibi
839 1888 937 1944 per
956 1873 1143 1928 omnia
1158 1872 1367 1929 similes
1386 1888 1501 1928 esse
1527 1870 1920 1926 meminerunt.

312 1962 607 2033 Descripto
634 1962 820 2035 itaque
849 1961 968 2034 ejus
997 1979 1242 2036 corpore,
1277 1962 1346 2018 ad
1374 1968 1541 2035 caput
1567 1977 1745 2017 sermo
1766 1960 1925 2017 redu-

315 2050 491 2118 citur,
514 2061 568 2108 et
595 2052 729 2125 quid
766 2069 862 2125 per
885 2053 1239 2125 semetipsum
1272 2060 1533 2109 extremae
1574 2050 1926 2124 persecutio-

324 2140 416 2197 nis
438 2150 680 2214 tempore
699 2143 959 2216 antiquus
978 2142 1156 2200 hostis
1184 2148 1436 2200 exerceat
1458 2140 1769 2198 nuntiatur.
1788 2140 1926 2198 Nam

321 2231 577 2303 sequitur
611 2249 623 2288 :

458 2350 688 2409 CAPUT
715 2350 934 2409 xxxn
973 2350 1113 2424 [γει.
1147 2353 1397 2424 XXXIV,
1428 2354 1546 2410 Rec.
1580 2351 1778 2426 XXV].

395 2442 569 2499 Vsus.
599 2443 652 2497 9.
692 2472 764 2482 —
796 2443 1119 2497 Sternutatio
1141 2444 1254 2513 ejus
1274 2444 1521 2515 splendor
1543 2443 1697 2514 ignis.

397 2531 487 2586 56.
524 2532 736 2595 Quanta
765 2531 1037 2584 commotio
1066 2548 1130 2584 ea:
1165 2532 1482 2585 Antichristi
1513 2532 1675 2601 signis
1701 2537 1747 2584 et
1765 2530 1930 2585 virtu-

321 2617 470 2672 tibus
499 2617 786 2672 immineat.
819 2647 889 2657 —
916 2615 1074 2684 Quod
1104 2617 1300 2672 melius
1325 2618 1676 2689 exponimus,
1707 2618 1754 2673 si
1781 2617 1931 2690 prius

319 2707 663 2763 sternutatio
692 2706 969 2779 quomodo
989 2714 1180 2779 agatur
1201 2706 1539 2779 indagemus.
1574 2708 1635 2762 In
1664 2715 1930 2763 sternuta-

314 2795 477 2851 tione
509 2794 713 2868 quippe
745 2796 960 2852 inﬂatio
1009 2813 1041 2851 a
1085 2805 1301 2868 pectore
1348 2798 1612 2868 exsurgit,
1654 2815 1773 2872 quae
1805 2814 1928 2853 cum

319 2891 546 2958 apertos
570 2885 639 2940 ad
668 2886 1038 2941 emanandum
1060 2902 1224 2958 poros
1247 2902 1356 2941 non
1387 2886 1623 2955 invenit,
1646 2887 1929 2943 cerebrum

320 2975 523 3046 tangit,
562 2980 616 3029 et
654 2981 908 3047 congesta
953 2989 1049 3045 per
1085 2989 1244 3029 nares
1288 2974 1498 3043 exiens,
1544 2981 1721 3030 totum
1769 2983 1933 3049 caput

323 3065 582 3139 protinus
612 3066 878 3122 concutit.
912 3066 976 3120 In
999 3064 1105 3121 hoc
1132 3065 1316 3138 itaque
1345 3065 1649 3121 Leviathan
1680 3082 1929 3139 corpore,

2039 1876 2201 1933 horas
2229 1878 2551 1950 accipimus,
2583 1877 2642 1933 in
2667 1878 2866 1950 quibus
2895 1878 3051 1949 quasi
3080 1896 3193 1934 nox
3222 1881 3411 1936 oculos
3438 1883 3633 1954 aperit,

2040 1966 2173 2022 dum
2204 1974 2447 2022 venturae
2490 1965 2629 2023 lucis
2671 1966 2786 2037 jam
2836 1967 2998 2023 initia
3043 1968 3303 2024 ostendit.
3337 1970 3637 2027 Prudentes

2040 2055 2210 2127 igitur
2237 2056 2449 2124 saeculi,
2478 2055 2703 2111 malitiaa
2729 2055 3065 2113 Antichristi
3094 2059 3364 2129 perversis
3387 2060 3637 2117 consiliis

2040 2144 2390 2214 inhaerentes,
2422 2146 2577 2218 quasi
2598 2145 2866 2219 palpebrae
2888 2153 3019 2215 sunt
3036 2145 3293 2217 diluculi,
3324 2150 3452 2221 quia
3472 2150 3636 2206 ﬁdem

2043 2249 2207 2308 quam
2237 2234 2296 2289 in
2326 2233 2545 2290 Christo
2574 2235 2869 2291 inveniunt
2896 2235 3053 2307 quasi
3081 2237 3283 2292 erroris
3309 2245 3529 2294 noctem
3557 2254 3637 2296 as-

2043 2332 2251 2391 serunt,
2281 2331 2336 2379 et
2348 2326 2757 2381 venerationem
2777 2325 3111 2382 Antichristi
3135 2341 3326 2382 verum
3346 2343 3463 2384 esse
3480 2344 3637 2384 mane

2043 2414 2395 2487 pollicentur.
2427 2416 2710 2488 Spondent
2748 2415 2896 2471 enim
2932 2431 2989 2471 se
3018 2415 3270 2473 tenebras
3297 2419 3559 2491 repellere
3583 2426 3638 2475 et

2044 2513 2293 2569 veritatis
2317 2513 2495 2570 lucem
2516 2514 2686 2587 signis
2706 2512 3132 2572 clarescentibus
3155 2519 3192 2573 1
3205 2514 3241 2568 1
3253 2515 3344 2569 10
3360 2518 3636 2587 nuntiare,

2043 2601 2173 2674 quia
2202 2620 2303 2659 nec
2333 2605 2656 2675 persuadere
2686 2622 2806 2679 qua:
2836 2608 3034 2663 volunt
3061 2616 3310 2682 possunt,
3342 2607 3451 2663 nisi
3481 2606 3637 2663 exhi-

2042 2692 2169 2748 bere
2213 2710 2270 2749 se
2317 2696 2545 2752 meliora
2588 2696 2881 2753 fateantur.
2937 2699 3089 2756 Unde
3131 2700 3224 2758 hic
3269 2700 3384 2772 ipse
3413 2698 3639 2755 coluber

2043 2783 2103 2840 in
2131 2782 2383 2858 paradiso
2403 2786 2595 2858 primis
2615 2786 2936 2861 hominibus
2956 2791 3182 2863 loquens
3207 2790 3416 2862 (Genes.
3441 2806 3524 2858 ιιι,
3550 2789 3632 2862 1),

2043 2872 2103 2927 in
2132 2890 2195 2928 eo
2239 2874 2385 2945 quod
2428 2890 2485 2930 se
2522 2876 2720 2931 melius
2751 2878 2963 2950 aliquid
3009 2878 3299 2950 providere
3328 2879 3632 2949 simulavit,

2044 2965 2199 3037 quasi
2226 2965 2459 3020 diluculi
2480 2967 2761 3037 palpebras
2780 2969 3015 3042 aperuit,
3047 2970 3267 3043 quando
3286 2970 3344 3025 in
3374 2970 3634 3026 innocen-

2042 3056 2191 3112 tibus
2210 3057 2484 3113 mentibus
2498 3059 2860 3117 humanitatis
2880 3063 3245 3134 ignorantiam
3262 3061 3632 3135 reprehendit,

325 3156 384 3212 id
413 3163 495 3213 est
515 3155 630 3211 sive
656 3155 715 3211 in
744 3156 1002 3227 malignis
1017 3155 1323 3228 spiritibus,
1348 3157 1464 3211 sive
1488 3155 1545 3211 in
1566 3156 1812 3229 reprobis
1833 3156 1927 3212 ho-
1967 3158 2011 3220 ρ,
2041 3154 2095 3203 et
2122 3148 2407 3205 scientiam
2443 3149 2754 3208 divinitatis
2800 3154 3071 3225 promisit.
3104 3155 3269 3222 Quasi
3314 3155 3635 3226 ignorantiae

326 3245 594 3310 minibus,
625 3245 720 3317 qui
748 3245 832 3300 illi
861 3262 958 3318 per
972 3245 1726 3319 similitudineminiquitatis
1756 3246 1923 3302 inhae-

325 3343 538 3406 serunt,
565 3336 719 3408 quasi
755 3335 968 3393 inﬂatio
1000 3337 1174 3410 surgit
1202 3353 1233 3392 a
1262 3345 1499 3409 pectore,
1524 3336 1657 3393 dum
1686 3338 1848 3393 elatio
1870 3328 1925 3393 se

326 3425 490 3497 erigit
525 3441 597 3481 ex
625 3426 909 3497 praesentis
940 3428 1128 3483 saeculi
1160 3435 1440 3499 potestate.
1493 3428 1625 3494 Quae
1673 3428 1828 3500 quasi
1856 3425 1925 3483 ad

326 3515 695 3571 emanandum
722 3532 884 3588 poros
926 3533 1040 3572 non
1087 3515 1323 3584 invenit,
1353 3516 1482 3589 quia
1528 3518 1586 3571 in
1627 3516 1733 3574 hoc
1778 3515 1926 3590 quod

328 3617 521 3665 contra
543 3607 723 3680 justos
771 3608 1081 3676 extollitur,
1121 3608 1445 3680 disponente
1490 3609 1626 3676 Deo,
1658 3616 1926 3678 quantum

326 3698 536 3770 appetit
565 3698 861 3770 praevalere
892 3695 1235 3770 prohibetur.
1274 3698 1591 3768 Exsurgens
1618 3704 1800 3752 autem
1830 3712 1929 3751 ce-

328 3787 556 3843 rebrum
586 3788 765 3858 tangit
793 3794 849 3842 et
875 3786 1144 3855 concutit,
1177 3786 1306 3859 quia
1334 3786 1563 3842 collecta
1589 3785 1752 3841 elatio
1783 3785 1929 3842 Sata-

329 3894 415 3934 nae
445 3894 665 3934 sensum
698 3878 755 3934 in
800 3877 912 3932 ﬁne
941 3876 1136 3933 mundi
1167 3877 1188 3910 ²
1217 3875 1423 3932 arctius
1452 3876 1709 3948 percutit,
1750 3883 1805 3931 et
1831 3892 1933 3933 ca-

330 3979 431 4043 put
460 3970 663 4039 turbat,
698 3969 830 4025 dum
859 3968 1040 4041 ipsum
1070 3973 1347 4025 auctorem
1380 3967 1749 4039 malignorum
1773 3967 1930 4040 spiri-

328 4066 489 4116 tuum
518 4076 615 4131 per
647 4075 773 4116 eum
801 4059 897 4131 qui
943 4059 1320 4115 Antichristus
1348 4058 1553 4115 dicitur
1582 4057 1641 4114 in
1670 4074 1932 4132 persecu-

330 4150 481 4206 tione
509 4148 757 4205 ﬁdelium
805 4148 1185 4207 vehementius
1224 4151 1449 4209 excitat.
1496 4151 1650 4207 Tunc
1680 4157 1935 4224 congesta

333 4238 548 4296 inﬂatio
569 4254 666 4312 per
693 4239 810 4312 ejus
840 4256 996 4297 nares
1027 4241 1323 4313 egreditur,
1364 4242 1494 4315 quia
1520 4249 1641 4297 tota
1664 4241 1934 4314 superbiai

333 4328 450 4403 ejus
480 4330 747 4405 iniquitas
769 4333 970 4405 apertis
1002 4333 1228 4389 malitiae
1260 4333 1483 4389 ﬂatibus
1503 4333 1933 4389 demonstratur.

333 4424 476 4491 Quia
501 4443 629 4499 ergo
653 4426 982 4483 sternutatio
1001 4432 1166 4499 caput
1188 4426 1430 4481 maxime
1449 4425 1719 4494 concutit,
1748 4423 1936 4480 Levia-

335 4515 470 4572 than
501 4516 659 4573 istius
685 4518 1011 4573 sternutatio
1032 4524 1260 4573 vocatur
1280 4517 1375 4570 illa
1394 4513 1514 4584 ejus
1528 4522 1773 4569 extrema
1791 4531 1938 4572 com-
1968 4532 2017 4591 D

337 4609 507 4664 motio
522 4624 630 4681 qua
643 4608 964 4665 damnatum
981 4608 1264 4664 hominem
1283 4606 1610 4680 ingreditur,
1626 4614 1679 4663 et
1695 4624 1790 4678 per
1804 4622 1929 4662 eum

336 4700 581 4771 reprobis
645 4700 1007 4773 principatur.
1068 4698 1173 4766 Qui
1228 4705 1377 4753 tanta
1435 4706 1565 4754 tunc
1610 4698 1817 4752 virtute
1874 4713 1931 4752 se

335 4800 664 4859 commovet,
697 4800 760 4847 ut
782 4790 1025 4846 membra
1050 4787 1295 4856 Domini,
1321 4788 1365 4843 si
1389 4794 1566 4860 potest
1594 4785 1735 4855 fieri,
1765 4785 1929 4840 etiam

336 4881 508 4938 electa
527 4881 843 4953 perturbet;
878 4882 1043 4937 tantis
1071 4880 1242 4952 signis
1271 4887 1325 4934 et
1354 4878 1622 4951 prodigiis
1652 4877 1846 4944 utitur,
1870 4881 1931 4930 ut

336 4970 729 5028 miraculorum
771 4970 1015 5044 potentia
1057 4969 1211 5043 quasi
1262 4969 1499 5042 quodam
1534 4967 1675 5041 ignis
1722 4965 1931 5022 lumine

334 5065 679 5138 resplendere
724 5064 993 5123 videatur.
1031 5064 1174 5133 Quia
1218 5078 1343 5136 ergo
1387 5067 1724 5120 commotum
1769 5065 1933 5131 caput

336 5157 489 5215 illius
517 5157 800 5216 miraculis
827 5156 1119 5214 clarescere
1148 5155 1366 5223 nititur,
1401 5160 1546 5211 recte
1575 5151 1692 5225 ejus
1720 5158 1932 5208 sternu-

412 5381 429 5420 ί
463 5383 701 5449 Gemet.,
731 5379 954 5449 Pratel.,
999 5378 1166 5449 Utic.,
1212 5376 1473 5446 Vindoc.,
1503 5375 1627 5449 Val.
1676 5372 1806 5449 C_l.,_
1829 5371 1939 5430 duo

338 5457 524 5514 Germ.
574 5463 628 5511 et
674 5446 809 5527 pler.
860 5446 1523 5527 Mss.,per'Salomone_in.
1570 5447 1728 5527 Quod
1758 5446 1939 5527 obser-

339 5529 559 5609 vatione
597 5517 847 5609 dignum,
869 5517 1143 5609 qpialinde
1164 5517 1940 5609 conjicerelicet‘Gregprium

338 5600 618 5658 Salomoni
649 5592 851 5673 librum
879 5592 1552 5673 Ecclesiasticijtribuisse.
1572 5592 1724 5673 Saepe
1752 5599 1940 5673 tamen

339 5673 472 5730 alibi
503 5672 653 5730 hunc
680 5671 883 5727 librum
912 5669 1122 5738 laudat,
1145 5666 1491 5725 dissimulato
1513 5665 1825 5721 Salomonis
1846 5678 1941 5717 no-

340 5746 507 5820 mine.
528 5746 609 5820 Ita
637 5746 674 5800 Ι.
707 5759 786 5798 xx
807 5742 1023 5820 Moral.,
1054 5741 1212 5820 n.__5_1
1240 5758 1257 5820 :_
1272 5741 1420 5797 Recte
1436 5754 1754 5820 quoquepfr
1768 5750 1943 5820 quem.

340 5817 463 5873 dam
490 5817 773 5887 sapientem
819 5804 1034 5872 dicitur.
1071 5811 1212 5872 Vide
1242 5812 1279 5867 l.
1314 5804 1498 5877 xxvii,
1537 5804 1593 5868 ri.
1642 5804 1708 5867 47
1754 5804 1812 5866 et
1853 5804 1943 5876 53,

2033 3239 2183 3295 enim
2205 3240 2456 3297 tenebras
2472 3243 2789 3315 repellebat,
2809 3251 2864 3300 et
2880 3251 3094 3300 mternae
3117 3246 3359 3302 scientiae
3381 3244 3635 3301 divinum

2034 3348 2192 3388 mane
2222 3332 2533 3400 nuntiabat,
2584 3334 2771 3392 dicens
2804 3354 2815 3391 :
2849 3337 3170 3409 Aperientur
3210 3338 3353 3393 oculi
3378 3336 3561 3402 vestri,
3589 3339 3638 3391 et

2032 3424 2179 3478 eritis
2206 3425 2341 3480 sicut
2359 3426 2457 3495 dii,
2486 3426 2698 3482 scientes
2719 3428 2907 3483 bonum
2935 3434 2985 3483 et
3001 3430 3203 3483 malum
3229 3428 3422 3501 (Ibid.,
3450 3429 3531 3501 5).
3558 3429 3640 3484 Ita

2034 3514 2093 3570 in
2122 3515 2221 3571 illo
2250 3524 2383 3573 tunc
2401 3518 2660 3576 damnato
2690 3520 2915 3577 homine
2937 3520 3187 3589 veniens,
3210 3520 3330 3593 ejus
3350 3520 3499 3577 oculi
3526 3520 3641 3593 pal-

2035 3610 2217 3681 pebris
2252 3612 2485 3669 diluculi
2532 3623 2943 3685 comparantur,
2987 3616 3118 3688 quia
3163 3616 3436 3687 sapientes
3483 3614 3639 3671 illius

2038 3702 2450 3774 simplicitatem
2478 3722 2621 3761 verae
2663 3705 2795 3762 ﬁdei
2827 3708 2982 3778 quasi
3013 3715 3300 3763 transactae
3346 3706 3525 3762 noctis
3552 3714 3638 3761 te-

2038 3793 2235 3850 nebras
2264 3803 2547 3866 respuunt,
2579 3802 2635 3849 et
2661 3797 2681 3829 ³
2712 3795 2829 3866 ejus
2858 3796 3013 3867 signa
3044 3795 3330 3852 mendacia
3363 3795 3520 3867 quasi
3549 3811 3640 3852 ex-

2040 3888 2313 3960 surgentis
2339 3888 2470 3943 solis
2495 3887 2677 3943 radios
2698 3887 3018 3944 ostendunt.
3051 3886 3156 3944 Sed
3177 3886 3307 3960 quia
3334 3886 3642 3942 Leviathan

2041 3979 2143 4036 iste
2173 3996 2285 4036 non
2314 3980 2494 4036 solum
2541 3979 2705 4035 habet
2741 3980 2930 4037 oculos
2961 3980 3058 4054 qui
3105 3979 3363 4052 malignis
3393 3977 3647 4036 consiliis

2041 4092 2297 4150 perversa
2325 4073 2668 4148 provideant,
2701 4071 2796 4130 sed
2825 4090 2884 4128 os
2913 4089 3129 4146 quoque
3156 4072 3225 4128 ad
3256 4070 3645 4144 pervertendas

2044 4179 2253 4228 mentes
2282 4170 2574 4227 hominum
2605 4168 2801 4242 aperit,
2846 4168 3109 4242 quoniam
3137 4182 3233 4241 per
3262 4163 3645 4237 praedicatores

2044 4280 2241 4336 pravos
2288 4262 2355 4318 ad
2393 4260 2728 4333 diligendam
2765 4259 2967 4315 erroris
3022 4256 3296 4315 fallaciam
3326 4254 3642 4313 auditorum

2045 4356 2209 4413 corda
2237 4354 2539 4423 succendit,
2572 4362 2694 4425 apte
2721 4350 3077 4424 subjungitur
3114 4369 3125 4407 :

2369 4481 2597 4539 CAPUT
2628 4480 2869 4539 XXXIV
2919 4477 3062 4552 [12%.
3094 4470 3321 4552 XXVI].

2116 4594 2286 4652 Vnus.
2332 4586 2418 4643 10.
2455 4615 2525 4626 -
2570 4584 2648 4639 De
2675 4599 2766 4637 ore
2794 4580 2907 4652 ejus
2939 4580 3207 4653 lampades
3229 4579 3542 4653 procedunt.

2109 4685 2199 4742 58.
2236 4683 2307 4739 Os
2346 4675 2667 4735 Antichristi
2708 4679 2832 4729 sunt
2873 4671 2987 4742 ejus
3011 4672 3408 4745 praedicatores.
3444 4695 3513 4707 —
3544 4664 3651 4730 Qui

2040 4774 2189 4831 enim
2222 4769 2521 4845 provident
2557 4764 2728 4834 oculi,
2778 4763 2873 4837 qui
2906 4771 3087 4818 autem
3118 4758 3430 4850 praedicant.
3452 4769 3512 4806 os
3542 4766 3652 4803 vo—

2040 4871 2257 4920 cantur.
2294 4860 2401 4917 Sed
2429 4859 2499 4915 de
2532 4857 2639 4914 hoc
2667 4871 2761 4912 ore
2790 4851 3071 4923 lampades
3089 4853 3314 4911 exeunt,
3338 4855 3469 4913 quia
3496 4852 3649 4892 men.

2039 4962 2121 5011 tes
2150 4951 2493 5010 audientium
2541 4948 2609 5007 ad
2635 4961 2876 5003 amorem
2924 4930 3501 5027 perﬁditeaccendunt
3532 4944 3563 5027 ;‘
3587 4933 3644 5027 et

2048 5383 2261 5427 necnon
2290 5364 2328 5419 l.
2360 5376 2566 5428 χχχιιι,
2613 5374 2670 5414 n.
2702 5354 2808 5428 723.
2832 5352 2963 5428 _Non
3004 5350 3164 5428 aliter
3206 5345 3393 5428 laudat
3421 5350 3647 5428 sanctus

2048 5417 2261 5498 b62316;
2291 5417 2615 5507 scriptorem
2657 5427 2788 5485 libri
2826 5424 3137 5498 Sapientiae,
3190 5428 3253 5479 ut
3294 5418 3481 5478 videre
3518 5417 3649 5476 licet

2049 5514 2147 5587 lib.
2174 5528 2298 5587 xix,
2322 5526 2379 5587 ιι.
2406 5506 2503 5564 26.
2528 5576 2537 5587 ,

2122 5586 2144 5620 ²
2172 5582 2394 5659 Ijratel.,
2422 5582 2623 5659 acrius.
2671 5647 2681 5659 ι
2762 5646 2772 5657 ¹

2121 5656 2411 5722 3Gemet.,
2442 5657 2489 5707 et
2515 5656 2818 5722 ejusignis.
2907 5715 2936 5722 _
3077 5721 3080 5722 ν
3199 5720 3206 5722 Α
3292 5711 3305 5722 ,
3408 5709 3419 5721 _

2124 5731 2146 5766 ⁸
2187 5711 2312 5785 1)αο
2351 5711 2559 5793 Germ;
2606 5711 2853 5791 Ebvroic.,
2899 5715 3111 5777 Gemet.
3161 5720 3217 5773 et
3260 5711 3356 5781 aL,
3396 5711 3518 5783 ipsa
3553 5720 3653 5761 sa-

2048 5801 2279 5875 pientiw.
