4156 6178
494 206 589 264 711

1693 200 1946 263 SANCTI
1984 201 2324 265 GREGORII
2359 203 2588 266 MAGNI

3697 207 3821 268 712

484 331 565 387 tia
591 343 785 385 eorum
817 326 915 384 lux
934 325 1008 384 sit
1028 323 1356 396 ostenditur,
1377 342 1504 385 cum
1521 327 1774 400 protinus
1810 329 2086 388 subinfer-
2113 333 2165 393 A
2201 339 2369 390 tatem
2397 330 2570 399 illius,
2601 338 2726 404 post
2755 329 3010 403 ﬁguram,
3052 329 3122 387 ad
3149 339 3462 387 extremum
3498 345 3628 388 vero
3655 349 3823 406 pon-

485 425 577 474 tur
608 433 620 471 :

801 545 1028 604 CAPUT
1063 545 1280 604 xxxv
1322 545 1460 620 [νει.
1493 545 1770 620 XXXVI].

561 671 700 728 Iam.
730 703 801 714 —
831 673 978 730 Sicut
1005 673 1148 728 tcedw
1174 672 1312 744 ignis
1339 689 1581 728 accensas.

561 761 654 818 59.
685 763 891 818 Ardent
912 780 1010 834 per
1028 761 1313 830 malitiam,
1346 762 1626 832 lucentper
1643 760 1854 816 virtutis
1876 760 2092 816 simula-

500 849 710 906 tionem.
741 881 812 892 —
840 851 981 907 Ecce
995 849 1108 922 jam
1136 849 1446 922 hypocrisis
1465 865 1656 904 eorum
1685 857 1871 921 aperte
1895 848 2094 905 descri-

491 939 648 996 bitur
676 957 910 1013 quorum
942 939 1258 1012 pradicatio
1284 939 1552 995 tadarum
1583 937 1930 1010 lampadibus
1949 955 2094 995 com-

495 1035 742 1102 paratur.
765 1028 927 1084 Tada
945 1029 1092 1084 enim
1112 1045 1237 1084 cum
1265 1027 1588 1084 accenditur
1614 1027 1839 1084 odorem
1872 1027 2095 1100 quidem

501 1135 726 1174 suavem
755 1116 940 1184 habet,
971 1117 1065 1172 sed
1093 1117 1281 1172 lumen
1315 1116 1630 1174 obscurum.
1665 1117 1750 1173 Ita
1779 1115 1872 1172 isti
1903 1114 2098 1188 pradi-

499 1215 710 1264 catores
735 1205 1089 1276 Antichristi,
1114 1207 1244 1279 quia
1272 1207 1580 1263 sanctitatis
1608 1205 1716 1262 sibi
1743 1206 1979 1278 speciem
2009 1223 2096 1262 ar-

499 1303 712 1368 rogant,
745 1295 841 1352 sed
869 1303 1053 1354 tamen
1082 1312 1247 1369 opera
1284 1296 1596 1369 iniquitatis
1633 1303 1912 1364 exercent,
1943 1295 2099 1369 quasi

497 1383 769 1440 blandum
791 1385 1017 1458 quidem
1038 1392 1120 1440 est
1137 1384 1284 1458 quod
1302 1385 1573 1453 redolent,
1594 1384 1688 1442 sed
1709 1385 1928 1458 nigrum
1951 1384 2100 1458 quod

500 1473 708 1531 lucent.
740 1474 904 1531 Olent
937 1474 1086 1533 enim
1132 1491 1228 1547 per
1270 1473 1681 1530 simulationem
1721 1473 1972 1546 justitia,
2005 1473 2099 1530 sed

501 1563 801 1620 obscurum
828 1564 1022 1621 ardent
1041 1579 1138 1636 per
1165 1564 1424 1636 nequitia
1445 1563 1924 1635 perpetrationem.
1957 1563 2100 1630 Quo-

502 1669 627 1708 rum
673 1653 1046 1710 simulationis
1079 1653 1348 1710 malitiam
1385 1653 1622 1708 Joannes
1664 1651 1723 1707 in
1764 1651 2101 1724 Apocalypsi

500 1741 658 1799 brevi
679 1743 1047 1817 descriptione
1067 1742 1502 1816 comprehendit,
1526 1741 1714 1799 dicens
1748 1759 1760 1798 :
1795 1743 1915 1800 Vidi
1931 1742 2098 1798 aliam

505 1833 720 1890 bestiam
746 1835 1096 1890 ascendentem
1131 1834 1193 1889 de
1235 1839 1400 1899 terra,
1446 1832 1713 1888 habentem
1754 1831 1859 1886 duo
1901 1848 2102 1888 cornua

504 1923 709 1980 similia
735 1923 883 1995 agni,
912 1929 962 1980 et
991 1923 1300 1995 loquebatur
1326 1927 1386 1976 ut
1412 1921 1572 1977 draco
1604 1919 1792 1992 (Apoc.
1815 1936 1950 1990 xm,
1983 1920 2099 1992 11).

505 2011 752 2069 Priorem
782 2013 986 2086 quippe
1013 2013 1264 2080 bestiam,
1312 2009 1369 2066 id
1398 2017 1479 2066 est
1507 2007 1917 2066 Antichristum
1947 2025 2104 2082 supe-

507 2100 651 2157 riore
676 2099 790 2172 jam
819 2099 1185 2172 descriptione
1215 2103 1566 2164 narraverat;
1601 2105 1723 2170 post
1741 2112 1906 2171 quem
1935 2098 2103 2154 etiam

507 2187 626 2245 hac
676 2188 785 2244 alia
821 2187 994 2245 bestia
1028 2187 1336 2245 ascendisse
1369 2187 1594 2258 dicitur,
1642 2187 1774 2261 quia
1818 2194 1942 2261 post
1978 2202 2104 2243 eum

507 2277 807 2334 multitudo
835 2278 1256 2350 praedicatorum
1304 2277 1454 2334 illius
1501 2293 1570 2332 ex
1603 2283 1816 2333 terrena
1843 2283 2106 2350 potestate

508 2366 796 2439 gloriatur.
828 2369 907 2424 De
932 2375 1077 2425 terra
1104 2368 1308 2442 quippe
1348 2364 1639 2424 ascendere
1669 2374 1752 2424 est
1799 2365 1866 2422 de
1891 2373 2110 2424 terrena

509 2457 684 2530 gloria
703 2457 1008 2530 superbire.
1040 2459 1172 2526 Qua
1193 2456 1360 2514 habet
1383 2457 1494 2514 duo
1511 2473 1719 2515 cornua
1732 2457 1858 2532 agni
1879 2457 2106 2527 similia,

509 2546 641 2619 quia
668 2563 764 2618 per
795 2545 1135 2620 hypocrisim
1177 2545 1484 2602 sanctitatis
1529 2561 1648 2602 eam
1690 2561 1854 2618 quam
1889 2548 1906 2582 ¹
1951 2547 2007 2602 in
2053 2562 2110 2603 se

511 2636 782 2691 veraciter
823 2636 1094 2691 Dominus
1138 2633 1338 2690 habuit
1367 2635 1389 2669 ²
1427 2633 1763 2704 singularem
1795 2633 1904 2690 sibi
1934 2635 2111 2694 inesse

512 2733 568 2780 et
597 2723 920 2796 sapientiam
963 2723 1230 2779 mentitur
1257 2729 1312 2778 et
1340 2723 1532 2778 vitam.
1567 2721 1672 2779 Sed
1701 2723 1833 2796 quia
1859 2723 1962 2780 sub
1985 2725 2110 2796 agni

511 2813 692 2886 specie
717 2811 1064 2870 auditoribus
1092 2810 1337 2884 reprobis
1366 2811 1746 2884 serpentinum
1777 2813 1931 2869 virus
1961 2815 1982 2849 ³
2014 2812 2113 2868 in-

512 2904 720 2973 fundit,
753 2911 899 2962 recte
927 2903 1044 2962 illic
1071 2901 1328 2959 subditur
1361 2920 1373 2958 :
1406 2905 1480 2960 Et
1509 2903 1817 2974 loquebatur
1842 2909 1902 2958 ut
1927 2903 2107 2960 draco.

512 2997 623 3052 Ista
661 3009 790 3066 ergo
828 2991 1022 3062 bestia,
1054 2992 1111 3048 id
1154 2999 1236 3048 est
1263 2991 1683 3064 pradicantium
1713 2992 2032 3062 multitudo,
2065 2992 2112 3049 si

513 3091 698 3158 aperte
725 3089 788 3138 ut
811 3080 977 3138 draco
1021 3080 1356 3152 loqueretur,
1388 3097 1528 3152 agno
1559 3081 1762 3137 similis
1803 3098 1916 3138 non
1941 3098 2120 3154 appa-

516 3179 662 3230 reret
687 3189 700 3239 ;
734 3169 829 3227 sed
848 3169 1082 3226 assumit
1097 3168 1222 3240 agni
1241 3167 1500 3240 speciem,
1515 3177 1578 3225 ut
1597 3169 1852 3227 draconis
1872 3180 2122 3229 exerceat

521 3261 913 3337 operationem.
944 3258 1102 3326 Quod
1123 3257 1216 3314 hic
1245 3265 1538 3331 utrumque
1569 3273 1664 3330 per
1692 3258 1958 3315 tadarum
1989 3261 2122 3318 lam-

492 3373 498 3378 ·
525 3353 690 3429 pades
716 3351 1067 3426 exprimitur,
1100 3349 1230 3422 quia
1249 3357 1302 3405 et
1321 3349 1617 3406 obscurum
1649 3349 1844 3408 ardent
1869 3368 1966 3424 per
1994 3351 2122 3409 eﬂ'e-

521 3453 674 3504 ctum
694 3441 940 3511 malitiae,
971 3448 1026 3498 et
1047 3440 1202 3514 quasi
1230 3455 1398 3498 suave
1421 3438 1671 3500 redolent
1700 3459 1798 3516 per
1817 3443 2122 3501 simulatio-

523 3551 649 3592 nem
673 3533 824 3592 vita.

591 3620 682 3683 60.
711 3623 872 3684 Multi
890 3621 1010 3694 jam
1037 3623 1245 3680 exstant
1261 3621 1580 3678 Antichristi
1597 3623 1993 3696 pradicatores.
2016 3625 2122 3680 Eo-

521 3729 645 3770 rum
672 3711 784 3770 vita
811 3712 1142 3785 exploranda
1169 3717 1230 3768 ut
1255 3719 1480 3770 moneta.
1523 3713 1884 3784 Antiquorum
1904 3719 2124 3786 patrum

518 3802 776 3861 institutis
807 3803 1096 3860 concordet.
1127 3833 1200 3845 —
1227 3801 1334 3859 Sed
1363 3817 1713 3876 nequaquam
1740 3803 2124 3860 astimaudum

526 3899 608 3951 est
637 3891 784 3966 quod
811 3901 946 3951 tunc
973 3893 1152 3949 solum
1182 3891 1516 3949 Antichristi
1546 3892 1936 3964 pradicatores
1963 3907 2122 3964 appa-

525 3981 746 4050 rebunt,
777 3986 830 4037 et
859 3996 1008 4038 nunc
1035 3981 1104 4036 ab
1140 3979 1402 4038 humanis
1447 3979 1871 4053 deceptionibus
1905 3979 2122 4036 desunt.

518 4074 682 4134 Modo
733 4075 917 4130 1111
969 4061 1226 4150 namque,
1250 4077 1566 4148 priusquam
1631 4093 1727 4149 per
1769 4076 2121 4149 semetipsum

523 4171 802 4236 appareat,
830 4163 1088 4220 nonnulli
1133 4164 1295 4220 illum
1325 4163 1577 4232 vocibus,
1611 4165 1633 4199 ⁴
1665 4164 1913 4236 plerique
1941 4173 2123 4222 autem

525 4251 774 4310 moribus
801 4249 1119 4327 pradicant.
1151 4255 1240 4308 An
1269 4243 1652 4325 pradicatores
1670 4252 2040 4311 simulationis
2060 4253 2124 4310 il-

525 4341 636 4399 lius
660 4359 771 4399 non
802 4348 953 4410 sunt,
984 4341 1080 4414 qui
1111 4359 1237 4400 cum
1259 4355 1442 4398 sacros
1467 4340 1567 4398 Dei
1597 4341 1823 4400 ordines
1851 4342 2122 4412 obtinent,

2202 429 2306 486 dus
2334 430 2679 500 examinant,
2720 446 2790 486 ne
2827 437 2923 486 aut
2967 427 3072 485 sub
3113 429 3234 485 auri
3277 429 3459 502 specie
3505 445 3579 486 as
3621 429 3824 500 lateat,

2201 525 2296 576 aut
2318 518 2426 577 hoc
2455 519 2602 592 quod
2632 521 2904 577 veraciter
2939 535 3133 576 aurum
3163 525 3246 575 est
3283 525 3516 576 moneta
3562 519 3827 594 reproba

2201 607 2380 681 ﬁgura
2397 608 2723 666 dehonestat
2749 628 2764 679 ;
2797 617 2892 666 aut
2919 608 3066 683 quod
3111 615 3166 666 et
3206 623 3424 678 aurum,
3455 616 3510 664 et
3537 617 3700 666 recta
3739 609 3830 664 ﬁ-

2206 714 2353 768 gurae
2381 705 2484 766 est,
2526 697 2633 756 hoc
2677 715 2788 754 non
2833 699 3106 772 integrum
3153 697 3366 772 pondus
3415 699 3634 773 leviget.
3667 699 3827 757 Cum

2205 787 2378 858 igitur
2405 787 2547 844 mira
2575 789 2893 862 ignotorum
2922 789 3213 846 hominum
3241 789 3384 846 facta
3411 789 3829 862 conspicimus,

2204 875 2446 934 residere
2486 878 2557 934 ad
2603 881 2807 936 mentis
2854 887 3056 937 nostrae
3102 880 3368 935 trutinam
3397 877 3553 954 quasi
3582 879 3832 936 solertes

2207 967 2572 1025 nummularii
2603 969 2887 1038 debemus,
2908 979 2971 1026 ut
2997 971 3151 1042 prius
3173 967 3432 1026 discretio
3459 985 3653 1024 aurum
3683 983 3831 1026 exa-

2209 1058 2402 1128 minet,
2437 1075 2506 1116 ne
2523 1057 2626 1114 sub
2651 1059 2853 1115 virtute
2878 1075 2936 1116 se
2955 1059 3156 1116 vitium
3171 1059 3429 1128 occultat,
3451 1067 3506 1115 et
3525 1058 3670 1132 quod
3692 1075 3831 1132 pra-

2209 1163 2279 1203 va
2308 1148 2621 1206 intentione
2650 1149 2850 1222 agitur,
2885 1151 2906 1185 ⁶
2935 1149 3072 1205 recti
3100 1148 3314 1206 visione
3334 1149 3612 1222 pallietur.
3643 1147 3834 1221 Cujus

2211 1236 2258 1293 si
2289 1235 2615 1294 intentionis
2661 1238 2898 1311 qualitas
2929 1237 3280 1311 approbatur,
3313 1239 3334 1273 ⁷
3366 1237 3643 1310 impressa
3681 1253 3834 1292 mox

2209 1326 2464 1383 formula
2496 1326 2672 1400 ﬁgura
2699 1327 2993 1400 quarenda
3020 1335 3123 1396 est,
3153 1327 3199 1384 si
3227 1345 3260 1383 a
3284 1325 3527 1400 probatis
3557 1334 3836 1384 moneta-

2211 1415 2334 1484 riis,
2368 1413 2424 1470 id
2450 1422 2534 1471 est
2557 1416 2626 1472 ab
2649 1416 2898 1490 antiquis
2924 1417 3172 1490 patribus
3187 1415 3430 1486 ducitur,
3460 1423 3514 1472 et
3537 1415 3604 1472 ab
3618 1432 3833 1473 eorum

2211 1503 2344 1560 vita
2376 1505 2747 1562 similitudine
2777 1506 2934 1563 nullo
2957 1523 3140 1564 errore
3159 1507 3411 1564 vitiatur.
3435 1504 3572 1564 Cum
3599 1521 3741 1562 vero
3773 1513 3837 1561 et

2213 1610 2312 1666 per
2339 1595 2706 1654 intentionem
2735 1596 2990 1670 qualitas,
3029 1603 3084 1652 et
3111 1603 3260 1654 recta
3283 1612 3380 1668 per
3409 1595 3734 1668 exemplum
3766 1594 3836 1650 ﬁ-

2131 1687 2179 1747 B
2213 1699 2347 1756 gnra
2371 1685 2743 1758 cognoscitur,
2773 1692 2942 1742 restat
2968 1693 3031 1742 ut
3059 1685 3333 1759 integrum
3353 1683 3470 1756 ejus
3489 1683 3712 1758 pondus
3732 1699 3838 1740 ex-

2218 1773 2491 1846 quiratur.
2525 1775 2741 1832 Bonum
2773 1774 2976 1850 quippe
2996 1774 3143 1849 quod
3163 1791 3260 1849 per
3286 1775 3442 1848 signa
3467 1782 3522 1831 et
3550 1774 3843 1832 miracula

2213 1872 2490 1934 coruscat,
2513 1866 2560 1921 si
2589 1865 2945 1938 perfectionis
2965 1882 3238 1922 summam
3263 1881 3376 1921 non
3392 1864 3575 1934 habet,
3601 1863 3839 1938 pensari

2213 1953 2452 2008 sollicite
2467 1970 2564 2025 per
2580 1955 2850 2009 cautelam
2869 1953 3384 2026 circumspectionis
3399 1953 3579 2022 debet,
3594 1969 3666 2010 ne
3686 1953 3841 2010 dum

2214 2041 2537 2115 imperfecta
2563 2059 2649 2099 res
2682 2044 2704 2078 ⁸
2733 2043 2890 2116 quasi
2913 2059 3013 2116 pro
3041 2043 3284 2117 perfecta
3309 2041 3602 2114 accipitur,
3633 2041 3698 2096 in
3727 2057 3844 2098 ac-

2211 2131 2471 2204 cipientis
2500 2132 2762 2189 damnum
2784 2141 3052 2190 vertatur.
3082 2132 3470 2190 Pradicatores
3497 2131 3688 2202 itaque
3715 2130 3844 2186 An-

2213 2219 2455 2278 tichristi
2485 2221 2761 2296 quomodo
2788 2239 2976 2280 veram
3006 2221 3356 2279 numismatis
3375 2219 3706 2294 qualitatem
3740 2225 3845 2276 te-

2215 2319 2369 2382 nent,
2409 2311 2504 2386 qui
2533 2311 2591 2367 in
2620 2311 2710 2368 his
2757 2329 2880 2386 qua
2927 2320 3098 2384 agunt
3143 2309 3468 2367 intentionis
3513 2315 3678 2364 recta
3713 2308 3838 2365 vim

2216 2401 2492 2473 nesciunt,
2524 2403 2655 2476 quia
2682 2419 2779 2476 per
2815 2403 2934 2460 hac
2980 2419 3092 2458 non
3121 2401 3398 2458 caelestem
3427 2398 3689 2473 patriam,
3735 2397 3838 2454 sed

2219 2495 2441 2550 culmen
2473 2493 2661 2566 gloria
2701 2492 3020 2566 temporalis
3062 2489 3364 2564 exquirunt
3407 2489 3436 2546 (ἱ
3477 2487 3776 2557 Quomodo
3803 2504 3836 2544 ι

2221 2590 2456 2640 moneta
2485 2582 2662 2656 ﬁgura
2691 2599 2804 2640 non
2850 2581 3181 2654 discrepant,
3213 2581 3310 2654 qui
3337 2577 3406 2634 ab
3438 2577 3593 2634 omni
3619 2579 3834 2650 pietate

2216 2669 2495 2746 justorum
2521 2670 2704 2744 justos
2741 2671 3117 2746 persequendo
3145 2670 3460 2728 discordant
3486 2668 3515 2724 7
3538 2666 3837 2736 Quomodo

2222 2763 2278 2818 in
2307 2780 2364 2820 se
2395 2761 2725 2834 integritatis
2767 2759 2985 2834 pondus
3025 2761 3346 2830 ostendunt,
3377 2760 3474 2834 qui
3501 2775 3612 2816 non
3641 2760 3834 2816 solum

2221 2850 2561 2906 humilitatis
2589 2849 2986 2924 perfectionem
3033 2867 3380 2925 nequaquam
3413 2848 3640 2906 assecuti
3668 2855 3829 2915 sunt,

2221 2941 2316 2998 sed
2345 2957 2520 3014 neque
2555 2940 2730 3015 ipsam
2760 2941 2995 3015 primam
3019 2938 3138 3012 ejus
3159 2939 3388 3013 januam
3417 2938 3773 3011 contigerunt
3803 2937 3833 2994 ?

2147 3053 2191 3114 ο
2227 3032 2370 3088 Hinc
2403 3047 2554 3104 ergo,
2585 3031 2718 3089 hinc
2745 3031 2907 3088 electi
2953 3038 3286 3104 cognoscant
3331 3027 3603 3103 quomodo
3629 3043 3834 3085 eorum

2228 3121 2383 3194 signa
2411 3120 2736 3194 despiciant,
2767 3137 3002 3194 quorum
3033 3119 3279 3192 profecto
3311 3119 3454 3178 actio
3491 3133 3654 3175 omne
3679 3116 3835 3192 quod

2229 3225 2262 3266 a
2287 3210 2395 3283 piis
2436 3209 2687 3282 patribus
2724 3217 2939 3282 gestum
2985 3217 3325 3266 memoratur
3369 3209 3675 3281 impugnat.
3729 3205 3834 3263 Sed

2231 3301 2336 3374 ipsi
2363 3314 2581 3373 quoque
2611 3298 2771 3356 electi
2810 3297 2946 3355 dum
2977 3305 3062 3356 tot
3089 3299 3246 3371 signa
3291 3297 3664 3370 conspiciunt,
3695 3295 3831 3353 dum

2230 3397 2644 3448 contemnentes
2672 3388 2845 3446 vitam
2879 3396 3029 3446 tanta
3057 3387 3176 3462 ejus
3209 3387 3477 3445 miracula
3503 3387 3832 3460 perhorres—

2230 3488 2386 3551 cunt,
2410 3479 2687 3556 quoddam
2716 3479 3018 3538 dubietatis
3046 3478 3303 3537 nubilum
3333 3479 3392 3534 in
3421 3477 3586 3536 corde
3616 3477 3830 3552 patiun-

2230 3580 2342 3643 tur,
2375 3572 2506 3648 quia
2533 3571 2666 3629 dum
2705 3587 2762 3629 se
2789 3587 2886 3644 per
2913 3567 3164 3644 prodigia
3206 3569 3358 3626 illius
3389 3567 3604 3624 malitia
3631 3567 3827 3634 elevat,

2232 3663 2291 3720 in
2321 3661 2440 3720 istis
2473 3661 2820 3738 aliquatenus
2845 3661 3000 3720 visus
3027 3659 3230 3718 certior
3247 3657 3468 3732 caligat.
3501 3655 3655 3714 Unde
3685 3662 3829 3713 recte

2231 3752 2488 3810 subditur
2521 3770 2534 3808 :

2535 3875 2764 3932 CAPUT
2797 3875 3043 3933 xxxvr
3099 3873 3244 3950 [Rec.
3273 3871 3532 3947 XXVII].

2304 3975 2474 4032 Vnus.
2514 3974 2598 4030 11.
2623 4003 2695 4016 -
2716 3974 2795 4030 De
2821 3973 3044 4030 naribus
3065 3973 3179 4044 ejus
3201 3973 3439 4046 procedit
3462 3970 3660 4042 fumus.

2303 4064 2390 4121 61.
2424 4063 2558 4123 Visis
2579 4062 2896 4120 Antichristi
2917 4062 3205 4134 prodigiis,
3235 4063 3378 4119 electi
3407 4059 3756 4116 turbabuntur
3780 4060 3830 4112 et

2235 4151 2545 4210 titubabunt.
2584 4152 2648 4210 Ut
2674 4151 2731 4208 in
2757 4168 2942 4208 errore
2962 4153 3116 4224 plene
3142 4152 3424 4224 capiantur
3450 4149 3565 4224 ﬁeri
3589 4164 3697 4205 non
3718 4163 3826 4220 po-

2237 4247 2348 4298 test.
2381 4273 2450 4285 —
2482 4241 2783 4299 Oculorum
2813 4241 3015 4316 quippe
3043 4241 3188 4299 acies
3215 4241 3370 4298 fumo
3402 4237 3695 4299 sauciatur.
3726 4237 3829 4294 Fu-

2234 4347 2360 4390 mus
2387 4348 2518 4406 ergo
2548 4331 2616 4388 de
2644 4331 2762 4405 ejus
2781 4331 3010 4389 naribus
3030 4330 3324 4404 procedere
3352 4330 3578 4399 dicitur,
3609 4329 3742 4403 quia
3766 4324 3830 4382 de

525 4430 827 4504 fugientem
857 4430 990 4486 totis
1012 4428 1299 4488 desideriis
1315 4429 1586 4488 mundum
1601 4439 1822 4500 tenent;
1862 4433 1956 4506 qui
1978 4431 2126 4488 l‘vir-
2155 4418 2206 4480 D
2236 4421 2628 4480 miraculorum
2659 4420 2777 4494 ejus
2809 4421 3030 4478 insidiis
3072 4420 3143 4478 ad
3169 4429 3510 4478 momentum
3540 4416 3832 4490 caliginosa

527 4528 676 4579 tutes
717 4538 834 4579 esse
879 4520 1178 4578 ostendunt
1223 4539 1342 4594 qua
1380 4520 1613 4590 faciunt,
1663 4521 1758 4578 sed
1805 4521 2007 4577 vitium
2049 4529 2132 4578 est

471 4610 479 4623 '
535 4629 700 4670 omne
727 4611 874 4687 quod
903 4619 1072 4684 agunt
1119 4612 1148 4669 ‘l
1183 4612 1322 4686 [νει.
1354 4611 1508 4666 XXX
1516 4609 1663 4684 VII.]
1693 4609 1798 4666 Sed
1828 4610 2130 4667 electorum

534 4720 691 4760 mens
711 4709 917 4776 quanto
946 4701 1122 4773 magis
1146 4700 1376 4756 interna
1404 4699 1516 4754 luci
1547 4697 1802 4766 inharet,
1823 4704 1978 4754 tanto
2007 4698 2131 4755 sub-

531 4793 692 4852 tilius
705 4809 812 4865 quo
829 4790 994 4848 modo
1011 4789 1244 4846 virtutes
1264 4806 1295 4845 a
1313 4789 1468 4844 vitiis
1487 4786 1796 4844 discernere
1823 4785 2017 4844 debeat
2036 4787 2135 4842 vi-

533 4882 645 4940 det.
676 4880 821 4950 Quid
835 4878 1030 4937 ’autem
1061 4881 1372 4936 mirum‘est
1399 4876 1505 4934 hoc
1529 4892 1630 4934 nos
1657 4875 1986 4949 spiritaliter
2013 4891 2132 4949 age-

531 4987 588 5028 re
607 4971 754 5044 quod
785 4969 1028 5044 quotidie
1048 4967 1404 5043 corporaliter
1426 4965 1704 5024 cernimus
1727 4966 2136 5024 nummularios

531 5058 758 5132 implere
778 5062 807 5119 ‘l
839 5061 945 5130 Qui
963 5075 1090 5119 cum
1118 5059 1396 5118 numisma
1414 5056 1745 5130 percipiunt,
1774 5055 1930 5130 prius
1959 5056 2132 5130 quali-

611 5268 627 5302 ¹
661 5267 860 5338 Laud.,
887 5269 1016 5342 ipse.
1037 5266 1201 5327 Corb.
1233 5266 1444 5336 Germ.,
1469 5261 1632 5339 paulo
1660 5267 1809 5331 ante,
1839 5261 1933 5334 qui
1959 5259 2130 5334 habet,

538 5350 640 5444 pm:
667 5355 914 5482 gignit,
939 5409 1309 5482 singulariter.
1408 5469 1424 5482 ί,

619 5481 640 5554 ξ
669 5477 906 5554 'I_‘uron.,
922 5477 1051 5554 duo'
1061 5482 1246 5554 Germ.
1286 5487 1341 5538 et
1367 5481 1444 5554 pl.
1452 5523 1470 5552 ,
1497 5477 1823 5552 infunditur.

617 5551 641 5587 ⁴
671 5550 882 5635 gemet.
913 5551 1166 5635 etgorb:
1213 5550 1424 5635 Geruli,
1439 5550 1685 5635 plerique
1701 5558 1877 5634 autem
1903 5550 2138 5611 moribus

541 5623 917 5696 praedicatores
941 5623 1092 5696 illius
1118 5623 1474 5696 simulationis
1501 5623 1644 5692 sunt,
1669 5623 1782 5696 qui.

609 5697 634 5734 ⁸
664 5693 790 5757 Val.
822 5691 906 5754 Cl.
938 5698 993 5750 et
1030 5692 1242 5761 Germ.,
1270 5693 1363 5764 qui
1388 5695 1605 5755 virtutis
1628 5691 1755 5755 esse.

2239 4510 2496 4568 dubietas
2515 4511 2683 4568 etiam
2713 4511 2771 4567 in
2791 4511 3090 4568 electorum
3113 4509 3276 4568 corde
3296 4517 3606 4584 generatur.
3631 4508 3712 4563 De
3733 4506 3831 4562 Le-

2240 4601 2469 4659 viathan
2499 4601 2726 4659 naribus
2757 4601 2946 4658 fumus
2973 4601 3111 4671 exit,
3143 4601 3273 4676 quia
3315 4617 3384 4657 ex
3425 4598 3545 4672 ejus
3572 4594 3831 4671 prodigiis

2242 4691 2606 4750 mendacibus
2623 4693 2788 4748 etiam
2807 4691 3078 4749 bonarum
3101 4691 3372 4748 mentium
3394 4689 3585 4746 oculos
3605 4684 3831 4760 trepida-

2239 4783 2415 4840 tionis
2445 4785 2622 4856 caligo
2649 4780 2960 4840 confundit.
2992 4782 3150 4838 Tunc
3176 4795 3416 4853 namque
3453 4779 3508 4835 in
3538 4779 3829 4836 electorum

2241 4872 2504 4928 cordibus
2519 4871 2828 4945 conspectis
2847 4870 3190 4928 terribilibus
3210 4871 3404 4943 signis,
3431 4868 3665 4926 obscura
3680 4865 3832 4939 cogi-

2239 4971 2377 5027 tatio
2404 4971 2779 5043 conglobatur.
2812 4971 2966 5028 Unde
3003 4967 3182 5026 1112
3223 4970 3330 5030 hoc
3357 4970 3507 5045 quod
3529 4969 3645 5042 jam
3676 4979 3831 5041 supra

2241 5060 2577 5135 protulimus
2623 5061 2870 5119 veritatis
2915 5077 3009 5120 ore
3050 5078 3147 5136 per
3189 5061 3556 5135 Evangelium
3581 5058 3826 5118 dicitur:
3927 5073 3934 5079 ·

2240 5260 2598 5390 νεέωΤιιῐοηη
2625 5259 2822 5332 Laud.,
2845 5261 2970 5320 Val.
2993 5261 3076 5322 C1.
3085 5305 3102 5334 ,
3123 5263 3335 5322 Gemet.
3363 5269 3418 5320 et
3437 5255 3602 5320 Corb.
3625 5257 3827 5322 Germ»

2314 5378 2580 5482 (Serm,
2602 5403 2832 5481 Turon.,
2862 5406 3035 5468 Laud.
3066 5415 3122 5466 et
3149 5408 3246 5479 aL,
3277 5404 3544 5482 impressae
3568 5419 3697 5461 mox
3721 5400 3826 5474 for.

2242 5477 2632 5626 ’πίςωγξῗέἵῗζ
2660 5548 2839 5626 ,ᾳααεί
2875 5549 3134 5626 ρθνΐθοεαο
3166 5549 3372 5611 Tum“
3401 5558 3458 5610 et
3484 5549 3596 5611 dm)
3625 5549 3826 5614 Germ"

2191 5665 2204 5674 .
2243 5621 2399 5695 quasi
2420 5638 2524 5694 pro
2545 5621 2796 5696 perfecto.
