4156 6178
255 357 356 420 713

999 358 1373 419 MORALIUM
1411 359 1545 417 LIB.
1585 357 1846 417 XXXIII.
1885 388 1957 403 —
1992 357 2067 417 IN
2105 355 2333 416 CAPUT
2372 354 2496 414 XLI
2532 357 2596 414 Β.
2636 354 2778 414 ῙΟΒ.

3464 360 3565 420 714

254 490 483 560 Surgent
527 486 913 559 pseudochristi
952 493 1002 542 et
1044 488 1532 559 pseudoprophetw,
1573 494 1621 543 et
1656 487 1857 544 dabunt
1881 488 1935 549 Α
1970 486 2031 541 in
2068 494 2411 543 terrenorum
2437 484 2728 541 hominum
2756 489 2941 540 mente
2987 495 3290 544 coacervat.
3322 489 3430 545 Iste
3468 490 3568 547 fu-

251 580 406 650 signa
442 578 456 612 ι
490 582 538 631 et
554 576 825 648 prodigia,
858 578 937 632 ita
984 583 1041 631 ut
1084 578 1142 632 in
1168 595 1405 633 errarent
1439 578 1780 647 inducantur,
1810 584 1860 640 si

250 668 371 742 ﬁeri
388 673 579 738 potest,
609 667 765 721 etiam
789 668 934 744 electi
959 668 1169 739 (Matth.
1205 685 1367 734 xxxv,
1399 668 1523 739 24).
1571 668 1689 736 Qua
1721 668 1782 723 in
1804 685 1862 725 re

250 758 418 813 valde
449 756 806 829 querendum
834 766 916 813 est
944 757 1220 830 quomodo
1239 757 1408 813 authi
1430 758 1527 830 qui
1545 759 1707 814 electi
1727 764 1859 814 sunt

250 846 445 904 induci
466 846 525 900 in
546 862 786 901 errorem
808 855 1055 917 possunt,
1078 854 1172 902 aut
1192 863 1291 902 cur
1306 848 1363 903 Si
1380 848 1499 917 fieri
1512 852 1683 918 potest
1701 837 1855 920 quasi

252 954 317 993 ex
352 936 633 992 dubietate
660 936 938 1003 subditur,
952 953 1077 992 cum
1109 937 1241 1009 quid
1264 938 1284 971 ²
1306 937 1631 994 faciendum
1655 937 1728 993 sit
1754 939 1860 993 Do-

254 1028 439 1083 minus
460 1026 648 1081 omnia
668 1025 958 1095 praesciens
978 1027 1339 1097 praestolatur.
1384 1026 1490 1082 Sed
1510 1027 1640 1100 quia
1664 1027 1859 1083 electo-

251 1134 377 1173 rum
407 1132 503 1171 cor
530 1122 585 1169 et
612 1113 826 1185 trepida
853 1114 1184 1185 cogitatione
1213 1116 1554 1186 concutitur,
1593 1123 1647 1170 et
1674 1124 1860 1172 tamen

251 1224 441 1266 eorum
481 1203 797 1262 constantia
837 1220 948 1260 non
990 1213 1264 1274 movetur,
1310 1223 1420 1262 una
1458 1207 1559 1262 hac
1590 1207 1862 1270 sententia

249 1297 525 1355 Dominus
555 1303 851 1367 utrumque
871 1296 1191 1367 complexus
1211 1304 1313 1365 est,
1337 1296 1559 1353 dicens:
1596 1298 1681 1352 Ita
1715 1304 1774 1351 ut
1804 1296 1863 1351 in

250 1404 486 1444 errorem
504 1385 850 1451 inducantur,
881 1386 927 1441 si
954 1386 1071 1458 ﬁeri
1094 1393 1283 1458 potest,
1304 1388 1466 1442 etiam
1498 1389 1661 1444 electi.
1693 1387 1859 1454 Quasi

250 1478 399 1534 enim
416 1474 531 1548 jam
555 1491 734 1531 errare
762 1482 843 1531 est
863 1475 921 1530 in
948 1476 1280 1547 cogitatione
1304 1476 1557 1532 titubare
1582 1477 1710 1544 ;sed
1740 1493 1862 1548 pro-

251 1566 400 1623 tinus
423 1566 482 1622 Si
500 1564 619 1637 ﬁeri
630 1570 802 1636 potest
818 1563 1191 1637 subjungitur,
1215 1566 1348 1639 quia
1370 1567 1568 1638 procul
1583 1564 1754 1621 dubio
1769 1565 1860 1621 ﬁe-

249 1656 295 1711 ri
325 1671 439 1711 non
471 1661 651 1728 potest
680 1661 743 1710 ut
772 1654 828 1709 in
859 1671 1042 1710 errore
1073 1655 1094 1688 ³
1125 1655 1284 1726 plene
1338 1655 1499 1710 electi
1546 1654 1856 1726 capiantur.

250 1745 397 1800 Bene
414 1746 599 1800 autem
617 1744 674 1798 in
693 1742 796 1800 hac
815 1743 956 1798 fumi
977 1743 1210 1815 caligine
1232 1744 1348 1815 ipse
1363 1744 1528 1799 etiam
1544 1742 1859 1799 animorum

249 1834 441 1891 fervor
468 1834 804 1907 exprimitur
833 1851 956 1889 cum
990 1834 1243 1905 protinus
1268 1833 1610 1890 subinfertur
1635 1850 1645 1887 :

778 1927 1007 1985 CAPUT
1046 1929 1336 1986 XXXVII.

324 2020 471 2098 Iam:
497 2048 566 2060 —-
594 2018 742 2098 Sicut
766 2018 890 2098 ollce
915 2034 1169 2098 succensae
1197 2023 1355 2098 atque
1376 2016 1647 2098 feruentis.

320 2092 411 2147 62.
432 2092 639 2159 Quanto
672 2097 790 2163 tunc
810 2091 922 2145 zelo
942 2084 1423 2156 cestuabunthuid
1438 2089 1686 2143 diabolus
1704 2084 1856 2156 fumo

243 2180 490 2252 pestiferi
519 2160 826 2247 Ιιαιὶιὶὶέξίἱη
854 2181 1099 2235 humanis
1123 2180 1371 2235 cordibus
1399 2185 1663 2250 operetur.
1713 2178 1857 2233 Deus

247 2270 359 2324 nisi
387 2290 421 2327 a
452 2271 747 2342 tranquillo
777 2272 932 2326 corde
961 2271 1198 2343 cognosci
1224 2288 1331 2326 non
1364 2277 1556 2342 potest.
1589 2301 1660 2310 —
1689 2269 1856 2327 Velut

245 2360 399 2414 enim
430 2361 543 2415 olla
572 2361 792 2415 fervens
820 2369 882 2415 ut
911 2376 1251 2433 unaquaeque
1272 2367 1406 2416 tunc
1424 2358 1631 2427 anima,
1653 2358 1854 2430 cogita-

241 2448 468 2505 tionum
490 2466 713 2505 suarum
746 2450 983 2520 impetus
998 2449 1152 2519 quasi
1171 2465 1393 2520 spumas
1409 2448 1721 2505 ardentium
1742 2464 1859 2503 un-

238 2536 447 2592 darum
476 2537 776 2603 sustinens,
806 2552 940 2607 quas
991 2541 1045 2589 et
1088 2535 1233 2607 ignis
1273 2537 1374 2590 zeli
1428 2545 1761 2605 commovet,
1807 2542 1862 2591 et

235 2630 371 2701 ipsa
422 2627 742 2697 temporalis
795 2627 1073 2697 oppressio
1132 2643 1283 2682 more
1337 2628 1462 2683 ollae
1528 2628 1860 2685 intrinsecus

233 2718 469 2776 clausas
484 2723 650 2772 tenet.
675 2716 828 2772 Unde
854 2717 1090 2773 Joannes
1107 2733 1323 2790 quoque
1343 2734 1468 2773 cum
1491 2718 1658 2790 hujus
1674 2719 1859 2776 bestias

238 2808 408 2879 signa
439 2815 707 2875 narraret,
739 2806 996 2877 adjunxit
1020 2825 1031 2862 :
1058 2808 1141 2863 Ita
1178 2814 1235 2862 ut
1264 2809 1433 2878 ignem
1460 2807 1629 2878 faciat
1654 2810 1858 2878 decocto

134 2891 143 2909 ’
241 2897 557 2953 descendere
604 2897 793 2968 (Apoc.
827 2915 951 2966 xm,
990 2897 1099 2969 13).
1135 2899 1320 2969 Ignem
1368 2900 1571 2971 quippe
1615 2900 1682 2956 de
1720 2904 1858 2959 cmlo

242 2984 581 3043 descendere
610 2993 691 3041 est
716 2985 782 3041 de
801 2983 1114 3042 coelestibus
1149 2987 1451 3042 electorum
1482 2989 1686 3045 animis
1719 3006 1860 3045 san-

242 3075 327 3132 cti
381 3074 485 3130 zeli
542 3073 791 3129 ﬂammas
819 3090 1090 3129 emanare.
1140 3072 1278 3146 [Vet.
1341 3076 1684 3149 XXXVII“
1720 3077 1862 3145 Quia

1971 593 2093 632 mus
2120 593 2190 632 ex
2210 575 2329 648 ejus
2356 574 2584 630 naribus
2621 572 2880 646 prodiens
2929 573 3229 647 aliquando
3253 576 3324 633 ad
3352 587 3569 653 tempus

1969 666 2135 721 etiam
2173 665 2470 721 electorum
2501 663 2689 721 oculos
2717 661 2909 735 tangit.
2934 663 3093 719 Hunc
3112 680 3348 738 namque
3363 666 3566 724 intrin-

1969 773 2125 813 secus
2152 756 2367 811 fumum
2396 754 2704 826 patiebatur
2729 752 3025 825 Propheta,
3053 770 3178 810 cum
3200 754 3347 811 dixit
3379 773 3390 811 :
3432 758 3568 812 Tur-

1970 845 2124 900 batus
2164 852 2241 900 est
2278 862 2395 916 pra:
2434 844 2519 899 ira
2562 845 2744 899 oculus
2787 859 2929 898 meus
2962 843 3138 916 (Psal.
3172 861 3246 913 γι,
3277 844 3358 917 8).
3392 844 3569 917 Hujus

1970 933 2335 990 inundatione
2363 932 2730 1005 premebatur,
2759 932 2949 988 dicens
2983 949 2994 987 :
3023 933 3130 988 Cor
3156 949 3330 988 meum
3359 939 3569 989 cantur.

1971 1023 2148 1078 batum
2176 1028 2251 1077 est
2279 1023 2334 1076 in
2362 1038 2458 1089 me,
2491 1028 2537 1076 et
2568 1022 2739 1076 lumen
2782 1023 3058 1077 oculorum
3096 1038 3329 1078 meorum
3362 1040 3470 1078 non
3496 1030 3570 1079 est

1968 1128 2168 1167 mecum
2199 1111 2722 1183 (Psal.xxxvu,ii).
2748 1111 2954 1167 Fumus
2966 1111 3168 1185 quippe
3188 1112 3290 1169 iste
3309 1112 3570 1170 obtundit

1969 1202 2145 1258 aciem
2174 1200 2380 1268 cordis,
2411 1200 2540 1272 quia
2568 1198 2821 1271 caliginis
2846 1216 2957 1257 sua;
2986 1201 3182 1257 nubilo
3219 1204 3567 1260 serenitatem

1970 1292 2184 1348 intimae
2229 1290 2417 1346 turbat
2455 1289 2674 1363 quietis.
2727 1296 2917 1353 1113
2966 1290 3234 1364 Cognosci
3281 1308 3413 1349 vero
3460 1293 3571 1349 nisi

1969 1391 2272 1465 tranquillo
2302 1389 2466 1447 corde
2495 1407 2606 1447 non
2637 1398 2816 1463 potest
2857 1394 3021 1449 Deus.
3056 1392 3211 1450 Unde
3258 1410 3355 1466 per
3404 1410 3571 1451 eum-

1969 1480 2094 1537 dem
2124 1478 2446 1553 prophetam
2466 1495 2657 1537 rursus
2683 1480 2889 1538 dicitur
2909 1499 2921 1537 :
2966 1483 3150 1541 Vacate
3174 1489 3226 1538 et
3248 1482 3414 1539 videte
3426 1500 3570 1555 quo-

1971 1572 2120 1627 niam
2151 1588 2240 1642 ego
2270 1586 2387 1624 sum
2416 1571 2438 1605 ⁴
2466 1570 2605 1625 Deus
2631 1570 2813 1640 (Psal.
2846 1588 2981 1637 va,
3015 1571 3128 1644 11).
3148 1571 3356 1629 Vacare
3384 1579 3568 1629 autem

1974 1676 2130 1717 mens
2174 1675 2286 1716 non
2332 1666 2510 1732 potest
2564 1676 2684 1733 quae
2727 1659 2896 1733 hujus
2934 1659 3077 1717 fumi
3107 1660 3572 1719 inundationibus

1970 1750 2260 1823 premitur,
2292 1751 2422 1822 quia
2443 1751 2499 1805 in
2529 1765 2592 1805 ea
2618 1758 2961 1807 terrenarum
2992 1750 3393 1823 cogitationum
3415 1753 3570 1809 volu-

1884 1844 1932 1904 B
1970 1839 2122 1895 mina
2149 1854 2218 1893 ex
2245 1839 2529 1909 praesentis
2548 1838 2676 1893 vitae
2705 1842 2890 1894 amore
2937 1840 3332 1912 glomerantur.
3357 1842 3569 1898 Lumen

1965 1946 2093 2000 ergo
2122 1928 2325 2001 quietis
2354 1929 2376 1962 ⁵
2410 1927 2637 1983 internae
2667 1926 2773 1983 hoc
2801 1928 2958 1984 fumo
2987 1929 3288 1999 amittitur,
3319 1930 3450 2002 quia
3476 1946 3568 1986 cu-

1964 2034 2148 2073 rarum
2177 2016 2462 2089 prurigine
2491 2015 2674 2073 cordis
2702 2017 2898 2073 oculus
2937 2015 3069 2073 dum
3101 2016 3466 2075 confunditur
3492 2025 3569 2073 te-

1965 2106 2250 2163 nebratur.

2036 2194 2125 2249 6’s.
2173 2195 2278 2250 Iste
2326 2191 2508 2263 fumus
2562 2194 2722 2251 aliter
2757 2194 3055 2252 electorum
3110 2198 3306 2251 mentes
3365 2192 3569 2262 turbat,

1965 2285 2125 2342 aliter
2177 2284 2529 2355 reproborum
2580 2286 2759 2341 oculos
2814 2291 3057 2340 excaecat.
3087 2314 3159 2325 —
3213 2283 3323 2340 Sed
3380 2283 3571 2339 fumus

1966 2375 2069 2430 iste
2115 2373 2275 2429 aliter
2322 2373 2620 2429 electorum
2678 2371 2894 2429 animos
2938 2372 3145 2439 turbat,
3176 2371 3338 2429 aliter
3369 2388 3571 2444 repro-

1966 2464 2162 2521 borum
2193 2464 2381 2519 oculos
2426 2470 2681 2520 excaecat.
2731 2463 2780 2519 A
2819 2463 3093 2519 bonorum
3138 2462 3340 2534 quippe
3395 2462 3572 2519 oculis

1969 2552 2308 2625 spiritalium
2339 2550 2739 2607 desideriorum
2768 2549 2903 2606 ﬂatu
2932 2549 3287 2622 respergitur,
3325 2566 3392 2605 ne
3421 2566 3572 2622 prse—

1967 2643 2184 2697 valente
2201 2641 2403 2697 misera
2416 2639 2747 2712 cogitatione
2766 2639 3048 2696 densetur.
3072 2639 3133 2695 In
3157 2641 3179 2675 ⁶
3209 2639 3570 2711 reproborum
3645 2682 3651 2687 .

1968 2748 2100 2788 vero
2130 2729 2408 2787 mentibus
2429 2746 2538 2803 quo
2553 2747 2610 2786 se
2624 2729 2884 2787 licentius
2904 2744 2999 2802 per
3021 2735 3193 2785 tetras
3209 2728 3572 2801 cogitationes

1967 2820 2201 2892 colligit,
2232 2836 2296 2876 eo
2325 2819 2395 2874 ab
2442 2819 2522 2875 eis
2573 2818 2826 2875 funditus
2871 2818 3123 2874 veritatis
3169 2817 3358 2873 lumen
3400 2816 3567 2873 tollit.

1968 2912 2175 2967 Fumus
2190 2907 2656 2980 iste'reproborum
2672 2906 2931 2963 cordibus
2942 2914 3075 2979 quot
3089 2906 3287 2963 illicita
3300 2903 3575 2961 desideria

1968 3000 2197 3073 ingerit,
2228 2997 2383 3070 quasi
2415 3013 2510 3068 per
2538 3005 2621 3052 tot
2659 3003 2785 3051 ante
2829 2996 2955 3051 illos
2996 2993 3186 3067 globos
3231 2994 3571 3050 intumescit.

2042 3084 2487 3163 [Vet.XXXIX.]
2536 3086 2625 3142 65.
2671 3086 2737 3140 In
2783 3086 2993 3141 carnali
3036 3085 3243 3151 anima,
3292 3084 3392 3140 alii
3437 3081 3577 3154 fumi

244 3179 382 3219 "ero
412 3162 860 3260 Ῑλθνίδξδδηυίδίθ
903 3164 1038 3219 alias
1080 3179 1192 3218 ηοη
1245 3163 1425 3260 δίῘῙΠΠῙ
1486 3181 1730 3237 serpens:
1762 3165 1858 3221 sed
1888 3198 1933 3260 ο
1968 3162 2394 3252 concupiscentia:
2428 3175 2569 3247 globi
2597 3174 2841 3245 superius
2869 3173 3197 3240 inanescunt,
3228 3174 3328 3229 alii
3348 3172 3575 3243 inferius

244 3253 417 3309 etiam
448 3252 670 3324 regulus
698 3251 924 3321 dicitur,
952 3268 1051 3322 pro
1081 3268 1144 3307 eo
1163 3251 1311 3325 quod
1339 3252 1647 3309 immundis
1674 3257 1851 3327 spiri—

244 3342 424 3411 tibus,
442 3344 528 3399 vel
546 3343 793 3416 reprobis
813 3342 1134 3399 hominibus
1155 3343 1665 3415 principatur,sicut
1685 3347 1853 3403 Isaias

246 3433 331 3488 ait
362 3450 373 3488 :
408 3433 484 3488 De
512 3432 689 3488 radice
717 3433 919 3488 colubri
945 3432 1241 3504 egredietur
1269 3435 1482 3504 regulus
1525 3434 1680 3505 (Isai.
1728 3453 1848 3504 xw,

247 3522 373 3595 29),
400 3521 806 3594 inspiciendum
836 3522 997 3578 nobis
1026 3538 1374 3595 summOpere
1395 3531 1476 3579 est
1507 3524 1745 3596 qualiter
1772 3542 1853 3581 re-

248 3612 416 3685 gulus
444 3612 696 3684 perimat,
726 3621 807 3682 ut,
840 3628 910 3668 ex
940 3612 1256 3684 operatione
1282 3613 1475 3684 reguli,
1499 3611 1670 3684 hujus
1693 3613 1854 3669 nobis

247 3703 469 3759 malitia
515 3704 754 3776 apertius
802 3704 1129 3759 innotescat.
1164 3702 1404 3773 Regulus
1452 3718 1692 3774 namque
1739 3720 1853 3759 non

248 3811 444 3850 morsu
474 3795 710 3866 perimit,
736 3793 831 3850 sed
863 3792 996 3848 ﬂatu
1015 3790 1314 3847 consumit.
1344 3790 1495 3862 Saepe
1524 3806 1742 3862 quoque
1770 3806 1853 3846 ae-

249 3901 368 3941 rem
396 3884 529 3940 ﬂatu
556 3884 747 3950 allicit,
777 3890 831 3938 et
861 3879 1131 3954 quidquid
1164 3880 1249 3936 vel
1279 3880 1520 3952 positum
1546 3880 1703 3952 longe
1726 3896 1854 3937 con-

251 3974 439 4046 tigerit
466 3975 581 4030 sola
606 3970 835 4029 narium"
854 3969 1211 4043 inspiratione
1237 3968 1513 4026 tabefacit.

324 4065 412 4121 63.
440 4065 601 4132 Hinc,
624 4078 773 4136 ergo,
805 4061 938 4117 hinc
962 4077 1185 4134 pensare
1207 4060 1613 4132 compellimur,
1638 4075 1733 4132 per
1748 4058 1855 4117 hoc

252 4153 402 4229 quod
430 4153 496 4210 de
524 4153 751 4209 naribus
779 4151 896 4223 ejus
917 4152 1100 4207 fumus
1133 4150 1423 4223 procedere
1445 4150 1848 4225 dicitur,etiam

253 4247 575 4320 priusquam
599 4252 818 4318 apertus
837 4249 1110 4315 appareat,
1143 4240 1277 4313 quid
1308 4241 1554 4313 quotidie
1583 4241 1640 4295 in
1662 4240 1853 4297 huma-

252 4336 342 4393 nis
370 4330 632 4392 cordibus
658 4335 814 4389 fumo
844 4331 1113 4405 pestiferae
1163 4328 1538 4385 exhalationis
1576 4336 1850 4401 operetur.

253 4427 397 4496 Quia
426 4427 597 4492 enim,
628 4423 772 4479 sicut
802 4429 856 4479 et
885 4421 1137 4492 superius
1172 4420 1440 4489 diximus,
1475 4421 1628 4475 fumo
1670 4421 1855 4477 oculo-

254 4534 379 4574 rum
410 4517 555 4574 acies
586 4515 918 4582 infirmatur,
940 4530 1052 4568 non
1081 4512 1359 4567 immerito
1386 4512 1452 4568 de
1482 4511 1600 4583 ejus
1620 4511 1847 4567 naribus

253 4608 445 4666 fumus
474 4606 765 4680 procedere
788 4603 1070 4671 asseritur,
1093 4601 1253 4673 cujus
1269 4602 1453 4658 noxiis
1473 4601 1844 4673 inspirationi-

254 4694 358 4755 btis
392 4715 559 4771 prava
588 4698 645 4753 in
677 4694 935 4751 humanis
980 4691 1239 4750 cordibus
1289 4692 1548 4763 cogitatio
1594 4691 1838 4747 nascitur

258 4805 355 4861 per
374 4805 539 4862 quam
567 4787 710 4844 acies
731 4784 930 4841 mentis
951 4781 1299 4849 obtunditur,
1323 4797 1393 4837 ne
1419 4781 1516 4837 lux
1542 4780 1761 4836 interna
1782 4780 1862 4835 vi-

257 4879 475 4935 deatur.
508 4876 676 4946 Quasi
700 4876 847 4932 enim
882 4873 1013 4931 ﬂatu
1043 4873 1263 4929 narium
1306 4872 1602 4945 caliginem
1635 4870 1863 4938 emittit,

260 4969 394 5041 quia
423 4967 483 5022 in
514 4966 873 5039 reproborum
905 4960 1163 5020 cordibus
1182 4961 1511 5018 insidiarum
1543 4976 1768 5017 suarum
1786 4975 1866 5015 as-

262 5056 639 5131 pirationibus
667 5072 737 5111 ex
765 5072 949 5111 amore
962 5054 1091 5110 vita
1112 5052 1431 5126 temporalis
1451 5060 1648 5110 aestum
1670 5068 1867 5124 conge-

259 5154 335 5210 rit
366 5152 766 5225 multiplicium
796 5152 1215 5224 cogitationum.
1235 5150 1306 5205 Et
1338 5152 1489 5206 velut
1516 5149 1869 5223 fumiglobos

257 5241 624 5315 multiplicat,
655 5241 785 5315 quia
814 5239 1165 5297 inanissimas
1211 5241 1498 5313 praesentis
1540 5239 1671 5296 vitae
1713 5254 1872 5296 curas

341 5418 357 5455 ¹
392 5415 547 5475 Editi
578 5433 705 5475 cum
734 5415 863 5476 Mss.
919 5412 1031 5472 duo
1074 5412 1283 5482 Germ.,
1315 5412 1469 5487 signa
1502 5429 1718 5486 magna,
1749 5427 1869 5487 quae

265 5491 472 5548 ultima
502 5508 614 5547 vox
659 5490 810 5546 abest
836 5505 868 5544 a
894 5489 1023 5546 Mss.
1072 5487 1334 5555 Vindoc.,
1363 5488 1578 5555 Norm.,
1610 5492 1713 5543 etc.
1723 5528 1739 5556 ,
1769 5501 1872 5543 nec

266 5565 477 5613 legitur
500 5570 596 5613 aut
627 5562 683 5613 in
722 5562 980 5613 Vulgata.
1013 5566 1108 5613 aut
1140 5558 1199 5613 in
1228 5565 1385 5613 textu
1417 5557 1627 5613 Graeco.

266 5565 477 5636 legitur
500 5570 596 5619 aut
626 5562 684 5618 in
722 5562 980 5641 Vulgata,
1013 5566 1108 5615 aut
1140 5562 1199 5613 in
1228 5565 1385 5639 textu
1417 5562 1627 5615 Graeco.

345 5637 366 5670 ⁸
396 5635 663 5703 Vindoc.,
697 5633 918 5690 Ebrow.
952 5638 1005 5687 et
1030 5631 1127 5700 al.,
1155 5629 1285 5701 quid
1316 5629 1562 5699 futurum
1585 5629 1673 5688 sit.
1706 5628 1870 5688 Corb.

271 5707 485 5776 Germ.,
516 5707 648 5778 quid
674 5705 905 5778 ﬂendum
933 5704 1021 5778 sit.

347 5780 367 5813 ³
400 5771 725 5850 Δι’.,ἰ›ιαπ”ε,
756 5785 817 5832 ut
846 5775 904 5830 in
932 5772 1105 5831 Laud.
1138 5771 1355 5846 legitur.

450 5878 693 5935 Parnon.
738 5873 988 5931 LXXVI.

1960 3276 2202 3343 surgunt.
2244 3266 2379 3327 Vitia
2412 3264 2555 3320 vitiis
2583 3263 2957 3319 succedunt.—
2969 3264 3041 3318 Et
3059 3271 3204 3320 certe
3219 3263 3364 3320 fumi
3385 3263 3575 3336 globos

1958 3360 2242 3422 novimus,
2274 3355 2405 3429 quia
2450 3368 2578 3409 cum
2619 3351 2715 3407 alii
2772 3351 3025 3424 superius
3071 3350 3422 3419 inanescunt,
3476 3350 3576 3407 alii

1963 3449 2199 3508 inferius
2228 3452 2491 3517 surgunt;
2526 3442 2607 3499 sic
2635 3450 2690 3497 et
2728 3441 2786 3496 in
2834 3441 3169 3514 cogitatione
3207 3440 3438 3508 carnali,
3472 3439 3575 3496 etsi

1961 3539 2069 3595 alia
2098 3535 2388 3608 pravitatis
2433 3530 2703 3588 desideria
2750 3536 3059 3597 transeunt,
3090 3528 3200 3584 alia
3242 3527 3571 3586 succedunt.

1963 3628 2115 3699 Saepe
2144 3632 2328 3681 autem
2360 3638 2514 3677 mens
2544 3622 2743 3676 misera
2764 3619 2898 3692 quid
2920 3617 3037 3689 jam
3066 3619 3350 3674 transierit
3393 3618 3572 3688 videt,

1962 3718 2059 3775 sed
2087 3718 2183 3773 ubi
2211 3715 2392 3772 adhuc
2431 3713 2734 3768 retineatur
2753 3727 2867 3765 non
2889 3709 3062 3765 videt.
3097 3708 3312 3764 Gaudet
3346 3708 3413 3764 de
3445 3709 3567 3781 qui-

1966 3807 2201 3866 busdam
2228 3803 2383 3859 vitiis
2412 3798 2558 3873 quod
2586 3799 2665 3853 eis
2692 3796 2937 3868 subjecta
2961 3796 3078 3868 jam
3108 3812 3224 3851 non
3253 3795 3345 3863 sit,
3364 3802 3419 3849 et
3440 3811 3574 3867 pra:-

1963 3912 2157 3955 cavere
2186 3910 2250 3949 ac
2280 3904 2494 3963 gemere
2524 3885 2775 3959 negligit,
2807 3885 2937 3959 quia
2964 3900 3156 3940 eorum
3189 3883 3312 3940 vice
3347 3898 3577 3939 succes—

1964 3996 2155 4046 serunt
2211 3984 2339 4052 alia,
2400 3978 2601 4053 quibus
2655 3976 2885 4033 fortasse
2934 3972 3169 4047 nequius
3225 3970 3573 4042 succumbit;

1965 4079 2155 4151 sicque
2186 4075 2247 4130 ﬁt
2276 4079 2340 4129 ut
2368 4070 2501 4126 dum
2518 4068 2626 4124 alia
2662 4065 2801 4122 vitia
2819 4069 3127 4133 transeunt,
3164 4070 3219 4119 et
3238 4078 3452 4135 semper
3471 4062 3579 4117 alia

1964 4165 2293 4232 succedunt,
2312 4162 2381 4219 ab
2406 4160 2513 4216 hoc
2543 4165 2792 4230 serpente
2821 4173 2916 4213 cor
2944 4154 3311 4227 reproborum
3348 4154 3467 4209 sine
3496 4153 3578 4209 in-

1964 4253 2314 4314 termissione
2340 4255 2612 4306 teneatur.
2646 4246 2798 4302 Unde
2829 4246 2968 4301 bene
2999 4260 3096 4316 per
3116 4242 3577 4315 JoelprOphetam

1966 4345 2174 4402 dicitur
2206 4360 2218 4397 :
2251 4340 2543 4397 Residuum
2559 4353 2726 4391 erucae
2753 4335 2973 4389 comedit
2994 4336 3215 4398 locusta,
3247 4338 3295 4387 et
3310 4333 3579 4388 residuum

1974 4439 2186 4493 locustae
2214 4430 2431 4487 comedit
2470 4428 2717 4491 bruchus,
2748 4432 2797 4479 et
2833 4425 3102 4479 residuum
3137 4424 3321 4479 bruchi
3362 4422 3580 4478 comedit

1880 4558 1929 4616 D
1972 4524 2181 4593 rubigo.
2215 4516 2661 4592 Expergiscimini
2704 4513 2856 4578 ebrii,
2889 4519 2936 4566 et
2979 4514 3095 4589 ﬂete
3144 4512 3284 4584 (Joel
3330 4529 3370 4613 ξ,
3409 4510 3463 4579 4,
3494 4512 3575 4582 5).

1967 4612 2120 4684 Quid
2146 4609 2290 4665 enim
2336 4622 2431 4679 per
2460 4620 2702 4671 erucem,
2750 4620 2869 4676 quae
2905 4609 3018 4658 toto
3063 4616 3295 4675 corpore
3338 4602 3395 4657 in
3436 4609 3581 4657 terra

1972 4702 2140 4776 repit,
2168 4698 2273 4754 nisi
2308 4694 2529 4752 luxuria
2550 4694 2867 4761 designatur
2888 4692 2916 4748 ?
2947 4708 3066 4765 quae
3088 4708 3184 4749 cor
3219 4690 3368 4763 quod
3408 4697 3577 4756 tenet,

1974 4794 2052 4849 ita
2072 4787 2293 4863 polluit,
2317 4792 2377 4841 ut
2398 4784 2456 4840 in
2472 4782 2770 4857 superioris
2791 4782 3082 4837 munditiae
3101 4795 3321 4850 surgere
3337 4790 3576 4832 amorem

1974 4898 2088 4938 non
2118 4877 2311 4951 possit.
2346 4873 2495 4943 Quid
2525 4890 2621 4945 per
2649 4873 2918 4929 locustam
2949 4887 3069 4943 quae
3099 4868 3330 4924 saltibus
3377 4863 3577 4930 evolat,

1975 4972 2083 5029 nisi
2116 4968 2300 5025 inanis
2334 4964 2509 5037 gloria
2536 4964 2893 5036 exprimitur,
2909 4977 3030 5032 quae
3058 4973 3114 5014 se
3135 4956 3292 5013 vanis
3321 4969 3579 5027 presum-

1977 5058 2265 5135 ptionibus
2297 5054 2503 5110 exaltat
2523 5054 2552 5108 ?
2582 5052 2728 5120 Quid
2764 5067 2861 5123 per
2909 5043 3579 5135 bruchum,pcujus__pene

1978 5131 2161 5206 totum
2182 5160 2385 5215 corpus
2413 5144 2470 5197 in
2508 5148 2755 5197 ventrem
2786 5136 3089 5208 colligitur,
3118 5132 3226 5190 nisi
3255 5132 3454 5189 edendi
3484 5131 3582 5187 in—

1982 5235 2195 5309 gluvies
2215 5230 2517 5304 ﬁguratur?
2541 5228 2685 5295 Quid
2705 5243 2801 5300 per
2820 5224 3153 5296 rubiginem,
3177 5239 3297 5296 quae
3318 5221 3449 5278 dum
3462 5229 3581 5277 tan-

2056 5417 2078 5453 ⁴
2107 5415 2317 5473 Gemet.
2350 5420 2403 5468 et
2431 5406 2593 5468 Corb.
2626 5407 2835 5477 Germ.,
2870 5403 3147 5462 Dominus.

2053 5488 2074 5523 ⁸
2104 5488 2318 5553 Norm.,
2349 5482 2613 5551 Vindoc.,
2645 5478 2843 5547 Laud.,
2873 5478 2997 5535 Val.
3030 5478 3114 5535 Cl.
3147 5484 3201 5535 et
3228 5476 3340 5535 duo
3367 5476 3577 5545 Germ.,

1986 5566 2339 5697 “agiles,
2367 5624 2594 5693 Pratel.,
2616 5623 2739 5680 Val.
2773 5622 2855 5681 Cl.
2897 5628 2951 5678 et
2996 5620 3107 5677 duo
3135 5622 3342 5691 Germ.,
3373 5637 3581 5693 pram-

1894 5764 1899 5769 ,
1984 5717 2127 5759 rum.

3336 5856 3407 5925 23
