  <div class='ocr_page' id='page_1' title='image "/cluster/home/n/w/nwhite01/storage/ocr_20150623/76/hvd.32044052772456/365.png"; bbox 0 0 4156 6178; ppageno 0'>
   <div class='ocr_carea' id='block_1_1' title="bbox 525 378 631 436">
    <p class='ocr_par' dir='ltr' id='par_1_1' title="bbox 525 378 631 436">
     <span class='ocr_line' id='line_1_1' title="bbox 525 378 631 436; baseline 0 0"><span class='ocrx_word' id='word_1_1' title='bbox 525 378 631 436; x_wconf 82' lang='grc'><strong>715</strong></span> 
     </span>
    </p>
   </div>
   <div class='ocr_carea' id='block_1_2' title="bbox 1748 365 2635 426">
    <p class='ocr_par' dir='ltr' id='par_1_2' title="bbox 1748 365 2635 426">
     <span class='ocr_line' id='line_1_2' title="bbox 1748 365 2635 426; baseline -0.002 -2"><span class='ocrx_word' id='word_1_2' title='bbox 1748 366 1997 424; x_wconf 85' lang='lat' dir='ltr'><strong>SANCTI</strong></span> <span class='ocrx_word' id='word_1_3' title='bbox 2035 365 2373 425; x_wconf 82' lang='lat' dir='ltr'><strong>GREGORII</strong></span> <span class='ocrx_word' id='word_1_4' title='bbox 2407 365 2635 426; x_wconf 76' lang='lat' dir='ltr'><strong>MAGNI</strong></span> 
     </span>
    </p>
   </div>
   <div class='ocr_carea' id='block_1_3' title="bbox 3735 359 3844 418">
    <p class='ocr_par' dir='ltr' id='par_1_3' title="bbox 3735 359 3844 418">
     <span class='ocr_line' id='line_1_3' title="bbox 3735 359 3844 418; baseline 0.009 -1"><span class='ocrx_word' id='word_1_5' title='bbox 3735 359 3844 418; x_wconf 78' lang='lat'><strong>716</strong></span> 
     </span>
    </p>
   </div>
   <div class='ocr_carea' id='block_1_4' title="bbox 526 485 3847 578">
    <p class='ocr_par' dir='ltr' id='par_1_4' title="bbox 526 485 3847 578">
     <span class='ocr_line' id='line_1_4' title="bbox 526 485 3847 578; baseline -0.005 -18"><span class='ocrx_word' id='word_1_6' title='bbox 526 505 604 578; x_wconf 90' lang='lat' dir='ltr'><strong>git</strong></span> <span class='ocrx_word' id='word_1_7' title='bbox 631 500 897 570; x_wconf 81' lang='lat' dir='ltr'><strong>incendit,</strong></span> <span class='ocrx_word' id='word_1_8' title='bbox 928 499 1037 557; x_wconf 86' lang='lat' dir='ltr'>nisi</span> <span class='ocrx_word' id='word_1_9' title='bbox 1067 497 1148 555; x_wconf 88' lang='lat' dir='ltr'><strong>ira</strong></span> <span class='ocrx_word' id='word_1_10' title='bbox 1161 493 1454 554; x_wconf 78' lang='lat' dir='ltr'><strong>innuitur?</strong></span> <span class='ocrx_word' id='word_1_11' title='bbox 1481 491 1781 553; x_wconf 83' lang='lat' dir='ltr'><strong>Residuum</strong></span> <span class='ocrx_word' id='word_1_12' title='bbox 1800 509 1929 566; x_wconf 86' lang='lat' dir='ltr'><strong>ergo</strong></span> <span class='ocrx_word' id='word_1_13' title='bbox 1943 508 2120 549; x_wconf 90' lang='lat' dir='ltr'><strong>eruca</strong></span> <span class='ocrx_word' id='word_1_14' title='bbox 2147 495 2196 554; x_wconf 87' lang='lat' dir='ltr'><strong>A</strong></span> <span class='ocrx_word' id='word_1_15' title='bbox 2231 499 2403 550; x_wconf 82' lang='lat' dir='ltr'><strong>totam</strong></span> <span class='ocrx_word' id='word_1_16' title='bbox 2426 508 2484 550; x_wconf 92' lang='lat' dir='ltr'><strong>se</strong></span> <span class='ocrx_word' id='word_1_17' title='bbox 2511 492 2568 548; x_wconf 92' lang='lat' dir='ltr'><strong>in</strong></span> <span class='ocrx_word' id='word_1_18' title='bbox 2600 493 2622 528; x_wconf 78' lang='grc'>³</span> <span class='ocrx_word' id='word_1_19' title='bbox 2652 489 2827 565; x_wconf 84' lang='lat' dir='ltr'><strong>typho</strong></span> <span class='ocrx_word' id='word_1_20' title='bbox 2855 487 3110 546; x_wconf 83' lang='lat' dir='ltr'><strong>elationis</strong></span> <span class='ocrx_word' id='word_1_21' title='bbox 3137 486 3373 546; x_wconf 80' lang='lat' dir='ltr'><strong>attollat.</strong></span> <span class='ocrx_word' id='word_1_22' title='bbox 3407 485 3553 556; x_wconf 83' lang='lat' dir='ltr'><strong>Quia</strong></span> <span class='ocrx_word' id='word_1_23' title='bbox 3586 503 3716 561; x_wconf 90' lang='lat' dir='ltr'><strong>ergo</strong></span> <span class='ocrx_word' id='word_1_24' title='bbox 3747 503 3847 546; x_wconf 88' lang='lat' dir='ltr'><strong>cor</strong></span> 
     </span>
    </p>
   </div>
   <div class='ocr_carea' id='block_1_5' title="bbox 524 581 2122 660">
    <p class='ocr_par' dir='ltr' id='par_1_5' title="bbox 524 581 2122 660">
     <span class='ocr_line' id='line_1_5' title="bbox 524 581 2122 660; baseline -0.009 -9"><span class='ocrx_word' id='word_1_25' title='bbox 524 595 735 651; x_wconf 88' lang='lat' dir='ltr'><strong>locusta</strong></span> <span class='ocrx_word' id='word_1_26' title='bbox 777 589 1040 655; x_wconf 84' lang='lat' dir='ltr'><strong>comedit,</strong></span> <span class='ocrx_word' id='word_1_27' title='bbox 1069 587 1200 660; x_wconf 89' lang='lat' dir='ltr'><strong>quia</strong></span> <span class='ocrx_word' id='word_1_28' title='bbox 1248 601 1388 658; x_wconf 85' lang='lat' dir='ltr'>saepe</span> <span class='ocrx_word' id='word_1_29' title='bbox 1434 600 1562 642; x_wconf 91' lang='lat' dir='ltr'><strong>cum</strong></span> <span class='ocrx_word' id='word_1_30' title='bbox 1593 581 1832 640; x_wconf 86' lang='lat' dir='ltr'><strong>luxuria</strong></span> <span class='ocrx_word' id='word_1_31' title='bbox 1861 581 2060 638; x_wconf 83' lang='lat' dir='ltr'><strong>vitium</strong></span> <span class='ocrx_word' id='word_1_32' title='bbox 2091 598 2122 637; x_wconf 90' lang='lat' dir='ltr'><strong>a</strong></span> 
     </span>
    </p>
   </div>
   <div class='ocr_carea' id='block_1_6' title="bbox 529 671 2124 748">
    <p class='ocr_par' dir='ltr' id='par_1_6' title="bbox 529 671 2124 748">
     <span class='ocr_line' id='line_1_6' title="bbox 529 671 2124 748; baseline -0.011 -6"><span class='ocrx_word' id='word_1_33' title='bbox 529 692 711 742; x_wconf 88' lang='lat' dir='ltr'><strong>mente</strong></span> <span class='ocrx_word' id='word_1_34' title='bbox 737 679 1040 748; x_wconf 82' lang='lat' dir='ltr'><strong>recesserit,</strong></span> <span class='ocrx_word' id='word_1_35' title='bbox 1073 675 1255 734; x_wconf 88' lang='lat' dir='ltr'><strong>inanis</strong></span> <span class='ocrx_word' id='word_1_36' title='bbox 1283 675 1456 748; x_wconf 78' lang='lat' dir='ltr'><strong>gloria</strong></span> <span class='ocrx_word' id='word_1_37' title='bbox 1495 671 1761 731; x_wconf 90' lang='lat' dir='ltr'><strong>succedit.</strong></span> <span class='ocrx_word' id='word_1_38' title='bbox 1810 671 1948 728; x_wconf 91' lang='lat' dir='ltr'><strong>Nam</strong></span> <span class='ocrx_word' id='word_1_39' title='bbox 1994 671 2124 744; x_wconf 83' lang='lat' dir='ltr'><strong>quia</strong></span> 
     </span>
    </p>
   </div>
   <div class='ocr_carea' id='block_1_7' title="bbox 518 760 2122 848">
    <p class='ocr_par' dir='ltr' id='par_1_7' title="bbox 518 760 2122 848">
     <span class='ocr_line' id='line_1_7' title="bbox 518 760 2122 848; baseline -0.011 -15"><span class='ocrx_word' id='word_1_40' title='bbox 518 773 636 848; x_wconf 89' lang='lat' dir='ltr'><strong>jam</strong></span> <span class='ocrx_word' id='word_1_41' title='bbox 655 789 753 847; x_wconf 90' lang='lat' dir='ltr'><strong>per</strong></span> <span class='ocrx_word' id='word_1_42' title='bbox 766 786 1008 830; x_wconf 88' lang='lat' dir='ltr'><strong>amorem</strong></span> <span class='ocrx_word' id='word_1_43' title='bbox 1042 766 1226 826; x_wconf 84' lang='lat' dir='ltr'><strong>cordis</strong></span> <span class='ocrx_word' id='word_1_44' title='bbox 1245 782 1357 822; x_wconf 92' lang='lat' dir='ltr'><strong>non</strong></span> <span class='ocrx_word' id='word_1_45' title='bbox 1378 763 1664 832; x_wconf 85' lang='lat' dir='ltr'><strong>sternitur,</strong></span> <span class='ocrx_word' id='word_1_46' title='bbox 1702 760 1857 837; x_wconf 86' lang='lat' dir='ltr'><strong>quasi</strong></span> <span class='ocrx_word' id='word_1_47' title='bbox 1878 766 2122 818; x_wconf 87' lang='lat' dir='ltr'><strong>sanctam</strong></span> 
     </span>
    </p>
   </div>
   <div class='ocr_carea' id='block_1_8' title="bbox 531 851 2128 934">
    <p class='ocr_par' dir='ltr' id='par_1_8' title="bbox 531 851 2128 934">
     <span class='ocr_line' id='line_1_8' title="bbox 531 851 2128 934; baseline -0.011 -10"><span class='ocrx_word' id='word_1_48' title='bbox 531 883 588 924; x_wconf 90' lang='lat' dir='ltr'><strong>se</strong></span> <span class='ocrx_word' id='word_1_49' title='bbox 617 881 686 921; x_wconf 84' lang='lat' dir='ltr'><strong>ex</strong></span> <span class='ocrx_word' id='word_1_50' title='bbox 709 863 958 921; x_wconf 83' lang='lat' dir='ltr'><strong>castitate</strong></span> <span class='ocrx_word' id='word_1_51' title='bbox 973 857 1258 934; x_wconf 81' lang='lat' dir='ltr'><strong>gloriatur.</strong></span> <span class='ocrx_word' id='word_1_52' title='bbox 1290 856 1362 911; x_wconf 92' lang='lat' dir='ltr'><strong>Et</strong></span> <span class='ocrx_word' id='word_1_53' title='bbox 1383 855 1667 911; x_wconf 90' lang='lat' dir='ltr'><strong>residuum</strong></span> <span class='ocrx_word' id='word_1_54' title='bbox 1711 853 1938 909; x_wconf 82' lang='lat' dir='ltr'><strong>locusta</strong></span> <span class='ocrx_word' id='word_1_55' title='bbox 1983 851 2128 907; x_wconf 90' lang='lat' dir='ltr'><strong>bru-</strong></span> 
     </span>
    </p>
   </div>
   <div class='ocr_carea' id='block_1_9' title="bbox 533 941 2126 1024">
    <p class='ocr_par' dir='ltr' id='par_1_9' title="bbox 533 941 2126 1024">
     <span class='ocr_line' id='line_1_9' title="bbox 533 941 2126 1024; baseline -0.011 -10"><span class='ocrx_word' id='word_1_56' title='bbox 533 956 672 1014; x_wconf 89' lang='lat' dir='ltr'><strong>chus</strong></span> <span class='ocrx_word' id='word_1_57' title='bbox 698 953 957 1020; x_wconf 85' lang='lat' dir='ltr'><strong>comedit,</strong></span> <span class='ocrx_word' id='word_1_58' title='bbox 978 948 1106 1024; x_wconf 88' lang='lat' dir='ltr'><strong>quia</strong></span> <span class='ocrx_word' id='word_1_59' title='bbox 1123 963 1264 1019; x_wconf 85' lang='lat' dir='ltr'><strong>sape</strong></span> <span class='ocrx_word' id='word_1_60' title='bbox 1282 963 1408 1003; x_wconf 92' lang='lat' dir='ltr'><strong>cum</strong></span> <span class='ocrx_word' id='word_1_61' title='bbox 1430 945 1584 1001; x_wconf 89' lang='lat' dir='ltr'><strong>inani</strong></span> <span class='ocrx_word' id='word_1_62' title='bbox 1605 944 1812 1016; x_wconf 88' lang='lat' dir='ltr'><strong>gloria,</strong></span> <span class='ocrx_word' id='word_1_63' title='bbox 1835 959 1957 1018; x_wconf 82' lang='lat' dir='ltr'><strong>qua</strong></span> <span class='ocrx_word' id='word_1_64' title='bbox 1971 941 2126 1015; x_wconf 89' lang='lat' dir='ltr'><strong>quasi</strong></span> 
     </span>
    </p>
   </div>
   <div class='ocr_carea' id='block_1_10' title="bbox 533 1029 2128 1106">
    <p class='ocr_par' dir='ltr' id='par_1_10' title="bbox 533 1029 2128 1106">
     <span class='ocr_line' id='line_1_10' title="bbox 533 1029 2128 1106; baseline -0.011 -4"><span class='ocrx_word' id='word_1_65' title='bbox 533 1061 603 1102; x_wconf 91' lang='lat' dir='ltr'><strong>ex</strong></span> <span class='ocrx_word' id='word_1_66' title='bbox 631 1043 917 1101; x_wconf 86' lang='lat' dir='ltr'><strong>sanctitate</strong></span> <span class='ocrx_word' id='word_1_67' title='bbox 939 1037 1211 1106; x_wconf 88' lang='lat' dir='ltr'><strong>veniebat,</strong></span> <span class='ocrx_word' id='word_1_68' title='bbox 1239 1035 1535 1102; x_wconf 87' lang='lat' dir='ltr'><strong>resistitur,</strong></span> <span class='ocrx_word' id='word_1_69' title='bbox 1555 1033 1642 1089; x_wconf 92' lang='lat' dir='ltr'><strong>vel</strong></span> <span class='ocrx_word' id='word_1_70' title='bbox 1673 1031 1858 1088; x_wconf 83' lang='lat' dir='ltr'><strong>ventri</strong></span> <span class='ocrx_word' id='word_1_71' title='bbox 1889 1030 1978 1086; x_wconf 87' lang='lat' dir='ltr'><strong>vel</strong></span> <span class='ocrx_word' id='word_1_72' title='bbox 2009 1029 2128 1102; x_wconf 89' lang='lat' dir='ltr'><strong>qui-</strong></span> 
     </span>
    </p>
   </div>
   <div class='ocr_carea' id='block_1_11' title="bbox 533 1117 2128 1192">
    <p class='ocr_par' dir='ltr' id='par_1_11' title="bbox 533 1117 2128 1192">
     <span class='ocr_line' id='line_1_11' title="bbox 533 1117 2128 1192; baseline -0.013 1"><span class='ocrx_word' id='word_1_73' title='bbox 533 1133 775 1192; x_wconf 91' lang='lat' dir='ltr'><strong>buslibet</strong></span> <span class='ocrx_word' id='word_1_74' title='bbox 795 1127 1114 1190; x_wconf 85' lang='lat' dir='ltr'><strong>ambitionis</strong></span> <span class='ocrx_word' id='word_1_75' title='bbox 1133 1123 1423 1182; x_wconf 80' lang='lat' dir='ltr'><strong>desideriis</strong></span> <span class='ocrx_word' id='word_1_76' title='bbox 1437 1120 1860 1179; x_wconf 88' lang='lat' dir='ltr'><strong>immoderatius</strong></span> <span class='ocrx_word' id='word_1_77' title='bbox 1877 1117 2128 1190; x_wconf 88' lang='lat' dir='ltr'><strong>indulge-</strong></span> 
     </span>
    </p>
   </div>
   <div class='ocr_carea' id='block_1_12' title="bbox 536 1209 2130 1282">
    <p class='ocr_par' dir='ltr' id='par_1_12' title="bbox 536 1209 2130 1282">
     <span class='ocr_line' id='line_1_12' title="bbox 536 1209 2130 1282; baseline -0.012 0"><span class='ocrx_word' id='word_1_78' title='bbox 536 1233 646 1282; x_wconf 88' lang='lat' dir='ltr'><strong>tur.</strong></span> <span class='ocrx_word' id='word_1_79' title='bbox 677 1225 830 1282; x_wconf 86' lang='lat' dir='ltr'><strong>Mens</strong></span> <span class='ocrx_word' id='word_1_80' title='bbox 857 1221 1005 1278; x_wconf 90' lang='lat' dir='ltr'><strong>enim</strong></span> <span class='ocrx_word' id='word_1_81' title='bbox 1035 1217 1136 1274; x_wconf 91' lang='lat' dir='ltr'><strong>Dei</strong></span> <span class='ocrx_word' id='word_1_82' title='bbox 1165 1215 1369 1280; x_wconf 88' lang='lat' dir='ltr'><strong>nescia,</strong></span> <span class='ocrx_word' id='word_1_83' title='bbox 1389 1221 1545 1272; x_wconf 88' lang='lat' dir='ltr'><strong>tanto</strong></span> <span class='ocrx_word' id='word_1_84' title='bbox 1570 1211 1810 1269; x_wconf 88' lang='lat' dir='ltr'><strong>atrocius</strong></span> <span class='ocrx_word' id='word_1_85' title='bbox 1840 1209 1910 1266; x_wconf 90' lang='lat' dir='ltr'><strong>ad</strong></span> <span class='ocrx_word' id='word_1_86' title='bbox 1939 1224 2130 1282; x_wconf 86' lang='lat' dir='ltr'><strong>quem-</strong></span> 
     </span>
    </p>
   </div>
   <div class='ocr_carea' id='block_1_13' title="bbox 538 1299 2130 1378">
    <p class='ocr_par' dir='ltr' id='par_1_13' title="bbox 538 1299 2130 1378">
     <span class='ocr_line' id='line_1_13' title="bbox 538 1299 2130 1378; baseline -0.011 -8"><span class='ocrx_word' id='word_1_87' title='bbox 538 1313 671 1370; x_wconf 88' lang='lat' dir='ltr'><strong>libet</strong></span> <span class='ocrx_word' id='word_1_88' title='bbox 697 1311 968 1368; x_wconf 87' lang='lat' dir='ltr'><strong>ambitum</strong></span> <span class='ocrx_word' id='word_1_89' title='bbox 1016 1306 1256 1374; x_wconf 87' lang='lat' dir='ltr'><strong>ducitur,</strong></span> <span class='ocrx_word' id='word_1_90' title='bbox 1286 1311 1490 1378; x_wconf 91' lang='lat' dir='ltr'><strong>quanto</strong></span> <span class='ocrx_word' id='word_1_91' title='bbox 1537 1301 1692 1358; x_wconf 89' lang='lat' dir='ltr'><strong>nullo</strong></span> <span class='ocrx_word' id='word_1_92' title='bbox 1737 1299 1825 1356; x_wconf 86' lang='lat' dir='ltr'><strong>vel</strong></span> <span class='ocrx_word' id='word_1_93' title='bbox 1873 1299 2130 1355; x_wconf 85' lang='lat' dir='ltr'><strong>humana</strong></span> 
     </span>
    </p>
   </div>
   <div class='ocr_carea' id='block_1_14' title="bbox 540 1389 2134 1462">
    <p class='ocr_par' dir='ltr' id='par_1_14' title="bbox 540 1389 2134 1462">
     <span class='ocr_line' id='line_1_14' title="bbox 540 1389 2134 1462; baseline -0.01 -1"><span class='ocrx_word' id='word_1_94' title='bbox 540 1403 718 1461; x_wconf 87' lang='lat' dir='ltr'><strong>laudis</strong></span> <span class='ocrx_word' id='word_1_95' title='bbox 747 1417 933 1459; x_wconf 89' lang='lat' dir='ltr'><strong>amore</strong></span> <span class='ocrx_word' id='word_1_96' title='bbox 980 1398 1310 1456; x_wconf 85' lang='lat' dir='ltr'><strong>refrenatur.</strong></span> <span class='ocrx_word' id='word_1_97' title='bbox 1352 1393 1653 1452; x_wconf 82' lang='lat' dir='ltr'><strong>Residuum</strong></span> <span class='ocrx_word' id='word_1_98' title='bbox 1695 1391 1898 1448; x_wconf 91' lang='lat' dir='ltr'><strong>bruchi</strong></span> <span class='ocrx_word' id='word_1_99' title='bbox 1939 1389 2134 1462; x_wconf 81' lang='lat' dir='ltr'><strong>rubigo</strong></span> 
     </span>
    </p>
   </div>
   <div class='ocr_carea' id='block_1_15' title="bbox 537 1479 2134 1564">
    <p class='ocr_par' dir='ltr' id='par_1_15' title="bbox 537 1479 2134 1564">
     <span class='ocr_line' id='line_1_15' title="bbox 537 1479 2134 1564; baseline -0.011 -12"><span class='ocrx_word' id='word_1_100' title='bbox 537 1493 838 1561; x_wconf 89' lang='lat' dir='ltr'><strong>consumit,</strong></span> <span class='ocrx_word' id='word_1_101' title='bbox 869 1489 1000 1564; x_wconf 85' lang='lat' dir='ltr'><strong>quia</strong></span> <span class='ocrx_word' id='word_1_102' title='bbox 1023 1504 1164 1560; x_wconf 90' lang='lat' dir='ltr'><strong>sape</strong></span> <span class='ocrx_word' id='word_1_103' title='bbox 1191 1487 1326 1544; x_wconf 92' lang='lat' dir='ltr'><strong>dum</strong></span> <span class='ocrx_word' id='word_1_104' title='bbox 1343 1483 1552 1541; x_wconf 83' lang='lat' dir='ltr'><strong>ventris</strong></span> <span class='ocrx_word' id='word_1_105' title='bbox 1567 1481 1840 1555; x_wconf 87' lang='lat' dir='ltr'><strong>ingluvies</strong></span> <span class='ocrx_word' id='word_1_106' title='bbox 1858 1495 1956 1552; x_wconf 90' lang='lat' dir='ltr'><strong>per</strong></span> <span class='ocrx_word' id='word_1_107' title='bbox 1969 1479 2134 1536; x_wconf 85' lang='lat' dir='ltr'><strong>absti-</strong></span> 
     </span>
    </p>
   </div>
   <div class='ocr_carea' id='block_1_16' title="bbox 541 1569 2134 1653">
    <p class='ocr_par' dir='ltr' id='par_1_16' title="bbox 541 1569 2134 1653">
     <span class='ocr_line' id='line_1_16' title="bbox 541 1569 2134 1653; baseline -0.011 -12"><span class='ocrx_word' id='word_1_108' title='bbox 541 1584 788 1642; x_wconf 88' lang='lat' dir='ltr'><strong>nentiam</strong></span> <span class='ocrx_word' id='word_1_109' title='bbox 815 1579 1210 1653; x_wconf 66' lang='lat' dir='ltr'><strong>restringitur,‘</strong></span> <span class='ocrx_word' id='word_1_110' title='bbox 1244 1577 1339 1633; x_wconf 86' lang='lat' dir='ltr'><strong>ira</strong></span> <span class='ocrx_word' id='word_1_111' title='bbox 1370 1573 1714 1648; x_wconf 88' lang='lat' dir='ltr'><strong>impatientia</strong></span> <span class='ocrx_word' id='word_1_112' title='bbox 1747 1572 1932 1628; x_wconf 89' lang='lat' dir='ltr'><strong>acrius</strong></span> <span class='ocrx_word' id='word_1_113' title='bbox 1959 1569 2134 1626; x_wconf 88' lang='lat' dir='ltr'><strong>domi-</strong></span> 
     </span>
    </p>
   </div>
   <div class='ocr_carea' id='block_1_17' title="bbox 541 1661 2136 1747">
    <p class='ocr_par' dir='ltr' id='par_1_17' title="bbox 541 1661 2136 1747">
     <span class='ocr_line' id='line_1_17' title="bbox 541 1661 2136 1747; baseline -0.011 -15"><span class='ocrx_word' id='word_1_114' title='bbox 541 1682 740 1742; x_wconf 91' lang='lat' dir='ltr'><strong>natur;</strong></span> <span class='ocrx_word' id='word_1_115' title='bbox 771 1689 893 1747; x_wconf 87' lang='lat' dir='ltr'><strong>qua</strong></span> <span class='ocrx_word' id='word_1_116' title='bbox 923 1685 1076 1728; x_wconf 91' lang='lat' dir='ltr'><strong>more</strong></span> <span class='ocrx_word' id='word_1_117' title='bbox 1103 1666 1377 1741; x_wconf 88' lang='lat' dir='ltr'><strong>rubiginis</strong></span> <span class='ocrx_word' id='word_1_118' title='bbox 1406 1663 1561 1738; x_wconf 89' lang='lat' dir='ltr'><strong>quasi</strong></span> <span class='ocrx_word' id='word_1_119' title='bbox 1591 1661 1874 1720; x_wconf 80' lang='lat' dir='ltr'><strong>exurendo</strong></span> <span class='ocrx_word' id='word_1_120' title='bbox 1903 1675 2136 1717; x_wconf 89' lang='lat' dir='ltr'><strong>messem</strong></span> 
     </span>
    </p>
   </div>
   <div class='ocr_carea' id='block_1_18' title="bbox 543 1747 2137 1836">
    <p class='ocr_par' dir='ltr' id='par_1_18' title="bbox 543 1747 2137 1836">
     <span class='ocr_line' id='line_1_18' title="bbox 543 1747 2137 1836; baseline -0.013 -14"><span class='ocrx_word' id='word_1_121' title='bbox 543 1761 808 1832; x_wconf 87' lang='lat' dir='ltr'><strong>comedit,</strong></span> <span class='ocrx_word' id='word_1_122' title='bbox 827 1761 958 1836; x_wconf 86' lang='lat' dir='ltr'><strong>quia</strong></span> <span class='ocrx_word' id='word_1_123' title='bbox 984 1759 1256 1816; x_wconf 89' lang='lat' dir='ltr'><strong>virtutum</strong></span> <span class='ocrx_word' id='word_1_124' title='bbox 1269 1755 1482 1811; x_wconf 86' lang='lat' dir='ltr'><strong>fructus</strong></span> <span class='ocrx_word' id='word_1_125' title='bbox 1498 1753 1570 1809; x_wconf 90' lang='lat' dir='ltr'><strong>im</strong></span> <span class='ocrx_word' id='word_1_126' title='bbox 1580 1749 1858 1824; x_wconf 88' lang='lat' dir='ltr'><strong>patientia</strong></span> <span class='ocrx_word' id='word_1_127' title='bbox 1881 1749 1902 1784; x_wconf 83' lang='grc'>²</span> <span class='ocrx_word' id='word_1_128' title='bbox 1918 1747 2137 1804; x_wconf 89' lang='lat' dir='ltr'><strong>ﬂamma</strong></span> 
     </span>
    </p>
   </div>
   <div class='ocr_carea' id='block_1_19' title="bbox 2233 577 3846 656">
    <p class='ocr_par' dir='ltr' id='par_1_19' title="bbox 2233 577 3846 656">
     <span class='ocr_line' id='line_1_19' title="bbox 2233 577 3846 656; baseline -0.003 -17"><span class='ocrx_word' id='word_1_129' title='bbox 2233 600 2330 656; x_wconf 90' lang='lat' dir='ltr'><strong>per</strong></span> <span class='ocrx_word' id='word_1_130' title='bbox 2357 583 2512 640; x_wconf 87' lang='lat' dir='ltr'><strong>varia</strong></span> <span class='ocrx_word' id='word_1_131' title='bbox 2539 579 2813 638; x_wconf 90' lang='lat' dir='ltr'><strong>desideria</strong></span> <span class='ocrx_word' id='word_1_132' title='bbox 2842 578 3159 648; x_wconf 89' lang='lat' dir='ltr'><strong>abducitur,</strong></span> <span class='ocrx_word' id='word_1_133' title='bbox 3191 577 3343 652; x_wconf 89' lang='lat' dir='ltr'><strong>quod</strong></span> <span class='ocrx_word' id='word_1_134' title='bbox 3385 577 3846 650; x_wconf 89' lang='lat' dir='ltr'><strong>instigationibus</strong></span> 
     </span>
    </p>
   </div>
   <div class='ocr_carea' id='block_1_20' title="bbox 2234 665 3847 738">
    <p class='ocr_par' dir='ltr' id='par_1_20' title="bbox 2234 665 3847 738">
     <span class='ocr_line' id='line_1_20' title="bbox 2234 665 3847 738; baseline -0.003 -9"><span class='ocrx_word' id='word_1_135' title='bbox 2234 665 2710 730; x_wconf 87' lang='lat' dir='ltr'><strong>Leviathanistius</strong></span> <span class='ocrx_word' id='word_1_136' title='bbox 2738 667 3134 736; x_wconf 90' lang='lat' dir='ltr'><strong>inﬂammatur,</strong></span> <span class='ocrx_word' id='word_1_137' title='bbox 3165 675 3312 724; x_wconf 89' lang='lat' dir='ltr'><strong>recte</strong></span> <span class='ocrx_word' id='word_1_138' title='bbox 3341 665 3462 738; x_wconf 88' lang='lat' dir='ltr'><strong>ejus</strong></span> <span class='ocrx_word' id='word_1_139' title='bbox 3489 666 3679 724; x_wconf 87' lang='lat' dir='ltr'><strong>fumus</strong></span> <span class='ocrx_word' id='word_1_140' title='bbox 3706 683 3847 724; x_wconf 89' lang='lat' dir='ltr'><strong>suc-</strong></span> 
     </span>
    </p>
   </div>
   <div class='ocr_carea' id='block_1_21' title="bbox 2233 757 3850 832">
    <p class='ocr_par' dir='ltr' id='par_1_21' title="bbox 2233 757 3850 832">
     <span class='ocr_line' id='line_1_21' title="bbox 2233 757 3850 832; baseline -0.005 -11"><span class='ocrx_word' id='word_1_141' title='bbox 2233 780 2412 821; x_wconf 88' lang='lat' dir='ltr'><strong>censa</strong></span> <span class='ocrx_word' id='word_1_142' title='bbox 2427 771 2481 820; x_wconf 91' lang='lat' dir='ltr'><strong>et</strong></span> <span class='ocrx_word' id='word_1_143' title='bbox 2509 758 2748 817; x_wconf 83' lang='lat' dir='ltr'><strong>ferventi</strong></span> <span class='ocrx_word' id='word_1_144' title='bbox 2777 760 2901 816; x_wconf 86' lang='lat' dir='ltr'><strong>olla</strong></span> <span class='ocrx_word' id='word_1_145' title='bbox 2931 759 3132 816; x_wconf 90' lang='lat' dir='ltr'><strong>similis</strong></span> <span class='ocrx_word' id='word_1_146' title='bbox 3165 775 3282 816; x_wconf 90' lang='lat' dir='ltr'><strong>esse</strong></span> <span class='ocrx_word' id='word_1_147' title='bbox 3332 757 3682 830; x_wconf 89' lang='lat' dir='ltr'><strong>perhibetur,</strong></span> <span class='ocrx_word' id='word_1_148' title='bbox 3717 759 3850 832; x_wconf 89' lang='lat' dir='ltr'><strong>quia</strong></span> 
     </span>
    </p>
   </div>
   <div class='ocr_carea' id='block_1_22' title="bbox 2235 848 3848 926">
    <p class='ocr_par' dir='ltr' id='par_1_22' title="bbox 2235 848 3848 926">
     <span class='ocr_line' id='line_1_22' title="bbox 2235 848 3848 926; baseline -0.002 -16"><span class='ocrx_word' id='word_1_149' title='bbox 2235 869 2335 926; x_wconf 89' lang='lat' dir='ltr'><strong>per</strong></span> <span class='ocrx_word' id='word_1_150' title='bbox 2365 859 2444 910; x_wconf 86' lang='lat' dir='ltr'><strong>tot</strong></span> <span class='ocrx_word' id='word_1_151' title='bbox 2471 868 2529 909; x_wconf 92' lang='lat' dir='ltr'><strong>se</strong></span> <span class='ocrx_word' id='word_1_152' title='bbox 2559 851 2804 908; x_wconf 85' lang='lat' dir='ltr'><strong>fervores</strong></span> <span class='ocrx_word' id='word_1_153' title='bbox 2835 853 2856 888; x_wconf 87' lang='grc'>⁶</span> <span class='ocrx_word' id='word_1_154' title='bbox 2895 851 3076 906; x_wconf 85' lang='lat' dir='ltr'><strong>aﬂlata</strong></span> <span class='ocrx_word' id='word_1_155' title='bbox 3103 848 3222 922; x_wconf 89' lang='lat' dir='ltr'><strong>ejus</strong></span> <span class='ocrx_word' id='word_1_156' title='bbox 3265 848 3669 906; x_wconf 89' lang='lat' dir='ltr'><strong>tentationibus</strong></span> <span class='ocrx_word' id='word_1_157' title='bbox 3697 866 3848 908; x_wconf 93' lang='lat' dir='ltr'><strong>con-</strong></span> 
     </span>
    </p>
   </div>
   <div class='ocr_carea' id='block_1_23' title="bbox 2237 939 3852 1016">
    <p class='ocr_par' dir='ltr' id='par_1_23' title="bbox 2237 939 3852 1016">
     <span class='ocr_line' id='line_1_23' title="bbox 2237 939 3852 1016; baseline -0.004 -16"><span class='ocrx_word' id='word_1_158' title='bbox 2237 943 2471 1000; x_wconf 85' lang='lat' dir='ltr'><strong>scientia</strong></span> <span class='ocrx_word' id='word_1_159' title='bbox 2498 943 2678 1014; x_wconf 85' lang='lat' dir='ltr'><strong>erigit,</strong></span> <span class='ocrx_word' id='word_1_160' title='bbox 2711 958 2807 1014; x_wconf 92' lang='lat' dir='ltr'><strong>per</strong></span> <span class='ocrx_word' id='word_1_161' title='bbox 2834 948 2968 1016; x_wconf 91' lang='lat' dir='ltr'><strong>quot</strong></span> <span class='ocrx_word' id='word_1_162' title='bbox 2994 940 3142 996; x_wconf 90' lang='lat' dir='ltr'><strong>intra</strong></span> <span class='ocrx_word' id='word_1_163' title='bbox 3167 956 3224 998; x_wconf 89' lang='lat' dir='ltr'><strong>se</strong></span> <span class='ocrx_word' id='word_1_164' title='bbox 3273 939 3636 1012; x_wconf 89' lang='lat' dir='ltr'><strong>cogitationes</strong></span> <span class='ocrx_word' id='word_1_165' title='bbox 3686 939 3852 996; x_wconf 90' lang='lat' dir='ltr'><strong>intu-</strong></span> 
     </span>
    </p>
   </div>
   <div class='ocr_carea' id='block_1_24' title="bbox 2239 1029 3850 1104">
    <p class='ocr_par' dir='ltr' id='par_1_24' title="bbox 2239 1029 3850 1104">
     <span class='ocr_line' id='line_1_24' title="bbox 2239 1029 3850 1104; baseline -0.004 -14"><span class='ocrx_word' id='word_1_166' title='bbox 2239 1033 2448 1090; x_wconf 91' lang='lat' dir='ltr'><strong>mescit.</strong></span> <span class='ocrx_word' id='word_1_167' title='bbox 2469 1031 2627 1102; x_wconf 87' lang='lat' dir='ltr'><strong>Quod</strong></span> <span class='ocrx_word' id='word_1_168' title='bbox 2651 1031 2832 1088; x_wconf 86' lang='lat' dir='ltr'><strong>verbis</strong></span> <span class='ocrx_word' id='word_1_169' title='bbox 2851 1031 2974 1088; x_wconf 89' lang='lat' dir='ltr'><strong>aliis</strong></span> <span class='ocrx_word' id='word_1_170' title='bbox 3002 1029 3184 1088; x_wconf 91' lang='lat' dir='ltr'><strong>adhuc</strong></span> <span class='ocrx_word' id='word_1_171' title='bbox 3213 1030 3422 1088; x_wconf 88' lang='lat' dir='ltr'><strong>veritas</strong></span> <span class='ocrx_word' id='word_1_172' title='bbox 3453 1030 3706 1104; x_wconf 89' lang='lat' dir='ltr'><strong>apertius</strong></span> <span class='ocrx_word' id='word_1_173' title='bbox 3739 1045 3850 1086; x_wconf 83' lang='lat' dir='ltr'><strong>ex-</strong></span> 
     </span>
    </p>
   </div>
   <div class='ocr_carea' id='block_1_25' title="bbox 2238 1119 3102 1198">
    <p class='ocr_par' dir='ltr' id='par_1_25' title="bbox 2238 1119 3102 1198">
     <span class='ocr_line' id='line_1_25' title="bbox 2238 1119 3102 1198; baseline -0.006 -18"><span class='ocrx_word' id='word_1_174' title='bbox 2238 1124 2510 1198; x_wconf 88' lang='lat' dir='ltr'><strong>sequitur,</strong></span> <span class='ocrx_word' id='word_1_175' title='bbox 2541 1123 2674 1180; x_wconf 90' lang='lat' dir='ltr'><strong>dum</strong></span> <span class='ocrx_word' id='word_1_176' title='bbox 2701 1119 3057 1194; x_wconf 89' lang='lat' dir='ltr'><strong>subjungitur</strong></span> <span class='ocrx_word' id='word_1_177' title='bbox 3089 1137 3102 1176; x_wconf 93' lang='lat'>:</span> 
     </span>
    </p>
   </div>
   <div class='ocr_carea' id='block_1_26' title="bbox 2499 1207 3575 1286">
    <p class='ocr_par' dir='ltr' id='par_1_26' title="bbox 2499 1207 3575 1286">
     <span class='ocr_line' id='line_1_26' title="bbox 2499 1207 3575 1286; baseline -0.002 -16"><span class='ocrx_word' id='word_1_178' title='bbox 2499 1211 2728 1270; x_wconf 80' lang='lat' dir='ltr'><strong>CAPUT</strong></span> <span class='ocrx_word' id='word_1_179' title='bbox 2765 1208 3060 1267; x_wconf 78' lang='lat' dir='ltr'><strong>XXXVIII</strong></span> <span class='ocrx_word' id='word_1_180' title='bbox 3099 1207 3243 1284; x_wconf 68' lang='lat' dir='ltr'><strong>[Rea</strong></span> <span class='ocrx_word' id='word_1_181' title='bbox 3278 1208 3575 1286; x_wconf 81' lang='lat' dir='ltr'>XXVIII].</span> 
     </span>
    </p>
   </div>
   <div class='ocr_carea' id='block_1_27' title="bbox 2311 1298 3720 1372">
    <p class='ocr_par' dir='ltr' id='par_1_27' title="bbox 2311 1298 3720 1372">
     <span class='ocr_line' id='line_1_27' title="bbox 2311 1298 3720 1372; baseline -0.001 -13"><span class='ocrx_word' id='word_1_182' title='bbox 2311 1301 2483 1360; x_wconf 76' lang='lat' dir='ltr'><strong>Vsus.</strong></span> <span class='ocrx_word' id='word_1_183' title='bbox 2517 1301 2603 1358; x_wconf 79' lang='grc'><strong>12.</strong></span> <span class='ocrx_word' id='word_1_184' title='bbox 2633 1332 2706 1344; x_wconf 90' lang='grc'><strong><em>-</em></strong></span> <span class='ocrx_word' id='word_1_185' title='bbox 2733 1301 2948 1358; x_wconf 76' lang='lat' dir='ltr'><strong>Halitus</strong></span> <span class='ocrx_word' id='word_1_186' title='bbox 2974 1298 3086 1370; x_wconf 91' lang='lat' dir='ltr'><strong>ejus</strong></span> <span class='ocrx_word' id='word_1_187' title='bbox 3109 1315 3320 1372; x_wconf 84' lang='lat' dir='ltr'><strong>prunas</strong></span> <span class='ocrx_word' id='word_1_188' title='bbox 3347 1299 3538 1357; x_wconf 85' lang='lat' dir='ltr'><strong>ardere</strong></span> <span class='ocrx_word' id='word_1_189' title='bbox 3563 1299 3720 1372; x_wconf 82' lang='lat' dir='ltr'><strong>facit.</strong></span> 
     </span>
    </p>
   </div>
   <div class='ocr_carea' id='block_1_28' title="bbox 2314 1390 3854 1462">
    <p class='ocr_par' dir='ltr' id='par_1_28' title="bbox 2314 1390 3854 1462">
     <span class='ocr_line' id='line_1_28' title="bbox 2314 1390 3854 1462; baseline -0.003 -13"><span class='ocrx_word' id='word_1_190' title='bbox 2314 1393 2402 1450; x_wconf 90' lang='lat'><strong>67.</strong></span> <span class='ocrx_word' id='word_1_191' title='bbox 2438 1391 2692 1449; x_wconf 85' lang='lat' dir='ltr'><strong>Car-nalis</strong></span> <span class='ocrx_word' id='word_1_192' title='bbox 2716 1408 2880 1460; x_wconf 87' lang='lat' dir='ltr'><strong>mens,</strong></span> <span class='ocrx_word' id='word_1_193' title='bbox 2903 1395 3153 1462; x_wconf 78' lang='lat' dir='ltr'><strong>tanquam</strong></span> <span class='ocrx_word' id='word_1_194' title='bbox 3181 1406 3364 1462; x_wconf 84' lang='lat' dir='ltr'><strong>pruna</strong></span> <span class='ocrx_word' id='word_1_195' title='bbox 3388 1391 3520 1462; x_wconf 89' lang='lat' dir='ltr'><strong>ﬂatu</strong></span> <span class='ocrx_word' id='word_1_196' title='bbox 3539 1391 3748 1447; x_wconf 86' lang='lat' dir='ltr'><strong>diaboli</strong></span> <span class='ocrx_word' id='word_1_197' title='bbox 3769 1390 3854 1446; x_wconf 87' lang='lat' dir='ltr'><strong>in-</strong></span> 
     </span>
    </p>
   </div>
   <div class='ocr_carea' id='block_1_29' title="bbox 2243 1479 3860 1558">
    <p class='ocr_par' dir='ltr' id='par_1_29' title="bbox 2243 1479 3860 1558">
     <span class='ocr_line' id='line_1_29' title="bbox 2243 1479 3860 1558; baseline -0.004 -18"><span class='ocrx_word' id='word_1_198' title='bbox 2243 1487 2536 1558; x_wconf 85' lang='lat' dir='ltr'><strong>ﬂammata.</strong></span> <span class='ocrx_word' id='word_1_199' title='bbox 2591 1513 2662 1524; x_wconf 97' lang='lat'>—</span> <span class='ocrx_word' id='word_1_200' title='bbox 2716 1481 2862 1550; x_wconf 86' lang='lat' dir='ltr'><strong>Quid</strong></span> <span class='ocrx_word' id='word_1_201' title='bbox 2891 1481 3039 1538; x_wconf 92' lang='lat' dir='ltr'><strong>enim</strong></span> <span class='ocrx_word' id='word_1_202' title='bbox 3071 1495 3274 1554; x_wconf 89' lang='lat' dir='ltr'><strong>prunas</strong></span> <span class='ocrx_word' id='word_1_203' title='bbox 3319 1479 3426 1536; x_wconf 89' lang='lat' dir='ltr'><strong>nisi</strong></span> <span class='ocrx_word' id='word_1_204' title='bbox 3465 1495 3758 1538; x_wconf 84' lang='lat' dir='ltr'><strong>succensas</strong></span> <span class='ocrx_word' id='word_1_205' title='bbox 3795 1479 3860 1536; x_wconf 92' lang='lat' dir='ltr'><strong>in</strong></span> 
     </span>
    </p>
   </div>
   <div class='ocr_carea' id='block_1_30' title="bbox 2243 1567 3861 1646">
    <p class='ocr_par' dir='ltr' id='par_1_30' title="bbox 2243 1567 3861 1646">
     <span class='ocr_line' id='line_1_30' title="bbox 2243 1567 3861 1646; baseline -0.004 -15"><span class='ocrx_word' id='word_1_206' title='bbox 2243 1573 2482 1631; x_wconf 85' lang='lat' dir='ltr'><strong>terrenis</strong></span> <span class='ocrx_word' id='word_1_207' title='bbox 2508 1569 2976 1646; x_wconf 89' lang='lat' dir='ltr'><strong>concupiscentiis</strong></span> <span class='ocrx_word' id='word_1_208' title='bbox 3005 1569 3363 1643; x_wconf 87' lang='lat' dir='ltr'><strong>reprohorum</strong></span> <span class='ocrx_word' id='word_1_209' title='bbox 3377 1567 3667 1626; x_wconf 87' lang='lat' dir='ltr'><strong>hominum</strong></span> <span class='ocrx_word' id='word_1_210' title='bbox 3696 1583 3861 1624; x_wconf 86' lang='lat' dir='ltr'><strong>men-</strong></span> 
     </span>
    </p>
   </div>
   <div class='ocr_carea' id='block_1_31' title="bbox 2255 1657 3862 1738">
    <p class='ocr_par' dir='ltr' id='par_1_31' title="bbox 2255 1657 3862 1738">
     <span class='ocr_line' id='line_1_31' title="bbox 2255 1657 3862 1738; baseline -0.005 -16"><span class='ocrx_word' id='word_1_211' title='bbox 2255 1673 2338 1722; x_wconf 85' lang='lat' dir='ltr'><strong>tes</strong></span> <span class='ocrx_word' id='word_1_212' title='bbox 2365 1662 2637 1738; x_wconf 77' lang='lat' dir='ltr'><strong>appellat?</strong></span> <span class='ocrx_word' id='word_1_213' title='bbox 2665 1660 2878 1718; x_wconf 84' lang='lat' dir='ltr'><strong>Ardent</strong></span> <span class='ocrx_word' id='word_1_214' title='bbox 2902 1661 3053 1717; x_wconf 90' lang='lat' dir='ltr'><strong>enim</strong></span> <span class='ocrx_word' id='word_1_215' title='bbox 3080 1675 3207 1718; x_wconf 91' lang='lat' dir='ltr'><strong>cum</strong></span> <span class='ocrx_word' id='word_1_216' title='bbox 3236 1657 3524 1734; x_wconf 90' lang='lat' dir='ltr'><strong>quodlibet</strong></span> <span class='ocrx_word' id='word_1_217' title='bbox 3552 1657 3862 1732; x_wconf 87' lang='lat' dir='ltr'><strong>temporale</strong></span> 
     </span>
    </p>
   </div>
   <div class='ocr_carea' id='block_1_32' title="bbox 2247 1747 3859 1828">
    <p class='ocr_par' dir='ltr' id='par_1_32' title="bbox 2247 1747 3859 1828">
     <span class='ocr_line' id='line_1_32' title="bbox 2247 1747 3859 1828; baseline -0.006 -17"><span class='ocrx_word' id='word_1_218' title='bbox 2247 1760 2532 1827; x_wconf 91' lang='lat' dir='ltr'><strong>appetunt,</strong></span> <span class='ocrx_word' id='word_1_219' title='bbox 2555 1752 2686 1828; x_wconf 87' lang='lat' dir='ltr'><strong>quia</strong></span> <span class='ocrx_word' id='word_1_220' title='bbox 2705 1752 2970 1808; x_wconf 90' lang='lat' dir='ltr'><strong>nimirum</strong></span> <span class='ocrx_word' id='word_1_221' title='bbox 2991 1757 3162 1808; x_wconf 90' lang='lat' dir='ltr'><strong>urunt</strong></span> <span class='ocrx_word' id='word_1_222' title='bbox 3177 1748 3450 1807; x_wconf 89' lang='lat' dir='ltr'><strong>desideria</strong></span> <span class='ocrx_word' id='word_1_223' title='bbox 3464 1764 3583 1822; x_wconf 87' lang='lat' dir='ltr'><strong>qua</strong></span> <span class='ocrx_word' id='word_1_224' title='bbox 3605 1747 3859 1823; x_wconf 89' lang='lat' dir='ltr'><strong>quietum</strong></span> 
     </span>
    </p>
   </div>
   <div class='ocr_carea' id='block_1_33' title="bbox 543 1835 3858 1922">
    <p class='ocr_par' dir='ltr' id='par_1_33' title="bbox 543 1835 3858 1922">
     <span class='ocr_line' id='line_1_33' title="bbox 543 1835 3858 1922; baseline -0.005 -14"><span class='ocrx_word' id='word_1_225' title='bbox 543 1851 822 1911; x_wconf 84' lang='lat' dir='ltr'><strong>tabefacit.</strong></span> <span class='ocrx_word' id='word_1_226' title='bbox 853 1835 992 1907; x_wconf 86' lang='lat' dir='ltr'><strong>Cum</strong></span> <span class='ocrx_word' id='word_1_227' title='bbox 1034 1862 1162 1918; x_wconf 82' lang='lat' dir='ltr'><strong>ergo</strong></span> <span class='ocrx_word' id='word_1_228' title='bbox 1209 1843 1348 1902; x_wconf 82' lang='lat' dir='ltr'><strong>vitia</strong></span> <span class='ocrx_word' id='word_1_229' title='bbox 1391 1841 1546 1899; x_wconf 77' lang='lat' dir='ltr'><strong>vitiis</strong></span> <span class='ocrx_word' id='word_1_230' title='bbox 1587 1837 1914 1908; x_wconf 71' lang='lat' dir='ltr'><strong>succedunt,</strong></span> <span class='ocrx_word' id='word_1_231' title='bbox 1943 1852 2137 1912; x_wconf 76' lang='lat' dir='ltr'><strong>agrum</strong></span> <span class='ocrx_word' id='word_1_232' title='bbox 2173 1860 2218 1922; x_wconf 79' lang='grc' dir='ltr'>Β</span> <span class='ocrx_word' id='word_1_233' title='bbox 2252 1859 2316 1900; x_wconf 89' lang='lat' dir='ltr'><strong>ac</strong></span> <span class='ocrx_word' id='word_1_234' title='bbox 2343 1843 2620 1916; x_wconf 87' lang='lat' dir='ltr'><strong>integrum</strong></span> <span class='ocrx_word' id='word_1_235' title='bbox 2662 1857 2778 1899; x_wconf 90' lang='lat' dir='ltr'><strong>esse</strong></span> <span class='ocrx_word' id='word_1_236' title='bbox 2816 1841 3065 1898; x_wconf 89' lang='lat' dir='ltr'><strong>animum</strong></span> <span class='ocrx_word' id='word_1_237' title='bbox 3115 1856 3230 1896; x_wconf 92' lang='lat' dir='ltr'><strong>non</strong></span> <span class='ocrx_word' id='word_1_238' title='bbox 3285 1838 3634 1912; x_wconf 89' lang='lat' dir='ltr'><strong>permittunt.</strong></span> <span class='ocrx_word' id='word_1_239' title='bbox 3669 1835 3858 1893; x_wconf 87' lang='lat' dir='ltr'><strong>Toties</strong></span> 
     </span>
    </p>
   </div>
   <div class='ocr_carea' id='block_1_34' title="bbox 548 1931 1962 2012">
    <p class='ocr_par' dir='ltr' id='par_1_34' title="bbox 548 1931 1962 2012">
     <span class='ocr_line' id='line_1_34' title="bbox 548 1931 1962 2012; baseline -0.01 -12"><span class='ocrx_word' id='word_1_240' title='bbox 548 1941 748 1999; x_wconf 90' lang='lat' dir='ltr'><strong>mentis</strong></span> <span class='ocrx_word' id='word_1_241' title='bbox 776 1939 884 1996; x_wconf 87' lang='lat' dir='ltr'><strong>alia</strong></span> <span class='ocrx_word' id='word_1_242' title='bbox 905 1936 1074 2012; x_wconf 90' lang='lat' dir='ltr'><strong>pestis</strong></span> <span class='ocrx_word' id='word_1_243' title='bbox 1101 1935 1348 2005; x_wconf 89' lang='lat' dir='ltr'><strong>devorat,</strong></span> <span class='ocrx_word' id='word_1_244' title='bbox 1377 1934 1511 1991; x_wconf 92' lang='lat' dir='ltr'><strong>dum</strong></span> <span class='ocrx_word' id='word_1_245' title='bbox 1540 1933 1648 1991; x_wconf 91' lang='lat' dir='ltr'><strong>alia</strong></span> <span class='ocrx_word' id='word_1_246' title='bbox 1675 1931 1962 2006; x_wconf 89' lang='lat' dir='ltr'><strong>relinquit.</strong></span> 
     </span>
    </p>
   </div>
   <div class='ocr_carea' id='block_1_35' title="bbox 622 2047 2146 2132">
    <p class='ocr_par' dir='ltr' id='par_1_35' title="bbox 622 2047 2146 2132">
     <span class='ocr_line' id='line_1_35' title="bbox 622 2047 2146 2132; baseline -0.01 -17"><span class='ocrx_word' id='word_1_247' title='bbox 622 2055 761 2132; x_wconf 82' lang='lat' dir='ltr'><strong>[Vet.</strong></span> <span class='ocrx_word' id='word_1_248' title='bbox 793 2054 935 2129; x_wconf 84' lang='lat' dir='ltr'><strong>XL.]</strong></span> <span class='ocrx_word' id='word_1_249' title='bbox 965 2054 1052 2111; x_wconf 92' lang='lat'><strong>66.</strong></span> <span class='ocrx_word' id='word_1_250' title='bbox 1097 2051 1257 2110; x_wconf 86' lang='lat' dir='ltr'><strong>Ebrii</strong></span> <span class='ocrx_word' id='word_1_251' title='bbox 1285 2057 1410 2107; x_wconf 83' lang='lat' dir='ltr'><strong>sunt</strong></span> <span class='ocrx_word' id='word_1_252' title='bbox 1432 2051 1526 2122; x_wconf 88' lang='lat' dir='ltr'><strong>qui</strong></span> <span class='ocrx_word' id='word_1_253' title='bbox 1563 2050 1750 2106; x_wconf 85' lang='lat' dir='ltr'><strong>mundi</strong></span> <span class='ocrx_word' id='word_1_254' title='bbox 1776 2047 1938 2119; x_wconf 80' lang='lat' dir='ltr'><strong>hujus</strong></span> <span class='ocrx_word' id='word_1_255' title='bbox 1965 2061 2146 2101; x_wconf 88' lang='lat' dir='ltr'><strong>amore</strong></span> 
     </span>
    </p>
   </div>
   <div class='ocr_carea' id='block_1_36' title="bbox 552 2135 2148 2216">
    <p class='ocr_par' dir='ltr' id='par_1_36' title="bbox 552 2135 2148 2216">
     <span class='ocr_line' id='line_1_36' title="bbox 552 2135 2148 2216; baseline -0.009 -12"><span class='ocrx_word' id='word_1_256' title='bbox 552 2146 769 2216; x_wconf 84' lang='lat' dir='ltr'><strong>turbati,</strong></span> <span class='ocrx_word' id='word_1_257' title='bbox 800 2146 947 2201; x_wconf 86' lang='lat' dir='ltr'><strong>mala</strong></span> <span class='ocrx_word' id='word_1_258' title='bbox 965 2159 1083 2215; x_wconf 69' lang='lat' dir='ltr'><strong>quae</strong></span> <span class='ocrx_word' id='word_1_259' title='bbox 1101 2141 1390 2214; x_wconf 86' lang='lat' dir='ltr'><strong>patiuntur</strong></span> <span class='ocrx_word' id='word_1_260' title='bbox 1414 2155 1522 2195; x_wconf 89' lang='lat' dir='ltr'><strong>non</strong></span> <span class='ocrx_word' id='word_1_261' title='bbox 1535 2139 1782 2196; x_wconf 82' lang='lat' dir='ltr'><strong>sentiunt.</strong></span> <span class='ocrx_word' id='word_1_262' title='bbox 1799 2167 1871 2179; x_wconf 93' lang='lat'><strong>—</strong></span> <span class='ocrx_word' id='word_1_263' title='bbox 1889 2135 2036 2192; x_wconf 88' lang='lat' dir='ltr'><strong>Bene</strong></span> <span class='ocrx_word' id='word_1_264' title='bbox 2055 2149 2148 2190; x_wconf 87' lang='lat' dir='ltr'><strong>au-</strong></span> 
     </span>
    </p>
   </div>
   <div class='ocr_carea' id='block_1_37' title="bbox 550 2222 2152 2301">
    <p class='ocr_par' dir='ltr' id='par_1_37' title="bbox 550 2222 2152 2301">
     <span class='ocr_line' id='line_1_37' title="bbox 550 2222 2152 2301; baseline -0.008 -9"><span class='ocrx_word' id='word_1_265' title='bbox 550 2243 662 2292; x_wconf 91' lang='lat' dir='ltr'><strong>tem</strong></span> <span class='ocrx_word' id='word_1_266' title='bbox 709 2235 828 2290; x_wconf 90' lang='lat' dir='ltr'><strong>illic</strong></span> <span class='ocrx_word' id='word_1_267' title='bbox 872 2231 1128 2288; x_wconf 90' lang='lat' dir='ltr'><strong>subditur</strong></span> <span class='ocrx_word' id='word_1_268' title='bbox 1175 2246 1193 2286; x_wconf 91' lang='lat'><em>:</em></span> <span class='ocrx_word' id='word_1_269' title='bbox 1231 2227 1683 2301; x_wconf 72' lang='lat' dir='ltr'><strong>Expergiscimini</strong></span> <span class='ocrx_word' id='word_1_270' title='bbox 1728 2222 1883 2292; x_wconf 85' lang='lat' dir='ltr'><strong>ebrii,</strong></span> <span class='ocrx_word' id='word_1_271' title='bbox 1939 2230 1986 2280; x_wconf 92' lang='lat' dir='ltr'><strong>et</strong></span> <span class='ocrx_word' id='word_1_272' title='bbox 2038 2225 2152 2294; x_wconf 85' lang='lat' dir='ltr'><strong>ﬂete</strong></span> 
     </span>
    </p>
   </div>
   <div class='ocr_carea' id='block_1_38' title="bbox 551 2309 2152 2396">
    <p class='ocr_par' dir='ltr' id='par_1_38' title="bbox 551 2309 2152 2396">
     <span class='ocr_line' id='line_1_38' title="bbox 551 2309 2152 2396; baseline -0.007 -16"><span class='ocrx_word' id='word_1_273' title='bbox 551 2322 720 2395; x_wconf 83' lang='lat' dir='ltr'><strong>(Ibid.</strong></span> <span class='ocrx_word' id='word_1_274' title='bbox 727 2321 838 2396; x_wconf 77' lang='lat'><strong>,5).</strong></span> <span class='ocrx_word' id='word_1_275' title='bbox 857 2319 1014 2377; x_wconf 90' lang='lat' dir='ltr'><strong>Ebrii</strong></span> <span class='ocrx_word' id='word_1_276' title='bbox 1045 2319 1248 2393; x_wconf 89' lang='lat' dir='ltr'><strong>quippe</strong></span> <span class='ocrx_word' id='word_1_277' title='bbox 1275 2317 1456 2374; x_wconf 88' lang='lat' dir='ltr'><strong>vocati</strong></span> <span class='ocrx_word' id='word_1_278' title='bbox 1486 2314 1750 2390; x_wconf 89' lang='lat' dir='ltr'><strong>suntqui,</strong></span> <span class='ocrx_word' id='word_1_279' title='bbox 1770 2310 1964 2370; x_wconf 91' lang='lat' dir='ltr'><strong>mundi</strong></span> <span class='ocrx_word' id='word_1_280' title='bbox 1985 2309 2152 2384; x_wconf 90' lang='lat' dir='ltr'><strong>hujus</strong></span> 
     </span>
    </p>
   </div>
   <div class='ocr_carea' id='block_1_39' title="bbox 555 2401 2149 2478">
    <p class='ocr_par' dir='ltr' id='par_1_39' title="bbox 555 2401 2149 2478">
     <span class='ocr_line' id='line_1_39' title="bbox 555 2401 2149 2478; baseline -0.009 -8"><span class='ocrx_word' id='word_1_281' title='bbox 555 2427 740 2470; x_wconf 90' lang='lat' dir='ltr'><strong>amore</strong></span> <span class='ocrx_word' id='word_1_282' title='bbox 767 2408 1004 2478; x_wconf 86' lang='lat' dir='ltr'><strong>confusi,</strong></span> <span class='ocrx_word' id='word_1_283' title='bbox 1037 2408 1182 2464; x_wconf 90' lang='lat' dir='ltr'><strong>mala</strong></span> <span class='ocrx_word' id='word_1_284' title='bbox 1226 2422 1340 2464; x_wconf 94' lang='lat' dir='ltr'><strong>non</strong></span> <span class='ocrx_word' id='word_1_285' title='bbox 1386 2406 1632 2464; x_wconf 88' lang='lat' dir='ltr'><strong>sentiunt</strong></span> <span class='ocrx_word' id='word_1_286' title='bbox 1673 2421 1795 2478; x_wconf 89' lang='lat' dir='ltr'><strong>qua</strong></span> <span class='ocrx_word' id='word_1_287' title='bbox 1844 2401 2149 2476; x_wconf 88' lang='lat' dir='ltr'><strong>patiuntur.</strong></span> 
     </span>
    </p>
   </div>
   <div class='ocr_carea' id='block_1_40' title="bbox 556 2491 2158 2572">
    <p class='ocr_par' dir='ltr' id='par_1_40' title="bbox 556 2491 2158 2572">
     <span class='ocr_line' id='line_1_40' title="bbox 556 2491 2158 2572; baseline -0.005 -14"><span class='ocrx_word' id='word_1_288' title='bbox 556 2500 702 2570; x_wconf 86' lang='lat' dir='ltr'><strong>Quid</strong></span> <span class='ocrx_word' id='word_1_289' title='bbox 730 2509 811 2558; x_wconf 91' lang='lat' dir='ltr'><strong>est</strong></span> <span class='ocrx_word' id='word_1_290' title='bbox 838 2515 967 2572; x_wconf 90' lang='lat' dir='ltr'><strong>ergo</strong></span> <span class='ocrx_word' id='word_1_291' title='bbox 1010 2497 1230 2555; x_wconf 87' lang='lat' dir='ltr'><strong>dicere:</strong></span> <span class='ocrx_word' id='word_1_292' title='bbox 1262 2493 1730 2568; x_wconf 60' lang='lat' dir='ltr'><strong>Expergiscimini,</strong></span> <span class='ocrx_word' id='word_1_293' title='bbox 1773 2491 1928 2558; x_wconf 86' lang='lat' dir='ltr'><strong>ebrii,</strong></span> <span class='ocrx_word' id='word_1_294' title='bbox 1966 2495 2158 2552; x_wconf 82' lang='lat'><strong>1114</strong></span> 
     </span>
    </p>
   </div>
   <div class='ocr_carea' id='block_1_41' title="bbox 557 2583 2159 2670">
    <p class='ocr_par' dir='ltr' id='par_1_41' title="bbox 557 2583 2159 2670">
     <span class='ocr_line' id='line_1_41' title="bbox 557 2583 2159 2670; baseline -0.009 -16"><span class='ocrx_word' id='word_1_295' title='bbox 557 2605 607 2654; x_wconf 90' lang='lat' dir='ltr'><strong>et</strong></span> <span class='ocrx_word' id='word_1_296' title='bbox 635 2599 748 2670; x_wconf 84' lang='lat' dir='ltr'><strong>ﬂete</strong></span> <span class='ocrx_word' id='word_1_297' title='bbox 804 2595 1018 2668; x_wconf 86' lang='lat' dir='ltr'><strong>(1bid.),</strong></span> <span class='ocrx_word' id='word_1_298' title='bbox 1085 2593 1194 2650; x_wconf 89' lang='lat' dir='ltr'><strong>nisi</strong></span> <span class='ocrx_word' id='word_1_299' title='bbox 1249 2607 1506 2648; x_wconf 90' lang='lat' dir='ltr'><strong>somnum</strong></span> <span class='ocrx_word' id='word_1_300' title='bbox 1545 2596 1740 2646; x_wconf 81' lang='lat' dir='ltr'><strong>vestra</strong></span> <span class='ocrx_word' id='word_1_301' title='bbox 1806 2583 2159 2644; x_wconf 87' lang='lat' dir='ltr'><strong>insensibili-</strong></span> 
     </span>
    </p>
   </div>
   <div class='ocr_carea' id='block_1_42' title="bbox 558 2675 2159 2752">
    <p class='ocr_par' dir='ltr' id='par_1_42' title="bbox 558 2675 2159 2752">
     <span class='ocr_line' id='line_1_42' title="bbox 558 2675 2159 2752; baseline -0.007 -8"><span class='ocrx_word' id='word_1_302' title='bbox 558 2685 688 2744; x_wconf 88' lang='lat' dir='ltr'><strong>tatis</strong></span> <span class='ocrx_word' id='word_1_303' title='bbox 714 2684 977 2752; x_wconf 88' lang='lat' dir='ltr'><strong>excutite,</strong></span> <span class='ocrx_word' id='word_1_304' title='bbox 1019 2689 1094 2752; x_wconf 93' lang='lat' dir='ltr'><strong>et,</strong></span> <span class='ocrx_word' id='word_1_305' title='bbox 1116 2682 1176 2737; x_wconf 91' lang='lat' dir='ltr'><strong>in</strong></span> <span class='ocrx_word' id='word_1_306' title='bbox 1197 2679 1570 2737; x_wconf 88' lang='lat' dir='ltr'><strong>devastatione</strong></span> <span class='ocrx_word' id='word_1_307' title='bbox 1597 2676 1781 2734; x_wconf 88' lang='lat' dir='ltr'><strong>cordis</strong></span> <span class='ocrx_word' id='word_1_308' title='bbox 1801 2683 1883 2734; x_wconf 88' lang='lat' dir='ltr'><strong>tot</strong></span> <span class='ocrx_word' id='word_1_309' title='bbox 1901 2675 2009 2732; x_wconf 91' lang='lat' dir='ltr'><strong>sibi</strong></span> <span class='ocrx_word' id='word_1_310' title='bbox 2039 2690 2159 2732; x_wconf 88' lang='lat' dir='ltr'><strong>suc-</strong></span> 
     </span>
    </p>
   </div>
   <div class='ocr_carea' id='block_1_43' title="bbox 559 2770 2162 2848">
    <p class='ocr_par' dir='ltr' id='par_1_43' title="bbox 559 2770 2162 2848">
     <span class='ocr_line' id='line_1_43' title="bbox 559 2770 2162 2848; baseline -0.007 -11"><span class='ocrx_word' id='word_1_311' title='bbox 559 2777 880 2838; x_wconf 87' lang='lat' dir='ltr'><strong>cedentibus</strong></span> <span class='ocrx_word' id='word_1_312' title='bbox 907 2775 1171 2832; x_wconf 88' lang='lat' dir='ltr'><strong>vitiorum</strong></span> <span class='ocrx_word' id='word_1_313' title='bbox 1201 2773 1468 2848; x_wconf 90' lang='lat' dir='ltr'><strong>pestibus,</strong></span> <span class='ocrx_word' id='word_1_314' title='bbox 1498 2771 1856 2845; x_wconf 88' lang='lat' dir='ltr'><strong>vigilantibus</strong></span> <span class='ocrx_word' id='word_1_315' title='bbox 1904 2770 2162 2826; x_wconf 89' lang='lat' dir='ltr'><strong>lamentis</strong></span> 
     </span>
    </p>
   </div>
   <div class='ocr_carea' id='block_1_44' title="bbox 561 2858 2162 2937">
    <p class='ocr_par' dir='ltr' id='par_1_44' title="bbox 561 2858 2162 2937">
     <span class='ocr_line' id='line_1_44' title="bbox 561 2858 2162 2937; baseline -0.006 -13"><span class='ocrx_word' id='word_1_316' title='bbox 561 2865 822 2924; x_wconf 81' lang='lat' dir='ltr'><strong>obviate?</strong></span> <span class='ocrx_word' id='word_1_317' title='bbox 848 2865 952 2923; x_wconf 92' lang='lat' dir='ltr'><strong>Per</strong></span> <span class='ocrx_word' id='word_1_318' title='bbox 979 2871 1061 2922; x_wconf 92' lang='lat' dir='ltr'><strong>tot</strong></span> <span class='ocrx_word' id='word_1_319' title='bbox 1090 2863 1259 2937; x_wconf 88' lang='lat' dir='ltr'><strong>igitur</strong></span> <span class='ocrx_word' id='word_1_320' title='bbox 1287 2862 1476 2935; x_wconf 83' lang='lat' dir='ltr'><strong>globos</strong></span> <span class='ocrx_word' id='word_1_321' title='bbox 1503 2861 1570 2917; x_wconf 91' lang='lat' dir='ltr'><strong>de</strong></span> <span class='ocrx_word' id='word_1_322' title='bbox 1601 2859 1904 2917; x_wconf 88' lang='lat' dir='ltr'><strong>Leviathan</strong></span> <span class='ocrx_word' id='word_1_323' title='bbox 1936 2858 2162 2915; x_wconf 87' lang='lat' dir='ltr'><strong>naribus</strong></span> 
     </span>
    </p>
   </div>
   <div class='ocr_carea' id='block_1_45' title="bbox 561 2948 2162 3031">
    <p class='ocr_par' dir='ltr' id='par_1_45' title="bbox 561 2948 2162 3031">
     <span class='ocr_line' id='line_1_45' title="bbox 561 2948 2162 3031; baseline -0.006 -15"><span class='ocrx_word' id='word_1_324' title='bbox 561 2959 750 3016; x_wconf 83' lang='lat' dir='ltr'><strong>fumus</strong></span> <span class='ocrx_word' id='word_1_325' title='bbox 777 2957 972 3031; x_wconf 86' lang='lat' dir='ltr'><strong>surgit,</strong></span> <span class='ocrx_word' id='word_1_326' title='bbox 992 2974 1087 3030; x_wconf 88' lang='lat' dir='ltr'><strong>per</strong></span> <span class='ocrx_word' id='word_1_327' title='bbox 1114 2962 1250 3030; x_wconf 91' lang='lat' dir='ltr'><strong>quot</strong></span> <span class='ocrx_word' id='word_1_328' title='bbox 1268 2955 1534 3011; x_wconf 90' lang='lat' dir='ltr'><strong>nimirum</strong></span> <span class='ocrx_word' id='word_1_329' title='bbox 1554 2960 1730 3027; x_wconf 90' lang='lat' dir='ltr'><strong>pestes</strong></span> <span class='ocrx_word' id='word_1_330' title='bbox 1749 2953 1963 3025; x_wconf 84' lang='lat' dir='ltr'><strong>frugem</strong></span> <span class='ocrx_word' id='word_1_331' title='bbox 1981 2948 2162 3008; x_wconf 88' lang='lat' dir='ltr'><strong>cordis</strong></span> 
     </span>
    </p>
   </div>
   <div class='ocr_carea' id='block_1_46' title="bbox 563 3039 2166 3124">
    <p class='ocr_par' dir='ltr' id='par_1_46' title="bbox 563 3039 2166 3124">
     <span class='ocr_line' id='line_1_46' title="bbox 563 3039 2166 3124; baseline -0.007 -17"><span class='ocrx_word' id='word_1_332' title='bbox 563 3048 782 3124; x_wconf 88' lang='lat' dir='ltr'><strong>reprobi</strong></span> <span class='ocrx_word' id='word_1_333' title='bbox 811 3047 1026 3105; x_wconf 85' lang='lat' dir='ltr'><strong>occulta</strong></span> <span class='ocrx_word' id='word_1_334' title='bbox 1072 3045 1402 3118; x_wconf 86' lang='lat' dir='ltr'><strong>aspiratione</strong></span> <span class='ocrx_word' id='word_1_335' title='bbox 1450 3043 1747 3102; x_wconf 89' lang='lat' dir='ltr'><strong>consumit.</strong></span> <span class='ocrx_word' id='word_1_336' title='bbox 1781 3040 1952 3115; x_wconf 88' lang='lat' dir='ltr'><strong>Cujus</strong></span> <span class='ocrx_word' id='word_1_337' title='bbox 1983 3039 2166 3097; x_wconf 89' lang='lat' dir='ltr'><strong>adhuc</strong></span> 
     </span>
    </p>
   </div>
   <div class='ocr_carea' id='block_1_47' title="bbox 565 3129 2164 3221">
    <p class='ocr_par' dir='ltr' id='par_1_47' title="bbox 565 3129 2164 3221">
     <span class='ocr_line' id='line_1_47' title="bbox 565 3129 2164 3221; baseline -0.008 -24"><span class='ocrx_word' id='word_1_338' title='bbox 565 3140 708 3221; x_wconf 86' lang='lat' dir='ltr'><strong>fumi</strong></span> <span class='ocrx_word' id='word_1_339' title='bbox 736 3139 851 3194; x_wconf 88' lang='lat' dir='ltr'><strong>vim</strong></span> <span class='ocrx_word' id='word_1_340' title='bbox 877 3137 1112 3194; x_wconf 80' lang='lat' dir='ltr'><strong>sollicite</strong></span> <span class='ocrx_word' id='word_1_341' title='bbox 1131 3135 1402 3195; x_wconf 90' lang='lat' dir='ltr'><strong>Dominus</strong></span> <span class='ocrx_word' id='word_1_342' title='bbox 1415 3134 1700 3208; x_wconf 86' lang='lat' dir='ltr'><strong>exprimit,</strong></span> <span class='ocrx_word' id='word_1_343' title='bbox 1721 3149 1849 3190; x_wconf 90' lang='lat' dir='ltr'><strong>cum</strong></span> <span class='ocrx_word' id='word_1_344' title='bbox 1871 3131 2024 3189; x_wconf 90' lang='lat' dir='ltr'><strong>illico</strong></span> <span class='ocrx_word' id='word_1_345' title='bbox 2039 3129 2164 3186; x_wconf 83' lang='lat' dir='ltr'><strong>sub-</strong></span> 
     </span>
    </p>
   </div>
   <div class='ocr_carea' id='block_1_48' title="bbox 561 3220 2242 3302">
    <p class='ocr_par' dir='ltr' id='par_1_48' title="bbox 561 3220 2242 3302">
     <span class='ocr_line' id='line_1_48' title="bbox 561 3220 2242 3302; baseline -0.007 -17"><span class='ocrx_word' id='word_1_346' title='bbox 561 3220 778 3302; x_wconf 86' lang='lat' dir='ltr'><strong>jungit:</strong></span> <span class='ocrx_word' id='word_1_347' title='bbox 802 3227 948 3285; x_wconf 88' lang='lat' dir='ltr'><strong>Sicut</strong></span> <span class='ocrx_word' id='word_1_348' title='bbox 975 3227 1094 3282; x_wconf 74' lang='grc' dir='ltr'><strong>οιιω</strong></span> <span class='ocrx_word' id='word_1_349' title='bbox 1116 3243 1372 3282; x_wconf 68' lang='lat' dir='ltr'><strong>succensa:</strong></span> <span class='ocrx_word' id='word_1_350' title='bbox 1397 3231 1554 3296; x_wconf 87' lang='lat' dir='ltr'><strong>atque</strong></span> <span class='ocrx_word' id='word_1_351' title='bbox 1580 3223 1852 3294; x_wconf 80' lang='lat' dir='ltr'><strong>ferventis.</strong></span> <span class='ocrx_word' id='word_1_352' title='bbox 1871 3221 1994 3278; x_wconf 90' lang='lat' dir='ltr'><strong>011a</strong></span> <span class='ocrx_word' id='word_1_353' title='bbox 2017 3220 2167 3276; x_wconf 89' lang='lat' dir='ltr'><strong>enim</strong></span> <span class='ocrx_word' id='word_1_354' title='bbox 2199 3227 2242 3289; x_wconf 76' lang='grc' dir='ltr'>ο</span> 
     </span>
    </p>
   </div>
   <div class='ocr_carea' id='block_1_49' title="bbox 570 3309 2164 3384">
    <p class='ocr_par' dir='ltr' id='par_1_49' title="bbox 570 3309 2164 3384">
     <span class='ocr_line' id='line_1_49' title="bbox 570 3309 2164 3384; baseline -0.008 -9"><span class='ocrx_word' id='word_1_355' title='bbox 570 3315 922 3376; x_wconf 89' lang='lat' dir='ltr'><strong>succenditur</strong></span> <span class='ocrx_word' id='word_1_356' title='bbox 949 3331 1076 3373; x_wconf 91' lang='lat' dir='ltr'><strong>cum</strong></span> <span class='ocrx_word' id='word_1_357' title='bbox 1105 3330 1260 3371; x_wconf 91' lang='lat' dir='ltr'><strong>mens</strong></span> <span class='ocrx_word' id='word_1_358' title='bbox 1289 3313 1532 3369; x_wconf 91' lang='lat' dir='ltr'><strong>humana</strong></span> <span class='ocrx_word' id='word_1_359' title='bbox 1561 3310 1787 3384; x_wconf 88' lang='lat' dir='ltr'><strong>maligni</strong></span> <span class='ocrx_word' id='word_1_360' title='bbox 1823 3309 1999 3366; x_wconf 89' lang='lat' dir='ltr'><strong>hostis</strong></span> <span class='ocrx_word' id='word_1_361' title='bbox 2026 3323 2164 3364; x_wconf 90' lang='lat' dir='ltr'><strong>sua-</strong></span> 
     </span>
    </p>
   </div>
   <div class='ocr_carea' id='block_1_50' title="bbox 573 3396 2168 3476">
    <p class='ocr_par' dir='ltr' id='par_1_50' title="bbox 573 3396 2168 3476">
     <span class='ocr_line' id='line_1_50' title="bbox 573 3396 2168 3476; baseline -0.009 -10"><span class='ocrx_word' id='word_1_362' title='bbox 573 3406 820 3466; x_wconf 91' lang='lat' dir='ltr'><strong>sionibus</strong></span> <span class='ocrx_word' id='word_1_363' title='bbox 851 3404 1166 3476; x_wconf 87' lang='lat' dir='ltr'><strong>instigatur.</strong></span> <span class='ocrx_word' id='word_1_364' title='bbox 1189 3403 1312 3458; x_wconf 88' lang='lat' dir='ltr'><strong>Olla</strong></span> <span class='ocrx_word' id='word_1_365' title='bbox 1326 3409 1510 3457; x_wconf 89' lang='lat' dir='ltr'><strong>autem</strong></span> <span class='ocrx_word' id='word_1_366' title='bbox 1529 3401 1706 3456; x_wconf 87' lang='lat' dir='ltr'><strong>fervet</strong></span> <span class='ocrx_word' id='word_1_367' title='bbox 1725 3416 1848 3455; x_wconf 89' lang='lat' dir='ltr'><strong>cum</strong></span> <span class='ocrx_word' id='word_1_368' title='bbox 1868 3397 1983 3471; x_wconf 90' lang='lat' dir='ltr'><strong>jam</strong></span> <span class='ocrx_word' id='word_1_369' title='bbox 2001 3396 2168 3453; x_wconf 89' lang='lat' dir='ltr'><strong>etiam</strong></span> 
     </span>
    </p>
   </div>
   <div class='ocr_carea' id='block_1_51' title="bbox 573 3488 2172 3572">
    <p class='ocr_par' dir='ltr' id='par_1_51' title="bbox 573 3488 2172 3572">
     <span class='ocr_line' id='line_1_51' title="bbox 573 3488 2172 3572; baseline -0.008 -17"><span class='ocrx_word' id='word_1_370' title='bbox 573 3515 670 3572; x_wconf 89' lang='lat' dir='ltr'><strong>per</strong></span> <span class='ocrx_word' id='word_1_371' title='bbox 696 3511 1029 3554; x_wconf 90' lang='lat' dir='ltr'><strong>consensum</strong></span> <span class='ocrx_word' id='word_1_372' title='bbox 1060 3495 1120 3550; x_wconf 90' lang='lat' dir='ltr'><strong>in</strong></span> <span class='ocrx_word' id='word_1_373' title='bbox 1147 3491 1436 3548; x_wconf 87' lang='lat' dir='ltr'><strong>desideriis</strong></span> <span class='ocrx_word' id='word_1_374' title='bbox 1462 3507 1643 3564; x_wconf 86' lang='lat' dir='ltr'><strong>prava</strong></span> <span class='ocrx_word' id='word_1_375' title='bbox 1672 3488 2045 3564; x_wconf 88' lang='lat' dir='ltr'><strong>persuasionis</strong></span> <span class='ocrx_word' id='word_1_376' title='bbox 2069 3503 2172 3544; x_wconf 84' lang='lat' dir='ltr'><strong>ac—</strong></span> 
     </span>
    </p>
   </div>
   <div class='ocr_carea' id='block_1_52' title="bbox 577 3575 2174 3656">
    <p class='ocr_par' dir='ltr' id='par_1_52' title="bbox 577 3575 2174 3656">
     <span class='ocr_line' id='line_1_52' title="bbox 577 3575 2174 3656; baseline -0.008 -12"><span class='ocrx_word' id='word_1_377' title='bbox 577 3587 854 3644; x_wconf 90' lang='lat' dir='ltr'><strong>cenditur.</strong></span> <span class='ocrx_word' id='word_1_378' title='bbox 883 3587 956 3641; x_wconf 89' lang='lat' dir='ltr'><strong>Et</strong></span> <span class='ocrx_word' id='word_1_379' title='bbox 983 3591 1066 3641; x_wconf 92' lang='lat' dir='ltr'><strong>tot</strong></span> <span class='ocrx_word' id='word_1_380' title='bbox 1095 3582 1270 3640; x_wconf 89' lang='lat' dir='ltr'><strong>undas</strong></span> <span class='ocrx_word' id='word_1_381' title='bbox 1297 3581 1452 3656; x_wconf 89' lang='lat' dir='ltr'><strong>quasi</strong></span> <span class='ocrx_word' id='word_1_382' title='bbox 1491 3579 1756 3636; x_wconf 86' lang='lat' dir='ltr'><strong>fervendo</strong></span> <span class='ocrx_word' id='word_1_383' title='bbox 1802 3575 2047 3652; x_wconf 88' lang='lat' dir='ltr'><strong>projicit,</strong></span> <span class='ocrx_word' id='word_1_384' title='bbox 2077 3591 2174 3650; x_wconf 89' lang='lat' dir='ltr'><strong>per</strong></span> 
     </span>
    </p>
   </div>
   <div class='ocr_carea' id='block_1_53' title="bbox 577 3663 2169 3750">
    <p class='ocr_par' dir='ltr' id='par_1_53' title="bbox 577 3663 2169 3750">
     <span class='ocr_line' id='line_1_53' title="bbox 577 3663 2169 3750; baseline -0.008 -17"><span class='ocrx_word' id='word_1_385' title='bbox 577 3685 710 3750; x_wconf 89' lang='lat' dir='ltr'><strong>quot</strong></span> <span class='ocrx_word' id='word_1_386' title='bbox 737 3692 794 3733; x_wconf 92' lang='lat' dir='ltr'><strong>se</strong></span> <span class='ocrx_word' id='word_1_387' title='bbox 821 3673 1096 3749; x_wconf 86' lang='lat' dir='ltr'><strong>nequitias</strong></span> <span class='ocrx_word' id='word_1_388' title='bbox 1124 3688 1298 3746; x_wconf 89' lang='lat' dir='ltr'><strong>usque</strong></span> <span class='ocrx_word' id='word_1_389' title='bbox 1325 3671 1395 3728; x_wconf 91' lang='lat' dir='ltr'><strong>ad</strong></span> <span class='ocrx_word' id='word_1_390' title='bbox 1422 3669 1696 3727; x_wconf 86' lang='lat' dir='ltr'><strong>exteriora</strong></span> <span class='ocrx_word' id='word_1_391' title='bbox 1715 3683 1882 3742; x_wconf 89' lang='lat' dir='ltr'><strong>opera</strong></span> <span class='ocrx_word' id='word_1_392' title='bbox 1899 3663 2169 3724; x_wconf 85' lang='lat' dir='ltr'><strong>extendit.</strong></span> 
     </span>
    </p>
   </div>
   <div class='ocr_carea' id='block_1_54' title="bbox 578 3755 2176 3838">
    <p class='ocr_par' dir='ltr' id='par_1_54' title="bbox 578 3755 2176 3838">
     <span class='ocr_line' id='line_1_54' title="bbox 578 3755 2176 3838; baseline -0.007 -16"><span class='ocrx_word' id='word_1_393' title='bbox 578 3767 738 3824; x_wconf 85' lang='lat' dir='ltr'><strong>Hunc</strong></span> <span class='ocrx_word' id='word_1_394' title='bbox 765 3779 1002 3838; x_wconf 88' lang='lat' dir='ltr'><strong>namque</strong></span> <span class='ocrx_word' id='word_1_395' title='bbox 1031 3763 1269 3821; x_wconf 88' lang='lat' dir='ltr'><strong>carnalis</strong></span> <span class='ocrx_word' id='word_1_396' title='bbox 1287 3759 1656 3828; x_wconf 86' lang='lat' dir='ltr'><strong>conscientia,</strong></span> <span class='ocrx_word' id='word_1_397' title='bbox 1689 3758 1742 3816; x_wconf 91' lang='lat' dir='ltr'><strong>id</strong></span> <span class='ocrx_word' id='word_1_398' title='bbox 1773 3766 1857 3816; x_wconf 91' lang='lat' dir='ltr'><strong>est</strong></span> <span class='ocrx_word' id='word_1_399' title='bbox 1885 3757 2009 3814; x_wconf 88' lang='lat' dir='ltr'><strong>olla</strong></span> <span class='ocrx_word' id='word_1_400' title='bbox 2056 3755 2176 3812; x_wconf 90' lang='lat' dir='ltr'><strong>fer—</strong></span> 
     </span>
    </p>
   </div>
   <div class='ocr_carea' id='block_1_55' title="bbox 579 3847 2178 3936">
    <p class='ocr_par' dir='ltr' id='par_1_55' title="bbox 579 3847 2178 3936">
     <span class='ocr_line' id='line_1_55' title="bbox 579 3847 2178 3936; baseline -0.006 -24"><span class='ocrx_word' id='word_1_401' title='bbox 579 3873 790 3927; x_wconf 89' lang='lat' dir='ltr'><strong>vorem,</strong></span> <span class='ocrx_word' id='word_1_402' title='bbox 820 3873 890 3914; x_wconf 89' lang='lat' dir='ltr'>eX</span> <span class='ocrx_word' id='word_1_403' title='bbox 920 3853 1226 3936; x_wconf 76' lang='lat' dir='ltr'><strong>Leviathan</strong></span> <span class='ocrx_word' id='word_1_404' title='bbox 1250 3853 1405 3909; x_wconf 83' lang='lat' dir='ltr'><strong>fumo</strong></span> <span class='ocrx_word' id='word_1_405' title='bbox 1434 3850 1744 3908; x_wconf 91' lang='lat' dir='ltr'><strong>venientem</strong></span> <span class='ocrx_word' id='word_1_406' title='bbox 1767 3847 2032 3923; x_wconf 86' lang='lat' dir='ltr'><strong>propheta</strong></span> <span class='ocrx_word' id='word_1_407' title='bbox 2051 3862 2178 3903; x_wconf 85' lang='lat' dir='ltr'><strong>con-</strong></span> 
     </span>
    </p>
   </div>
   <div class='ocr_carea' id='block_1_56' title="bbox 577 3936 2180 4020">
    <p class='ocr_par' dir='ltr' id='par_1_56' title="bbox 577 3936 2180 4020">
     <span class='ocr_line' id='line_1_56' title="bbox 577 3936 2180 4020; baseline -0.009 -15"><span class='ocrx_word' id='word_1_408' title='bbox 577 3940 849 4020; x_wconf 80' lang='lat' dir='ltr'><strong>spexerat,</strong></span> <span class='ocrx_word' id='word_1_409' title='bbox 880 3960 1006 4001; x_wconf 90' lang='lat' dir='ltr'><strong>cum</strong></span> <span class='ocrx_word' id='word_1_410' title='bbox 1035 3943 1254 4000; x_wconf 89' lang='lat' dir='ltr'><strong>dicebat</strong></span> <span class='ocrx_word' id='word_1_411' title='bbox 1289 3961 1300 3998; x_wconf 90' lang='lat'><strong>:</strong></span> <span class='ocrx_word' id='word_1_412' title='bbox 1337 3943 1512 4000; x_wconf 89' lang='lat' dir='ltr'><strong>Ollam</strong></span> <span class='ocrx_word' id='word_1_413' title='bbox 1541 3957 1838 3996; x_wconf 82' lang='lat' dir='ltr'><strong>succensum</strong></span> <span class='ocrx_word' id='word_1_414' title='bbox 1877 3955 1965 4010; x_wconf 90' lang='lat' dir='ltr'><strong>ego</strong></span> <span class='ocrx_word' id='word_1_415' title='bbox 2007 3936 2180 4003; x_wconf 76' lang='lat' dir='ltr'><strong>video,</strong></span> 
     </span>
    </p>
   </div>
   <div class='ocr_carea' id='block_1_57' title="bbox 581 4023 2180 4106">
    <p class='ocr_par' dir='ltr' id='par_1_57' title="bbox 581 4023 2180 4106">
     <span class='ocr_line' id='line_1_57' title="bbox 581 4023 2180 4106; baseline -0.008 -16"><span class='ocrx_word' id='word_1_416' title='bbox 581 4043 628 4090; x_wconf 90' lang='lat' dir='ltr'><strong>et</strong></span> <span class='ocrx_word' id='word_1_417' title='bbox 654 4036 845 4106; x_wconf 84' lang='lat' dir='ltr'><strong>faciem</strong></span> <span class='ocrx_word' id='word_1_418' title='bbox 891 4031 1006 4101; x_wconf 84' lang='lat' dir='ltr'><strong>ejus</strong></span> <span class='ocrx_word' id='word_1_419' title='bbox 1041 4049 1076 4087; x_wconf 89' lang='lat' dir='ltr'><strong>a</strong></span> <span class='ocrx_word' id='word_1_420' title='bbox 1113 4031 1250 4102; x_wconf 85' lang='lat' dir='ltr'><strong>fac-ie</strong></span> <span class='ocrx_word' id='word_1_421' title='bbox 1295 4029 1581 4101; x_wconf 82' lang='lat' dir='ltr'><strong>Aquilonis</strong></span> <span class='ocrx_word' id='word_1_422' title='bbox 1625 4029 1840 4099; x_wconf 84' lang='lat' dir='ltr'><strong>(Jerem.</strong></span> <span class='ocrx_word' id='word_1_423' title='bbox 1871 4044 1913 4094; x_wconf 85' lang='grc' dir='ltr'><strong>ι,</strong></span> <span class='ocrx_word' id='word_1_424' title='bbox 1947 4024 2061 4098; x_wconf 83' lang='grc'><strong>13).</strong></span> <span class='ocrx_word' id='word_1_425' title='bbox 2095 4023 2180 4079; x_wconf 84' lang='lat' dir='ltr'><strong>Ab</strong></span> 
     </span>
    </p>
   </div>
   <div class='ocr_carea' id='block_1_58' title="bbox 585 4112 2182 4198">
    <p class='ocr_par' dir='ltr' id='par_1_58' title="bbox 585 4112 2182 4198">
     <span class='ocr_line' id='line_1_58' title="bbox 585 4112 2182 4198; baseline -0.008 -16"><span class='ocrx_word' id='word_1_426' title='bbox 585 4123 880 4198; x_wconf 80' lang='lat' dir='ltr'><strong>Aquilonis</strong></span> <span class='ocrx_word' id='word_1_427' title='bbox 897 4137 1133 4193; x_wconf 87' lang='lat' dir='ltr'><strong>namque</strong></span> <span class='ocrx_word' id='word_1_428' title='bbox 1161 4119 1297 4176; x_wconf 90' lang='lat' dir='ltr'><strong>facie</strong></span> <span class='ocrx_word' id='word_1_429' title='bbox 1318 4118 1550 4174; x_wconf 87' lang='lat' dir='ltr'><strong>humani</strong></span> <span class='ocrx_word' id='word_1_430' title='bbox 1572 4115 1754 4173; x_wconf 85' lang='lat' dir='ltr'><strong>cordis</strong></span> <span class='ocrx_word' id='word_1_431' title='bbox 1773 4117 1884 4171; x_wconf 92' lang='lat' dir='ltr'><strong>olla</strong></span> <span class='ocrx_word' id='word_1_432' title='bbox 1899 4112 2182 4172; x_wconf 89' lang='lat' dir='ltr'><strong>succendi-</strong></span> 
     </span>
    </p>
   </div>
   <div class='ocr_carea' id='block_1_59' title="bbox 585 4200 2183 4282">
    <p class='ocr_par' dir='ltr' id='par_1_59' title="bbox 585 4200 2183 4282">
     <span class='ocr_line' id='line_1_59' title="bbox 585 4200 2183 4282; baseline -0.008 -14"><span class='ocrx_word' id='word_1_433' title='bbox 585 4221 698 4282; x_wconf 88' lang='lat' dir='ltr'><strong>tur,</strong></span> <span class='ocrx_word' id='word_1_434' title='bbox 725 4212 858 4268; x_wconf 92' lang='lat' dir='ltr'><strong>dum</strong></span> <span class='ocrx_word' id='word_1_435' title='bbox 889 4207 1242 4278; x_wconf 88' lang='lat' dir='ltr'><strong>instigatione</strong></span> <span class='ocrx_word' id='word_1_436' title='bbox 1271 4204 1569 4260; x_wconf 88' lang='lat' dir='ltr'><strong>adversarii</strong></span> <span class='ocrx_word' id='word_1_437' title='bbox 1597 4202 1825 4276; x_wconf 88' lang='lat' dir='ltr'><strong>spiritus</strong></span> <span class='ocrx_word' id='word_1_438' title='bbox 1854 4201 2068 4259; x_wconf 88' lang='lat' dir='ltr'><strong>illicitis</strong></span> <span class='ocrx_word' id='word_1_439' title='bbox 2093 4200 2183 4257; x_wconf 83' lang='lat' dir='ltr'><strong>de-</strong></span> 
     </span>
    </p>
   </div>
   <div class='ocr_carea' id='block_1_60' title="bbox 588 4290 2186 4366">
    <p class='ocr_par' dir='ltr' id='par_1_60' title="bbox 588 4290 2186 4366">
     <span class='ocr_line' id='line_1_60' title="bbox 588 4290 2186 4366; baseline -0.009 -8"><span class='ocrx_word' id='word_1_440' title='bbox 588 4299 806 4358; x_wconf 87' lang='lat' dir='ltr'><strong>sideriis</strong></span> <span class='ocrx_word' id='word_1_441' title='bbox 834 4295 1225 4354; x_wconf 89' lang='lat' dir='ltr'><strong>inﬂammatur.</strong></span> <span class='ocrx_word' id='word_1_442' title='bbox 1249 4293 1347 4350; x_wconf 92' lang='lat' dir='ltr'><strong>Ille</strong></span> <span class='ocrx_word' id='word_1_443' title='bbox 1372 4307 1608 4366; x_wconf 89' lang='lat' dir='ltr'><strong>namque</strong></span> <span class='ocrx_word' id='word_1_444' title='bbox 1624 4291 1717 4365; x_wconf 91' lang='lat' dir='ltr'><strong>qui</strong></span> <span class='ocrx_word' id='word_1_445' title='bbox 1734 4291 1810 4348; x_wconf 89' lang='lat' dir='ltr'><strong>ait</strong></span> <span class='ocrx_word' id='word_1_446' title='bbox 1835 4310 1846 4348; x_wconf 90' lang='lat'>:</span> <span class='ocrx_word' id='word_1_447' title='bbox 1874 4293 1894 4328; x_wconf 75' lang='grc'><strong>³</strong></span> <span class='ocrx_word' id='word_1_448' title='bbox 1920 4291 2108 4348; x_wconf 84' lang='lat' dir='ltr'><strong>Sedebo</strong></span> <span class='ocrx_word' id='word_1_449' title='bbox 2130 4290 2186 4344; x_wconf 85' lang='lat' dir='ltr'><strong>in</strong></span> 
     </span>
    </p>
   </div>
   <div class='ocr_carea' id='block_1_61' title="bbox 587 4368 2185 4458">
    <p class='ocr_par' dir='ltr' id='par_1_61' title="bbox 587 4368 2185 4458">
     <span class='ocr_line' id='line_1_61' title="bbox 587 4368 2185 4458; baseline -0.011 -8"><span class='ocrx_word' id='word_1_450' title='bbox 587 4399 760 4449; x_wconf 85' lang='lat' dir='ltr'><strong>monte</strong></span> <span class='ocrx_word' id='word_1_451' title='bbox 797 4387 1108 4458; x_wconf 83' lang='lat' dir='ltr'><strong>testamenti,</strong></span> <span class='ocrx_word' id='word_1_452' title='bbox 1137 4387 1196 4442; x_wconf 86' lang='lat' dir='ltr'><strong>in</strong></span> <span class='ocrx_word' id='word_1_453' title='bbox 1245 4382 1495 4442; x_wconf 85' lang='lat' dir='ltr'><strong>lateribus</strong></span> <span class='ocrx_word' id='word_1_454' title='bbox 1546 4380 1828 4454; x_wconf 82' lang='lat' dir='ltr'><strong>Aquilonis</strong></span> <span class='ocrx_word' id='word_1_455' title='bbox 1867 4379 2032 4456; x_wconf 89' lang='lat' dir='ltr'><strong>(Isai.</strong></span> <span class='ocrx_word' id='word_1_456' title='bbox 2065 4368 2185 4446; x_wconf 82' lang='lat' dir='ltr'>XIv,</span> 
     </span>
    </p>
   </div>
   <div class='ocr_carea' id='block_1_62' title="bbox 593 4470 2190 4558">
    <p class='ocr_par' dir='ltr' id='par_1_62' title="bbox 593 4470 2190 4558">
     <span class='ocr_line' id='line_1_62' title="bbox 593 4470 2190 4558; baseline -0.013 -15"><span class='ocrx_word' id='word_1_457' title='bbox 593 4484 708 4558; x_wconf 81' lang='lat' dir='ltr'><strong>l3),</strong></span> <span class='ocrx_word' id='word_1_458' title='bbox 740 4487 980 4540; x_wconf 90' lang='lat' dir='ltr'><strong>mentem</strong></span> <span class='ocrx_word' id='word_1_459' title='bbox 1010 4493 1172 4552; x_wconf 90' lang='lat' dir='ltr'><strong>quam</strong></span> <span class='ocrx_word' id='word_1_460' title='bbox 1213 4472 1379 4532; x_wconf 88' lang='lat' dir='ltr'><strong>semel</strong></span> <span class='ocrx_word' id='word_1_461' title='bbox 1427 4471 1632 4546; x_wconf 90' lang='lat' dir='ltr'><strong>ceperit</strong></span> <span class='ocrx_word' id='word_1_462' title='bbox 1671 4470 1928 4543; x_wconf 89' lang='lat' dir='ltr'><strong>malignis</strong></span> <span class='ocrx_word' id='word_1_463' title='bbox 1957 4484 2190 4542; x_wconf 86' lang='lat' dir='ltr'><strong>persua-</strong></span> 
     </span>
    </p>
   </div>
   <div class='ocr_carea' id='block_1_63' title="bbox 592 4557 2188 4638">
    <p class='ocr_par' dir='ltr' id='par_1_63' title="bbox 592 4557 2188 4638">
     <span class='ocr_line' id='line_1_63' title="bbox 592 4557 2188 4638; baseline -0.013 -7"><span class='ocrx_word' id='word_1_464' title='bbox 592 4557 765 4632; x_wconf 85' lang='lat' dir='ltr'><strong>sionis</strong></span> <span class='ocrx_word' id='word_1_465' title='bbox 793 4587 905 4628; x_wconf 90' lang='lat' dir='ltr'><strong>sua</strong></span> <span class='ocrx_word' id='word_1_466' title='bbox 923 4571 942 4604; x_wconf 73' lang='grc'><strong>⁴</strong></span> <span class='ocrx_word' id='word_1_467' title='bbox 962 4565 1202 4635; x_wconf 88' lang='lat' dir='ltr'><strong>ﬂatibus,</strong></span> <span class='ocrx_word' id='word_1_468' title='bbox 1220 4562 1376 4638; x_wconf 89' lang='lat' dir='ltr'><strong>quasi</strong></span> <span class='ocrx_word' id='word_1_469' title='bbox 1393 4560 1690 4634; x_wconf 89' lang='lat' dir='ltr'><strong>suppositis</strong></span> <span class='ocrx_word' id='word_1_470' title='bbox 1719 4557 1960 4632; x_wconf 90' lang='lat' dir='ltr'><strong>ignibus,</strong></span> <span class='ocrx_word' id='word_1_471' title='bbox 1983 4573 2188 4615; x_wconf 83' lang='lat' dir='ltr'><strong>accen-</strong></span> 
     </span>
    </p>
   </div>
   <div class='ocr_carea' id='block_1_64' title="bbox 2255 1924 3864 2007">
    <p class='ocr_par' dir='ltr' id='par_1_64' title="bbox 2255 1924 3864 2007">
     <span class='ocr_line' id='line_1_64' title="bbox 2255 1924 3864 2007; baseline -0.006 -17"><span class='ocrx_word' id='word_1_472' title='bbox 2255 1932 2426 2007; x_wconf 91' lang='lat' dir='ltr'><strong>igitur</strong></span> <span class='ocrx_word' id='word_1_473' title='bbox 2453 1930 2758 1990; x_wconf 84' lang='lat' dir='ltr'><strong>Leviathan</strong></span> <span class='ocrx_word' id='word_1_474' title='bbox 2787 1933 2808 1968; x_wconf 87' lang='grc'>⁷</span> <span class='ocrx_word' id='word_1_475' title='bbox 2837 1929 3046 1988; x_wconf 85' lang='lat' dir='ltr'><strong>halitus</strong></span> <span class='ocrx_word' id='word_1_476' title='bbox 3074 1945 3278 2002; x_wconf 87' lang='lat' dir='ltr'><strong>prunas</strong></span> <span class='ocrx_word' id='word_1_477' title='bbox 3333 1925 3606 1997; x_wconf 89' lang='lat' dir='ltr'><strong>accendit,</strong></span> <span class='ocrx_word' id='word_1_478' title='bbox 3641 1924 3864 2000; x_wconf 88' lang='lat' dir='ltr'><strong>quoties</strong></span> 
     </span>
    </p>
   </div>
   <div class='ocr_carea' id='block_1_65' title="bbox 2255 2013 3868 2096">
    <p class='ocr_par' dir='ltr' id='par_1_65' title="bbox 2255 2013 3868 2096">
     <span class='ocr_line' id='line_1_65' title="bbox 2255 2013 3868 2096; baseline -0.004 -18"><span class='ocrx_word' id='word_1_479' title='bbox 2255 2023 2372 2096; x_wconf 90' lang='lat' dir='ltr'><strong>ejus</strong></span> <span class='ocrx_word' id='word_1_480' title='bbox 2395 2023 2613 2080; x_wconf 90' lang='lat' dir='ltr'><strong>occulta</strong></span> <span class='ocrx_word' id='word_1_481' title='bbox 2639 2020 2914 2094; x_wconf 89' lang='lat' dir='ltr'><strong>suggestio</strong></span> <span class='ocrx_word' id='word_1_482' title='bbox 2956 2019 3230 2076; x_wconf 89' lang='lat' dir='ltr'><strong>humanas</strong></span> <span class='ocrx_word' id='word_1_483' title='bbox 3271 2023 3483 2073; x_wconf 89' lang='lat' dir='ltr'><strong>mentes</strong></span> <span class='ocrx_word' id='word_1_484' title='bbox 3509 2015 3580 2072; x_wconf 91' lang='lat' dir='ltr'><strong>ad</strong></span> <span class='ocrx_word' id='word_1_485' title='bbox 3609 2013 3868 2072; x_wconf 83' lang='lat' dir='ltr'><strong>delecta-</strong></span> 
     </span>
    </p>
   </div>
   <div class='ocr_carea' id='block_1_66' title="bbox 2254 2101 3875 2182">
    <p class='ocr_par' dir='ltr' id='par_1_66' title="bbox 2254 2101 3875 2182">
     <span class='ocr_line' id='line_1_66' title="bbox 2254 2101 3875 2182; baseline -0.006 -14"><span class='ocrx_word' id='word_1_486' title='bbox 2254 2111 2434 2170; x_wconf 90' lang='lat' dir='ltr'><strong>tiones</strong></span> <span class='ocrx_word' id='word_1_487' title='bbox 2463 2109 2686 2168; x_wconf 88' lang='lat' dir='ltr'><strong>illicitas</strong></span> <span class='ocrx_word' id='word_1_488' title='bbox 2725 2107 3014 2182; x_wconf 89' lang='lat' dir='ltr'><strong>pertrahit.</strong></span> <span class='ocrx_word' id='word_1_489' title='bbox 3063 2107 3216 2164; x_wconf 81' lang='lat' dir='ltr'><strong>Alias</strong></span> <span class='ocrx_word' id='word_1_490' title='bbox 3264 2121 3502 2180; x_wconf 89' lang='lat' dir='ltr'><strong>namque</strong></span> <span class='ocrx_word' id='word_1_491' title='bbox 3561 2101 3875 2176; x_wconf 79' lang='lat' dir='ltr'><strong>superbia,</strong></span> 
     </span>
    </p>
   </div>
   <div class='ocr_carea' id='block_1_67' title="bbox 2258 2193 3873 2268">
    <p class='ocr_par' dir='ltr' id='par_1_67' title="bbox 2258 2193 3873 2268">
     <span class='ocr_line' id='line_1_67' title="bbox 2258 2193 3873 2268; baseline -0.006 -8"><span class='ocrx_word' id='word_1_492' title='bbox 2258 2203 2393 2260; x_wconf 88' lang='lat' dir='ltr'><strong>alias</strong></span> <span class='ocrx_word' id='word_1_493' title='bbox 2422 2200 2670 2268; x_wconf 86' lang='lat' dir='ltr'><strong>invidia,</strong></span> <span class='ocrx_word' id='word_1_494' title='bbox 2704 2199 2838 2256; x_wconf 88' lang='lat' dir='ltr'><strong>alias</strong></span> <span class='ocrx_word' id='word_1_495' title='bbox 2880 2197 3139 2266; x_wconf 87' lang='lat' dir='ltr'><strong>luxuria,</strong></span> <span class='ocrx_word' id='word_1_496' title='bbox 3173 2195 3308 2253; x_wconf 89' lang='lat' dir='ltr'><strong>alias</strong></span> <span class='ocrx_word' id='word_1_497' title='bbox 3351 2195 3600 2252; x_wconf 81' lang='lat' dir='ltr'><strong>avaritia</strong></span> <span class='ocrx_word' id='word_1_498' title='bbox 3637 2193 3873 2251; x_wconf 89' lang='lat' dir='ltr'><strong>facilius</strong></span> 
     </span>
    </p>
   </div>
   <div class='ocr_carea' id='block_1_68' title="bbox 2260 2284 3874 2364">
    <p class='ocr_par' dir='ltr' id='par_1_68' title="bbox 2260 2284 3874 2364">
     <span class='ocr_line' id='line_1_68' title="bbox 2260 2284 3874 2364; baseline -0.006 -14"><span class='ocrx_word' id='word_1_499' title='bbox 2260 2292 2586 2350; x_wconf 89' lang='lat' dir='ltr'><strong>inﬂammat.</strong></span> <span class='ocrx_word' id='word_1_500' title='bbox 2611 2289 2891 2364; x_wconf 83' lang='lat' dir='ltr'><strong>Superbiae</strong></span> <span class='ocrx_word' id='word_1_501' title='bbox 2907 2288 3108 2363; x_wconf 89' lang='lat' dir='ltr'><strong>quippe</strong></span> <span class='ocrx_word' id='word_1_502' title='bbox 3129 2287 3150 2324; x_wconf 76' lang='grc'><strong><em>⁸</em></strong></span> <span class='ocrx_word' id='word_1_503' title='bbox 3172 2287 3349 2344; x_wconf 88' lang='lat' dir='ltr'><strong>facem</strong></span> <span class='ocrx_word' id='word_1_504' title='bbox 3379 2284 3555 2341; x_wconf 89' lang='lat' dir='ltr'><strong>menti</strong></span> <span class='ocrx_word' id='word_1_505' title='bbox 3587 2284 3722 2340; x_wconf 79' lang='lat' dir='ltr'><strong>Eva</strong></span> <span class='ocrx_word' id='word_1_506' title='bbox 3740 2300 3874 2358; x_wconf 56' lang='lat' dir='ltr'><strong>sup-</strong></span> 
     </span>
    </p>
   </div>
   <div class='ocr_carea' id='block_1_69' title="bbox 2261 2371 3872 2458">
    <p class='ocr_par' dir='ltr' id='par_1_69' title="bbox 2261 2371 3872 2458">
     <span class='ocr_line' id='line_1_69' title="bbox 2261 2371 3872 2458; baseline -0.007 -16"><span class='ocrx_word' id='word_1_507' title='bbox 2261 2385 2466 2458; x_wconf 90' lang='lat' dir='ltr'><strong>posuit,</strong></span> <span class='ocrx_word' id='word_1_508' title='bbox 2498 2400 2626 2442; x_wconf 92' lang='lat' dir='ltr'><strong>cum</strong></span> <span class='ocrx_word' id='word_1_509' title='bbox 2653 2381 2798 2440; x_wconf 86' lang='lat' dir='ltr'><strong>hanc</strong></span> <span class='ocrx_word' id='word_1_510' title='bbox 2825 2380 2893 2438; x_wconf 90' lang='lat' dir='ltr'><strong>ad</strong></span> <span class='ocrx_word' id='word_1_511' title='bbox 2922 2376 3327 2438; x_wconf 87' lang='lat' dir='ltr'><strong>contemnenda</strong></span> <span class='ocrx_word' id='word_1_512' title='bbox 3355 2374 3524 2432; x_wconf 89' lang='lat' dir='ltr'><strong>verba</strong></span> <span class='ocrx_word' id='word_1_513' title='bbox 3571 2371 3872 2430; x_wconf 84' lang='lat' dir='ltr'><strong>dominica</strong></span> 
     </span>
    </p>
   </div>
   <div class='ocr_carea' id='block_1_70' title="bbox 2259 2463 3872 2548">
    <p class='ocr_par' dir='ltr' id='par_1_70' title="bbox 2259 2463 3872 2548">
     <span class='ocr_line' id='line_1_70' title="bbox 2259 2463 3872 2548; baseline -0.006 -17"><span class='ocrx_word' id='word_1_514' title='bbox 2259 2473 2526 2548; x_wconf 90' lang='lat' dir='ltr'><strong>jussionis</strong></span> <span class='ocrx_word' id='word_1_515' title='bbox 2567 2471 2854 2545; x_wconf 86' lang='lat' dir='ltr'><strong>instigavit</strong></span> <span class='ocrx_word' id='word_1_516' title='bbox 2903 2470 3112 2543; x_wconf 86' lang='lat' dir='ltr'><strong>(Genes.</strong></span> <span class='ocrx_word' id='word_1_517' title='bbox 3148 2485 3232 2536; x_wconf 87' lang='lat' dir='ltr'>III,</span> <span class='ocrx_word' id='word_1_518' title='bbox 3263 2467 3343 2540; x_wconf 77' lang='lat'><strong>5).</strong></span> <span class='ocrx_word' id='word_1_519' title='bbox 3376 2463 3610 2522; x_wconf 86' lang='lat' dir='ltr'><strong>Invidia</strong></span> <span class='ocrx_word' id='word_1_520' title='bbox 3652 2480 3872 2538; x_wconf 87' lang='lat' dir='ltr'><strong>quoque</strong></span> 
     </span>
    </p>
   </div>
   <div class='ocr_carea' id='block_1_71' title="bbox 2265 2553 3870 2628">
    <p class='ocr_par' dir='ltr' id='par_1_71' title="bbox 2265 2553 3870 2628">
     <span class='ocr_line' id='line_1_71' title="bbox 2265 2553 3870 2628; baseline -0.006 -9"><span class='ocrx_word' id='word_1_521' title='bbox 2265 2563 2490 2621; x_wconf 91' lang='lat' dir='ltr'><strong>ﬂamma</strong></span> <span class='ocrx_word' id='word_1_522' title='bbox 2517 2562 2652 2620; x_wconf 88' lang='lat' dir='ltr'><strong>Cain</strong></span> <span class='ocrx_word' id='word_1_523' title='bbox 2677 2561 2925 2618; x_wconf 91' lang='lat' dir='ltr'><strong>animum</strong></span> <span class='ocrx_word' id='word_1_524' title='bbox 2953 2556 3258 2626; x_wconf 91' lang='lat' dir='ltr'><strong>succendit,</strong></span> <span class='ocrx_word' id='word_1_525' title='bbox 3281 2572 3408 2613; x_wconf 92' lang='lat' dir='ltr'><strong>cum</strong></span> <span class='ocrx_word' id='word_1_526' title='bbox 3422 2553 3490 2611; x_wconf 91' lang='lat' dir='ltr'><strong>de</strong></span> <span class='ocrx_word' id='word_1_527' title='bbox 3519 2561 3739 2628; x_wconf 90' lang='lat' dir='ltr'><strong>accepto</strong></span> <span class='ocrx_word' id='word_1_528' title='bbox 3757 2553 3870 2610; x_wconf 86' lang='lat' dir='ltr'><strong>fra-</strong></span> 
     </span>
    </p>
   </div>
   <div class='ocr_carea' id='block_1_72' title="bbox 2268 2642 3872 2722">
    <p class='ocr_par' dir='ltr' id='par_1_72' title="bbox 2268 2642 3872 2722">
     <span class='ocr_line' id='line_1_72' title="bbox 2268 2642 3872 2722; baseline -0.007 -10"><span class='ocrx_word' id='word_1_529' title='bbox 2268 2653 2370 2712; x_wconf 88' lang='lat' dir='ltr'><strong>tris</strong></span> <span class='ocrx_word' id='word_1_530' title='bbox 2399 2652 2670 2711; x_wconf 88' lang='lat' dir='ltr'><strong>sacrificio</strong></span> <span class='ocrx_word' id='word_1_531' title='bbox 2699 2651 2899 2720; x_wconf 90' lang='lat' dir='ltr'><strong>doluit,</strong></span> <span class='ocrx_word' id='word_1_532' title='bbox 2927 2657 2982 2706; x_wconf 92' lang='lat' dir='ltr'><strong>et</strong></span> <span class='ocrx_word' id='word_1_533' title='bbox 3010 2665 3106 2722; x_wconf 91' lang='lat' dir='ltr'><strong>per</strong></span> <span class='ocrx_word' id='word_1_534' title='bbox 3131 2645 3240 2704; x_wconf 92' lang='lat' dir='ltr'><strong>hoc</strong></span> <span class='ocrx_word' id='word_1_535' title='bbox 3266 2660 3441 2719; x_wconf 90' lang='lat' dir='ltr'><strong>usque</strong></span> <span class='ocrx_word' id='word_1_536' title='bbox 3478 2643 3548 2701; x_wconf 91' lang='lat' dir='ltr'><strong>ad</strong></span> <span class='ocrx_word' id='word_1_537' title='bbox 3573 2642 3872 2701; x_wconf 89' lang='lat' dir='ltr'><strong>fratricidii</strong></span> 
     </span>
    </p>
   </div>
   <div class='ocr_carea' id='block_1_73' title="bbox 2270 2732 3877 2816">
    <p class='ocr_par' dir='ltr' id='par_1_73' title="bbox 2270 2732 3877 2816">
     <span class='ocr_line' id='line_1_73' title="bbox 2270 2732 3877 2816; baseline -0.006 -17"><span class='ocrx_word' id='word_1_538' title='bbox 2270 2743 2486 2801; x_wconf 90' lang='lat' dir='ltr'><strong>facinus</strong></span> <span class='ocrx_word' id='word_1_539' title='bbox 2513 2741 2764 2816; x_wconf 88' lang='lat' dir='ltr'><strong>pervenit</strong></span> <span class='ocrx_word' id='word_1_540' title='bbox 2796 2741 3106 2813; x_wconf 87' lang='lat' dir='ltr'><strong>(Genes.1v,</strong></span> <span class='ocrx_word' id='word_1_541' title='bbox 3138 2735 3220 2810; x_wconf 93' lang='lat'><strong>8).</strong></span> <span class='ocrx_word' id='word_1_542' title='bbox 3253 2733 3515 2792; x_wconf 84' lang='lat' dir='ltr'><strong>Luxuria</strong></span> <span class='ocrx_word' id='word_1_543' title='bbox 3543 2732 3754 2790; x_wconf 87' lang='lat' dir='ltr'><strong>facibus</strong></span> <span class='ocrx_word' id='word_1_544' title='bbox 3777 2748 3877 2790; x_wconf 89' lang='lat' dir='ltr'><strong>cor</strong></span> 
     </span>
    </p>
   </div>
   <div class='ocr_carea' id='block_1_74' title="bbox 2270 2821 3870 2901">
    <p class='ocr_par' dir='ltr' id='par_1_74' title="bbox 2270 2821 3870 2901">
     <span class='ocr_line' id='line_1_74' title="bbox 2270 2821 3870 2901; baseline -0.008 -12"><span class='ocrx_word' id='word_1_545' title='bbox 2270 2831 2582 2889; x_wconf 87' lang='lat' dir='ltr'><strong>Salomonis</strong></span> <span class='ocrx_word' id='word_1_546' title='bbox 2636 2828 2866 2896; x_wconf 81' lang='lat' dir='ltr'><strong>exussit,</strong></span> <span class='ocrx_word' id='word_1_547' title='bbox 2899 2843 3060 2901; x_wconf 90' lang='lat' dir='ltr'><strong>quem</strong></span> <span class='ocrx_word' id='word_1_548' title='bbox 3107 2832 3264 2882; x_wconf 91' lang='lat' dir='ltr'><strong>tanto</strong></span> <span class='ocrx_word' id='word_1_549' title='bbox 3311 2821 3636 2880; x_wconf 89' lang='lat' dir='ltr'><strong>mulieribus</strong></span> <span class='ocrx_word' id='word_1_550' title='bbox 3681 2835 3870 2878; x_wconf 88' lang='lat' dir='ltr'><strong>amore</strong></span> 
     </span>
    </p>
   </div>
   <div class='ocr_carea' id='block_1_75' title="bbox 2271 2908 3871 2990">
    <p class='ocr_par' dir='ltr' id='par_1_75' title="bbox 2271 2908 3871 2990">
     <span class='ocr_line' id='line_1_75' title="bbox 2271 2908 3871 2990; baseline -0.008 -12"><span class='ocrx_word' id='word_1_551' title='bbox 2271 2919 2539 2989; x_wconf 88' lang='lat' dir='ltr'><strong>subdidit,</strong></span> <span class='ocrx_word' id='word_1_552' title='bbox 2561 2927 2644 2988; x_wconf 90' lang='lat' dir='ltr'><strong>ut,</strong></span> <span class='ocrx_word' id='word_1_553' title='bbox 2675 2933 2848 2990; x_wconf 90' lang='lat' dir='ltr'><strong>usque</strong></span> <span class='ocrx_word' id='word_1_554' title='bbox 2875 2915 2942 2972; x_wconf 87' lang='lat' dir='ltr'><strong>ad</strong></span> <span class='ocrx_word' id='word_1_555' title='bbox 2972 2915 3249 2972; x_wconf 92' lang='lat' dir='ltr'><strong>idolorum</strong></span> <span class='ocrx_word' id='word_1_556' title='bbox 3271 2910 3676 2968; x_wconf 85' lang='lat' dir='ltr'><strong>venerationem</strong></span> <span class='ocrx_word' id='word_1_557' title='bbox 3693 2908 3871 2966; x_wconf 88' lang='lat' dir='ltr'><strong>dedu-</strong></span> 
     </span>
    </p>
   </div>
   <div class='ocr_carea' id='block_1_76' title="bbox 2271 2998 3872 3080">
    <p class='ocr_par' dir='ltr' id='par_1_76' title="bbox 2271 2998 3872 3080">
     <span class='ocr_line' id='line_1_76' title="bbox 2271 2998 3872 3080; baseline -0.007 -12"><span class='ocrx_word' id='word_1_558' title='bbox 2271 3019 2414 3080; x_wconf 90' lang='lat' dir='ltr'><strong>ctus,</strong></span> <span class='ocrx_word' id='word_1_559' title='bbox 2444 3010 2583 3067; x_wconf 87' lang='lat' dir='ltr'><strong>dum</strong></span> <span class='ocrx_word' id='word_1_560' title='bbox 2599 3008 2780 3067; x_wconf 91' lang='lat' dir='ltr'><strong>carnis</strong></span> <span class='ocrx_word' id='word_1_561' title='bbox 2807 3005 3226 3064; x_wconf 88' lang='lat' dir='ltr'><strong>delectationem</strong></span> <span class='ocrx_word' id='word_1_562' title='bbox 3257 2998 3872 3076; x_wconf 80' lang='lat' dir='ltr'><strong>sequeretur,‘condito-</strong></span> 
     </span>
    </p>
   </div>
   <div class='ocr_carea' id='block_1_77' title="bbox 2273 3089 3880 3168">
    <p class='ocr_par' dir='ltr' id='par_1_77' title="bbox 2273 3089 3880 3168">
     <span class='ocr_line' id='line_1_77' title="bbox 2273 3089 3880 3168; baseline -0.007 -12"><span class='ocrx_word' id='word_1_563' title='bbox 2273 3099 2352 3156; x_wconf 90' lang='lat' dir='ltr'><strong>ris</strong></span> <span class='ocrx_word' id='word_1_564' title='bbox 2379 3099 2698 3156; x_wconf 87' lang='lat' dir='ltr'><strong>reverentia</strong></span> <span class='ocrx_word' id='word_1_565' title='bbox 2727 3095 3146 3154; x_wconf 89' lang='lat' dir='ltr'><strong>oblivisceretur</strong></span> <span class='ocrx_word' id='word_1_566' title='bbox 3176 3094 3297 3168; x_wconf 91' lang='lat' dir='ltr'><em>(III</em></span> <span class='ocrx_word' id='word_1_567' title='bbox 3315 3095 3438 3165; x_wconf 87' lang='lat' dir='ltr'><strong>Reg.</strong></span> <span class='ocrx_word' id='word_1_568' title='bbox 3471 3109 3551 3159; x_wconf 96' lang='lat' dir='ltr'>XI,</span> <span class='ocrx_word' id='word_1_569' title='bbox 3593 3089 3674 3162; x_wconf 68' lang='grc'><strong>4).</strong></span> <span class='ocrx_word' id='word_1_570' title='bbox 3710 3090 3880 3146; x_wconf 82' lang='lat' dir='ltr'><strong>Ava-</strong></span> 
     </span>
    </p>
   </div>
   <div class='ocr_carea' id='block_1_78' title="bbox 2274 3179 3876 3264">
    <p class='ocr_par' dir='ltr' id='par_1_78' title="bbox 2274 3179 3876 3264">
     <span class='ocr_line' id='line_1_78' title="bbox 2274 3179 3876 3264; baseline -0.007 -19"><span class='ocrx_word' id='word_1_571' title='bbox 2274 3188 2415 3246; x_wconf 90' lang='lat' dir='ltr'><strong>ritia</strong></span> <span class='ocrx_word' id='word_1_572' title='bbox 2445 3205 2662 3264; x_wconf 91' lang='lat' dir='ltr'><strong>quoque</strong></span> <span class='ocrx_word' id='word_1_573' title='bbox 2689 3187 2812 3261; x_wconf 90' lang='lat' dir='ltr'><strong>igne</strong></span> <span class='ocrx_word' id='word_1_574' title='bbox 2829 3185 3019 3243; x_wconf 87' lang='lat' dir='ltr'><strong>Achab</strong></span> <span class='ocrx_word' id='word_1_575' title='bbox 3047 3185 3295 3242; x_wconf 90' lang='lat' dir='ltr'><strong>animum</strong></span> <span class='ocrx_word' id='word_1_576' title='bbox 3325 3179 3720 3248; x_wconf 88' lang='lat' dir='ltr'><strong>concremavit,</strong></span> <span class='ocrx_word' id='word_1_577' title='bbox 3742 3194 3876 3236; x_wconf 91' lang='lat' dir='ltr'><strong>cum</strong></span> 
     </span>
    </p>
   </div>
   <div class='ocr_carea' id='block_1_79' title="bbox 2273 3269 3880 3353">
    <p class='ocr_par' dir='ltr' id='par_1_79' title="bbox 2273 3269 3880 3353">
     <span class='ocr_line' id='line_1_79' title="bbox 2273 3269 3880 3353; baseline -0.007 -15"><span class='ocrx_word' id='word_1_578' title='bbox 2273 3297 2400 3338; x_wconf 92' lang='lat' dir='ltr'><strong>eum</strong></span> <span class='ocrx_word' id='word_1_579' title='bbox 2435 3281 2504 3337; x_wconf 91' lang='lat' dir='ltr'><strong>ad</strong></span> <span class='ocrx_word' id='word_1_580' title='bbox 2529 3278 2888 3353; x_wconf 90' lang='lat' dir='ltr'><strong>appetendam</strong></span> <span class='ocrx_word' id='word_1_581' title='bbox 2919 3277 3157 3334; x_wconf 89' lang='lat' dir='ltr'><strong>alienam</strong></span> <span class='ocrx_word' id='word_1_582' title='bbox 3187 3274 3406 3331; x_wconf 90' lang='lat' dir='ltr'><strong>veniam</strong></span> <span class='ocrx_word' id='word_1_583' title='bbox 3450 3269 3880 3345; x_wconf 87' lang='lat' dir='ltr'><strong>impatientibus</strong></span> 
     </span>
    </p>
   </div>
   <div class='ocr_carea' id='block_1_80' title="bbox 2277 3359 3882 3442">
    <p class='ocr_par' dir='ltr' id='par_1_80' title="bbox 2277 3359 3882 3442">
     <span class='ocr_line' id='line_1_80' title="bbox 2277 3359 3882 3442; baseline -0.007 -16"><span class='ocrx_word' id='word_1_584' title='bbox 2277 3369 2564 3426; x_wconf 89' lang='lat' dir='ltr'><strong>desideriis</strong></span> <span class='ocrx_word' id='word_1_585' title='bbox 2589 3367 2833 3442; x_wconf 90' lang='lat' dir='ltr'><strong>impulit,</strong></span> <span class='ocrx_word' id='word_1_586' title='bbox 2855 3373 2910 3423; x_wconf 91' lang='lat' dir='ltr'><strong>et</strong></span> <span class='ocrx_word' id='word_1_587' title='bbox 2928 3383 3024 3440; x_wconf 91' lang='lat' dir='ltr'><strong>per</strong></span> <span class='ocrx_word' id='word_1_588' title='bbox 3052 3366 3158 3422; x_wconf 91' lang='lat' dir='ltr'><strong>hoc</strong></span> <span class='ocrx_word' id='word_1_589' title='bbox 3174 3379 3350 3438; x_wconf 87' lang='lat' dir='ltr'><strong>usque</strong></span> <span class='ocrx_word' id='word_1_590' title='bbox 3367 3361 3436 3419; x_wconf 91' lang='lat' dir='ltr'><strong>ad</strong></span> <span class='ocrx_word' id='word_1_591' title='bbox 3465 3369 3678 3418; x_wconf 88' lang='lat' dir='ltr'><strong>reatum</strong></span> <span class='ocrx_word' id='word_1_592' title='bbox 3695 3359 3882 3416; x_wconf 87' lang='lat' dir='ltr'><strong>homi-</strong></span> 
     </span>
    </p>
   </div>
   <div class='ocr_carea' id='block_1_81' title="bbox 2277 3447 3885 3531">
    <p class='ocr_par' dir='ltr' id='par_1_81' title="bbox 2277 3447 3885 3531">
     <span class='ocr_line' id='line_1_81' title="bbox 2277 3447 3885 3531; baseline -0.008 -15"><span class='ocrx_word' id='word_1_593' title='bbox 2277 3458 2412 3518; x_wconf 92' lang='lat' dir='ltr'><strong>cidii</strong></span> <span class='ocrx_word' id='word_1_594' title='bbox 2454 3457 2723 3531; x_wconf 86' lang='lat' dir='ltr'><strong>pertraxit</strong></span> <span class='ocrx_word' id='word_1_595' title='bbox 2765 3456 2892 3526; x_wconf 89' lang='lat' dir='ltr'><em>(III</em></span> <span class='ocrx_word' id='word_1_596' title='bbox 2933 3457 3058 3528; x_wconf 86' lang='lat' dir='ltr'><strong>Reg.</strong></span> <span class='ocrx_word' id='word_1_597' title='bbox 3088 3454 3238 3526; x_wconf 90' lang='lat' dir='ltr'>XXI).</span> <span class='ocrx_word' id='word_1_598' title='bbox 3271 3453 3446 3508; x_wconf 89' lang='lat' dir='ltr'><strong>Tanto</strong></span> <span class='ocrx_word' id='word_1_599' title='bbox 3471 3451 3643 3525; x_wconf 88' lang='lat' dir='ltr'><strong>igitur</strong></span> <span class='ocrx_word' id='word_1_600' title='bbox 3670 3447 3885 3506; x_wconf 84' lang='lat' dir='ltr'><strong>Levia-</strong></span> 
     </span>
    </p>
   </div>
   <div class='ocr_carea' id='block_1_82' title="bbox 2277 3538 3888 3619">
    <p class='ocr_par' dir='ltr' id='par_1_82' title="bbox 2277 3538 3888 3619">
     <span class='ocr_line' id='line_1_82' title="bbox 2277 3538 3888 3619; baseline -0.009 -13"><span class='ocrx_word' id='word_1_601' title='bbox 2277 3549 2414 3607; x_wconf 90' lang='lat' dir='ltr'><strong>than</strong></span> <span class='ocrx_word' id='word_1_602' title='bbox 2444 3547 2548 3606; x_wconf 90' lang='lat' dir='ltr'><strong>iste</strong></span> <span class='ocrx_word' id='word_1_603' title='bbox 2577 3547 2755 3605; x_wconf 88' lang='lat' dir='ltr'><strong>halitu</strong></span> <span class='ocrx_word' id='word_1_604' title='bbox 2780 3548 2839 3604; x_wconf 93' lang='lat' dir='ltr'><strong>in</strong></span> <span class='ocrx_word' id='word_1_605' title='bbox 2865 3545 3060 3619; x_wconf 88' lang='lat' dir='ltr'><strong>prunis</strong></span> <span class='ocrx_word' id='word_1_606' title='bbox 3086 3543 3203 3614; x_wconf 89' lang='lat' dir='ltr'><strong>ﬂat,</strong></span> <span class='ocrx_word' id='word_1_607' title='bbox 3230 3547 3422 3606; x_wconf 83' lang='lat'><strong>1115</strong></span> <span class='ocrx_word' id='word_1_608' title='bbox 3451 3547 3659 3616; x_wconf 81' lang='lat' dir='ltr'><strong>quanto</strong></span> <span class='ocrx_word' id='word_1_609' title='bbox 3705 3538 3888 3596; x_wconf 90' lang='lat' dir='ltr'><strong>anni-</strong></span> 
     </span>
    </p>
   </div>
   <div class='ocr_carea' id='block_1_83' title="bbox 2281 3639 3886 3722">
    <p class='ocr_par' dir='ltr' id='par_1_83' title="bbox 2281 3639 3886 3722">
     <span class='ocr_line' id='line_1_83' title="bbox 2281 3639 3886 3722; baseline -0.006 -17"><span class='ocrx_word' id='word_1_610' title='bbox 2281 3665 2348 3705; x_wconf 88' lang='lat' dir='ltr'><strong>su</strong></span> <span class='ocrx_word' id='word_1_611' title='bbox 2372 3646 2735 3722; x_wconf 86' lang='lat' dir='ltr'><strong>suggestionis</strong></span> <span class='ocrx_word' id='word_1_612' title='bbox 2762 3647 2993 3704; x_wconf 91' lang='lat' dir='ltr'><strong>occulta</strong></span> <span class='ocrx_word' id='word_1_613' title='bbox 3024 3645 3294 3704; x_wconf 87' lang='lat' dir='ltr'><strong>humanas</strong></span> <span class='ocrx_word' id='word_1_614' title='bbox 3324 3649 3535 3701; x_wconf 88' lang='lat' dir='ltr'><strong>mentes</strong></span> <span class='ocrx_word' id='word_1_615' title='bbox 3576 3639 3647 3699; x_wconf 90' lang='lat' dir='ltr'><strong>ad</strong></span> <span class='ocrx_word' id='word_1_616' title='bbox 3685 3639 3886 3697; x_wconf 84' lang='lat' dir='ltr'><strong>illicita</strong></span> 
     </span>
    </p>
   </div>
   <div class='ocr_carea' id='block_1_84' title="bbox 2282 3733 3554 3796">
    <p class='ocr_par' dir='ltr' id='par_1_84' title="bbox 2282 3733 3554 3796">
     <span class='ocr_line' id='line_1_84' title="bbox 2282 3733 3554 3796; baseline -0.005 0"><span class='ocrx_word' id='word_1_617' title='bbox 2282 3737 2610 3796; x_wconf 89' lang='lat' dir='ltr'><strong>inﬂammat.</strong></span> <span class='ocrx_word' id='word_1_618' title='bbox 2641 3737 2798 3796; x_wconf 90' lang='lat' dir='ltr'><strong>Unde</strong></span> <span class='ocrx_word' id='word_1_619' title='bbox 2836 3743 2892 3794; x_wconf 92' lang='lat' dir='ltr'><strong>et</strong></span> <span class='ocrx_word' id='word_1_620' title='bbox 2919 3735 3061 3794; x_wconf 89' lang='lat' dir='ltr'><strong>bene</strong></span> <span class='ocrx_word' id='word_1_621' title='bbox 3085 3752 3218 3793; x_wconf 88' lang='lat' dir='ltr'><strong>mox</strong></span> <span class='ocrx_word' id='word_1_622' title='bbox 3246 3733 3508 3792; x_wconf 90' lang='lat' dir='ltr'><strong>subditur</strong></span> <span class='ocrx_word' id='word_1_623' title='bbox 3540 3750 3554 3790; x_wconf 90' lang='lat'><strong>:</strong></span> 
     </span>
    </p>
   </div>
   <div class='ocr_carea' id='block_1_85' title="bbox 2641 3816 3518 3899">
    <p class='ocr_par' dir='ltr' id='par_1_85' title="bbox 2641 3816 3518 3899">
     <span class='ocr_line' id='line_1_85' title="bbox 2641 3816 3518 3899; baseline -0.008 -12"><span class='ocrx_word' id='word_1_624' title='bbox 2641 3816 2868 3888; x_wconf 82' lang='lat' dir='ltr'><strong>CAPUT</strong></span> <span class='ocrx_word' id='word_1_625' title='bbox 2897 3825 3141 3882; x_wconf 86' lang='lat' dir='ltr'>XXXIX</span> <span class='ocrx_word' id='word_1_626' title='bbox 3172 3823 3311 3899; x_wconf 79' lang='lat' dir='ltr'><strong>[Vet.</strong></span> <span class='ocrx_word' id='word_1_627' title='bbox 3343 3821 3518 3898; x_wconf 84' lang='lat' dir='ltr'><strong>XLI].</strong></span> 
     </span>
    </p>
   </div>
   <div class='ocr_carea' id='block_1_86' title="bbox 2357 3913 3588 3989">
    <p class='ocr_par' dir='ltr' id='par_1_86' title="bbox 2357 3913 3588 3989">
     <span class='ocr_line' id='line_1_86' title="bbox 2357 3913 3588 3989; baseline -0.007 -12"><span class='ocrx_word' id='word_1_628' title='bbox 2357 3921 2493 3978; x_wconf 79' lang='lat' dir='ltr'><strong>Ian).</strong></span> <span class='ocrx_word' id='word_1_629' title='bbox 2515 3950 2587 3961; x_wconf 95' lang='lat'><strong><em>—</em></strong></span> <span class='ocrx_word' id='word_1_630' title='bbox 2613 3920 2688 3975; x_wconf 89' lang='lat' dir='ltr'><strong>Et</strong></span> <span class='ocrx_word' id='word_1_631' title='bbox 2711 3919 2928 3989; x_wconf 87' lang='lat' dir='ltr'><strong>ﬂamma</strong></span> <span class='ocrx_word' id='word_1_632' title='bbox 2955 3915 3018 3972; x_wconf 81' lang='lat' dir='ltr'><strong>de</strong></span> <span class='ocrx_word' id='word_1_633' title='bbox 3045 3932 3136 3972; x_wconf 88' lang='lat' dir='ltr'><strong>ore</strong></span> <span class='ocrx_word' id='word_1_634' title='bbox 3163 3913 3276 3986; x_wconf 88' lang='lat' dir='ltr'><strong>ejus</strong></span> <span class='ocrx_word' id='word_1_635' title='bbox 3303 3913 3588 3986; x_wconf 83' lang='lat' dir='ltr'><strong>egreditur.</strong></span> 
     </span>
    </p>
   </div>
   <div class='ocr_carea' id='block_1_87' title="bbox 2358 3999 3894 4066">
    <p class='ocr_par' dir='ltr' id='par_1_87' title="bbox 2358 3999 3894 4066">
     <span class='ocr_line' id='line_1_87' title="bbox 2358 3999 3894 4066; baseline -0.008 0"><span class='ocrx_word' id='word_1_636' title='bbox 2358 4009 2446 4066; x_wconf 88' lang='lat'><strong>68.</strong></span> <span class='ocrx_word' id='word_1_637' title='bbox 2478 4009 2585 4065; x_wconf 88' lang='lat' dir='ltr'><strong>Per</strong></span> <span class='ocrx_word' id='word_1_638' title='bbox 2607 4007 2992 4063; x_wconf 84' lang='lat' dir='ltr'><strong>Antichristum</strong></span> <span class='ocrx_word' id='word_1_639' title='bbox 3017 4005 3294 4062; x_wconf 86' lang='lat' dir='ltr'><strong>ardentius</strong></span> <span class='ocrx_word' id='word_1_640' title='bbox 3337 4002 3527 4059; x_wconf 63' lang='lat' dir='ltr'><strong>saeviet.</strong></span> <span class='ocrx_word' id='word_1_641' title='bbox 3572 3999 3693 4058; x_wconf 86' lang='lat' dir='ltr'><strong>Non</strong></span> <span class='ocrx_word' id='word_1_642' title='bbox 3733 4013 3894 4055; x_wconf 83' lang='lat' dir='ltr'><strong>com-</strong></span> 
     </span>
    </p>
   </div>
   <div class='ocr_carea' id='block_1_88' title="bbox 2291 4091 3896 4170">
    <p class='ocr_par' dir='ltr' id='par_1_88' title="bbox 2291 4091 3896 4170">
     <span class='ocr_line' id='line_1_88' title="bbox 2291 4091 3896 4170; baseline -0.007 -13"><span class='ocrx_word' id='word_1_643' title='bbox 2291 4100 2436 4157; x_wconf 88' lang='lat' dir='ltr'><strong>burit</strong></span> <span class='ocrx_word' id='word_1_644' title='bbox 2478 4099 2586 4154; x_wconf 81' lang='lat' dir='ltr'><strong>nisi</strong></span> <span class='ocrx_word' id='word_1_645' title='bbox 2631 4098 2851 4170; x_wconf 81' lang='lat' dir='ltr'><strong>lignum,</strong></span> <span class='ocrx_word' id='word_1_646' title='bbox 2899 4097 3099 4168; x_wconf 82' lang='lat' dir='ltr'><strong>fenum,</strong></span> <span class='ocrx_word' id='word_1_647' title='bbox 3147 4095 3417 4168; x_wconf 85' lang='lat' dir='ltr'><strong>stipulam.</strong></span> <span class='ocrx_word' id='word_1_648' title='bbox 3454 4091 3591 4164; x_wconf 86' lang='lat' dir='ltr'><strong>Ejus</strong></span> <span class='ocrx_word' id='word_1_649' title='bbox 3617 4092 3896 4161; x_wconf 86' lang='lat' dir='ltr'><strong>ﬂammam</strong></span> 
     </span>
    </p>
   </div>
   <div class='ocr_carea' id='block_1_89' title="bbox 2290 4177 3892 4261">
    <p class='ocr_par' dir='ltr' id='par_1_89' title="bbox 2290 4177 3892 4261">
     <span class='ocr_line' id='line_1_89' title="bbox 2290 4177 3892 4261; baseline -0.007 -15"><span class='ocrx_word' id='word_1_650' title='bbox 2290 4190 2630 4261; x_wconf 71' lang='lat' dir='ltr'><strong>exstinguunt</strong></span> <span class='ocrx_word' id='word_1_651' title='bbox 2661 4189 2926 4260; x_wconf 72' lang='lat' dir='ltr'><strong>lacrgma.</strong></span> <span class='ocrx_word' id='word_1_652' title='bbox 2949 4217 3019 4228; x_wconf 94' lang='lat'><strong><em>—</em></strong></span> <span class='ocrx_word' id='word_1_653' title='bbox 3039 4185 3193 4242; x_wconf 88' lang='lat' dir='ltr'><strong>Flam</strong></span> <span class='ocrx_word' id='word_1_654' title='bbox 3203 4201 3288 4241; x_wconf 91' lang='lat' dir='ltr'><strong>ma</strong></span> <span class='ocrx_word' id='word_1_655' title='bbox 3302 4184 3500 4258; x_wconf 87' lang='lat' dir='ltr'><strong>quippe</strong></span> <span class='ocrx_word' id='word_1_656' title='bbox 3519 4180 3630 4238; x_wconf 87' lang='lat' dir='ltr'><strong>oris</strong></span> <span class='ocrx_word' id='word_1_657' title='bbox 3659 4177 3781 4252; x_wconf 90' lang='lat' dir='ltr'><strong>ejus</strong></span> <span class='ocrx_word' id='word_1_658' title='bbox 3803 4185 3892 4236; x_wconf 89' lang='lat' dir='ltr'><strong>est</strong></span> 
     </span>
    </p>
   </div>
   <div class='ocr_carea' id='block_1_90' title="bbox 2294 4271 3894 4354">
    <p class='ocr_par' dir='ltr' id='par_1_90' title="bbox 2294 4271 3894 4354">
     <span class='ocr_line' id='line_1_90' title="bbox 2294 4271 3894 4354; baseline -0.006 -18"><span class='ocrx_word' id='word_1_659' title='bbox 2294 4281 2412 4354; x_wconf 90' lang='lat' dir='ltr'><strong>ipsa</strong></span> <span class='ocrx_word' id='word_1_660' title='bbox 2439 4278 2719 4353; x_wconf 88' lang='lat' dir='ltr'><strong>instigatio</strong></span> <span class='ocrx_word' id='word_1_661' title='bbox 2739 4277 2966 4336; x_wconf 82' lang='lat' dir='ltr'><strong>occulta</strong></span> <span class='ocrx_word' id='word_1_662' title='bbox 2995 4275 3310 4334; x_wconf 88' lang='lat' dir='ltr'><strong>locutionis.</strong></span> <span class='ocrx_word' id='word_1_663' title='bbox 3355 4275 3542 4331; x_wconf 88' lang='lat' dir='ltr'><strong>Prava</strong></span> <span class='ocrx_word' id='word_1_664' title='bbox 3569 4271 3720 4329; x_wconf 91' lang='lat' dir='ltr'><strong>enim</strong></span> <span class='ocrx_word' id='word_1_665' title='bbox 3750 4285 3894 4327; x_wconf 89' lang='lat' dir='ltr'><strong>sua-</strong></span> 
     </span>
    </p>
   </div>
   <div class='ocr_carea' id='block_1_91' title="bbox 2294 4357 3900 4438">
    <p class='ocr_par' dir='ltr' id='par_1_91' title="bbox 2294 4357 3900 4438">
     <span class='ocr_line' id='line_1_91' title="bbox 2294 4357 3900 4438; baseline -0.007 -11"><span class='ocrx_word' id='word_1_666' title='bbox 2294 4371 2467 4428; x_wconf 88' lang='lat' dir='ltr'><strong>sionis</strong></span> <span class='ocrx_word' id='word_1_667' title='bbox 2508 4368 2676 4426; x_wconf 89' lang='lat' dir='ltr'><strong>verba</strong></span> <span class='ocrx_word' id='word_1_668' title='bbox 2721 4367 2790 4425; x_wconf 89' lang='lat' dir='ltr'><strong>ad</strong></span> <span class='ocrx_word' id='word_1_669' title='bbox 2833 4365 3268 4438; x_wconf 89' lang='lat' dir='ltr'><strong>uniuscujusque</strong></span> <span class='ocrx_word' id='word_1_670' title='bbox 3319 4364 3567 4421; x_wconf 91' lang='lat' dir='ltr'><strong>animum</strong></span> <span class='ocrx_word' id='word_1_671' title='bbox 3613 4361 3768 4430; x_wconf 86' lang='lat' dir='ltr'><strong>facit,</strong></span> <span class='ocrx_word' id='word_1_672' title='bbox 3801 4357 3900 4416; x_wconf 88' lang='lat' dir='ltr'><strong>sed</strong></span> 
     </span>
    </p>
   </div>
   <div class='ocr_carea' id='block_1_92' title="bbox 2295 4448 3898 4532">
    <p class='ocr_par' dir='ltr' id='par_1_92' title="bbox 2295 4448 3898 4532">
     <span class='ocr_line' id='line_1_92' title="bbox 2295 4448 3898 4532; baseline -0.006 -18"><span class='ocrx_word' id='word_1_673' title='bbox 2295 4459 2518 4517; x_wconf 89' lang='lat' dir='ltr'><strong>ﬂamma</strong></span> <span class='ocrx_word' id='word_1_674' title='bbox 2544 4465 2626 4516; x_wconf 91' lang='lat' dir='ltr'><strong>est</strong></span> <span class='ocrx_word' id='word_1_675' title='bbox 2657 4454 2804 4532; x_wconf 91' lang='lat' dir='ltr'><strong>quod</strong></span> <span class='ocrx_word' id='word_1_676' title='bbox 2823 4455 2890 4513; x_wconf 92' lang='lat' dir='ltr'><strong>de</strong></span> <span class='ocrx_word' id='word_1_677' title='bbox 2918 4454 3037 4528; x_wconf 91' lang='lat' dir='ltr'><strong>ejus</strong></span> <span class='ocrx_word' id='word_1_678' title='bbox 3053 4472 3146 4512; x_wconf 91' lang='lat' dir='ltr'><strong>ore</strong></span> <span class='ocrx_word' id='word_1_679' title='bbox 3175 4452 3474 4528; x_wconf 87' lang='lat' dir='ltr'><strong>egreditur,</strong></span> <span class='ocrx_word' id='word_1_680' title='bbox 3506 4452 3635 4526; x_wconf 90' lang='lat' dir='ltr'><strong>quia</strong></span> <span class='ocrx_word' id='word_1_681' title='bbox 3663 4448 3818 4507; x_wconf 90' lang='lat' dir='ltr'><strong>ardet</strong></span> <span class='ocrx_word' id='word_1_682' title='bbox 3839 4448 3898 4504; x_wconf 93' lang='lat' dir='ltr'><strong>in</strong></span> 
     </span>
    </p>
   </div>
   <div class='ocr_carea' id='block_1_93' title="bbox 2302 4538 3901 4618">
    <p class='ocr_par' dir='ltr' id='par_1_93' title="bbox 2302 4538 3901 4618">
     <span class='ocr_line' id='line_1_93' title="bbox 2302 4538 3901 4618; baseline -0.008 -12"><span class='ocrx_word' id='word_1_683' title='bbox 2302 4549 2589 4606; x_wconf 88' lang='lat' dir='ltr'><strong>desideriis</strong></span> <span class='ocrx_word' id='word_1_684' title='bbox 2617 4547 2834 4604; x_wconf 90' lang='lat' dir='ltr'><strong>animus</strong></span> <span class='ocrx_word' id='word_1_685' title='bbox 2861 4563 2988 4604; x_wconf 87' lang='lat' dir='ltr'><strong>cum</strong></span> <span class='ocrx_word' id='word_1_686' title='bbox 3009 4545 3128 4618; x_wconf 89' lang='lat' dir='ltr'><strong>ejus</strong></span> <span class='ocrx_word' id='word_1_687' title='bbox 3157 4542 3603 4618; x_wconf 89' lang='lat' dir='ltr'><strong>suggestionibus</strong></span> <span class='ocrx_word' id='word_1_688' title='bbox 3656 4538 3901 4611; x_wconf 87' lang='lat' dir='ltr'><strong>instiga-</strong></span> 
     </span>
    </p>
   </div>
   <div class='ocr_carea' id='block_1_94' title="bbox 593 4613 3904 4735">
    <p class='ocr_par' dir='ltr' id='par_1_94' title="bbox 593 4613 3904 4735">
     <span class='ocr_line' id='line_1_94' title="bbox 593 4613 3285 4635; baseline -0.012 -4"><span class='ocrx_word' id='word_1_689' title='bbox 593 4613 765 4632; x_wconf 70' lang='grc' dir='ltr'>νιυιιισ</span> <span class='ocrx_word' id='word_1_690' title='bbox 793 4613 905 4628; x_wconf 60' lang='grc' dir='ltr'><strong>ρων</strong></span> <span class='ocrx_word' id='word_1_691' title='bbox 962 4613 1202 4635; x_wconf 61' lang='grc' dir='ltr'><strong>...ων-υ,</strong></span> <span class='ocrx_word' id='word_1_692' title='bbox 1262 4613 1686 4634; x_wconf 40' lang='lat' dir='ltr'><strong>“unum-”</strong></span> <span class='ocrx_word' id='word_1_693' title='bbox 1720 4613 1810 4632; x_wconf 42' lang='lat'><strong>1,,</strong></span> <span class='ocrx_word' id='word_1_694' title='bbox 3036 4613 3053 4618; x_wconf 40' lang='grc' dir='ltr'>ν</span> <span class='ocrx_word' id='word_1_695' title='bbox 3230 4613 3285 4618; x_wconf 53' lang='grc' dir='ltr'>η</span> 
     </span>
     <span class='ocr_line' id='line_1_95' title="bbox 593 4613 3904 4735; baseline -0.011 -16"><span class='ocrx_word' id='word_1_696' title='bbox 593 4662 696 4732; x_wconf 91' lang='lat' dir='ltr'><strong>dit,</strong></span> <span class='ocrx_word' id='word_1_697' title='bbox 729 4667 1017 4735; x_wconf 89' lang='lat' dir='ltr'><strong>quatenus,</strong></span> <span class='ocrx_word' id='word_1_698' title='bbox 1048 4671 1160 4712; x_wconf 90' lang='lat' dir='ltr'><strong>non</strong></span> <span class='ocrx_word' id='word_1_699' title='bbox 1189 4613 1445 4712; x_wconf 55' lang='lat' dir='ltr'><strong>cgntenta</strong></span> <span class='ocrx_word' id='word_1_700' title='bbox 1473 4645 2184 4724; x_wconf 84' lang='lat' dir='ltr'><strong>prasentibus,indesinen-</strong></span> <span class='ocrx_word' id='word_1_701' title='bbox 2218 4613 2268 4672; x_wconf 83' lang='lat' dir='ltr'><strong>D</strong></span> <span class='ocrx_word' id='word_1_702' title='bbox 2302 4645 2412 4696; x_wconf 89' lang='lat' dir='ltr'><strong>tur.</strong></span> <span class='ocrx_word' id='word_1_703' title='bbox 2445 4638 2574 4696; x_wconf 81' lang='lat' dir='ltr'><strong>Hac</strong></span> <span class='ocrx_word' id='word_1_704' title='bbox 2601 4636 2847 4712; x_wconf 91' lang='lat' dir='ltr'><strong>quotidie</strong></span> <span class='ocrx_word' id='word_1_705' title='bbox 2877 4635 3136 4708; x_wconf 86' lang='lat' dir='ltr'><strong>suggerit,</strong></span> <span class='ocrx_word' id='word_1_706' title='bbox 3166 4633 3285 4690; x_wconf 88' lang='lat' dir='ltr'><strong>hac</strong></span> <span class='ocrx_word' id='word_1_707' title='bbox 3313 4647 3486 4706; x_wconf 91' lang='lat' dir='ltr'><strong>usque</strong></span> <span class='ocrx_word' id='word_1_708' title='bbox 3515 4629 3584 4688; x_wconf 88' lang='lat' dir='ltr'><strong>ad</strong></span> <span class='ocrx_word' id='word_1_709' title='bbox 3613 4627 3904 4704; x_wconf 85' lang='lat' dir='ltr'><strong>prasentis</strong></span> 
     </span>
    </p>
   </div>
   <div class='ocr_carea' id='block_1_95' title="bbox 594 4733 2188 4824">
    <p class='ocr_par' dir='ltr' id='par_1_95' title="bbox 594 4733 2188 4824">
     <span class='ocr_line' id='line_1_96' title="bbox 594 4733 2188 4824; baseline -0.013 -16"><span class='ocrx_word' id='word_1_710' title='bbox 594 4757 678 4808; x_wconf 89' lang='lat' dir='ltr'><strong>ter</strong></span> <span class='ocrx_word' id='word_1_711' title='bbox 697 4733 794 4824; x_wconf 80' lang='lat' dir='ltr'><strong>per</strong></span> <span class='ocrx_word' id='word_1_712' title='bbox 815 4744 1086 4804; x_wconf 86' lang='lat' dir='ltr'><strong>desideria</strong></span> <span class='ocrx_word' id='word_1_713' title='bbox 1109 4749 1320 4809; x_wconf 85' lang='lat' dir='ltr'><strong>astuet,</strong></span> <span class='ocrx_word' id='word_1_714' title='bbox 1367 4746 1428 4794; x_wconf 90' lang='lat' dir='ltr'><strong>ut</strong></span> <span class='ocrx_word' id='word_1_715' title='bbox 1460 4739 1569 4794; x_wconf 89' lang='lat' dir='ltr'><strong>alia</strong></span> <span class='ocrx_word' id='word_1_716' title='bbox 1593 4733 1992 4794; x_wconf 90' lang='lat' dir='ltr'><strong>contemnenda</strong></span> <span class='ocrx_word' id='word_1_717' title='bbox 2029 4749 2188 4806; x_wconf 90' lang='lat' dir='ltr'><strong>appe-</strong></span> 
     </span>
    </p>
   </div>
   <div class='ocr_carea' id='block_1_96' title="bbox 597 4827 2190 4913">
    <p class='ocr_par' dir='ltr' id='par_1_96' title="bbox 597 4827 2190 4913">
     <span class='ocr_line' id='line_1_97' title="bbox 597 4827 2190 4913; baseline -0.014 -13"><span class='ocrx_word' id='word_1_718' title='bbox 597 4851 696 4913; x_wconf 87' lang='lat' dir='ltr'><strong>tat,</strong></span> <span class='ocrx_word' id='word_1_719' title='bbox 727 4841 834 4899; x_wconf 90' lang='lat' dir='ltr'><strong>alia</strong></span> <span class='ocrx_word' id='word_1_720' title='bbox 861 4838 1055 4912; x_wconf 88' lang='lat' dir='ltr'><strong>adepta</strong></span> <span class='ocrx_word' id='word_1_721' title='bbox 1081 4839 1396 4894; x_wconf 88' lang='lat' dir='ltr'><strong>contemnat</strong></span> <span class='ocrx_word' id='word_1_722' title='bbox 1429 4848 1440 4886; x_wconf 92' lang='lat'>:</span> <span class='ocrx_word' id='word_1_723' title='bbox 1475 4838 1536 4886; x_wconf 91' lang='lat' dir='ltr'><strong>ut</strong></span> <span class='ocrx_word' id='word_1_724' title='bbox 1565 4827 1730 4884; x_wconf 90' lang='lat' dir='ltr'><strong>modo</strong></span> <span class='ocrx_word' id='word_1_725' title='bbox 1759 4827 1873 4882; x_wconf 90' lang='lat' dir='ltr'><strong>suis</strong></span> <span class='ocrx_word' id='word_1_726' title='bbox 1917 4841 2190 4898; x_wconf 90' lang='lat' dir='ltr'><strong>compen-</strong></span> 
     </span>
    </p>
   </div>
   <div class='ocr_carea' id='block_1_97' title="bbox 599 4919 2193 5001">
    <p class='ocr_par' dir='ltr' id='par_1_97' title="bbox 599 4919 2193 5001">
     <span class='ocr_line' id='line_1_98' title="bbox 599 4919 2193 5001; baseline -0.014 -8"><span class='ocrx_word' id='word_1_727' title='bbox 599 4936 708 4992; x_wconf 90' lang='lat' dir='ltr'><strong>diis</strong></span> <span class='ocrx_word' id='word_1_728' title='bbox 734 4933 933 5001; x_wconf 87' lang='lat' dir='ltr'><strong>inhiet,</strong></span> <span class='ocrx_word' id='word_1_729' title='bbox 963 4929 1126 4986; x_wconf 91' lang='lat' dir='ltr'><strong>modo</strong></span> <span class='ocrx_word' id='word_1_730' title='bbox 1153 4925 1348 4984; x_wconf 90' lang='lat' dir='ltr'><strong>alienis</strong></span> <span class='ocrx_word' id='word_1_731' title='bbox 1375 4919 1680 4979; x_wconf 89' lang='lat' dir='ltr'><strong>commodis</strong></span> <span class='ocrx_word' id='word_1_732' title='bbox 1709 4919 1876 4974; x_wconf 89' lang='lat' dir='ltr'><strong>etiam</strong></span> <span class='ocrx_word' id='word_1_733' title='bbox 1904 4933 2030 4974; x_wconf 91' lang='lat' dir='ltr'><strong>cum</strong></span> <span class='ocrx_word' id='word_1_734' title='bbox 2053 4933 2193 4988; x_wconf 84' lang='lat' dir='ltr'><strong>pro-</strong></span> 
     </span>
    </p>
   </div>
   <div class='ocr_carea' id='block_1_98' title="bbox 600 5004 2194 5099">
    <p class='ocr_par' dir='ltr' id='par_1_98' title="bbox 600 5004 2194 5099">
     <span class='ocr_line' id='line_1_99' title="bbox 600 5004 2194 5099; baseline -0.015 -16"><span class='ocrx_word' id='word_1_735' title='bbox 600 5027 722 5099; x_wconf 90' lang='lat' dir='ltr'><strong>prio</strong></span> <span class='ocrx_word' id='word_1_736' title='bbox 743 5023 1076 5081; x_wconf 85' lang='lat' dir='ltr'><strong>detrimento</strong></span> <span class='ocrx_word' id='word_1_737' title='bbox 1105 5012 1469 5080; x_wconf 87' lang='lat' dir='ltr'><strong>contradicat,</strong></span> <span class='ocrx_word' id='word_1_738' title='bbox 1501 5007 1666 5065; x_wconf 92' lang='lat' dir='ltr'><strong>modo</strong></span> <span class='ocrx_word' id='word_1_739' title='bbox 1703 5007 1884 5064; x_wconf 91' lang='lat' dir='ltr'><strong>carnis</strong></span> <span class='ocrx_word' id='word_1_740' title='bbox 1913 5004 2194 5062; x_wconf 89' lang='lat' dir='ltr'><strong>illecebris</strong></span> 
     </span>
    </p>
   </div>
   <div class='ocr_carea' id='block_1_99' title="bbox 602 5098 2198 5181">
    <p class='ocr_par' dir='ltr' id='par_1_99' title="bbox 602 5098 2198 5181">
     <span class='ocr_line' id='line_1_100' title="bbox 602 5098 2198 5181; baseline -0.013 -9"><span class='ocrx_word' id='word_1_741' title='bbox 602 5098 920 5180; x_wconf 80' lang='lat' dir='ltr'><strong>satisfaciat,</strong></span> <span class='ocrx_word' id='word_1_742' title='bbox 950 5107 1114 5165; x_wconf 91' lang='lat' dir='ltr'><strong>modo</strong></span> <span class='ocrx_word' id='word_1_743' title='bbox 1134 5105 1290 5181; x_wconf 87' lang='lat' dir='ltr'><strong>quasi</strong></span> <span class='ocrx_word' id='word_1_744' title='bbox 1318 5103 1376 5159; x_wconf 90' lang='lat' dir='ltr'><strong>in</strong></span> <span class='ocrx_word' id='word_1_745' title='bbox 1409 5099 1645 5176; x_wconf 89' lang='lat' dir='ltr'><strong>quodam</strong></span> <span class='ocrx_word' id='word_1_746' title='bbox 1684 5098 1926 5156; x_wconf 89' lang='lat' dir='ltr'><strong>culmine</strong></span> <span class='ocrx_word' id='word_1_747' title='bbox 1951 5113 2047 5170; x_wconf 91' lang='lat' dir='ltr'><strong>per</strong></span> <span class='ocrx_word' id='word_1_748' title='bbox 2094 5111 2198 5153; x_wconf 76' lang='lat' dir='ltr'><strong>co—</strong></span> 
     </span>
    </p>
   </div>
   <div class='ocr_carea' id='block_1_100' title="bbox 605 5186 2195 5277">
    <p class='ocr_par' dir='ltr' id='par_1_100' title="bbox 605 5186 2195 5277">
     <span class='ocr_line' id='line_1_101' title="bbox 605 5186 2195 5277; baseline -0.013 -14"><span class='ocrx_word' id='word_1_749' title='bbox 605 5204 884 5277; x_wconf 89' lang='lat' dir='ltr'><strong>gitationis</strong></span> <span class='ocrx_word' id='word_1_750' title='bbox 912 5197 1223 5274; x_wconf 89' lang='lat' dir='ltr'><strong>superbiam</strong></span> <span class='ocrx_word' id='word_1_751' title='bbox 1265 5200 1436 5269; x_wconf 89' lang='lat' dir='ltr'><strong>rapta,</strong></span> <span class='ocrx_word' id='word_1_752' title='bbox 1468 5189 1676 5252; x_wconf 86' lang='lat' dir='ltr'><strong>carnali</strong></span> <span class='ocrx_word' id='word_1_753' title='bbox 1704 5205 1836 5248; x_wconf 87' lang='lat' dir='ltr'><strong>cura</strong></span> <span class='ocrx_word' id='word_1_754' title='bbox 1871 5186 2195 5264; x_wconf 88' lang='lat' dir='ltr'><strong>postposita,</strong></span> 
     </span>
    </p>
   </div>
   <div class='ocr_carea' id='block_1_101' title="bbox 685 5386 1982 5463">
    <p class='ocr_par' dir='ltr' id='par_1_101' title="bbox 685 5386 1982 5463">
     <span class='ocr_line' id='line_1_102' title="bbox 685 5386 1982 5463; baseline -0.013 -3"><span class='ocrx_word' id='word_1_755' title='bbox 685 5405 702 5438; x_wconf 81' lang='grc'>¹</span> <span class='ocrx_word' id='word_1_756' title='bbox 734 5402 944 5459; x_wconf 88' lang='lat' dir='ltr'><strong>Gemet.</strong></span> <span class='ocrx_word' id='word_1_757' title='bbox 973 5405 1028 5456; x_wconf 90' lang='lat' dir='ltr'><strong>et</strong></span> <span class='ocrx_word' id='word_1_758' title='bbox 1063 5394 1229 5456; x_wconf 91' lang='lat' dir='ltr'><strong>Corb.</strong></span> <span class='ocrx_word' id='word_1_759' title='bbox 1261 5393 1471 5463; x_wconf 91' lang='lat' dir='ltr'><strong>Germ.,</strong></span> <span class='ocrx_word' id='word_1_760' title='bbox 1499 5391 1588 5448; x_wconf 88' lang='lat' dir='ltr'><strong>ira</strong></span> <span class='ocrx_word' id='word_1_761' title='bbox 1618 5386 1982 5462; x_wconf 74' lang='lat' dir='ltr'><strong>impatientia.</strong></span> 
     </span>
    </p>
   </div>
   <div class='ocr_carea' id='block_1_102' title="bbox 305 5455 2200 5602">
    <p class='ocr_par' dir='ltr' id='par_1_102' title="bbox 305 5455 2200 5602">
     <span class='ocr_line' id='line_1_103' title="bbox 305 5455 2200 5602; baseline -0.012 -65"><span class='ocrx_word' id='word_1_762' title='bbox 305 5455 943 5602; x_wconf 40' lang='lat' dir='ltr'><strong>“Erigat.</strong></span> <span class='ocrx_word' id='word_1_763' title='bbox 1149 5507 1164 5538; x_wconf 89' lang='lat'><strong>,</strong></span> <span class='ocrx_word' id='word_1_764' title='bbox 1187 5455 1482 5534; x_wconf 52' lang='lat' dir='ltr'><strong>Gussanvf,</strong></span> <span class='ocrx_word' id='word_1_765' title='bbox 1505 5455 1714 5520; x_wconf 73' lang='lat' dir='ltr'><strong>tabescit</strong></span> <span class='ocrx_word' id='word_1_766' title='bbox 1723 5481 1744 5530; x_wconf 88' lang='lat'><strong><em>;</em></strong></span> <span class='ocrx_word' id='word_1_767' title='bbox 1765 5455 2200 5534; x_wconf 85' lang='lat' dir='ltr'><strong>repugnantibus</strong></span> 
     </span>
     <span class='ocr_line' id='line_1_104' title="bbox 727 5559 1127 5600; baseline -0.005 0"><span class='ocrx_word' id='word_1_768' title='bbox 727 5559 790 5600; x_wconf 90' lang='lat' dir='ltr'><strong>.e</strong></span> <span class='ocrx_word' id='word_1_769' title='bbox 844 5561 952 5600; x_wconf 81' lang='lat' dir='ltr'><strong>ve.</strong></span> <span class='ocrx_word' id='word_1_770' title='bbox 1065 5560 1081 5596; x_wconf 87' lang='grc' dir='ltr'>ι</span> <span class='ocrx_word' id='word_1_771' title='bbox 1115 5585 1127 5598; x_wconf 91' lang='grc'><strong>.</strong></span> 
     </span>
    </p>
   </div>
   <div class='ocr_carea' id='block_1_103' title="bbox 683 5542 2204 5694">
    <p class='ocr_par' dir='ltr' id='par_1_103' title="bbox 683 5542 2204 5694">
     <span class='ocr_line' id='line_1_105' title="bbox 683 5542 1127 5602; baseline -0.009 0"><span class='ocrx_word' id='word_1_772' title='bbox 683 5557 741 5602; x_wconf 72' lang='lat' dir='ltr'>Ic.</span> <span class='ocrx_word' id='word_1_773' title='bbox 761 5551 817 5600; x_wconf 90' lang='lat' dir='ltr'><strong>et</strong></span> <span class='ocrx_word' id='word_1_774' title='bbox 844 5542 952 5600; x_wconf 81' lang='lat' dir='ltr'><strong>vet.</strong></span> <span class='ocrx_word' id='word_1_775' title='bbox 975 5542 1127 5598; x_wconf 91' lang='lat' dir='ltr'><strong>Edit.</strong></span> 
     </span>
     <span class='ocr_line' id='line_1_106' title="bbox 683 5599 2204 5694; baseline -0.011 -22"><span class='ocrx_word' id='word_1_776' title='bbox 683 5613 945 5694; x_wconf 45' lang='grc' dir='ltr'><strong>προπίῃ,</strong></span> <span class='ocrx_word' id='word_1_777' title='bbox 975 5612 1148 5694; x_wconf 83' lang='lat' dir='ltr'><strong>Laud.</strong></span> <span class='ocrx_word' id='word_1_778' title='bbox 1179 5610 1397 5694; x_wconf 40' lang='grc' dir='ltr'><strong>ξενίῃ-.-</strong></span> <span class='ocrx_word' id='word_1_779' title='bbox 1411 5608 1523 5692; x_wconf 40' lang='grc' dir='ltr'><strong>,ριν</strong></span> <span class='ocrx_word' id='word_1_780' title='bbox 1541 5622 1739 5680; x_wconf 83' lang='lat' dir='ltr'><strong>ponam</strong></span> <span class='ocrx_word' id='word_1_781' title='bbox 1761 5604 1928 5662; x_wconf 74' lang='lat' dir='ltr'><strong>sedem</strong></span> <span class='ocrx_word' id='word_1_782' title='bbox 1945 5616 2114 5659; x_wconf 88' lang='lat' dir='ltr'><strong>meam</strong></span> <span class='ocrx_word' id='word_1_783' title='bbox 2131 5599 2204 5656; x_wconf 84' lang='lat' dir='ltr'><strong>ad</strong></span> 
     </span>
    </p>
   </div>
   <div class='ocr_carea' id='block_1_104' title="bbox 727 5677 1602 5752">
    <p class='ocr_par' dir='ltr' id='par_1_104' title="bbox 727 5677 1602 5752">
     <span class='ocr_line' id='line_1_107' title="bbox 727 5677 1602 5752; baseline -0.007 -11"><span class='ocrx_word' id='word_1_784' title='bbox 727 5677 938 5752; x_wconf 47' lang='lat' dir='ltr'><strong>lienem,</strong></span> <span class='ocrx_word' id='word_1_785' title='bbox 965 5701 1054 5740; x_wconf 89' lang='lat' dir='ltr'><strong>ero</strong></span> <span class='ocrx_word' id='word_1_786' title='bbox 1083 5683 1274 5738; x_wconf 88' lang='lat' dir='ltr'><strong>similis</strong></span> <span class='ocrx_word' id='word_1_787' title='bbox 1305 5677 1602 5736; x_wconf 70' lang='lat' dir='ltr'><strong>Altissimb.</strong></span> 
     </span>
    </p>
   </div>
   <div class='ocr_carea' id='block_1_105' title="bbox 739 5747 1220 5824">
    <p class='ocr_par' dir='ltr' id='par_1_105' title="bbox 739 5747 1220 5824">
     <span class='ocr_line' id='line_1_108' title="bbox 739 5747 1220 5824; baseline -0.017 -9"><span class='ocrx_word' id='word_1_788' title='bbox 739 5747 966 5824; x_wconf 94' lang='lat'><strong>,</strong></span> <span class='ocrx_word' id='word_1_789' title='bbox 993 5753 1220 5824; x_wconf 81' lang='lat' dir='ltr'><strong>facibus.</strong></span> 
     </span>
    </p>
   </div>
   <div class='ocr_carea' id='block_1_106' title="bbox 739 5811 2204 5916">
    <p class='ocr_par' dir='ltr' id='par_1_106' title="bbox 739 5811 2204 5916">
     <span class='ocr_line' id='line_1_109' title="bbox 739 5811 2204 5916; baseline -0.003 -38"><span class='ocrx_word' id='word_1_790' title='bbox 993 5811 1230 5888; x_wconf 59' lang='lat' dir='ltr'><strong>&#39;Gemet.,</strong></span> <span class='ocrx_word' id='word_1_791' title='bbox 1267 5821 1527 5888; x_wconf 81' lang='lat' dir='ltr'><strong>Vindoc.,</strong></span> <span class='ocrx_word' id='word_1_792' title='bbox 1559 5822 1765 5887; x_wconf 84' lang='lat' dir='ltr'><strong>Germ.,</strong></span> <span class='ocrx_word' id='word_1_793' title='bbox 1800 5824 1937 5891; x_wconf 78' lang='lat' dir='ltr'><strong>typo.</strong></span> <span class='ocrx_word' id='word_1_794' title='bbox 1984 5819 2061 5874; x_wconf 85' lang='lat' dir='ltr'><strong>De</strong></span> <span class='ocrx_word' id='word_1_795' title='bbox 2082 5811 2204 5870; x_wconf 79' lang='lat' dir='ltr'><strong>&#39;hac</strong></span> 
     </span>
    </p>
   </div>
   <div class='ocr_carea' id='block_1_107' title="bbox 2299 4719 3902 4800">
    <p class='ocr_par' dir='ltr' id='par_1_107' title="bbox 2299 4719 3902 4800">
     <span class='ocr_line' id='line_1_110' title="bbox 2299 4719 3902 4800; baseline -0.008 -15"><span class='ocrx_word' id='word_1_796' title='bbox 2299 4729 2426 4786; x_wconf 87' lang='lat' dir='ltr'><strong>vita</strong></span> <span class='ocrx_word' id='word_1_797' title='bbox 2455 4729 2754 4784; x_wconf 88' lang='lat' dir='ltr'><strong>terminum</strong></span> <span class='ocrx_word' id='word_1_798' title='bbox 2786 4741 3070 4800; x_wconf 86' lang='lat' dir='ltr'><strong>suggerere</strong></span> <span class='ocrx_word' id='word_1_799' title='bbox 3101 4740 3212 4780; x_wconf 92' lang='lat' dir='ltr'><strong>non</strong></span> <span class='ocrx_word' id='word_1_800' title='bbox 3239 4721 3493 4789; x_wconf 88' lang='lat' dir='ltr'><strong>desistit;</strong></span> <span class='ocrx_word' id='word_1_801' title='bbox 3545 4719 3640 4777; x_wconf 90' lang='lat' dir='ltr'><strong>sed</strong></span> <span class='ocrx_word' id='word_1_802' title='bbox 3677 4726 3815 4774; x_wconf 92' lang='lat' dir='ltr'><strong>tunc</strong></span> <span class='ocrx_word' id='word_1_803' title='bbox 3843 4731 3902 4772; x_wconf 87' lang='lat' dir='ltr'><strong>se</strong></span> 
     </span>
    </p>
   </div>
   <div class='ocr_carea' id='block_1_108' title="bbox 2299 4806 3904 4893">
    <p class='ocr_par' dir='ltr' id='par_1_108' title="bbox 2299 4806 3904 4893">
     <span class='ocr_line' id='line_1_111' title="bbox 2299 4806 3904 4893; baseline -0.01 -16"><span class='ocrx_word' id='word_1_804' title='bbox 2299 4819 2533 4893; x_wconf 88' lang='lat' dir='ltr'><strong>nequius</strong></span> <span class='ocrx_word' id='word_1_805' title='bbox 2561 4817 2774 4886; x_wconf 87' lang='lat' dir='ltr'><strong>dilatat,</strong></span> <span class='ocrx_word' id='word_1_806' title='bbox 2797 4833 2922 4874; x_wconf 92' lang='lat' dir='ltr'><strong>cum</strong></span> <span class='ocrx_word' id='word_1_807' title='bbox 2945 4817 2966 4851; x_wconf 79' lang='lat'><strong>9</strong></span> <span class='ocrx_word' id='word_1_808' title='bbox 2988 4831 3084 4888; x_wconf 91' lang='lat' dir='ltr'><strong>per</strong></span> <span class='ocrx_word' id='word_1_809' title='bbox 3103 4813 3262 4870; x_wconf 91' lang='lat' dir='ltr'><strong>illum</strong></span> <span class='ocrx_word' id='word_1_810' title='bbox 3281 4811 3602 4868; x_wconf 89' lang='lat' dir='ltr'><strong>damnatum</strong></span> <span class='ocrx_word' id='word_1_811' title='bbox 3619 4806 3904 4864; x_wconf 90' lang='lat' dir='ltr'><strong>hominem</strong></span> 
     </span>
    </p>
   </div>
   <div class='ocr_carea' id='block_1_109' title="bbox 2301 4899 3902 4980">
    <p class='ocr_par' dir='ltr' id='par_1_109' title="bbox 2301 4899 3902 4980">
     <span class='ocr_line' id='line_1_112' title="bbox 2301 4899 3902 4980; baseline -0.011 -14"><span class='ocrx_word' id='word_1_812' title='bbox 2301 4910 2549 4978; x_wconf 89' lang='lat' dir='ltr'><strong>veniens,</strong></span> <span class='ocrx_word' id='word_1_813' title='bbox 2574 4909 2630 4964; x_wconf 93' lang='lat' dir='ltr'><strong>in</strong></span> <span class='ocrx_word' id='word_1_814' title='bbox 2660 4906 2826 4980; x_wconf 90' lang='lat' dir='ltr'><strong>hujus</strong></span> <span class='ocrx_word' id='word_1_815' title='bbox 2855 4903 3048 4962; x_wconf 91' lang='lat' dir='ltr'><strong>mundi</strong></span> <span class='ocrx_word' id='word_1_816' title='bbox 3079 4920 3136 4960; x_wconf 89' lang='lat' dir='ltr'><strong>se</strong></span> <span class='ocrx_word' id='word_1_817' title='bbox 3161 4901 3335 4976; x_wconf 88' lang='lat' dir='ltr'><strong>gloria</strong></span> <span class='ocrx_word' id='word_1_818' title='bbox 3369 4899 3613 4974; x_wconf 88' lang='lat' dir='ltr'><strong>apertius</strong></span> <span class='ocrx_word' id='word_1_819' title='bbox 3641 4900 3902 4952; x_wconf 88' lang='lat' dir='ltr'><strong>ostentat.</strong></span> 
     </span>
    </p>
   </div>
   <div class='ocr_carea' id='block_1_110' title="bbox 2303 4983 3908 5070">
    <p class='ocr_par' dir='ltr' id='par_1_110' title="bbox 2303 4983 3908 5070">
     <span class='ocr_line' id='line_1_113' title="bbox 2303 4983 3908 5070; baseline -0.011 -15"><span class='ocrx_word' id='word_1_820' title='bbox 2303 5000 2457 5056; x_wconf 90' lang='lat' dir='ltr'><strong>Tunc</strong></span> <span class='ocrx_word' id='word_1_821' title='bbox 2484 4997 2552 5054; x_wconf 89' lang='lat' dir='ltr'><strong>ab</strong></span> <span class='ocrx_word' id='word_1_822' title='bbox 2581 4997 2698 5070; x_wconf 91' lang='lat' dir='ltr'><strong>ejus</strong></span> <span class='ocrx_word' id='word_1_823' title='bbox 2722 4994 2948 5052; x_wconf 87' lang='lat' dir='ltr'><strong>naribus</strong></span> <span class='ocrx_word' id='word_1_824' title='bbox 2975 4993 3185 5050; x_wconf 87' lang='lat' dir='ltr'><strong>vastior</strong></span> <span class='ocrx_word' id='word_1_825' title='bbox 3229 4990 3420 5046; x_wconf 86' lang='lat' dir='ltr'><strong>fumus</strong></span> <span class='ocrx_word' id='word_1_826' title='bbox 3471 4985 3741 5061; x_wconf 87' lang='lat' dir='ltr'><strong>procedit,</strong></span> <span class='ocrx_word' id='word_1_827' title='bbox 3773 4983 3908 5056; x_wconf 82' lang='lat' dir='ltr'><strong>quia</strong></span> 
     </span>
    </p>
   </div>
   <div class='ocr_carea' id='block_1_111' title="bbox 2306 5072 3912 5158">
    <p class='ocr_par' dir='ltr' id='par_1_111' title="bbox 2306 5072 3912 5158">
     <span class='ocr_line' id='line_1_114' title="bbox 2306 5072 3912 5158; baseline -0.011 -13"><span class='ocrx_word' id='word_1_828' title='bbox 2306 5089 2546 5146; x_wconf 88' lang='lat' dir='ltr'><strong>humana</strong></span> <span class='ocrx_word' id='word_1_829' title='bbox 2575 5085 2740 5145; x_wconf 90' lang='lat' dir='ltr'><strong>corda</strong></span> <span class='ocrx_word' id='word_1_830' title='bbox 2765 5085 3048 5158; x_wconf 88' lang='lat' dir='ltr'><strong>signorum</strong></span> <span class='ocrx_word' id='word_1_831' title='bbox 3077 5081 3196 5155; x_wconf 90' lang='lat' dir='ltr'><strong>ejus</strong></span> <span class='ocrx_word' id='word_1_832' title='bbox 3223 5076 3686 5138; x_wconf 87' lang='lat' dir='ltr'><strong>admirationibus</strong></span> <span class='ocrx_word' id='word_1_833' title='bbox 3711 5072 3912 5131; x_wconf 83' lang='lat' dir='ltr'><strong>territa</strong></span> 
     </span>
    </p>
   </div>
   <div class='ocr_carea' id='block_1_112' title="bbox 2307 5160 3914 5253">
    <p class='ocr_par' dir='ltr' id='par_1_112' title="bbox 2307 5160 3914 5253">
     <span class='ocr_line' id='line_1_115' title="bbox 2307 5160 3914 5253; baseline -0.012 -17"><span class='ocrx_word' id='word_1_834' title='bbox 2307 5178 2542 5253; x_wconf 91' lang='lat' dir='ltr'><strong>amplior</strong></span> <span class='ocrx_word' id='word_1_835' title='bbox 2565 5175 2844 5252; x_wconf 89' lang='lat' dir='ltr'><strong>instigatio</strong></span> <span class='ocrx_word' id='word_1_836' title='bbox 2871 5173 3128 5248; x_wconf 89' lang='lat' dir='ltr'><strong>percutit.</strong></span> <span class='ocrx_word' id='word_1_837' title='bbox 3159 5171 3313 5228; x_wconf 93' lang='lat' dir='ltr'><strong>Tunc</strong></span> <span class='ocrx_word' id='word_1_838' title='bbox 3341 5167 3460 5242; x_wconf 86' lang='lat' dir='ltr'><strong>ejus</strong></span> <span class='ocrx_word' id='word_1_839' title='bbox 3487 5165 3694 5223; x_wconf 89' lang='lat' dir='ltr'><strong>halitus</strong></span> <span class='ocrx_word' id='word_1_840' title='bbox 3731 5160 3914 5219; x_wconf 89' lang='lat' dir='ltr'><strong>vehe—</strong></span> 
     </span>
    </p>
   </div>
   <div class='ocr_carea' id='block_1_113' title="bbox 2311 5359 3912 5510">
    <p class='ocr_par' dir='ltr' id='par_1_113' title="bbox 2311 5359 3912 5510">
     <span class='ocr_line' id='line_1_116' title="bbox 2311 5359 3912 5510; baseline -0.016 -69"><span class='ocrx_word' id='word_1_841' title='bbox 2311 5395 2446 5510; x_wconf 47' lang='lat' dir='ltr'><strong>foce</strong></span> <span class='ocrx_word' id='word_1_842' title='bbox 2474 5375 2601 5437; x_wconf 89' lang='lat' dir='ltr'><strong>vide</strong></span> <span class='ocrx_word' id='word_1_843' title='bbox 2644 5383 2830 5506; x_wconf 51' lang='lat' dir='ltr'><strong>nggam</strong></span> <span class='ocrx_word' id='word_1_844' title='bbox 2848 5393 2881 5450; x_wconf 86' lang='lat' dir='ltr'><strong>g</strong></span> <span class='ocrx_word' id='word_1_845' title='bbox 2899 5368 2968 5432; x_wconf 80' lang='lat' dir='ltr'><strong>ad</strong></span> <span class='ocrx_word' id='word_1_846' title='bbox 2995 5389 3116 5448; x_wconf 87' lang='lat' dir='ltr'><strong>cap.</strong></span> <span class='ocrx_word' id='word_1_847' title='bbox 3141 5369 3176 5428; x_wconf 91' lang='lat'><strong>6</strong></span> <span class='ocrx_word' id='word_1_848' title='bbox 3199 5367 3369 5443; x_wconf 86' lang='lat' dir='ltr'><strong>hujus</strong></span> <span class='ocrx_word' id='word_1_849' title='bbox 3392 5364 3547 5438; x_wconf 88' lang='lat' dir='ltr'><strong>libri,</strong></span> <span class='ocrx_word' id='word_1_850' title='bbox 3577 5377 3734 5422; x_wconf 92' lang='lat' dir='ltr'><strong>num.</strong></span> <span class='ocrx_word' id='word_1_851' title='bbox 3762 5359 3912 5430; x_wconf 57' lang='grc' dir='ltr'><strong>κλει</strong></span> 
     </span>
     <span class='ocr_line' id='line_1_117' title="bbox 2339 5467 2764 5510; baseline -0.012 0"><span class='ocrx_word' id='word_1_852' title='bbox 2339 5494 2352 5510; x_wconf 90' lang='grc'><strong>.</strong></span> <span class='ocrx_word' id='word_1_853' title='bbox 2392 5470 2558 5510; x_wconf 82' lang='lat' dir='ltr'>XXIII.</span> <span class='ocrx_word' id='word_1_854' title='bbox 2585 5467 2642 5506; x_wconf 85' lang='grc' dir='ltr'><strong>η.</strong></span> <span class='ocrx_word' id='word_1_855' title='bbox 2752 5493 2764 5505; x_wconf 92' lang='grc'><strong>.</strong></span> 
     </span>
    </p>
   </div>
   <div class='ocr_carea' id='block_1_114' title="bbox 2339 5467 2764 5511">
    <p class='ocr_par' dir='ltr' id='par_1_114' title="bbox 2339 5467 2764 5511">
     <span class='ocr_line' id='line_1_118' title="bbox 2339 5467 2764 5511; baseline -0.014 0"><span class='ocrx_word' id='word_1_856' title='bbox 2339 5494 2352 5511; x_wconf 71' lang='grc' dir='ltr'><strong>ο</strong></span> <span class='ocrx_word' id='word_1_857' title='bbox 2392 5470 2558 5511; x_wconf 75' lang='lat' dir='ltr'><strong>XXIII.</strong></span> <span class='ocrx_word' id='word_1_858' title='bbox 2585 5467 2642 5506; x_wconf 85' lang='grc' dir='ltr'><strong><em>η.</em></strong></span> <span class='ocrx_word' id='word_1_859' title='bbox 2675 5467 2764 5506; x_wconf 77' lang='grc' dir='ltr'><strong>Ζῢ.</strong></span> 
     </span>
    </p>
   </div>
   <div class='ocr_carea' id='block_1_115' title="bbox 2386 5495 3408 5590">
    <p class='ocr_par' dir='ltr' id='par_1_115' title="bbox 2386 5495 3408 5590">
     <span class='ocr_line' id='line_1_119' title="bbox 2386 5495 3408 5590; baseline -0.009 -11"><span class='ocrx_word' id='word_1_860' title='bbox 2386 5495 2648 5580; x_wconf 45' lang='grc' dir='ltr'><strong>ει</strong></span> <span class='ocrx_word' id='word_1_861' title='bbox 2676 5495 2929 5578; x_wconf 58' lang='lat' dir='ltr'><strong>Sinam.</strong></span> <span class='ocrx_word' id='word_1_862' title='bbox 2959 5517 3171 5588; x_wconf 89' lang='lat' dir='ltr'><strong>Germ.,</strong></span> <span class='ocrx_word' id='word_1_863' title='bbox 3202 5517 3408 5590; x_wconf 73' lang='lat' dir='ltr'><strong>afﬂatu.</strong></span> 
     </span>
    </p>
   </div>
   <div class='ocr_carea' id='block_1_116' title="bbox 2384 5593 2846 5662">
    <p class='ocr_par' dir='ltr' id='par_1_116' title="bbox 2384 5593 2846 5662">
     <span class='ocr_line' id='line_1_120' title="bbox 2384 5593 2846 5662; baseline -0.006 -11"><span class='ocrx_word' id='word_1_864' title='bbox 2384 5598 2406 5631; x_wconf 82' lang='grc'>⁷</span> <span class='ocrx_word' id='word_1_865' title='bbox 2435 5593 2632 5662; x_wconf 91' lang='lat' dir='ltr'><strong>Laud.,</strong></span> <span class='ocrx_word' id='word_1_866' title='bbox 2662 5593 2846 5650; x_wconf 89' lang='lat' dir='ltr'><strong>altius.</strong></span> 
     </span>
    </p>
   </div>
   <div class='ocr_carea' id='block_1_117' title="bbox 2386 5653 3839 5732">
    <p class='ocr_par' dir='ltr' id='par_1_117' title="bbox 2386 5653 3839 5732">
     <span class='ocr_line' id='line_1_121' title="bbox 2386 5653 3839 5732; baseline -0.014 -7"><span class='ocrx_word' id='word_1_867' title='bbox 2386 5668 2408 5703; x_wconf 79' lang='grc'>⁸</span> <span class='ocrx_word' id='word_1_868' title='bbox 2437 5668 2499 5724; x_wconf 89' lang='lat' dir='ltr'><strong>In</strong></span> <span class='ocrx_word' id='word_1_869' title='bbox 2529 5653 2696 5722; x_wconf 76' lang='lat' dir='ltr'><strong>Gilot.</strong></span> <span class='ocrx_word' id='word_1_870' title='bbox 2729 5672 2782 5722; x_wconf 91' lang='lat' dir='ltr'><strong>et</strong></span> <span class='ocrx_word' id='word_1_871' title='bbox 2814 5664 3015 5731; x_wconf 86' lang='lat' dir='ltr'><strong>Vatic.,</strong></span> <span class='ocrx_word' id='word_1_872' title='bbox 3046 5659 3278 5732; x_wconf 85' lang='lat' dir='ltr'><strong>faciem;</strong></span> <span class='ocrx_word' id='word_1_873' title='bbox 3307 5653 3603 5732; x_wconf 77' lang='lat' dir='ltr'><strong>manifesto</strong></span> <span class='ocrx_word' id='word_1_874' title='bbox 3632 5661 3839 5732; x_wconf 51' lang='lat' dir='ltr'><strong>errore:</strong></span> 
     </span>
    </p>
   </div>
   <div class='ocr_carea' id='block_1_118' title="bbox 2385 5719 3912 5805">
    <p class='ocr_par' dir='ltr' id='par_1_118' title="bbox 2385 5719 3912 5805">
     <span class='ocr_line' id='line_1_122' title="bbox 2385 5719 3912 5805; baseline -0.013 -9"><span class='ocrx_word' id='word_1_875' title='bbox 2385 5740 2407 5774; x_wconf 81' lang='grc'><strong>⁹</strong></span> <span class='ocrx_word' id='word_1_876' title='bbox 2437 5719 3164 5805; x_wconf 36' lang='lat' dir='ltr'><strong>_S_c.&#39;ﬂntlchristum.l\iide</strong></span> <span class='ocrx_word' id='word_1_877' title='bbox 3199 5719 3386 5805; x_wconf 75' lang='lat' dir='ltr'><strong>supra,</strong></span> <span class='ocrx_word' id='word_1_878' title='bbox 3428 5729 3468 5784; x_wconf 91' lang='lat' dir='ltr'><strong>l.</strong></span> <span class='ocrx_word' id='word_1_879' title='bbox 3509 5741 3695 5793; x_wconf 79' lang='lat' dir='ltr'>XXXII,</span> <span class='ocrx_word' id='word_1_880' title='bbox 3725 5739 3784 5780; x_wconf 95' lang='lat' dir='ltr'><strong>n.</strong></span> <span class='ocrx_word' id='word_1_881' title='bbox 3819 5719 3912 5783; x_wconf 71' lang='grc'><strong>22,</strong></span> 
     </span>
    </p>
   </div>
   <div class='ocr_carea' id='block_1_119' title="bbox 2315 5801 3476 5878">
    <p class='ocr_par' dir='ltr' id='par_1_119' title="bbox 2315 5801 3476 5878">
     <span class='ocr_line' id='line_1_123' title="bbox 2315 5801 3476 5878; baseline -0.006 -12"><span class='ocrx_word' id='word_1_882' title='bbox 2315 5819 2369 5868; x_wconf 85' lang='lat' dir='ltr'><strong>et</strong></span> <span class='ocrx_word' id='word_1_883' title='bbox 2399 5810 2561 5878; x_wconf 86' lang='lat' dir='ltr'><strong>infra,</strong></span> <span class='ocrx_word' id='word_1_884' title='bbox 2595 5809 2630 5864; x_wconf 93' lang='grc'><strong>1.</strong></span> <span class='ocrx_word' id='word_1_885' title='bbox 2663 5823 2860 5873; x_wconf 83' lang='lat' dir='ltr'>XXXIv,</span> <span class='ocrx_word' id='word_1_886' title='bbox 2893 5823 2950 5862; x_wconf 90' lang='lat' dir='ltr'><strong>n.</strong></span> <span class='ocrx_word' id='word_1_887' title='bbox 2985 5806 3033 5872; x_wconf 79' lang='lat' dir='ltr'><strong>l,</strong></span> <span class='ocrx_word' id='word_1_888' title='bbox 3055 5804 3146 5873; x_wconf 71' lang='lat'><strong>29,</strong></span> <span class='ocrx_word' id='word_1_889' title='bbox 3176 5801 3476 5876; x_wconf 75' lang='lat' dir='ltr'><strong>etpassim.</strong></span> 
     </span>
    </p>
   </div>
  </div>
