4156 6178
262 306 360 367 717

998 315 1373 377 MORALIUM
1408 319 1541 378 LIB.
1580 320 1843 382 XXXIV.
1883 353 1955 368 —
1991 325 2064 383 IN
2101 324 2330 385 CAPUT
2365 327 2490 385 XLI
2525 329 2588 387 B.
2630 329 2772 387 JOB.

258 433 500 492 mentius
528 450 733 508 prunas
762 438 950 497 ardere
978 440 1131 511 facit,
1163 447 1292 518 quia
1318 446 1674 519 reproborum
1706 466 1855 507 men-
1887 454 1939 515 Α
1964 451 2080 508 veri
2133 453 2484 524 sententiam,
2529 471 2641 512 non
2684 455 2919 528 lignum,
2962 456 3175 530 fenum,
3216 464 3440 538 stipula,
3480 468 3576 525 sed

259 533 357 593 tes,
390 541 529 597 quas
552 523 669 597 jam
712 527 949 586 calentes
989 547 1174 589 amore
1204 535 1392 607 gloria:
1420 539 1738 611 temporalis
1766 541 1866 597 in-

258 614 495 681 venerit,
547 621 736 678 1116
781 620 1148 690 suggestionis
1182 640 1293 680 suae
1333 624 1554 683 ﬂatibus
1597 644 1769 701 usque
1798 630 1867 688 ad

256 711 563 783 nequitiam
602 715 920 771 exercendae
948 717 1291 776 crudelitatis
1317 720 1583 780 incendit.
1616 724 1770 782 Tunc
1799 725 1866 781 de

257 816 348 856 ore
397 799 517 873 ejus
560 801 781 859 ﬂamma
826 805 1119 876 egreditur,
1170 809 1299 881 quia
1348 812 1618 885 quidquid
1663 829 1759 885 per
1787 830 1865 882 se,

258 888 532 962 quidquid
576 906 671 962 per
704 892 1086 963 praedicatores
1133 914 1259 954 suos
1298 900 1564 973 loquitur,
1609 901 1754 974 ignis
1784 910 1869 959 est

258 993 366 1049 quo
397 977 743 1036 infructuosa
772 980 919 1053 ligna
944 997 1384 1044 concremantur.
1409 989 1539 1063 Igne
1554 998 1738 1048 autem
1761 999 1867 1048 ter-

258 1081 404 1121 renae
434 1068 897 1140 concupiscentiae
932 1088 1122 1130 eorum
1152 1092 1307 1133 mens
1335 1078 1599 1151 tangitur,
1636 1082 1731 1154 qui
1760 1098 1869 1137 ne-

260 1170 535 1227 quaquam
579 1154 700 1211 ﬁeri
750 1158 986 1228 pretiosa
1032 1162 1252 1218 metalla
1288 1165 1707 1237 concupiscunt.
1760 1167 1867 1235 Qui

259 1260 386 1317 ergo
415 1244 529 1301 oris
558 1244 678 1318 ejus
707 1262 819 1303 non
850 1248 972 1305 vult
999 1248 1220 1307 ﬂamma
1247 1251 1413 1322 aﬂici,
1438 1253 1601 1325 juxta
1629 1256 1876 1314 doctoris

1975 559 2193 613 aurum,
2237 553 2545 618 argentum,
2576 556 2630 604 et
2669 547 2940 621 pretiosus
2984 549 3123 623 lapis
3151 562 3306 611 curet
3335 556 3575 616 inveniri

1978 633 2037 704 (I
2064 635 2192 691 Cor.
2221 652 2304 703 ιιι,
2340 636 2455 707 12),
2485 637 2614 710 quia
2642 645 2797 696 tanto
2827 639 2969 714 ignis
2996 643 3269 702 suasionis
3293 646 3444 705 illius
3464 667 3577 709 am-

1975 722 2122 794 plius
2151 723 2417 793 incendit,
2449 735 2654 800 quanto
2683 745 2739 785 se
2767 729 2815 785 ei
2846 729 2913 786 ad
2943 733 3396 795 consentiendum
3427 740 3578 797 mol-

1978 812 2172 868 liorem
2211 814 2443 888 quisque
2491 817 2803 887 praebuerit.
2860 819 2965 878 Sed
2998 822 3127 895 quia
3169 825 3322 883 nulla
3367 829 3578 887 ratione

1977 901 2300 959 conceditur
2327 911 2389 959 ut
2424 921 2578 962 mens
2607 907 2666 962 in
2701 906 2806 965 hac
2833 912 3183 984 corruptibili
3214 932 3376 973 carne
3406 918 3581 991 posita

1978 1007 2323 1066 nequaquam
2359 995 2632 1054 suasionis
2679 997 2832 1055 illius
2868 1000 3062 1058 ardore
3100 1010 3373 1078 tangatur,
3414 1016 3581 1067 restat

1976 1089 2041 1137 ut
2087 1083 2345 1155 malignis
2390 1084 2611 1144 ﬂatibus
2653 1087 2867 1159 adusta,
2913 1090 2982 1147 ad
3024 1094 3290 1153 orationis
3329 1113 3486 1171 opem
3524 1116 3581 1156 se

1985 1170 2105 1226 sine
2128 1173 2431 1230 cessatione
2461 1185 2764 1235 convertat.
2809 1180 3111 1238 Flammam
3156 1170 3584 1263 quippesugge—

1984 1260 2231 1317 stionum
2266 1262 2417 1320 illius
2445 1266 2752 1340 exstinguit
2769 1268 2933 1327 citius
2952 1271 3101 1329 unda
3120 1260 3508 1349 lacrymarum:

268 1375 3551 1425 ——————_________________________________

1018 1538 1357 1623 LIBER
1463 1538 2151 1627 TRIGESIMUS
2264 1543 2818 1644 QUARTUS.

257 1691 632 1776 Exponitur
659 1694 893 1774 capitis
920 1715 1018 1759 xu
1049 1713 1275 1760 versus
1306 1699 1377 1762 13
1405 1715 1558 1791 cum
1580 1697 1881 1791 reliquis,
1903 1699 1995 1791 de
2016 1701 2262 1764 diaboli
2284 1711 2649 1791 prasertim
2673 1713 2981 1791 superbia
3008 1723 3072 1780 et
3099 1719 3489 1784 saevissimis
3507 1720 3585 1783 in

1263 1786 1523 1841 sanctos
1550 1779 1944 1843 Antichristi
1966 1779 2546 1861 persecutionibus.

781 1909 1016 1967 CAPUT
1055 1910 1347 1969 PRIMUM.

338 2024 386 2080 1.
421 2024 713 2082 Senescente
749 2027 967 2094 mundo,
1001 2027 1366 2084 tribulationes
1407 2045 1523 2084 cum
1553 2028 1874 2101 temporibus

254 2121 514 2172 crescunt.
546 2116 804 2173 Diabolus
849 2124 991 2173 tanto
1038 2118 1217 2174 acrius
1259 2117 1424 2187 secvit,
1469 2124 1667 2190 quanto
1704 2135 1875 2191 pwme

253 2206 700 2261 consummationi
734 2212 810 2262 est
849 2206 1093 2263 vicinior.
1126 2237 1196 2248 —
1242 2206 1382 2274 Quia
1428 2223 1498 2262 ex
1526 2206 1634 2266 hoc
1662 2206 1876 2264 mundo

249 2308 461 2365 corpus
490 2296 755 2367 gerimus,
786 2294 1165 2352 universitatis
1194 2297 1495 2353 terminum
1526 2298 1541 2331 ¹
1574 2313 1644 2354 ex
1672 2314 1736 2354 ea
1767 2313 1879 2371 qua

250 2398 363 2438 nos
391 2399 584 2440 sumus
628 2392 783 2457 parte
811 2400 1120 2457 pensemus.
1154 2384 1332 2441 Citius
1361 2386 1563 2459 quippe
1595 2386 1777 2459 qualis
1805 2388 1878 2444 sit

246 2471 461 2528 mundi
506 2472 636 2528 ﬁnis
667 2473 1037 2543 agnoscimus,
1068 2473 1113 2527 si
1160 2473 1399 2530 sollicite
1437 2475 1736 2546 aspicimus
1774 2473 1881 2534 hoc

246 2558 417 2633 quod
464 2558 532 2614 de
565 2560 773 2615 mundo
804 2568 1093 2632 gestamus.
1138 2562 1295 2617 [Etas
1333 2562 1536 2617 etenim
1566 2571 1754 2620 nostra
1785 2580 1881 2637 per

240 2646 557 2721 juveniles
587 2663 761 2703 annos
791 2649 1068 2707 robustius
1089 2652 1256 2724 viget,
1279 2653 1336 2708 in
1357 2651 1518 2707 senili
1539 2659 1721 2708 autem
1743 2661 1879 2709 tem-

247 2752 402 2810 pore
460 2736 935 2794 crebrescentibus
981 2739 1188 2797 morbis
1243 2741 1610 2815 excoquitur;
1665 2752 1719 2800 et
1746 2743 1878 2800 dum

250 2823 482 2881 diutius
512 2824 854 2881 distenditur
880 2834 942 2882 ut
974 2828 1257 2898 subsistat,
1291 2829 1564 2886 moriendi
1597 2831 1715 2889 vice
1746 2850 1878 2906 quo-

254 2912 401 2973 tidie
432 2913 621 2970 deficit
653 2931 750 2986 per
779 2926 1055 2974 momenta
1084 2917 1333 2975 vivendi.
1364 2921 1445 2975 Ita
1483 2920 1649 2977 etiam
1682 2922 1879 2978 mundi

257 3012 486 3075 tempus
530 3002 663 3059 dum
712 3004 1059 3063 venientibus
1106 3007 1264 3065 annis
1314 3001 1578 3081 augetur,’
1615 3012 1636 3046 ²
1667 3011 1879 3068 crebre-

256 3092 739 3165 scentibustmalis
767 3088 1038 3165 adicitur;
1062 3104 1115 3153 et
1146 3098 1290 3154 unde
1319 3098 1495 3155 aetatis
1515 3106 1877 3172 augmentum

258 3180 523 3256 percipit,
558 3183 686 3240 inde
716 3184 907 3241 salutis
935 3185 1286 3259 dispendium
1317 3188 1503 3245 sentit.
1537 3189 1881 3247 Tribulatio-

2480 1920 2708 1981 CAPUT
2735 1925 2785 1983 II
2816 1922 2960 2000 [Rec.
2992 1928 3102 2005 II].

2057 2004 2228 2062 Vsus.
2264 2006 2350 2064 13.
2387 2039 2458 2050 -
2484 2012 2550 2068 In
2575 2015 2709 2071 collo
2728 2013 2840 2084 ejus
2859 2004 3158 2077 morabitur
3182 2019 3463 2092 fortitudo.

2058 2092 2111 2149 2.
2159 2094 2429 2167 Superbia
2468 2101 2786 2160 Antichristi
2821 2109 3023 2165 accedet
3048 2111 3319 2182 explenda
3345 2114 3590 2186 nequitiae

1980 2188 2232 2254 potestas.
2263 2214 2333 2227 —
2361 2186 2506 2255 Quid
2531 2190 2679 2247 enim
2709 2193 2852 2251 collo
2884 2196 3188 2255 Leviathan
3219 2199 3401 2270 istius,
3435 2203 3456 2237 ‘
3479 2202 3586 2258 nisi

1988 2270 2242 2329 elationis
2271 2277 2520 2334 extensio
2561 2278 2877 2354 designatur
2895 2284 2925 2341 ?
2972 2302 3079 2359 qua
3110 2295 3303 2345 contra
3326 2290 3503 2346 Deum
3532 2309 3589 2349 se

1988 2360 2223 2434 erigens,
2272 2380 2396 2421 cum
2441 2366 2794 2427 simulatione
2824 2373 3129 2432 sanctitatis
3173 2376 3336 2433 etiam
3375 2385 3590 2435 tumore

1994 2454 2278 2522 potestatis
2308 2456 2613 2514 extollitur.
2647 2458 2788 2527 Quia
2814 2462 2963 2519 enim
2990 2480 3086 2538 per
3105 2467 3308 2524 collum
3335 2468 3591 2543 superbia

1996 2540 2350 2630 supprimitur,
2382 2546 2549 2604 Isaias
2588 2548 2853 2621 propheta
2883 2561 3132 2624 testatur,
3163 2556 3258 2630 qui
3288 2540 3589 2615 Jerusalem

1992 2627 2136 2686 ﬁlias
2164 2631 2467 2707 redarguit,
2509 2637 2731 2695 dicens:
2774 2627 3198 2700 Ambulaverunt
3224 2652 3428 2702 extento
3457 2649 3591 2705 collo

1994 2718 2150 2791 (Isai.
2183 2739 2264 2793 ur,
2288 2724 2401 2798 16).
2424 2727 2485 2782 In
2503 2728 2645 2785 collo
2660 2746 2788 2803 ergo
2807 2732 3114 2791 Leviathan
3143 2735 3305 2793 istius
3320 2736 3591 2796 fortitudo

1993 2807 2265 2868 demorari
2287 2813 2512 2886 dicitur,
2535 2819 2664 2891 quia
2684 2822 2910 2879 elationi
2940 2824 3092 2881 illius
3113 2826 3279 2882 etiam
3299 2826 3594 2899 subjuncta

1993 2903 2237 2972 potentia
2265 2904 2613 2977 suffragatur.
2644 2909 2779 2965 Nam
2808 2912 3079 2985 quidquid
3095 2922 3229 2973 tunc
3252 2916 3484 2989 superbe
3501 2933 3593 2974 ex-

1992 2990 2232 3062 tollitur,
2287 2994 2559 3070 quidquid
2602 2998 2799 3056 callide
2837 3002 3208 3075 machinatur,
3252 3008 3417 3063 etiam
3465 3024 3594 3065 cum

1991 3078 2200 3137 virtute
2238 3083 2497 3155 potentiae
2540 3087 2818 3146 saecularis
2846 3093 3184 3166 exsequitur.
3214 3094 3371 3163 Quod
3400 3097 3594 3155 Daniel

1996 3168 2261 3242 propheta
2287 3172 2528 3244 intuens,
2560 3176 2667 3234 ait:
2699 3179 2872 3236 Dolus
2896 3182 2954 3237 in
2995 3199 3157 3238 manu
3184 3182 3297 3254 ejus
3335 3183 3595 3258 dirigetur

259 3286 366 3327 nes
393 3287 630 3345 namque
659 3272 743 3328 illi
773 3290 898 3329 cum
930 3276 1272 3349 temporibus
1301 3288 1573 3348 crescunt,
1611 3289 1664 3336 et
1693 3297 1757 3337 eo
1786 3280 1876 3338 de-
1911 3293 1955 3354 ο
1995 3259 2161 3358 (Dm?-
2195 3279 2318 3332 νων
2350 3264 2466 3358 25)ι
2498 3266 2669 3324 Doms
2696 3270 2897 3344 (ΙΠῙΡΡΘ
2917 3272 2975 3327 in
3004 3289 3172 3331 manu
3191 3272 3310 3347 eius
3336 3281 3418 3331 θεῖ
3445 3274 3595 3333 fraus

262 3359 529 3416 trimenta
572 3364 701 3416 vitae
746 3360 983 3420 debilior
1028 3367 1244 3435 tolerat,
1275 3383 1384 3439 quo
1415 3370 1571 3442 quasi
1602 3370 1669 3426 ad
1702 3370 1876 3428 vitam

262 3448 590 3523 provectior
608 3449 787 3509 durat.
812 3454 963 3511 Totis
979 3455 1125 3512 enim
1147 3466 1339 3514 contra
1359 3457 1519 3515 illum
1544 3458 1719 3516 hostis
1739 3461 1879 3517 anti-

266 3553 415 3612 quus
440 3538 659 3596 viribus
686 3541 941 3612 solvitur,
966 3544 1059 3617 qui
1084 3545 1341 3618 quamvis
1356 3544 1469 3617 jam
1498 3563 1649 3603 nunc
1668 3547 1883 3605 interiit

265 3644 373 3701 pro
399 3643 463 3684 eo
494 3629 640 3701 quod
669 3647 917 3705 supernae
948 3633 1289 3691 conditionis
1316 3634 1719 3693 beatitudinem
1749 3637 1882 3693 ami-

266 3714 364 3786 sit,
398 3724 536 3775 tunc
582 3728 760 3777 tamen
806 3722 1025 3794 plenius
1071 3721 1469 3795 exstinguitur,
1501 3725 1742 3798 quando,
1772 3735 1826 3783 et
1852 3743 1885 3783 a

266 3805 526 3863 tentandi
556 3806 777 3865 licentia
802 3810 1126 3881 abstractus,
1150 3812 1369 3869 aeternis
1394 3812 1670 3870 incendiis
1690 3816 1882 3888 religa-

270 3906 382 3954 tur.
418 3898 573 3955 Unde
598 3908 651 3957 et
680 3909 927 3958 extrema
958 3901 1154 3958 mundi
1183 3902 1423 3961 atrocius
1455 3911 1764 3962 tentaturus
1795 3923 1882 3979 ag-

272 3984 543 4059 greditur,
568 3989 697 4062 quia
711 3997 866 4047 tanto
882 3991 944 4048 ﬁt
964 3990 1266 4049 ferventior
1283 3992 1351 4049 ad
1368 3993 1658 4063 saevitiam,
1679 4002 1884 4068 quanto

271 4091 334 4131 se
363 4076 697 4135 viciniorem
740 4080 907 4137 sentit
952 4080 1015 4138 ad
1057 4098 1295 4155 poenam.
1329 4082 1653 4140 Considerat
1681 4085 1884 4157 quippe

274 4165 425 4237 quod
464 4164 629 4239 juxta
670 4169 741 4225 sit
788 4179 848 4226 ut
895 4170 1174 4227 licentiam
1223 4173 1575 4245 nequissimae
1616 4173 1885 4231 libertatis

273 4255 512 4326 amittat,
543 4265 597 4314 et
635 4268 903 4332 quantum
932 4258 1199 4316 brevitate
1230 4262 1493 4334 temporis
1531 4271 1884 4334 angustatur,

273 4350 494 4401 tantum
528 4346 941 4420 multiplicitate
969 4348 1312 4405 crudelitatis
1349 4349 1702 4421 expanditur,
1743 4351 1889 4409 sicut

274 4431 341 4490 de
370 4434 471 4492 illo
496 4452 631 4493 voce
660 4437 905 4510 angelica
933 4437 1003 4494 ad
1035 4438 1301 4494 Joannem
1338 4438 1577 4495 dicitur:
1622 4440 1705 4498 Va:
1734 4447 1890 4497 terra:

275 4529 324 4578 et
348 4525 515 4592 mari,
562 4526 689 4597 quia
727 4527 987 4583 descendit
1029 4526 1274 4582 diabolus
1311 4528 1381 4583 ad
1410 4545 1499 4583 vos
1528 4528 1719 4586 habens
1747 4527 1889 4584 iram

274 4629 545 4685 magnam,
594 4616 760 4672 sciens
801 4618 941 4689 quod
988 4616 1249 4671 modicum
1280 4622 1479 4688 tempus
1516 4617 1666 4672 habet
1698 4617 1884 4689 (Apoc.

274 4718 381 4769 ιιι,
418 4704 531 4777 12).
566 4706 721 4763 Tunc
749 4722 877 4778 ergo
910 4707 967 4762 in
996 4722 1207 4779 magna;
1236 4706 1331 4762 irae
1360 4707 1632 4763 fervorem
1664 4723 1721 4763 se
1750 4706 1886 4763 dila-

275 4795 378 4861 tat,
399 4808 467 4849 ne
494 4794 588 4866 qui
618 4794 676 4850 in
704 4794 1049 4853 beatitudine
1069 4803 1210 4853 stare
1231 4813 1342 4852 non
1363 4797 1565 4870 potuit,
1587 4796 1645 4851 in
1665 4795 1887 4852 damna-

274 4880 451 4938 tionis
479 4899 592 4941 sua:
624 4884 841 4941 foveam
870 4903 996 4944 cum
1043 4887 1233 4958 paucis
1260 4893 1401 4943 ruat.
1435 4887 1591 4943 Tunc
1617 4885 1890 4960 quidquid

277 4972 539 5045 nequiter
564 4976 823 5047 valuerit,
849 4979 869 5013 ³
895 4976 1149 5035 callidius
1178 4976 1438 5050 exquirit;
1464 4982 1598 5034 tunc
1617 4978 1888 5034 cervicem

277 5062 554 5136 superbiae
584 5066 749 5124 altius
770 5067 952 5141 erigit,
982 5077 1036 5126 et
1063 5084 1159 5140 per
1187 5066 1505 5124 damnatum
1536 5066 1694 5122 illum
1726 5081 1888 5139 quem

278 5159 458 5223 gestat
502 5152 787 5212 hominem
836 5172 998 5213 omne
1042 5153 1189 5229 quod
1228 5155 1605 5228 temporaliter
1629 5154 1890 5227 praevalet

275 5241 538 5315 nequiter
578 5245 837 5304 ostendit.
885 5244 1039 5303 Unde
1083 5252 1139 5302 et
1186 5242 1378 5301 divina
1406 5260 1539 5300 voce
1569 5249 1715 5299 recte
1742 5258 1891 5301 nunc

278 5329 492 5389 dicitur
515 5351 527 5389 ε

361 5553 378 5596 ¹
411 5561 532 5617 Duo
561 5558 772 5630 Germ.,
801 5558 998 5629 Laud,
1043 5557 1255 5617 Gemet.
1296 5564 1350 5614 et
1387 5554 1557 5629 plur.,
1589 5573 1653 5615 ea
1686 5572 1748 5614 ea
1776 5570 1893 5630 qtae

280 5648 533 5783 nog'y‘al.
568 5704 694 5783 C_l.,_
709 5703 1052 5783 crescentibus
1080 5702 1255 5758 nmiis.

360 5775 380 5809 ³
412 5775 560 5832 Idem
584 5775 772 5834 Codex
800 5793 927 5833 cum
958 5775 1167 5843 Germ,
1199 5774 1448 5830 callidus.

363 5848 384 5880 ‘
414 5847 494 5904 Ita
521 5847 717 5916 Laud,
752 5844 1014 5913 Vindoc.,
1045 5840 1161 5902 duo
1184 5847 1391 5914 Germ.,
1418 5848 1657 5912 (leniet,
1688 5840 1893 5919 aliique

1992 3348 2051 3403 in
2080 3348 2307 3420 virtute,
2340 3354 2470 3427 quia
2514 3372 2678 3415 omne
2725 3360 2873 3433 quod
2911 3364 3165 3437 nequiter
3202 3365 3343 3433 vult,
3389 3363 3496 3423 hoc
3526 3366 3595 3423 ad

1989 3443 2205 3511 tempus
2247 3444 2474 3516 exsequi
2518 3445 2681 3503 etiam
2725 3448 2942 3508 fortiter
2968 3460 3165 3524 potest.
3195 3455 3216 3489 ⁸
3250 3454 3425 3510 Dolus
3463 3470 3594 3512 vero

1992 3526 2110 3599 ejus
2153 3529 2317 3602 dirigi
2349 3532 2576 3603 dicitur,
2608 3537 2737 3609 quia
2777 3538 2988 3597 fraudis
3029 3541 3147 3614 ejus
3188 3543 3404 3599 malitia
3441 3545 3595 3601 nulla

1994 3617 2318 3675 difﬁcultate
2348 3622 2697 3694 praepeditur.
2733 3627 2848 3684 Hoc
2876 3629 3025 3685 enim
3054 3631 3357 3687 Leviathan
3384 3632 3487 3688 iste
3505 3634 3594 3689 vel

1991 3726 2122 3767 vasa
2168 3709 2285 3782 ejus
2321 3711 2522 3770 habere
2562 3714 2754 3772 crebro
2795 3719 3079 3790 proprium
3120 3722 3317 3789 solent,
3350 3720 3498 3793 quod
3526 3721 3595 3777 ad

1993 3799 2306 3873 iniquitatis
2340 3818 2451 3859 suae
2495 3804 2778 3860 cumulum
2814 3823 2875 3862 ea
2903 3824 3026 3881 quae
3053 3809 3306 3885 nequiter
3333 3817 3597 3883 appetunt

1993 3891 2216 3964 explere
2243 3893 2480 3966 nequius
2506 3902 2758 3968 possunt.

2065 3981 2116 4037 3.
2158 3982 2344 4038 Divini
2371 3984 2607 4039 muneris
2634 3992 2710 4040 est
2746 4002 2869 4059 erga
2908 3986 3107 4057 electos,
3144 3986 3285 4059 quod
3317 3988 3597 4063 cogitatum

1994 4071 2194 4126 malum
2226 4080 2537 4145 perpetrare
2576 4082 2849 4147 nequeant.
2896 4105 2967 4117 --
3004 4077 3142 4133 Nam
3194 4094 3323 4136 cum
3368 4080 3597 4139 fortasse

1995 4157 2351 4218 inﬁrmantur
2379 4164 2560 4234 electi,
2586 4174 2748 4239 atque
2776 4165 2834 4221 in
2862 4165 3154 4224 desideriis
3170 4166 3382 4227 illicitis
3407 4179 3594 4239 ruunt,

1995 4249 2053 4306 in
2092 4250 2198 4309 hoc
2228 4254 2550 4329 plerumque
2579 4256 2759 4313 divini
2790 4258 3034 4315 muneris
3073 4274 3239 4315 manu
3268 4260 3596 4331 retinentur,

2000 4340 2148 4413 quod
2191 4343 2493 4399 voluntatis
2531 4344 2742 4402 miserae
2789 4346 2974 4403 nullos
3010 4348 3237 4406 effectus
3282 4350 3595 4408 inveniunt.

1997 4428 2246 4503 Cumque
2291 4447 2479 4487 eorum
2521 4433 2666 4490 votis
2714 4434 2899 4491 valida
2944 4439 3303 4496 contrarietas
3331 4441 3595 4511 nascitur,

1998 4519 2321 4594 plerumque
2367 4537 2437 4577 ex
2486 4523 2603 4595 ipsa
2647 4522 3091 4597 impossibilitate
3131 4530 3503 4603 corriguntur,
3544 4538 3598 4587 et

2002 4607 2144 4663 miro
2174 4609 2403 4667 internae
2432 4610 2810 4684 dispositionis
2830 4614 3042 4684 ordine,
3069 4634 3166 4690 per
3183 4621 3595 4677 conversionem

2001 4698 2237 4755 mutatio
2258 4701 2415 4758 malae
2437 4702 2738 4760 voluntatis
2767 4706 3036 4778 sequitur,
3068 4706 3200 4764 dum
3232 4725 3327 4781 per
3352 4707 3597 4765 inﬁrmi—

1997 4793 2168 4844 tatem
2196 4790 2460 4862 perfectio
2489 4791 2806 4865 denegatur.
2840 4795 2983 4852 Hinc
3008 4804 3091 4853 est
3120 4797 3268 4852 enim
3299 4796 3466 4869 quod,
3496 4792 3596 4851 sub

2000 4879 2178 4951 specie
2208 4880 2642 4957 uniuscujusque
2671 4884 2888 4953 animae,
2933 4885 3000 4942 de
3037 4885 3350 4941 inﬂrmante
3389 4884 3596 4953 Iudaea,

2005 4975 2168 5042 atque
2198 4969 2258 5025 in
2288 4971 2472 5042 pravis
2500 4972 2794 5030 itineribus
2821 4972 3123 5045 gradiente,
3153 4988 3248 5045 per
3275 4973 3597 5046 prophetam

2005 5060 2275 5117 Dominus
2305 5059 2475 5118 dicit:
2521 5063 2653 5118 Ecce
2692 5080 2779 5133 ego
2827 5062 3025 5134 sepiam
3050 5062 3193 5118 viam
3232 5068 3376 5118 tuam
3409 5069 3597 5126 1117

1998 5156 2186 5229 spinis,
2218 5161 2265 5211 et
2291 5157 2489 5228 sepiam
2516 5175 2630 5215 eam
2657 5157 2909 5223 maceria,
2937 5164 2987 5213 et
3009 5158 3219 5215 semitas
3248 5176 3372 5215 suas
3390 5176 3497 5217 non
3520 5159 3600 5217 in-

1998 5246 2183 5314 veniet,
2214 5253 2261 5302 et
2288 5252 2532 5318 sequetur
2556 5254 2820 5304 amatores
2848 5265 2990 5315 suos,
3025 5255 3072 5304 et
3112 5265 3217 5304 non
3253 5250 3600 5322 apprehendet

1998 5351 2104 5406 eos,
2138 5342 2185 5392 et
2213 5343 2411 5408 quwret
2441 5353 2544 5403 eos,
2574 5344 2622 5393 et
2648 5339 2669 5375 δ
2698 5354 2805 5393 non
2840 5337 3107 5395 inveniens
3135 5337 3296 5395 dicet:
3329 5339 3528 5399 Vadam
3550 5346 3599 5397 et

1998 5556 2187 5616 Norm.
2218 5557 2279 5614 In
2307 5555 2486 5614 Editis
2516 5555 2793 5614 veteribus
2823 5563 2877 5614 et
2905 5556 3323 5629 recentioribus,
3353 5562 3596 5619 ostensio.

2072 5632 2186 5714 “uln
2217 5629 2416 5711 Laud,
2444 5629 2938 5714 post'hLeCjerba,
2971 5631 3125 5714 dolus
3152 5648 3296 5701 vero,
3326 5631 3404 5714 ad
3423 5649 3593 5706 marg.

2002 5702 2204 5773 legitur
2229 5720 2240 5756 :
2274 5701 2330 5755 in
2356 5701 2519 5756 manu
2547 5701 2679 5771 ejus.
2712 5701 2821 5757 Alii
2845 5703 2970 5759 Mss.
2982 5744 2996 5772 ,
3025 5704 3179 5761 dolus
3207 5721 3328 5775 ergo
3356 5703 3488 5774 ejus.
3546 5701 3568 5706 ⁷

2005 5776 2096 5847 ηδ
2146 5773 2341 5840 Laud,
2387 5772 2497 5847 duo
2544 5774 2754 5847 Ge_rm.,
2802 5773 3063 5847 Vindoc.,
3113 5776 3350 5843 Gcmet.,
3396 5774 3599 5847 aliique

2146 5811 2341 5840 μαυιιι,
2387 5811 2497 5829 uuv
2545 5811 2754 5841 υυιιιιι,
2820 5811 3063 5844 νιιιυυυο,
3114 5811 3350 5843 υυιιιυισ)

2003 5845 2217 5910 Norm.,
2248 5850 2295 5897 et
2322 5862 2423 5898 non
2455 5845 2700 5913 iiweniet,
2730 5851 2777 5900 et
2804 5846 2953 5903 dicet.

3465 339 3573 397 718
3659 340 3674 357 “
