4156 6178
526 351 627 407 719

1744 339 1994 400 SANCTI
2030 340 2368 400 GBEGORII
2403 337 2633 399 MAGNI

3731 337 3840 398 720

522 479 762 532 revertar
788 471 862 529 ad
887 469 1063 528 virum
1088 485 1260 526 meum
1269 468 1527 540 priorem,
1549 465 1677 540 quia
1705 467 1836 522 mihi
1853 467 1975 524 bene
2004 473 2124 524 erat
2149 469 2200 530 Α
2228 467 2314 523 vir
2340 453 2521 523 videns
2561 471 2926 539 paupertatem
2967 481 3132 522 meam
3167 463 3227 521 in
3241 464 3407 537 .virga
3451 463 3844 538 indignationis

527 571 648 621 tunc
672 564 843 636 magis
883 579 1043 636 quam
1077 576 1216 617 nunc
1247 559 1398 632 (Osee
1425 576 1488 627 ιι,
1527 557 1581 626 6,
1623 556 1702 630 7).
1745 557 1930 630 Spinis
1973 558 2121 614 enim

527 655 827 712 electorum
856 652 961 708 vite
989 650 1298 724 sepiuntur,
1329 647 1462 704 dum
1495 649 1512 682 ί
1535 645 1785 703 dolorem
1807 646 2128 718 punctionis

527 741 823 798 inveniunt
870 740 927 796 in
970 739 1076 796 hoc
1112 735 1258 810 quod
1291 735 1666 808 temporaliter
1707 737 2124 809 concupiscunt.

528 831 694 900 Quasi
725 829 1047 902 interposita
1074 825 1308 883 maceria
1337 827 1358 860 ²
1391 825 1497 882 viis
1523 842 1713 882 eorum
1743 825 1950 894 obviat,
1983 843 2130 898 quo—

531 938 654 978 rum
684 919 952 977 nimirum
981 918 1252 976 desideria
1281 919 1302 952 ³
1325 917 1678 990 perfectionis
1705 916 2009 974 difﬁcultas
2029 917 2131 973 im-

531 1018 754 1085 pugnat.
776 1011 982 1066 Horum
1015 1009 1258 1082 profecto
1289 1007 1487 1065 animae
1515 1017 1785 1064 amatores
1814 1025 1942 1064 suos
1971 1023 2131 1080 quas-

532 1108 682 1170 runt,
731 1107 786 1156 et
829 1116 942 1156 non
992 1099 1308 1170 inveniunt,
1357 1099 1490 1157 dum
1538 1100 1816 1174 sequendo
1862 1099 2133 1172 malignos

533 1191 780 1264 spiritus,
811 1205 1156 1263 nequaquam
1186 1207 1276 1247 eas
1303 1207 1437 1264 quas
1455 1199 1719 1264 appetunt
1751 1189 1918 1262 hujus
1945 1189 2134 1246 saeculi

534 1279 844 1350 voluptates
872 1277 1310 1350 apprehendunt.
1335 1280 1481 1335 Bene
1499 1286 1682 1335 autem
1701 1277 1958 1336 subditur
1983 1277 2135 1350 quod

535 1382 605 1422 ex
633 1365 752 1439 ipsa
779 1365 1102 1424 difﬁcultate
1129 1384 1258 1423 mox
1288 1365 1473 1423 dicat:
1515 1368 1715 1425 Vadam
1735 1373 1783 1422 et
1807 1371 2048 1422 revertar
2065 1365 2137 1420 ad-

534 1457 712 1512 virum
740 1474 908 1512 meum
935 1457 1188 1528 priorem,
1220 1456 1348 1528 quia
1377 1457 1497 1512 bene
1522 1457 1654 1512 mihi
1681 1462 1797 1512 erat
1826 1462 1947 1511 tunc
1969 1455 2138 1526 magis

537 1563 700 1618 quam
739 1565 878 1603 nunc
925 1547 1114 1621 (Ibid.,
1169 1548 1248 1618 7).
1291 1547 1448 1603 Prior
1489 1547 1690 1620 quippe
1738 1545 1824 1600 vir
1866 1545 2139 1602 Dominus

540 1648 641 1710 est,
665 1640 760 1715 qui
787 1647 992 1697 castam
1013 1639 1119 1696 sibi
1143 1639 1385 1696 animam
1416 1638 1592 1696 sancti
1614 1637 1852 1709 Spiritus
1882 1636 2141 1708 interpo-

541 1731 648 1786 sito
664 1745 848 1786 amore
869 1729 1180 1803 conjunxit.
1198 1729 1372 1798 Quem
1393 1736 1526 1786 tunc
1540 1743 1695 1784 mens
1709 1726 2141 1798 uniuscujusque

2237 555 2349 627 eius
2375 557 2598 628 (Thren.
2631 573 2716 623 ιιι,
2750 555 2828 627 1).
2857 554 3026 626 Virga
3043 552 3191 611 enim
3219 552 3624 626 indignationis
3643 554 3744 611 Dei
3759 563 3846 612 est

2239 647 2518 721 percussio
2566 644 2948 702 districtionis.
3001 645 3176 714 Quam
3219 643 3660 716 indignationem
3707 653 3845 704 tunc

2238 738 2407 794 homo
2455 736 2700 809 pertulit,
2731 752 2857 792 cum
2899 751 2969 790 ex
3002 733 3252 806 paradiso
3299 735 3512 806 pulsus,
3552 751 3708 791 veras
3748 735 3848 791 in-

2240 827 2382 882 terni
2415 825 2600 898 gaudii
2629 824 2854 880 divitias
2882 823 3069 880 amisit
3092 823 3300 895 (Genes.
3329 841 3415 891 ιιι,
3445 823 3564 894 24).
3592 824 3697 880 Sed
3713 825 3848 897 quia

2241 915 2402 971 electi
2447 915 2652 987 quique
2689 913 3025 970 incessanter
3052 911 3402 984 conspiciunt
3429 912 3576 985 quod
3605 913 3664 968 in
3695 929 3850 984 pra:-

2242 1004 2413 1060 sentis
2441 1003 2569 1060 vita
2620 1002 2904 1075 penuriam
2935 1001 3002 1058 ab
3031 1001 3128 1056 illa
3154 1001 3438 1074 potestatis
3467 1001 3724 1072 ingenita
3754 1001 3852 1057 fa-

2243 1093 2447 1150 cultate
2475 1091 2815 1159 ceciderunt,
2838 1091 2975 1148 bene
2990 1091 3195 1149 dicitur
3218 1109 3230 1146 :
3263 1092 3378 1164 Ego
3393 1091 3479 1146 vir
3505 1091 3689 1148 videns
3709 1109 3852 1163 pau-

2239 1187 2497 1254 pertatem
2526 1199 2694 1238 meam
2734 1182 2965 1251 (Thren.
3013 1198 3098 1250 ιιι,
3147 1182 3226 1254 1).
3257 1179 3522 1254 Quisquis
3549 1181 3696 1237 enim
3729 1180 3852 1238 haec

2246 1270 2428 1329 adhuc
2458 1270 2706 1328 visibilia
2731 1271 2962 1344 appetit,
2991 1269 3447 1344 peregrinationis
3488 1287 3601 1326 suae
3633 1271 3845 1326 malum

2252 1365 2444 1424 1118
2471 1377 2584 1418 non
2612 1360 2896 1432 intelligit,
2927 1367 2982 1416 et
3011 1358 3117 1416 hoc
3144 1359 3325 1431 ipsum
3355 1358 3500 1432 quod
3528 1358 3739 1431 patitur
3766 1359 3854 1416 vi-

2249 1457 2378 1516 dere
2422 1457 2617 1515 nescit.
2668 1457 2822 1514 Hanc
2848 1464 3224 1530 paupertatem
3253 1453 3429 1511 David
3455 1454 3722 1526 propheta
3750 1453 3853 1510 in-

2249 1556 2430 1616 tuens,
2473 1547 2586 1603 ait:
2629 1547 2916 1620 Inﬁrmata
2956 1551 3030 1601 est
3069 1545 3128 1600 in
3171 1549 3478 1617 paupertate
3520 1543 3692 1598 virtus
3731 1559 3860 1598 mea

2254 1638 2428 1711 (Psal.
2449 1654 2591 1707 xxx,
2616 1637 2728 1710 11).
2748 1639 2810 1694 In
2831 1644 3144 1710 paupertate
3155 1634 3360 1692 etenim
3381 1635 3558 1690 virtus
3582 1632 3855 1689 inﬁrmari

2251 1729 2478 1800 dicitur,
2508 1729 2639 1802 quia
2659 1729 2840 1801 lapsus
2862 1728 2918 1784 in
2948 1727 3052 1784 hac
3075 1725 3512 1801 peregrinatione
3539 1724 3779 1790 animus,
3798 1729 3860 1780 et

543 1819 838 1889 desiderat,
868 1837 996 1876 cum
1025 1819 1359 1890 multiplices
1385 1816 1780 1873 amaritudines
1809 1815 1961 1871 velut
1985 1831 2141 1888 quas-
2175 1824 2223 1885 Β
2253 1817 2626 1890 corruptionis
2669 1833 2782 1872 suae
2825 1815 3093 1872 molestiis
3133 1815 3532 1882 reverberatus,
3565 1813 3673 1870 hoc
3699 1811 3862 1886 quod

545 1909 670 1966 dam
702 1907 887 1980 spinas
915 1908 1133 1964 invenit
1160 1909 1218 1963 in
1245 1907 1315 1964 iis
1342 1906 1800 1964 delectationibus
1831 1923 1966 1980 quas
1993 1913 2149 1962 tem—

547 1997 809 2070 poraliter
883 1995 1242 2070 concupiscit.
1307 1996 1444 2054 Nam
1521 1995 1654 2053 dum
1720 1995 2148 2052 adversitatibus

551 2085 746 2142 mundi
787 2102 951 2159 quem
994 2084 1178 2158 diligit
1225 2085 1466 2142 morderi
1509 2085 1694 2142 anima
1739 2085 1983 2158 coeperit,
2015 2091 2151 2140 tunc

547 2174 766 2246 plenius
794 2173 1054 2247 intelligit
1081 2181 1288 2247 quanto
1316 2173 1402 2228 illi
1429 2189 1556 2230 cum
1587 2173 1770 2246 priore
1797 2172 1920 2229 viro
1951 2172 2151 2228 melius

549 2263 676 2320 fuit.

619 2352 672 2410 4.
717 2354 857 2422 Quos
883 2353 1129 2409 voluntas
1149 2368 1326 2425 prava
1354 2350 1632 2424 pervertit,
1653 2367 1788 2424 saepe
1813 2351 2033 2423 corrigit
2059 2351 2154 2407 ad-

550 2445 792 2503 versitas.
828 2475 900 2487 —-
925 2447 1034 2502 Eos
1063 2461 1190 2518 ergo
1219 2461 1356 2519 quos
1383 2445 1642 2500 voluntas
1667 2459 1836 2516 prava
1863 2443 2152 2516 pervertit,

552 2535 879 2608 plerumque
904 2533 1204 2590 adversitas
1232 2533 1478 2606 corrigit.
1504 2532 1660 2592 Unde
1685 2539 1740 2588 et
1767 2532 1935 2588 nimis
1957 2531 2154 2587 timen-

554 2623 688 2679 dum
718 2631 800 2680 est
827 2638 896 2678 ne
923 2631 1224 2694 sequantur
1241 2637 1501 2694 prospera
1523 2637 1649 2678 cum
1671 2621 2054 2676 desiderantur
2073 2620 2156 2676 in-

551 2712 722 2785 justa,
753 2713 884 2786 quia
911 2711 1194 2769 diﬁicilius
1221 2711 1428 2768 malum
1456 2711 1772 2784 corrigitur,
1801 2709 1948 2784 quod
1980 2710 2157 2783 perfe-

556 2800 761 2858 ctionis
787 2799 952 2858 etiam
975 2799 1336 2874 prosperitate
1356 2800 1604 2857 fulcitur.
1636 2799 1942 2855 Leviathan
1973 2799 2160 2872 itaque

557 2890 664 2948 iste
704 2891 801 2965 qui
839 2907 964 2948 cum
1004 2889 1266 2946 membris
1303 2891 1417 2946 suis
1454 2889 1672 2947 aeternis
1713 2896 1795 2946 est
1823 2888 2162 2946 cruciatibus

559 2981 870 3056 deputatus,
894 2989 948 3039 et
967 2981 1128 3038 dolus
1157 2979 1214 3036 in
1235 2996 1402 3036 manu
1423 2979 1542 3054 ejus
1568 2979 1846 3053 dirigitur,
1868 2986 1922 3035 et
1941 2978 2000 3034 in
2019 2978 2162 3036 collo

561 3071 679 3144 ejus
705 3071 974 3128 fortitudo
993 3069 1331 3138 demoratur,
1350 3070 1479 3142 quia
1499 3069 1604 3126 hoc
1625 3069 1770 3142 quod
1791 3066 2165 3140 temporaliter

558 3175 822 3232 perversa
863 3166 1056 3216 contra
1083 3159 1258 3215 bonos
1286 3158 1573 3214 voluntate
1607 3156 1901 3225 desiderat,
1931 3171 2164 3228 perver-

565 3248 711 3305 siore
738 3249 1000 3305 facultate
1019 3254 1387 3314 consummat,
1409 3254 1471 3303 ut
1491 3252 1644 3303 tanto
1666 3247 1717 3302 ei
1746 3245 1814 3302 de
1833 3244 2163 3302 adversitate

564 3336 623 3392 in
652 3337 908 3408 praesenti
945 3336 1026 3392 nil
1068 3335 1268 3402 obstet,
1309 3342 1518 3408 quanto
1565 3335 1617 3391 ei
1659 3335 1718 3390 in
1766 3341 2049 3407 posterum
2096 3332 2165 3390 de

564 3424 924 3498 prosperitate
965 3422 1106 3480 nihil
1137 3430 1400 3480 remanet.
1434 3423 1506 3478 Et
1537 3422 1668 3496 quia
1695 3423 1877 3479 omnis
1907 3421 2003 3494 qui
2031 3437 2166 3495 per-

566 3514 742 3571 versis
769 3513 1018 3571 moribus
1045 3512 1307 3570 amicitiis
1334 3510 1453 3584 ejus
1497 3511 1792 3568 innotescit
1827 3512 1980 3585 prius
2010 3528 2168 3570 veras

567 3603 770 3660 mentis
803 3602 1032 3660 divitias
1057 3602 1282 3670 amittit,
1313 3609 1438 3674 apte
1465 3599 1859 3673 subjungitur:

887 3711 1116 3770 CAPUT
1151 3710 1225 3767 ΙΙΙ
1265 3707 1404 3784 [νει.
1437 3710 1518 3778 ΙΙ,
1556 3710 1676 3766 Rec.
1708 3707 1850 3780 III].

638 3804 778 3863 Iam.
799 3833 872 3846 --
897 3805 970 3860 Et
997 3802 1189 3875 faciem
1217 3801 1332 3874 ejus
1353 3802 1608 3874 prwcedet
1633 3807 1846 3874 egestas.

2257 1907 2498 1980 perdidit
2523 1905 2883 1978 contemplari
2913 1903 3270 1978 prmpeditur.

2327 1997 2380 2052 6.
2433 1997 2581 2052 Hanc
2613 1999 2980 2068 paupertatem
3015 1993 3230 2066 reprobi
3267 1993 3520 2050 nesciunt.
3589 1993 3868 2052 Virtutum

2258 2083 2457 2141 divitiis
2485 2089 2799 2152 vacuantur,
2829 2100 2919 2138 nec
2946 2083 3264 2155 intelligunt.
3308 2113 3379 2124 —
3405 2082 3512 2140 Sed
3540 2082 3687 2140 hanc
3715 2098 3871 2156 pau-

2259 2181 2520 2248 pertatem
2575 2173 2794 2246 reprobi
2835 2171 3182 2230 considerare
3221 2171 3492 2240 nesciunt,
3543 2170 3674 2244 quia
3720 2169 3864 2227 dum

2260 2271 2564 2336 sequuntur
2609 2279 2672 2318 ea
2716 2279 2836 2336 quae
2866 2261 3236 2334 conspiciunt,
3266 2259 3506 2334 cogitare
3554 2259 3872 2318 invisibilia

2261 2353 2547 2427 negligunt
2573 2369 2694 2427 quae
2722 2351 3100 2425 perdiderunt.
3133 2349 3289 2407 Unde
3334 2357 3388 2407 et
3432 2356 3642 2423 egestas
3671 2365 3864 2406 eorum

2263 2443 2480 2516 proprie
2509 2441 2736 2508 dicitur,
2769 2441 2898 2516 quia
2926 2441 3057 2498 dum
3092 2443 3372 2512 replentur
3390 2437 3566 2508 vitiis,
3590 2439 3868 2495 virtutum

2265 2533 2480 2589 divitiis
2507 2539 2831 2590 vacuantur.
2863 2531 3076 2600 Quibus
3103 2547 3245 2604 saepe
3273 2529 3458 2586 evenit
3485 2537 3548 2586 ut
3568 2545 3663 2602 per
3679 2528 3872 2587 elatio-

2265 2623 2355 2678 nis
2393 2621 2727 2680 dementiam
2769 2621 3063 2690 sublevati,
3111 2620 3244 2676 dum
3292 2636 3637 2695 nequaquam
3691 2620 3868 2678 ruina

2265 2727 2378 2768 sua:
2417 2711 2618 2768 damna
2662 2710 3032 2778 considerant,
3072 2725 3189 2766 esse
3218 2724 3274 2766 se
3303 2709 3467 2766 etiam
3515 2725 3544 2765 a
3575 2708 3738 2767 bonis
3783 2725 3874 2766 ac-

2265 2801 2514 2857 tionibus
2538 2801 2729 2874 inopes
2758 2817 2868 2856 non
2901 2805 3252 2873 cognoscant.
3285 2798 3438 2856 Unde
3466 2815 3599 2857 voce
3626 2799 3875 2872 angelica

2268 2891 2617 2965 praedicatori
2645 2891 2925 2949 Laodiceae
2954 2891 3187 2948 dicitur:
3221 2889 3368 2948 Dicis
3395 2891 3535 2962 quod
3561 2891 3702 2946 dives
3729 2907 3874 2957 sum,

2271 2987 2318 3036 et
2349 2981 2710 3053 locupletatus,
2731 2987 2780 3036 et
2805 2980 3010 3036 nullius
3043 2997 3181 3052 egeo,
3209 2986 3259 3036 et
3283 2979 3446 3036 nescis
3465 2979 3592 3052 quia
3618 2985 3672 3034 tu
3697 2995 3750 3034 es
3774 2979 3877 3034 mi-

2271 3087 2376 3140 ser,
2405 3076 2452 3126 et
2468 3069 2804 3135 miserabilis,
2833 3074 2882 3124 et
2905 3086 3130 3142 pauper,
3151 3075 3200 3124 et
3217 3087 3398 3138 cacus,
3420 3074 3467 3123 et
3479 3067 3650 3122 nudus
3673 3065 3874 3139 (Apoc.

2273 3177 2358 3228 ιιι,
2393 3160 2504 3232 17).
2543 3159 2710 3228 Quasi
2753 3159 2981 3216 divitem
3013 3175 3068 3216 se
3101 3159 3312 3227 asserit,
3359 3157 3453 3232 qui
3499 3171 3880 3230 perarrogan-

2272 3249 2406 3305 tiam
2445 3247 2753 3306 sanctitatis
2781 3249 3092 3318 extollitur,
3121 3247 3216 3305 sed
3250 3263 3476 3320 pauper,
3506 3261 3792 3320 caecusque
3820 3253 3879 3302 et

2273 3338 2455 3395 nudus
2474 3339 2742 3411 arguitur.
2757 3338 2968 3411 Pauper
2982 3338 3196 3411 utique,
3213 3337 3343 3411 quia
3356 3337 3628 3394 virtutum
3649 3334 3879 3394 divitias

2273 3445 2386 3486 non
2415 3427 2616 3496 habet;
2649 3445 2844 3497 caicus,
2877 3427 3007 3501 quia
3035 3444 3137 3484 nec
3164 3434 3540 3500 paupertatem
3580 3443 3743 3502 quam
3770 3442 3883 3500 pa-

2275 3519 2412 3575 titur
2441 3517 2625 3585 videt;
2659 3517 2862 3588 nudus,
2885 3517 3013 3590 quia
3032 3515 3265 3589 primam
3285 3517 3483 3574 stolam
3502 3515 3762 3590 perdidit,
3781 3515 3882 3574 sed

2277 3606 2455 3681 pejus,
2486 3608 2618 3681 quia
2651 3623 2753 3665 nec
2793 3623 2848 3664 se
2889 3605 3190 3679 perdidisse
3219 3605 3523 3680 cognoscit.
3556 3606 3697 3675 Quia
3725 3621 3878 3678 ergo,

2278 3703 2342 3752 ut
2369 3694 2636 3766 diximus,
2665 3702 2872 3770 egestas
2901 3697 3257 3769 reproborum
3283 3703 3366 3752 est
3393 3694 3739 3753 defraudatio
3766 3711 3881 3751 me-

2279 3785 2534 3855 ritorum,
2583 3793 2728 3842 recte
2765 3785 2833 3842 de
2878 3785 3180 3841 Leviathan
3222 3784 3465 3842 dicitur:
3513 3783 3727 3842 Faciem
3765 3785 3884 3856 ejus

638 3895 692 3952 5.
737 3873 1042 3951 Electorum
1069 3873 1370 3964 paupertas,
1401 3897 1478 3946 est
1519 3873 1739 3948 calestes
1767 3891 1983 3947 divitias
2025 3887 2174 3944 ami-
2276 3878 2535 3950 Ρνωϐεάεί
2559 3882 2770 3948 egestas.
2803 3876 2976 3932 Nemo
2998 3875 3235 3950 quippe“
3266 3873 3574 3964 cognitioni
3595 3873 3885 3964 ejusijun-

569 3981 716 4038 sisse.
764 4013 836 4022 —
862 3982 966 4037 Per
1003 3981 1198 4038 faciem
1227 3981 1428 4053 quippe
1469 3980 1608 4036 solet
1635 3979 1835 4035 notitia
1871 3975 2168 4048 designari.

573 4069 729 4126 Unde
756 4070 1023 4140 scriptum
1052 4077 1134 4124 est
1158 4087 1169 4124 :
1203 4070 1276 4124 Et
1293 4067 1456 4138 facies
1483 4086 1597 4123 mea
1619 4066 1876 4139 praecedet
1905 4072 1948 4120 te
1965 4065 2171 4137 (Exod.

573 4173 780 4226 χχχιιι,
813 4155 927 4228 iis),
958 4156 1016 4212 id
1045 4164 1126 4212 est
1155 4156 1353 4212 notitia
1381 4155 1641 4212 ducatum
1670 4154 1955 4226 praebebit.
1991 4153 2174 4212 Scien-

2283 3965 2450 4038 gitur,
2499 3966 2606 4021 nisi
2636 3965 2788 4037 prius
2818 3965 3088 4022 virtutum
3119 3964 3332 4021 divitiis
3361 3962 3691 4021 denudetur.
3721 3962 3887 4020 Prius

2282 4055 2430 4111 enim
2450 4055 2623 4112 bonas
2650 4053 3008 4126 cogitationes
3049 4053 3342 4124 subtrahit,
3375 4061 3428 4110 et
3457 4062 3588 4112 tunc
3617 4053 3698 4110 eis
3727 4069 3890 4124 aper-

2283 4143 2478 4200 tiorem
2521 4143 2777 4201 notitiam
2815 4161 2926 4201 suae
2983 4142 3295 4218 iniquitatis
3337 4141 3602 4200 infundit.
3652 4141 3890 4212 Egestas

573 4245 706 4302 dum
741 4261 874 4300 vero
921 4253 1002 4301 est
1039 4245 1184 4316 quod
1227 4252 1434 4316 egestas
1471 4245 1531 4300 in
1575 4262 1728 4301 sacro
1765 4244 1986 4318 eloquio
2015 4244 2176 4300 aliter
2284 4250 2410 4306 ergo
2439 4233 2634 4290 faciem
2678 4233 2830 4290 illius
2858 4232 3161 4306 praecedere
3192 4231 3418 4302 dicitur,
3448 4232 3576 4306 quia
3602 4229 3758 4304 prius
3792 4229 3893 4286 fa-

574 4336 876 4392 electorum
907 4333 1152 4406 ponitur,
1182 4340 1345 4406 atque
1373 4333 1532 4389 aliter
1551 4331 1931 4406 reproborum.
1953 4334 2154 4406 Egesta:

2285 4325 2462 4380 cultas
2492 4323 2698 4380 virium
2723 4325 2744 4359 ⁸
2772 4322 3039 4396 perditur,
3059 4330 3121 4378 ut
3137 4323 3292 4396 quasi
3322 4339 3418 4396 per
3447 4320 3887 4378 familiaritatem

576 4439 813 4496 namque
855 4423 1154 4478 electorum
1197 4429 1296 4492 est,
1346 4438 1471 4478 cum
1517 4439 1660 4479 vera;
1688 4421 1900 4478 divitias
1943 4422 2178 4478 cmlestis
2286 4411 2637 4484 postmodum
2667 4412 2785 4486 ejus
2815 4411 3011 4468 notitia
3039 4419 3418 4484 cognoscatur.
3451 4408 3554 4467 Vel
3581 4416 3729 4466 certe
3757 4409 3893 4481 quia

575 4513 766 4586 patriae
795 4511 864 4568 ad
889 4528 1078 4568 eorum
1123 4512 1370 4568 animum
1399 4511 1650 4580 redeunt,
1677 4519 1730 4568 et
1759 4511 1819 4567 in
1848 4510 1954 4568 hoc
1978 4528 2174 4582 gerum-
2207 4543 2258 4604 Β
2287 4505 2478 4604 multis
2524 4505 2602 4560 ita
2648 4503 3026 4560 fraudulenter
3062 4503 3330 4576 subrepit,
3380 4511 3441 4558 ut
3478 4501 3558 4603 ab.
3577 4500 3658 4558 eis
3685 4499 3893 4574 depre—

577 4619 714 4660 noso
747 4601 1026 4674 praesentis
1068 4602 1196 4658 vitae
1225 4601 1424 4658 exsilio
1459 4603 1644 4674 positi,
1676 4617 1939 4674 pauperes
1976 4617 2032 4658 se
2060 4617 2154 4658 ess:

2286 4592 2454 4650 hendi
2485 4609 2824 4668 nequaquam
2871 4594 3064 4666 possit,
3094 4600 3148 4650 et
3176 4594 3255 4649 sic
3282 4608 3474 4648 eorum
3504 4592 3738 4648 virtutes
3765 4606 3892 4646 eva-

577 4692 970 4751 meminerunt.
1004 4693 1026 4728 ‘
1057 4693 1184 4749 Illas
1223 4692 1423 4766 quippe
1453 4692 1677 4748 divitias
1717 4692 1836 4748 sine
1874 4693 2175 4748 cessatione
2284 4692 2432 4754 cuat,
2465 4691 2733 4758 quatenus
2775 4683 2990 4740 astutiae
3018 4700 3130 4740 sum
3161 4683 3429 4740 malitiam
3462 4699 3575 4740 non
3613 4680 3890 4751 ostendat,

577 4782 878 4855 suspirant,
908 4781 976 4838 de
1003 4781 1206 4854 quibus
1233 4781 1433 4838 Paulus
1459 4781 1598 4837 dicit
1622 4799 1634 4837 :
1673 4781 1736 4838 Ut
1763 4781 1939 4836 sciatis
1967 4798 2083 4851 qua:
2109 4781 2180 4836 sit
2284 4775 2483 4833 faciem
2528 4773 2646 4846 ejus
2681 4782 2888 4846 egestas
2929 4773 3118 4846 praeire
3148 4772 3490 4845 perhibetur,
3527 4789 3590 4830 ac
3617 4772 3664 4828 si
3703 4777 3894 4844 aperte

577 4887 692 4944 spes
716 4871 1006 4926 vocationis
1033 4870 1166 4941 ejus,
1205 4876 1253 4925 et
1278 4887 1396 4941 qua:
1423 4870 1620 4924 divitiae
1645 4869 1830 4941 gloriw
1855 4869 2177 4925 hwreditatis

576 4958 689 5029 ejus
716 4958 772 5014 in
800 4960 996 5014 sanctis
1027 4959 1243 5032 (Ephes.
1277 4975 1318 5026 ι,
1351 4957 1462 5029 18).
1494 4959 1566 5014 Et
1594 4957 1722 5030 quia
1749 4956 1932 5016 adhuc
1959 4973 2050 5014 eas
2070 4974 2178 5014 ne—

578 5063 851 5122 quaquam
881 5048 1251 5120 conspiciunt,
1282 5046 1524 5104 studiose
1564 5047 1786 5104 interim
1826 5047 1885 5104 in
1927 5064 2177 5105 aerumna

578 5135 740 5193 istius
767 5135 1103 5210 paupertatis
1139 5144 1380 5208 gemunt.
1420 5136 1573 5194 Hanc
1599 5137 1790 5210 procul
1821 5135 1991 5194 dubio
2032 5153 2176 5210 pau-

579 5233 845 5296 pertatem
893 5226 1156 5283 Jeremias
1196 5225 1531 5298 inspexerat,
1575 5241 1702 5283 cum
1747 5225 2000 5284 dicebat:
2059 5227 2176 5300 Ego

659 5429 677 5504 ξ
707 5429 836 5504 41.,
853 5427 1099 5504 dolo-rum
1120 5425 1450 5504 punctiones.

653 5499 677 5534 ³
707 5501 796 5576 Sic
825 5499 1469 5576 legendum'persuadent
1503 5502 1632 5562 Mss.
1681 5510 1800 5562 tum
1844 5500 2032 5576 Angl.,
2063 5507 2181 5561 tum

653 5520 676 5534 -
707 5520 796 5583 Sic
825 5520 1469 5630 iegenaumdpersuauent
1503 5520 1632 5562 mss.
1681 5520 1800 5562 tum
1844 5520 2032 5576 Angl.,
2063 5520 2181 5561 tum

584 5579 782 5656 nostri,
823 5581 1034 5654 veteres
1071 5577 1116 5656 Ε
1163 5619 1174 5630 .
1225 5584 1282 5656 et
1325 5577 1627 5656 praesertim
1657 5577 1819 5656 ratio.
1864 5574 2023 5656 Unde
2067 5592 2182 5656 npn

584 5653 777 5720 parum
809 5646 1081 5720 miramur
1096 5646 1373 5720 irrepsisse
1392 5649 1488 5717 vis,
1517 5664 1614 5720 pro
1631 5647 1752 5715 viis,
1779 5648 1837 5702 in
1858 5646 2052 5720 Gilot.,
2075 5647 2182 5720 va-

584 5715 704 5780 tic.,
737 5715 1008 5772 Gussanv.
1039 5716 1188 5772 Edit.
1207 5715 1274 5771 'et
1303 5727 1413 5774 tam
1443 5715 1686 5776 crassum
1716 5716 1979 5776 mendum
2013 5725 2095 5776 tot
2123 5719 2184 5775 in

584 5786 710 5844 aliis
737 5785 972 5846 Excusis
1000 5787 1168 5842 fuisse
1189 5797 1562 5859 propagatum.

2283 4861 2580 4931 diceretur,
2611 4863 2741 4936 quia
2767 4879 2894 4919 cum
2926 4862 3196 4919 insidians
3220 4869 3418 4931 tentat,
3452 4861 3776 4934 priusquam
3809 4858 3895 4914 vi-

2283 4951 2478 5008 deatur
2496 4952 2787 5024 exspoliat.
2815 4951 2958 5008 Hinc
2984 4960 3062 5008 est
3083 4951 3234 5007 enim
3255 4949 3404 5024 quod
3431 4949 3499 5007 de
3511 4948 3781 5022 Ephraim
3795 4963 3897 5020 per

2283 5039 2604 5113 prophetam
2633 5040 2874 5097 dicitur:
2913 5040 3258 5097 Comederunt
3283 5039 3452 5096 alieni
3481 5038 3652 5094 robur
3677 5035 3817 5106 ejus,
3847 5042 3900 5091 et

2282 5131 2392 5203 ipse
2434 5131 2701 5204 ignoravit
2748 5131 2899 5204 (Osee
2940 5149 3038 5201 vn,
3083 5131 3164 5205 9).
3207 5130 3390 5187 Alieni
3420 5129 3624 5204 quippe
3652 5125 3900 5198 intelligi

2283 5229 2540 5294 apostatas
2584 5220 2762 5294 angeli
2805 5220 3002 5290 solent,
3052 5221 3150 5295 qui
3193 5220 3362 5278 robur
3399 5217 3722 5287 comedunt,
3754 5213 3895 5271 dum

2290 5429 2618 5560 dedit,
2664 5428 2942 5507 difﬁcultas
2977 5427 3286 5506 perﬁciendi
3325 5432 3374 5486 et
3413 5443 3568 5503 opere
3602 5423 3905 5500 complendi

2355 5506 2672 5658 Ῡῗξιιξίρν
2825 5576 2953 5658 illas
2995 5575 3208 5658 quippe.
3239 5575 3301 5631 In
3331 5572 3496 5658 φοι-1).
3527 5572 3741 5658 Germ-3
3773 5577 3905 5645 Ροεῐ

2290 5647 2659 5730 meminerunt,
2692 5647 2796 5719 legi
2801 5648 2974 5730 tura:
2991 5647 3181 5730 quibus
3201 5664 3222 5714 ;
3247 5653 3444 5704 caetera
3462 5647 3827 5704 omittuntur.

2365 5721 2387 5754 ⁵
2419 5719 2668 5776 Ebr01c..
2699 5725 3022 5776 cogitationi.

2367 5737 2387 5754 υ
2419 5737 2668 5788 norma,
2699 5737 3022 5790 cogitationi.

2367 5793 2388 5825 ⁶
2419 5791 2616 5858 Laud,
2643 5791 2990 5861 praepeditur.
