4156 6178
364 266 464 325 721
1122 273 1496 335 MORALIUM
1536 277 1673 336 LIB.
1715 277 1979 342 XXXIV.
2019 312 2090 325 --
2125 286 2199 344 IN
2235 285 2462 345 CAPUT
2498 288 2622 346 XLI
2659 290 2723 348 B.
2762 292 2904 350 JOB.
3572 303 3675 362 722

357 395 628 501 virtutem
690 398 1334 501 mentianpervertenodo
1400 416 1758 501 consumunt.
1821 410 1980 478 Quod
2006 416 2058 476 A
2085 430 2273 472 necem
2304 415 2552 472 ﬁdelium
2599 418 2850 475 unanimi
2897 420 3221 481 crudelitate
3259 424 3568 501 conjungit,
3614 439 3677 487 ut

362 482 638 588 Ephraim
676 492 730 541 et
757 487 1005 586 pertulit,
1034 497 1089 545 et
1117 492 1376 588 nescivit,
1419 493 1550 588 quia
1577 495 1637 551 in
1665 500 1968 556 tentatione
2075 504 2351 560 saevitiam
2381 521 2534 561 suam
2566 513 2720 564 tanto
2750 508 3032 566 robustius
3052 512 3073 546 ³
3090 482 3676 588 ΘΧΘΥόῐμμὶἃῐιῖονὲῐ

358 574 752 647 malignorum
781 576 1077 648 spirituum
1098 588 1152 635 et
1193 580 1362 637 robur
1386 582 1584 641 animae
1622 585 1883 657 perdidit,
1913 596 1970 646 et

370 663 483 720 hoc
508 664 692 735 ipsum
720 664 852 738 quia
880 666 1182 737 perdiderit
1209 686 1320 727 non
1343 672 1637 730 intellexit.
1663 672 1969 733 Leviathan

358 769 495 826 ergo
526 752 726 810 faciem
786 763 994 826 egestas
1047 760 1340 829 antecedit,
1388 762 1519 835 quia
1571 766 1967 838 negligentium

360 849 578 899 mentes
610 850 738 899 ante
760 845 1025 902 tentando
1054 849 1273 921 spoliat,
1307 866 1468 923 quam
1510 851 1628 924 ejus
1662 854 1892 911 insidias
1920 857 1968 912 is

362 932 457 1005 qui
486 938 745 988 tentatur
773 944 1050 1006 agnoscat.
1082 937 1185 993 Per
1203 937 1310 1014 hoc
1325 956 1453 1012 ergo
1473 941 1619 1013 quod
1636 941 1847 999 dictum
1864 954 1963 1001 est:

361 1022 429 1078 In
455 1021 594 1076 collo
640 1020 757 1090 ejus
790 1024 1093 1080 morabitur
1137 1026 1421 1097 fortitudo,
1470 1030 1652 1087 virtus
1689 1032 1967 1090 violentias

362 1110 702 1168 ostenditur.
735 1110 838 1167 Per
866 1111 971 1170 hoc
999 1131 1130 1171 vero
1175 1117 1321 1190 quod
1351 1118 1645 1176 subditur:
1679 1122 1753 1177 Et
1777 1121 1969 1192 faciem

362 1201 477 1274 ejus
498 1202 760 1276 prwcedet
774 1209 999 1276 egestas;
1024 1206 1235 1264 fraudis
1263 1208 1545 1266 subtilitas
1573 1209 1909 1284 designatur.

436 1343 487 1398 7.
520 1343 658 1399 Ante
675 1344 955 1402 adventum
976 1346 1309 1421 Antichristi,
1333 1354 1591 1410 virtutum
1620 1356 1770 1429 signa
1793 1358 1969 1413 Eccle-

305 1446 309 1449 ‘
363 1431 456 1489 sia:
481 1433 878 1505 subtrahentur,
926 1445 1023 1493 aut
1042 1456 1218 1511 pauca
1246 1450 1579 1514 supererunt.
1602 1475 1673 1486 —
1703 1444 1970 1513 Quamvis

363 1522 431 1579 de
464 1540 533 1581 eo
561 1525 709 1598 quod
740 1524 859 1597 ejus
897 1527 1095 1584 faciem
1125 1540 1417 1602 egestatem
1448 1533 1644 1605 praeire
1673 1532 1971 1607 cognosci-

364 1629 507 1681 mus,
539 1614 783 1686 suppetit
811 1615 964 1672 aliud
993 1618 1141 1690 quod
1159 1626 1343 1676 tamen
1365 1622 1582 1679 tristius
1602 1638 1965 1695 exponamus.

362 1703 623 1759 Terribili
643 1705 846 1777 quippe
875 1707 1070 1763 ordine
1101 1708 1482 1782 dispositionis
1500 1712 1753 1779 occultae,
1774 1712 1969 1784 prius—

363 1810 528 1868 quam
557 1773 861 1851 Leviath-an
892 1797 994 1853 iste
1024 1798 1083 1853 in
1113 1773 1211 1855 illo
1239 1799 1498 1857 damnato
1526 1773 1752 1857 homine
1774 1773 1952 1875 .quem
1982 1773 2029 1833 Β

363 1885 598 1940 assumit
624 1892 903 1956 appareat,
932 1903 965 1942 a
994 1895 1183 1945 sancta
1220 1889 1469 1947 Ecclesia
1504 1890 1775 1946 virtutum
1806 1891 1963 1962 signa

364 1972 783 2031 subtrahuntur.
815 1976 953 2032 Nam
984 1977 1273 2049 prophetia
1300 1979 1677 2049 absconditur,
1708 1982 1962 2038 curatio-

365 2078 498 2119 num
529 2064 700 2135 gratia
727 2064 992 2133 aufertur,
1042 2067 1362 2138 prolixioris
1398 2068 1752 2126 abstinentiae
1782 2070 1963 2126 virtus

365 2152 737 2223 imminuitur,
767 2154 1033 2211 doctrinae
1057 2155 1222 2212 verba
1251 2158 1651 2227 conticescunt,
1671 2159 1962 2216 miraculo-

365 2258 484 2298 rum
501 2242 753 2316 prodigia
768 2244 1060 2300 tolluntur.
1103 2245 1233 2312 Quae
1265 2247 1488 2318 quidem
1510 2264 1858 2322 nequaquam
1874 2266 1962 2305 su-

364 2344 530 2401 perna
581 2328 922 2401 dispensatio
969 2336 1160 2393 1119
1205 2332 1459 2390 funditus
1504 2335 1805 2406 subtrahit,
1867 2336 1963 2394 sed

362 2441 474 2484 non
504 2427 624 2485 haec
651 2427 797 2483 sicut
826 2428 1105 2499 prioribus
1123 2429 1466 2501 temporibus
1486 2440 1671 2503 aperte
1691 2449 1755 2490 ac
1775 2433 1961 2489 multi-

364 2516 590 2589 pliciter
624 2515 886 2571 ostendit.
937 2516 1095 2584 Quod
1136 2524 1321 2573 tamen
1370 2520 1510 2576 mira
1550 2521 1965 2594 dispensatione

364 2603 571 2674 agitur,
601 2610 665 2657 ut
682 2618 797 2658 una
830 2620 900 2659 ex
928 2620 986 2659 re
1027 2603 1217 2661 divina
1264 2606 1429 2661 simul
1472 2608 1643 2680 pietas
1671 2619 1724 2667 et
1745 2609 1967 2681 justitia

365 2691 731 2763 compleatur.
754 2693 897 2747 Dum
931 2692 1080 2748 enim
1118 2694 1416 2751 subtractis
1436 2696 1721 2769 signorum
1745 2700 1962 2756 virtuti-

362 2779 467 2836 bus
495 2788 687 2836 sancta
715 2780 963 2838 Ecclesia
1009 2782 1162 2840 velut
1190 2783 1455 2856 abjectior
1480 2796 1723 2860 apparet,
1763 2796 1819 2846 et
1851 2788 1964 2845 bo-

363 2887 563 2927 norum
594 2871 883 2943 praemium
914 2873 1131 2942 crescit,
1179 2875 1274 2947 qui
1324 2875 1475 2931 illam
1519 2893 1619 2949 pro
1653 2895 1747 2951 spe
1788 2880 1963 2936 coele-

365 2960 556 3025 stium,
583 2965 640 3014 et
669 2975 782 3015 non
826 2968 1048 3032 propter
1086 2963 1374 3033 prasentia
1420 2964 1575 3037 signa
1605 2976 1959 3040 venerantur,

310 3098 323 3103 _
366 3056 418 3105 et
445 3049 718 3106 malorum
741 3067 896 3107 mens
915 3061 1105 3108 contra
1133 3052 1288 3108 illam
1309 3054 1474 3110 citius
1504 3056 1836 3127 ostenditur,
1865 3061 1961 3132 qui

365 3137 518 3210 sequi
555 3153 676 3210 quae
694 3139 1289 3210 promittitinvisibilia
1305 3143 1611 3215 negligunt,
1634 3145 1765 3203 dum
1787 3148 1959 3219 signis
1989 3148 2034 3210 G

366 3224 679 3283 visibilibus
696 3244 808 3283 non
838 3235 1115 3285 tenentur.
1138 3232 1281 3286 Dum
1302 3231 1472 3303 igitur
1495 3232 1783 3292 humilitas
1813 3236 1961 3293 ﬁde-

367 3315 503 3371 lium
537 3316 898 3372 multitudine
927 3325 980 3372 et
1010 3318 1452 3377 manifestatione
1484 3322 1771 3394 signorum
1802 3327 1959 3399 quasi

370 3403 715 3473 destituitur,
755 3406 996 3462 terribili
1027 3409 1256 3464 occultae
1284 3409 1664 3490 dispositionis
1704 3416 1960 3473 examine

366 3491 495 3549 inde
522 3493 686 3551 bonis
713 3494 1093 3552 misericordia
1126 3500 1141 3531 ¹
1171 3497 1394 3569 largior,
1436 3499 1585 3556 unde
1629 3504 1789 3558 malis
1809 3502 1962 3575 justa

368 3581 451 3637 ira
476 3583 809 3639 cumulatur.
842 3584 983 3651 Quia
1011 3601 1138 3657 ergo
1164 3586 1469 3643 Leviathan
1507 3589 1609 3644 iste
1640 3591 1959 3664 priusquam

364 3670 689 3728 manifestus
713 3679 767 3728 et
792 3672 1123 3745 conspicuus
1153 3676 1337 3730 veniat
1376 3691 1446 3730 ex
1478 3692 1676 3749 magna
1722 3688 1871 3751 parte
1901 3682 1961 3738 in

364 3771 553 3821 sancta
581 3765 823 3822 Ecclesia
851 3767 1008 3838 signa
1036 3768 1309 3823 virtutum
1350 3776 1586 3837 cessant,
1637 3778 1784 3826 recte
1812 3787 1962 3830 nunc

363 3852 606 3910 dicitur:
640 3855 851 3911 Faciem
893 3856 1008 3927 ejus
1030 3858 1291 3929 pracedet
1317 3865 1532 3931 egestas.
1576 3860 1721 3916 Ante
1753 3861 1901 3917 enim
1930 3878 1963 3917 a

361 3941 620 4001 ﬁdelibus
638 3945 1032 4002 miraculorum
1052 3947 1264 4005 divitiae
1302 3948 1730 4019 subtrahuntur,
1752 3959 1807 4008 et
1826 3959 1962 4011 tunc

363 4041 556 4090 contra
586 4050 679 4090 eos
727 4036 987 4109 antiquus
1029 4037 1123 4093 ille
1168 4036 1342 4095 hostis
1371 4055 1469 4111 per
1494 4047 1683 4112 aperta
1711 4041 1963 4115 prodigia

363 4124 693 4194 ostenditur,
710 4133 773 4181 ut
801 4142 911 4199 quo
941 4126 1055 4198 ipse
1085 4144 1181 4199 per
1207 4128 1362 4201 signa
1390 4130 1701 4200 extollitur,
1733 4148 1798 4188 eo
1825 4150 1857 4188 a
1885 4132 1962 4189 ﬁ—

362 4214 580 4272 delibus
599 4215 718 4272 sine
738 4215 909 4287 signis
926 4216 1207 4272 robustius
1224 4217 1665 4292 laudabiliusque
1680 4221 1956 4279 vincatur.

360 4304 627 4372 Quamvis
656 4304 820 4361 etiam
853 4304 1183 4361 ﬁdelibusin
1204 4305 1322 4377 ejus
1345 4309 1644 4363 certamine
1672 4311 1829 4382 signa
1847 4327 1960 4367 non

360 4393 615 4463 deerunt,
664 4394 759 4451 sed
809 4401 962 4451 tanta
1003 4402 1167 4451 erunt
1213 4395 1387 4464 illius,
1431 4404 1494 4452 ut
1523 4405 1837 4454 nostrorum
1866 4408 1962 4457 aut

359 4500 552 4558 pauca,
587 4492 681 4540 aut
700 4484 853 4540 nulla
885 4483 1192 4540 videantur.
1216 4485 1461 4552 Quorum
1482 4486 1746 4543 nimirum
1776 4488 1954 4546 virtus
1981 4508 2030 4566 ι)

360 4573 623 4631 omnibus
653 4575 824 4646 signis
854 4574 917 4629 ﬁt
965 4574 1167 4646 potior,
1206 4589 1333 4630 cum
1365 4590 1530 4631 omne
1571 4576 1719 4648 quod
1765 4577 1832 4633 ab
1870 4579 1970 4637 illo

360 4663 688 4720 terribiliter
719 4665 739 4699 ²
766 4662 889 4719 ﬁeri
917 4661 1209 4735 conspicit,
1256 4678 1353 4734 per
1382 4662 1612 4720 internae
1642 4667 1968 4724 constantiae

360 4754 572 4810 calcem
592 4753 813 4826 premit.
847 4752 953 4809 Sed
981 4752 1256 4825 malignus
1275 4752 1453 4809 hostis
1482 4761 1637 4811 tanto
1657 4764 1849 4813 contra
1876 4774 1968 4816 eos

359 4842 566 4899 acriori
596 4842 942 4899 immanitate
989 4859 1045 4900 se
1096 4842 1345 4910 exhibet,
1389 4851 1599 4917 quanto
1645 4862 1702 4902 se
1759 4846 1967 4919 despici

361 4931 532 4988 etiam
560 4930 988 4989 clarescentibus
1020 4932 1303 4989 miraculis
1330 4931 1500 4989 dolet.
1535 4933 1732 4990 Totum
1754 4951 1883 5008 ergo
1911 4953 1968 4993 se

361 5020 425 5076 in
447 5036 638 5078 eorum
667 5020 955 5077 interitum
991 5020 1226 5094 colligit,
1257 5028 1596 5096 cunctosque
1624 5025 1887 5097 reprobos
1907 5024 1966 5081 in

441 5248 457 5281 ¹
491 5247 573 5302 Ita
588 5245 697 5302 duo
720 5246 882 5303 Germ
895 5288 931 5317 .7,
955 5244 1218 5317 Yindoc.,
1240 5245 1497 5317 Longip.,
1513 5245 1737 5302 Ebroic.
1761 5248 1967 5317 aliique

361 5317 533 5373 Norm
547 5360 585 5382 .,
614 5318 709 5374 ubi
731 5317 883 5373 Editi
906 5315 1109 5388 habent
1123 5315 1492 5388 misericordia
1512 5319 1762 5388 largitur.
1779 5320 1839 5373 In
1854 5315 1966 5375 Pa-

359 5390 669 5467 :is._tame_n
681 5388 832 5467 349.5
845 5387 1049 5467 legitur
1079 5387 1302 5467 largior,
1334 5387 1481 5459 quod
1503 5395 1774 5443 mutatum
1805 5398 1887 5446 est
1906 5391 1964 5447 in

360 5460 537 5516 Paris.
574 5460 729 5521 1518,
762 5459 888 5515 aliis
910 5457 1406 5515 consentientibus.

435 5535 459 5568 ί
488 5531 592 5587 Hic
622 5530 911 5603 sequimur
940 5528 1080 5583 duos
1114 5528 1334 5603 Germ.,
1357 5530 1554 5603 La_ud.,
1584 5532 1817 5603 Turon.,
1849 5531 1964 5603 Ge-

368 5609 525 5669 met.,
557 5600 823 5669 etc.,‘nec
852 5615 962 5654 non
994 5605 1205 5654 veteres
1232 5600 1383 5655 Edit.
1403 5601 1547 5656 Atin
1567 5602 1964 5660 recentioribus

368 5645 591 5753 legitur,
758 5670 1168 5753 conspicitur....
1196 5672 1387 5753 calcem
1408 5680 1676 5753 premunt.

442 5741 464 5780 ³
494 5741 669 5803 Iidem
700 5741 1164 5815 Editi,lea!erceat,
1194 5741 1389 5801 invitis
1406 5741 1535 5803 Mss.
1560 5743 1727 5803 duob.
1751 5744 1961 5816 Germ.,

2076 592 2155 649 eis
2184 610 2304 666 qua;
2331 610 2585 666 perverse
2600 613 2757 669 agere
2776 599 3003 671 appetit,
3026 601 3180 656 nulla
3199 602 3304 659 sibi
3320 605 3408 660 sui
3428 608 3675 680 corporis

2079 682 2325 739 membra
2356 682 2696 741 discordant.
2730 685 2885 743 Unde
2913 694 2968 742 et
2992 696 3136 746 recte
3165 689 3404 748 dicitur:

2532 774 2760 832 CAPUT
2785 778 2862 835 Ν
2892 777 3037 852 [Rea
3069 779 3195 855 Ι

2150 863 2322 920 Vens.
2357 864 2441 919 14.
2464 895 2534 904 -
2562 864 2797 923 Membra
2817 869 3060 923 carnium
3084 868 3197 939 ejus
3215 873 3531 930 cohwrentia
3550 876 3670 933 sibi.

2146 954 2199 1010 8.
2232 955 2599 1026 Reproborum
2628 973 2745 1011 cum
2776 957 2979 1013 Satana
3007 965 3056 1014 et
3099 961 3237 1016 inter
3273 979 3325 1017 se
3350 963 3515 1020 noxia
3542 982 3677 1021 con-

2077 1045 2282 1099 cordia.
2315 1075 2385 1084 ——
2414 1043 2616 1101 Carnes
2645 1062 2777 1102 vero
2809 1046 3113 1104 Leviathan
3136 1049 3297 1108 istius
3325 1060 3455 1109 sunt
3482 1071 3676 1111 omnes

2076 1131 2321 1204 reprobi,
2356 1132 2451 1206 qui
2481 1133 2549 1189 ad
2578 1134 2923 1193 intellectum
2951 1138 3214 1210 spiritalis
3242 1143 3432 1213 patriae
3458 1160 3555 1216 per
3583 1144 3675 1202 de-

2077 1223 2342 1281 siderium
2374 1241 2487 1281 non
2515 1237 2824 1301 assurgunt.
2856 1228 3100 1285 Membra
3116 1246 3255 1287 vuro
3275 1240 3404 1288 sunt
3424 1235 3674 1295 carnium

2077 1313 2137 1370 hi
2168 1315 2262 1388 qui
2292 1315 2499 1372 eisdem
2531 1330 2785 1388 perverse
2815 1318 3120 1390 agentibus,
3152 1326 3207 1376 et
3231 1336 3346 1377 sese
3373 1320 3443 1377 ad
3472 1321 3675 1396 iniqui-

2077 1412 2248 1462 tatem
2287 1404 2726 1478 praacedentibus
2764 1406 3097 1481 junguntur,
3132 1410 3276 1468 sicut
3304 1429 3333 1468 e
3361 1419 3553 1469 contra
3581 1429 3677 1485 per

2078 1494 2309 1550 Paulum
2334 1496 2354 1529 ‘
2385 1495 2667 1553 dominico
2696 1498 2913 1570 corpori
2942 1499 3148 1557 dicitur
3172 1518 3183 1556 :
3225 1502 3323 1560 Vos
3342 1502 3463 1558 estis
3483 1519 3675 1573 corpus

2083 1584 2303 1651 Christi,
2331 1590 2379 1640 et
2404 1585 2635 1642 membra
2663 1587 2725 1643 de
2750 1588 2980 1644 membro
3012 1587 3063 1660 (Ι
3093 1588 3217 1645 Cor.
3238 1606 3339 1659 xu,
3358 1589 3473 1662 27).
3503 1589 3675 1646 Aliud

2079 1675 2281 1748 quippe
2303 1683 2383 1731 est
2399 1676 2707 1732 membrum
2724 1678 2988 1751 corporis,
3008 1679 3158 1736 aliud
3179 1679 3488 1737 membrum
3505 1696 3673 1735 mem-

2077 1765 2185 1822 bri.
2216 1765 2525 1821 Membrum
2547 1766 2747 1837 quippe
2769 1768 3017 1838 corporis
3046 1785 3170 1841 pars
3200 1768 3267 1824 ad
3283 1775 3482 1838 totum,
3504 1785 3672 1826 mem-

2069 1858 2236 1915 brum
2267 1872 2399 1913 vero
2427 1858 2661 1913 membri
2689 1866 2770 1914 est
2799 1858 3069 1928 particula
3107 1859 3174 1914 ad
3217 1867 3447 1930 partem.
3488 1860 3676 1915 Mem—

2070 1946 2232 2002 brum
2262 1962 2500 2019 namque
2542 1947 2775 2003 membri
2804 1954 2885 2003 est
2931 1946 3138 2021 digitus
3179 1946 3247 2003 ad
3276 1963 3527 2017 manum,
3561 1964 3674 2004 ma-

2069 2052 2174 2091 nus
2203 2035 2273 2091 ad
2291 2034 2583 2092 brachium
2608 2054 2621 2103 ;
2656 2037 2964 2093 membrum
2987 2053 3120 2093 vero
3136 2045 3217 2093 est
3231 2037 3479 2110 corporis
3492 2044 3672 2094 totum

2071 2123 2178 2180 hoc
2206 2122 2378 2180 simul
2406 2124 2475 2181 ad
2508 2142 2709 2197 corpus
2737 2127 3085 2182 universum.
3122 2127 3277 2184 Sicut
3310 2143 3439 2199 ergo
3478 2128 3537 2182 in
3566 2126 3674 2198 spi-

2071 2213 2221 2269 ritali
2251 2212 2535 2269 dominico
2563 2230 2790 2286 corpore
2819 2215 3071 2271 membra
3089 2214 3155 2270 de
3172 2215 3418 2271 membro
3434 2214 3675 2271 dicimus

2071 2318 2164 2358 eos
2192 2303 2290 2376 qui
2325 2302 2382 2357 in
2413 2301 2532 2375 ejus
2562 2303 2811 2359 Ecclesia
2830 2302 2898 2359 ab
2926 2303 3051 2359 aliis
3079 2311 3368 2376 reguntur,
3399 2302 3478 2358 ita
3499 2303 3557 2358 in
3578 2303 3677 2360 illa

2072 2391 2381 2448 Leviathan
2411 2392 2572 2449 istius
2592 2392 2824 2465 reproba
2839 2394 3261 2466 congregatione
3280 2392 3526 2449 membra
3544 2400 3676 2449 sunt

2073 2482 2094 2516 ⁵
2125 2482 2379 2539 carnium
2411 2482 2507 2555 qui
2547 2482 2742 2556 iniquo
2789 2498 2953 2556 opere
2983 2482 3311 2556 quibusdam
3353 2500 3410 2540 se
3445 2483 3673 2556 nequio-

2072 2571 2230 2628 ribus
2251 2571 2583 2645 junguntur.
2619 2571 2723 2629 Sed
2771 2573 2901 2646 quia
2937 2573 3113 2630 hostis
3155 2574 3430 2646 malignus
3477 2573 3582 2629 sibi
3614 2575 3697 2630 in’

2072 2678 2332 2736 perverso
2361 2678 2523 2735 opere
2539 2678 2567 2718 a
2590 2662 2782 2735 primis
2802 2679 2974 2736 usque
2998 2663 3062 2719 ad
3085 2670 3331 2720 extrema
3350 2664 3669 2732 concordat,

2071 2751 2300 2808 divinus
2339 2767 2519 2807 sermo
2548 2751 2605 2806 in
2653 2767 2718 2807 eo
2751 2751 2995 2808 membra
3025 2753 3276 2810 carnium
3306 2752 3530 2809 sibimet
3566 2769 3672 2809 co-

2070 2840 2339 2896 haerentia
2368 2848 2656 2896 memorat.
2680 2841 2770 2897 Sic
2788 2857 3025 2915 namque
3055 2858 3310 2913 perversa
3336 2841 3676 2898 unanimiter

2071 2931 2338 2999 sentiunt,
2371 2937 2433 2985 ut
2461 2931 2615 2985 nulla
2652 2938 2843 2987 contra
2887 2947 2943 2986 se
2991 2931 3238 2988 vicissim
3297 2930 3675 3003 disputatione

2070 3017 2415 3074 dividantur.
2434 3018 2597 3074 Nulla
2618 3035 2709 3075 eos
2725 3018 3065 3075 diversitatis
3080 3020 3364 3076 altercatio
3379 3028 3513 3077 tunc
3529 3022 3671 3077 scin-

2070 3106 2172 3177 dit,
2205 3114 2258 3163 et
2287 3106 2498 3164 idcirco
2540 3114 2734 3163 contra
2762 3107 2937 3164 bonos
2966 3108 3321 3165 vehementer
3350 3109 3673 3181 przevalent,

2069 3196 2197 3270 quia
2234 3196 2289 3251 in
2323 3196 2468 3251 malo
2498 3213 2554 3253 se
2582 3196 2931 3254 concorditer
2960 3205 3167 3253 tenent.
3190 3197 3330 3272 [νει.
3362 3199 3459 3254 III
3462 3197 3502 3272 .]
3521 3198 3676 3256 Sicut

2068 3288 2216 3344 enim
2243 3286 2358 3360 jam
2390 3287 2645 3361 superius
2674 3287 2922 3345 diximus
2955 3287 3096 3361 (Lib.
3129 3305 3337 3357 xxxm,
3361 3306 3510 3344 nam.
3554 3288 3671 3361 55),

2073 3382 2269 3440 1120
2298 3383 2359 3432 ut
2389 3376 2763 3449 perniciosum
2794 3384 2876 3433 est
2901 3376 2948 3433 si
2984 3376 3169 3434 unitas
3209 3376 3352 3434 desit
3379 3376 3564 3447 bonis,
3598 3377 3675 3433 ita

2069 3474 2433 3546 perniciosius
2488 3482 2570 3531 est
2625 3476 2672 3532 si
2731 3493 2844 3532 non
2891 3476 3034 3533 desit
3076 3477 3256 3534 malis.
3289 3477 3671 3549 Beproborum

2069 3563 2271 3635 quippe
2311 3565 2498 3620 unitas
2551 3563 2825 3620 bonorum
2857 3568 2878 3601 θ
2911 3565 3060 3621 viam
3110 3573 3264 3622 tanto
3298 3564 3495 3621 durius
3522 3581 3673 3637 prte-

2070 3650 2221 3722 pedit
2257 3659 2462 3723 quanto
2517 3653 2566 3707 ei
2608 3669 2665 3708 se
2698 3668 2793 3725 per
2846 3653 3229 3711 collectionem
3272 3656 3292 3688 ⁷
3339 3652 3533 3710 durior
3562 3670 3673 3726 op-

2070 3739 2248 3810 ponit.

2139 3856 2193 3913 9.
2226 3856 2377 3911 Hanc
2415 3855 2670 3911 unitatem
2697 3856 2982 3912 dissolvere
3029 3857 3166 3922 licet,
3222 3858 3458 3927 exemplo
3486 3857 3670 3914 Pauli.

2069 3976 2139 3986 —
2160 3947 2316 4003 Hanc
2345 3948 2619 4005 unitatem
2642 3948 3001 4020 reproborum
3025 3948 3389 4021 perniciosam
3410 3947 3517 4005 sibi
3537 3949 3674 4004 Pau-

2068 4031 2156 4092 lus
2184 4046 2586 4110 conspexerat,
2618 4055 2745 4095 cum
2775 4038 2831 4095 in
2863 4039 3047 4096 medio
3067 4038 3493 4097 Sadducseorum
3522 4039 3675 4096 Pha-

2068 4126 2473 4202 risaeorumque
2502 4128 2877 4203 deprehensus
2902 4129 3120 4187 dicebat
3144 4148 3156 4186 :
3189 4131 3268 4187 De
3291 4146 3381 4202 spe
3408 4136 3458 4185 et
3480 4147 3674 4186 resur-

2068 4218 2295 4274 rectione
2321 4226 2659 4277 mortuorum
2687 4238 2776 4294 ego
2796 4221 3017 4292 judicor
3047 4221 3189 4294 (Act.
3236 4237 3404 4291 xxm,
3442 4222 3524 4293 6).
3556 4221 3676 4289 Qua
3782 4262 3793 4271 ς

2069 4306 2342 4364 nimirum
2372 4326 2505 4367 voce
2524 4327 2800 4382 percussa,
2832 4312 3090 4383 protinus
3118 4319 3312 4368 contra
3338 4327 3396 4367 se
3425 4310 3673 4368 vicissim

2068 4394 2418 4452 audientium
2438 4397 2613 4454 turba
2640 4398 2904 4455 dissiluit.
2956 4398 3205 4473 Cumque
3234 4399 3293 4456 in
3328 4399 3465 4456 duas
3493 4407 3672 4472 partes

2068 4485 2528 4541 tumultuantium
2547 4487 2846 4543 multitudo
2857 4486 3151 4558 dividitur,
3162 4489 3429 4545 Paulovia
3442 4489 3672 4560 ereptio-

2078 4573 2167 4629 nis
2194 4574 2461 4645 aperitur,
2494 4576 2626 4649 quia
2656 4592 2820 4649 quem
2850 4577 3015 4635 turba
3041 4580 3488 4653 persequentium
3517 4578 3675 4636 unita

2075 4662 2505 4733 constrinxerat,
2535 4665 2718 4723 divisa
2748 4666 2984 4724 laxabat.
3024 4668 3356 4741 Eripiuntnr
3382 4684 3511 4741 ergo
3533 4666 3671 4739 justi

2078 4750 2210 4807 dum
2240 4752 2574 4811 dividuntur
2602 4754 2820 4828 injusti,
2849 4764 2904 4812 et
2922 4757 3223 4814 electorum
3255 4764 3383 4812 vota
3410 4757 3479 4812 ad
3500 4756 3671 4827 perfe-

2075 4849 2223 4897 ctum
2242 4844 2574 4915 perveniunt
2589 4845 2722 4902 dum
2745 4846 3101 4919 reproborum
3117 4844 3337 4918 agmina
3356 4860 3453 4916 per
3466 4843 3669 4899 discor-

2080 4930 2228 4988 diam
2250 4934 2691 4992 confunduntur.
2745 4936 2902 5005 Quod
2931 4936 3070 4994 bene
3098 4935 3263 4992 etiam
3293 4933 3462 4990 maris
3498 4930 3672 4989 Rubri

2074 5169 2976 5254 Tuqun.,_Yindoc.LLaud.,yal.
3009 5173 3337 5254 iCl.,ANorm.
3370 5180 3424 5229 et
3450 5172 3637 5254 aliis.__

2146 5243 2167 5314 ἦ
2198 5241 2289 5297 Sic
2317 5242 2547 5313 Turon.,
2578 5241 3069 5314 Pratel.,'Gemet.,
3093 5241 3223 5312 etc.,
3255 5260 3357 5301 nec
3384 5262 3496 5301 non
3526 5245 3667 5301 anti-

2073 5312 2292 5386 quiores
2303 5314 2545 5386 Vulgati.
2564 5312 2983 5373 Recentioribus
2998 5312 3321 5374 Editoribus
3338 5333 3464 5374 cum
3481 5316 3663 5374 Germ.

2072 5385 2248 5456 magis
2279 5385 2488 5457 placuit
2507 5388 2570 5442 de
2603 5387 2864 5468 dominico
2889 5404 3125 5460 corpore.

2144 5458 2165 5492 ⁵
2206 5456 2404 5513 Laud..
2434 5460 2755 5513 carnalium.

2144 5473 2165 5492 υ
2206 5473 2404 5525 naua.,
2434 5473 2755 5513 carnalium.

2144 5530 2166 5564 ⁸
2213 5529 2435 5611 Βεδοεῐηἶ
2477 5529 2988 5611 ‘Vu‘lgati‘u'vitam;
3046 5532 3247 5605 quibus
3294 5532 3668 5605 suffragantur

2072 5600 2283 5667 Germ.,
2316 5600 2513 5655 Pratel.
2545 5608 2599 5655 et
2622 5600 2724 5655 alii
2749 5601 3009 5657 Norman.

2144 5675 2162 5709 ⁷
2197 5671 2358 5730 Corb.
2392 5672 2601 5743 Germ.,
2633 5672 2855 5730 Ebroic.
2889 5682 2943 5730 et
2969 5673 3045 5748 pl.
3076 5673 3522 5744 Norm.,durins.
