2078 3089
262 175 311 203 719

871 171 995 201 SANCTI
1014 171 1183 201 GREGORII
1201 170 1314 201 MAGNI

1865 172 1918 201 720

259 239 379 265 revertar
392 236 429 264 ad
442 235 530 264 virum
543 243 627 263 meum
633 235 762 270 priorem,
773 233 837 270 quia
851 234 916 262 mihi
925 235 986 262 bene
1001 238 1060 263 erat
1073 237 1099 266 A
1113 235 1155 263 vir
1169 235 1259 262 videns
1279 238 1462 271 paupertatem
1482 243 1564 262 meam
1582 234 1702 270 inpirga
1724 234 1919 271 indignationis

262 285 322 310 tunc
336 282 420 317 magis
440 290 519 317 quam
538 289 606 308 nunc
622 280 697 316 (Osee
711 289 743 314 ιι,
762 279 788 313 6,
810 279 849 316 7).
871 279 963 316 Spinis
986 280 1058 308 enim

262 328 411 355 electorum
427 326 478 354 vim
493 326 647 362 sepiuntur,
663 324 729 352 dum
746 325 753 342 ¹
766 324 891 352 dolorem
903 324 1062 360 punctionis

263 371 409 398 inveniunt
433 370 461 397 in
484 370 536 398 hoc
554 368 627 405 quod
644 369 831 404 temporaliter
852 369 1060 405 concupiscunt.

263 416 345 449 Quasi
362 415 521 450 interposita
536 413 652 441 maceria
667 414 677 430 ²
694 413 746 440 viis
760 422 854 441 eorum
870 414 973 448 obviat,
990 423 1063 450 quo-

263 469 325 488 rum
341 460 474 488 nimirum
489 459 624 488 desideria
639 461 648 476 ³
661 459 836 495 perfectionis
851 459 1002 487 diﬂicultas
1013 460 1063 487 im-

264 509 375 542 pugnat.
386 506 488 533 Horum
506 505 627 541 profecto
642 505 741 532 animae
755 509 890 533 amatores
905 513 968 533 suos
983 513 1063 541 quas-

264 554 339 584 runt,
363 554 390 578 et
413 559 468 578 non
494 550 651 585 inveniunt,
677 551 742 578 dum
767 551 906 588 sequendo
930 551 1064 586 malignos

265 596 387 631 spiritus,
403 603 575 631 nequaquam
591 604 636 623 eas
650 604 716 632 quas
726 600 857 632 appetunt
873 596 956 632 hujus
971 597 1064 624 saeculi

265 640 419 674 voluptates
434 638 653 674 apprehendunt.
666 641 737 668 Bene
747 644 838 668 autem
848 640 976 668 subditur
990 640 1065 676 quod

265 691 299 710 ex
314 683 373 719 ipsa
387 683 548 711 difﬁcultate
563 692 627 711 mox
642 684 733 712 dicat:
756 685 855 712 Vadam
865 687 888 711 et
901 687 1021 712 reuertar
1030 684 1065 710 ad

265 728 353 756 virum
368 737 452 756 meum
465 729 591 764 priorem,
608 729 671 764 quia
686 730 746 756 bene
759 730 824 756 mihi
838 732 896 756 erat
911 732 971 756 tunc
983 729 1066 764 magis

266 782 347 809 quam
367 783 436 801 nunc
460 774 554 810 (Ibid,
582 775 622 809 7).
643 774 721 802 Prior
742 774 842 810 quippe
867 774 909 801 vir
931 773 1066 801 Dominus

267 824 317 855 est,
330 820 377 857 qui
392 824 492 848 castam
504 820 557 848 sibi
569 820 690 848 animam
706 820 793 848 sancti
805 819 923 855 Spiritus
938 819 1068 854 interpo-

268 865 321 893 sito
329 873 421 893 amore
432 865 587 901 conjunxit.
597 865 682 899 Quem
694 869 760 893 tunc
767 872 844 892 mens
852 864 1067 900 uniuscujusque

1117 279 1173 314 ejus
1186 280 1297 315 (Thren.
1314 288 1355 313 ιιι,
1374 280 1411 315 1).
1427 279 1511 314 Virga
1520 278 1593 307 enim
1609 278 1810 314 indignationis
1821 280 1870 308 Dei
1879 284 1920 308 est

1118 325 1256 361 percussio
1282 324 1471 353 districtionis.
1499 325 1586 358 Quam
1609 324 1829 360 indignationem
1853 329 1920 354 tunc

1118 371 1201 398 homo
1226 370 1348 406 pertulit,
1364 378 1426 397 cum
1448 378 1481 397 ex
1500 369 1624 404 paradiso
1648 370 1754 405 pulsus,
1775 378 1853 397 veras
1874 370 1921 397 in—

1120 415 1188 442 terni
1206 414 1298 450 gaudii
1313 414 1425 442 divitias
1440 414 1532 441 amisit
1545 414 1648 448 (Genes.
1663 423 1706 447 in,
1721 414 1781 449 24).
1795 415 1847 442 Sed
1856 415 1922 451 quia

1119 459 1197 486 electi
1222 459 1323 495 quique
1343 459 1510 486 incessanter
1524 458 1699 494 conspiciunt
1713 459 1786 495 quod
1802 459 1830 486 in
1846 468 1922 494 prm—

1119 503 1204 531 sentis
1219 503 1282 531 vitae
1308 503 1449 539 penuriam
1465 503 1499 531 ab
1514 503 1562 530 illa
1575 503 1717 539 potestatis
1732 503 1861 538 ingenita:
1876 503 1923 531 fa—

1120 548 1221 576 cultate
1236 548 1405 581 ceciderunt,
1418 548 1485 576 bene
1493 548 1595 576 dicitur
1607 557 1613 575 :
1630 549 1687 584 Ego
1695 548 1738 575 vir
1751 549 1843 576 videns
1854 557 1924 584 pau-

1118 596 1246 628 pertatem
1261 602 1345 620 meam
1365 594 1480 627 (Thren.
1505 601 1547 627 ιιι,
1572 593 1610 629 1).
1627 592 1758 629 Quisquis
1773 593 1846 621 enim
1863 593 1923 621 hac

1121 637 1212 666 adhuc
1227 637 1350 665 visibilia
1364 638 1478 674 appetit,
1493 637 1721 674 peregrinationis
1743 646 1798 665 suae
1815 638 1920 665 malum

1124 685 1219 713 1118
1234 691 1289 710 non
1304 682 1446 718 intelligit,
1462 686 1488 710 et
1503 682 1556 710 hoc
1570 682 1660 718 ipsum
1676 682 1748 718 quod
1762 682 1867 718 patitur
1881 683 1925 710 vi-

1123 730 1186 758 dere
1209 731 1306 759 nescit.
1332 731 1408 758 Hanc
1422 734 1609 766 paupertatem
1625 730 1712 758 David
1726 730 1857 765 propheta
1872 729 1924 757 in—

1123 779 1212 809 tuens,
1234 775 1290 802 ait:
1313 776 1455 811 Inﬁrmata
1476 778 1512 802 est
1533 775 1561 802 in
1584 778 1736 811 paupertate
1759 775 1843 801 virtus
1863 783 1927 801 mea

1125 820 1211 856 (Psal.
1223 829 1293 854 xxx,
1306 821 1361 857 ll).
1372 821 1402 848 In
1414 825 1569 857 paupertate
1575 820 1677 848 etenim
1688 820 1776 848 virtus
1790 819 1925 847 inﬁrmari

1123 866 1235 900 dicitur,
1252 866 1316 902 quia
1327 866 1417 902 lapsus
1429 866 1456 893 in
1472 866 1523 894 hac
1536 866 1753 902 peregrinatione
1767 865 1886 897 animus,
1897 868 1927 892 et

269 909 416 944 desiderat,
431 919 495 938 cum
510 910 676 945 multiplices
690 909 887 937 amaritudines
902 909 977 936 velut
990 916 1067 944 quas-
1085 913 1108 943 Β
1124 910 1310 946 corruptionis
1332 918 1388 938 suas
1410 910 1543 938 molestiis
1564 910 1763 943 reverberatus,
1780 909 1833 938 hoc
1847 908 1928 945 quod

270 955 332 982 dam
348 954 440 990 spinas
455 955 563 982 invenit
578 955 605 982 in
620 954 654 982 iis
668 954 896 982 delectationibus
913 963 980 991 quas
994 958 1071 982 tem-

271 999 401 1035 poraliter
439 998 618 1035 concupiscit.
651 999 719 1027 Nam
758 998 823 1027 dum
857 999 1071 1027 adversitatibus

273 1043 369 1071 mundi
391 1051 472 1079 quem
494 1043 586 1079 diligit
610 1043 729 1071 morderi
752 1044 843 1071 anima
866 1044 988 1079 coeperit,
1005 1047 1072 1071 tunc

270 1088 379 1123 plenius
394 1087 523 1123 intelligit
538 1091 641 1124 quanto
656 1088 697 1115 illi
712 1096 775 1115 cum
791 1087 881 1123 priore
895 1087 956 1115 viro
972 1087 1072 1115 melius

271 1132 335 1160 fuit.

307 1176 333 1204 4.
355 1177 425 1211 Quos
439 1177 561 1204 voluntas
572 1185 659 1212 prava
674 1176 812 1212 pervertit,
823 1184 890 1213 saepe
904 1177 1013 1212 corrigit
1026 1177 1073 1204 ad-

272 1223 393 1251 versitas.
411 1238 446 1244 —
459 1224 513 1251 Eos
528 1232 592 1259 ergo
606 1231 674 1259 quos
688 1223 817 1250 voluntas
831 1231 914 1258 prava
928 1223 1072 1258 pervertit,

273 1267 435 1303 plerumque
449 1267 598 1295 adversitas
613 1267 735 1303 corrigit.
749 1267 826 1295 Unde
839 1270 866 1294 et
880 1267 964 1294 nimis
975 1267 1073 1294 timen-

274 1311 340 1339 dum
356 1316 396 1339 est
410 1319 444 1338 ne
458 1316 608 1347 sequantur
617 1319 746 1347 prospera
758 1319 820 1339 cum
832 1311 1023 1339 desiderantur
1033 1311 1074 1338 in-

272 1356 357 1392 justa,
373 1357 438 1392 quia
452 1356 593 1384 diﬂicilius
607 1356 710 1384 malum
724 1356 882 1392 corrigitur,
897 1356 970 1392 quod
987 1356 1074 1392 perfe-

275 1400 376 1428 ctionis
390 1400 472 1428 etiam
484 1400 664 1436 prosperitate
675 1401 797 1429 fulcitur.
815 1400 967 1428 Leviathan
983 1401 1076 1436 itaque

276 1445 328 1473 iste
349 1445 396 1482 qui
416 1454 477 1473 cum
499 1445 629 1473 membris
648 1446 704 1473 suis
723 1445 832 1474 aeternis
853 1449 893 1474 est
908 1445 1077 1473 cruciatibus

276 1491 431 1527 deputatus,
443 1495 469 1519 et
480 1491 560 1518 dolus
575 1490 602 1518 in
614 1499 696 1518 manu
708 1490 767 1527 ejus
780 1490 919 1527 dirigitur,
931 1494 957 1518 et
967 1491 995 1518 in
1006 1490 1077 1518 collo

277 1535 335 1571 ejus
349 1536 482 1563 fortitudo
493 1535 661 1569 demoratur,
671 1536 735 1571 quia
746 1535 797 1563 hoc
809 1535 881 1571 quod
892 1534 1078 1570 temporaliter

276 1587 407 1615 perversa
428 1583 524 1607 contra
538 1580 624 1607 bonos
640 1580 782 1607 voluntate
800 1579 946 1612 desiderat,
962 1587 1077 1615 perver—
1094 1594 1115 1624 ο

279 1624 351 1651 siore
366 1624 495 1652 facultate
505 1627 689 1657 consummat,
700 1628 731 1652 ut
741 1627 817 1652 tanto
829 1624 854 1651 ei
869 1623 902 1651 de
913 1623 1077 1651 adversitate

278 1668 307 1696 in
322 1669 449 1704 praesenti
468 1668 508 1696 nil
530 1668 630 1700 obstet,
651 1672 754 1704 quanto
779 1668 804 1695 ei
826 1668 854 1695 in
879 1672 1020 1703 posterum
1044 1667 1078 1695 de

278 1712 457 1748 prosperitate
479 1711 548 1739 nihil
564 1716 695 1740 remanet.
713 1712 748 1739 Et
765 1712 829 1748 quia
844 1712 934 1740 omnis
950 1712 997 1748 qui
1012 1720 1078 1748 per—

279 1757 366 1785 versis
380 1757 504 1785 moribus
518 1756 649 1785 amicitiis
663 1756 721 1792 ejus
745 1756 891 1784 innotescit
909 1757 985 1793 prius
1001 1765 1079 1785 veras

279 1802 380 1829 mentis
397 1801 511 1829 divitias
524 1801 637 1835 amittit,
653 1806 714 1837 apte
729 1801 925 1837 subjungitur:

439 1855 553 1885 CAPUT
572 1856 608 1883 III
629 1854 697 1892 [Vet.
715 1856 754 1889 ΙΙ,
774 1855 833 1883 Rec.
850 1855 919 1890 III].

314 1902 383 1930 IBID.
395 1916 430 1922 -
444 1902 480 1930 Et
494 1901 589 1937 facient
604 1901 661 1936 ejus
672 1902 799 1937 prmcedet
812 1905 918 1937 egestas.

315 1948 341 1975 5.
364 1947 516 1975 Electorum
529 1949 676 1982 paupertas
696 1949 734 1973 est
755 1947 864 1974 cwlestes
879 1946 986 1974 divitias
1008 1945 1082 1973 ami-

280 1991 353 2018 sisse.
377 2006 413 2011 —
427 1991 478 2018 Per
497 1991 594 2019 faciem
609 1991 709 2026 quippe
730 1991 798 2018 solet
813 1991 912 2017 notitia
931 1989 1079 2025 designari.

282 2034 359 2062 Unde
374 2034 506 2069 scriptum
521 2038 579 2061 est:
597 2035 633 2062 Et
642 2034 723 2068 facies
737 2043 791 2062 mea
805 2034 932 2069 praecedet
948 2034 1080 2069 te(E;cod.

281 2086 384 2111 xxxiii,
402 2077 458 2113 Ui),
474 2078 502 2105 id
517 2082 557 2105 est
572 2078 670 2105 notitia
686 2078 815 2106 ducatum
831 2078 971 2113 prmbebit.
990 2078 1082 2106 Scien-

282 2122 347 2150 dum
366 2130 431 2149 vero
455 2126 495 2149 est
515 2123 587 2157 quod
609 2126 711 2157 egestas
731 2123 759 2149 in
783 2131 858 2150 sacro
878 2123 987 2159 eloquio
1003 2123 1083 2151 aliter

282 2168 432 2195 electorum
448 2166 571 2202 ponitur,
586 2170 667 2202 atque
682 2166 760 2194 aliter
771 2166 960 2202 reproborum.
971 2168 1082 2203 Egestas

284 2219 401 2247 namque
423 2211 571 2238 electorum
593 2215 642 2245 est,
668 2219 730 2239 cum
753 2219 824 2239 verte
839 2211 944 2239 divitiae
966 2212 1083 2239 coalestis

283 2256 377 2292 patria
393 2255 426 2283 ad
439 2264 533 2283 eorum
556 2256 679 2283 animum
695 2256 819 2290 redeunt,
834 2260 859 2283 et
874 2256 903 2283 in
919 2256 971 2285 hoc
984 2265 1081 2291 aarum-
1098 2273 1123 2302 Β

284 2309 351 2329 noso
368 2301 507 2336 praesentis
529 2301 592 2328 vitae
607 2300 706 2328 exsilio
724 2301 816 2336 positi,
833 2309 963 2337 pauperes
982 2310 1010 2329 se
1025 2309 1082 2329 esse

283 2346 479 2374 meminerunt.
498 2347 507 2363 ‘
523 2346 586 2374 Illas
606 2346 705 2382 quippe
721 2346 832 2374 divitias
853 2347 911 2374 sine
932 2347 1082 2375 cessatione

283 2390 433 2426 suspirant,
449 2390 482 2418 de
496 2390 597 2426 quibus
611 2391 710 2418 Paulus
724 2391 793 2418 dicit
806 2400 810 2418 :
831 2391 862 2418 Ut
876 2391 963 2418 sciatis
978 2400 1036 2426 qua:
1049 2392 1084 2419 sit

283 2444 340 2471 spes
353 2435 497 2462 vocationis
511 2435 577 2469 ejus,
597 2438 620 2462 et
634 2443 692 2470 quw
706 2435 804 2462 divitia:
817 2435 908 2470 gloria:
922 2435 1082 2463 hereditatis

283 2479 338 2513 ejus
353 2479 380 2506 in
395 2479 491 2506 sanctis
508 2480 615 2515 (Ephes.
633 2488 652 2512 ι,
670 2479 724 2514 18).
742 2480 776 2506 Et
791 2479 855 2514 quia
869 2479 960 2507 adhuc
974 2488 1018 2507 eas
1030 2488 1082 2507 ne-

283 2531 419 2559 quaquam
435 2524 619 2559 conspiciunt,
636 2523 756 2551 studiose
777 2524 887 2552 interim
907 2524 936 2552 in
958 2533 1082 2552 aerumna

283 2567 363 2595 istius
378 2568 545 2604 paupertatis
564 2572 684 2604 gemunt.
704 2568 780 2597 Hanc
794 2569 889 2604 procul
904 2568 989 2597 dubio
1010 2577 1082 2605 pau—

284 2615 416 2646 pertatem
441 2613 572 2641 Jeremias
592 2612 759 2648 inspexerat,
781 2621 844 2641 cum
868 2613 994 2642 dicebat:
1024 2615 1081 2650 Ego

323 2714 332 2751 ξ
348 2713 405 2751 ᾼΙη
421 2714 543 2742 dolorum
555 2713 718 2751 punctiones.

321 2749 392 2790 "-S'ic
406 2749 727 2790 legendum—persuadent
746 2751 809 2790 Mss.
834 2755 893 2790 tum
916 2751 1009 2790 tingi,
1026 2754 1084 2781 tum

286 2788 384 2818 nostri,
405 2790 510 2826 veteres
530 2788 580 2826 Ed.
606 2792 634 2826 et
657 2789 806 2826 praesertim
822 2789 902 2826 ratio.
928 2788 1005 2826 Unde
1027 2797 1084 2826 non

286 2826 381 2859 parum
399 2822 534 2859 miramur
541 2822 680 2859 irrepsisse
691 2824 737 2857 vis,
751 2832 800 2859 pro
809 2824 869 2857 viis,
882 2824 911 2851 in
923 2824 1019 2857 Gilot.,
1031 2825 1084 2852 Va-

286 2856 345 2888 tic.,
362 2856 497 2883 Gussanv.
515 2857 587 2883 Edit.
598 2856 630 2884 ret
646 2862 700 2885 tam
716 2856 836 2887 crassum
852 2856 983 2888 mendum
1001 2856 1040 2888 tot
1055 2860 1084 2888 in

286 2891 348 2920 aliis
363 2891 479 2920 Excusis
494 2891 577 2918 fuisse
588 2897 774 2927 propagatum.

1126 955 1246 991 perdidit
1259 955 1438 991 contemplari
1454 954 1632 991 prepeditur.

1161 1000 1187 1027 6.
1213 1000 1287 1027 Hanc
1303 1002 1487 1035 paupertatem
1505 999 1612 1034 reprobi
1631 999 1757 1027 nesciunt.
1792 999 1931 1028 Virtutum

1126 1043 1225 1071 divitiis
1240 1047 1396 1077 vacuantur,
1412 1052 1456 1071 nec
1471 1044 1629 1079 intelligunt.
1651 1059 1686 1064 —
1699 1044 1752 1072 Sed
1768 1044 1840 1072 hanc
1855 1052 1933 1080 pau-

1127 1092 1257 1125 pertatem
1285 1088 1393 1124 reprobi
1415 1088 1588 1117 considerare
1607 1088 1743 1122 nesciunt,
1769 1088 1834 1124 quia
1858 1088 1929 1116 dum

1127 1138 1279 1169 sequuntur
1301 1141 1332 1160 ea
1355 1141 1414 1169 quae
1430 1133 1614 1169 conspiciunt,
1630 1133 1749 1169 cogitare
1775 1132 1933 1161 invisibilia

1128 1178 1270 1214 negligunt
1284 1186 1343 1215 qua:
1358 1178 1547 1214 perdiderunt.
1564 1177 1641 1205 Unde
1664 1181 1691 1205 et
1713 1181 1817 1213 egestas
1833 1185 1928 1205 eorum

1129 1223 1236 1259 proprie
1252 1223 1364 1255 dicitur,
1382 1223 1446 1259 quia
1460 1223 1525 1250 dum
1543 1224 1682 1258 replentur
1692 1222 1779 1256 vitiis,
1792 1222 1931 1249 virtutum

1130 1268 1236 1295 divitiis
1251 1271 1412 1296 vacuantur.
1429 1268 1534 1301 Quibus
1548 1276 1619 1304 saepe
1633 1267 1726 1295 evenit
1740 1271 1770 1295 ut
1781 1275 1828 1303 per
1837 1267 1932 1295 elatio-

1129 1313 1174 1340 nis
1194 1313 1360 1341 dementiam
1381 1312 1527 1347 sublevati,
1552 1312 1619 1340 dum
1643 1321 1814 1349 nequaquam
1842 1313 1930 1341 ruinas

1130 1365 1185 1385 sua:
1205 1357 1305 1385 damna
1328 1357 1512 1391 considerant,
1533 1365 1591 1384 esse
1606 1364 1633 1384 se
1648 1357 1729 1384 etiam
1754 1365 1768 1384 a
1784 1357 1865 1385 bonis
1888 1365 1933 1385 ac-

1131 1402 1253 1429 tionibus
1265 1402 1360 1438 inopes
1376 1410 1430 1429 non
1447 1405 1621 1438 cognoscant.
1639 1402 1715 1430 Unde
1730 1410 1795 1430 voce
1810 1402 1934 1438 angelica

1131 1448 1304 1483 praedicatori
1319 1447 1459 1476 Laodicea),
1474 1447 1590 1476 dicitur:
1608 1448 1680 1475 Dicis
1694 1448 1763 1483 quod
1777 1448 1847 1475 dives
1861 1456 1933 1481 sum,

1132 1495 1154 1519 et
1171 1492 1351 1527 locupletatus,
1362 1495 1385 1520 et
1399 1492 1501 1520 nullius
1518 1501 1586 1528 egeo,
1602 1495 1625 1519 et
1639 1493 1718 1519 nescis
1729 1492 1791 1527 quia
1805 1495 1831 1518 tu
1844 1501 1871 1519 es
1884 1492 1935 1519 mi-

1132 1545 1184 1571 ser,
1199 1540 1222 1564 et
1230 1536 1398 1569 miserabilis,
1413 1539 1437 1564 et
1449 1545 1561 1572 pauper,
1572 1540 1596 1564 et
1605 1546 1695 1571 aecus,
1706 1536 1820 1563 etnudus
1833 1536 1933 1572 (Apoc.

1133 1589 1175 1615 ιιι,
1192 1581 1247 1617 17).
1267 1581 1350 1615 Quasi
1372 1581 1486 1609 divitem
1503 1590 1530 1609 se
1547 1582 1652 1615 asserit,
1676 1581 1722 1618 qui
1745 1588 1936 1617 perarrogan-

1132 1626 1199 1653 tiam
1218 1625 1372 1654 sanctitatis
1387 1627 1542 1661 extollitur,
1557 1626 1603 1654 sed
1622 1634 1733 1662 pauper,
1749 1633 1891 1662 caacusque
1906 1629 1936 1653 et

1132 1671 1223 1699 nudus
1233 1671 1367 1707 arguitur.
1374 1671 1480 1707 Pauper
1487 1671 1593 1707 utique,
1603 1671 1667 1707 quia
1674 1671 1809 1699 virtutum
1820 1670 1936 1699 divitias

1133 1724 1188 1744 non
1203 1715 1303 1748 habet;
1320 1724 1417 1750 caecus,
1435 1716 1498 1752 quia
1514 1724 1564 1744 nec
1578 1720 1765 1752 paupertatem
1786 1724 1867 1753 quam
1881 1724 1938 1752 pa—

1134 1761 1201 1788 titur
1216 1760 1308 1794 videt;
1325 1760 1426 1795 nudus,
1438 1761 1502 1796 quia
1512 1760 1628 1796 primam
1638 1761 1737 1789 stolam
1747 1760 1876 1797 perdidit,
1887 1760 1937 1789 sed

1135 1804 1223 1841 pejus,
1239 1806 1304 1841 quia
1321 1813 1371 1834 nec
1392 1814 1419 1833 se
1440 1805 1590 1841 perdidisse
1605 1805 1756 1842 cognoscit.
1773 1805 1843 1839 Quia
1858 1813 1935 1841 ergo,

1135 1853 1166 1877 ut
1180 1849 1313 1884 diximus,
1329 1853 1431 1886 egestas
1447 1850 1624 1886 reproborum
1637 1854 1678 1878 est
1692 1850 1864 1878 defraudatio
1879 1858 1936 1878 me-

1135 1894 1262 1928 ritorum,
1286 1899 1359 1923 recte
1378 1894 1411 1922 de
1434 1895 1584 1922 Leviathan
1607 1894 1727 1923 dicitur:
1752 1894 1858 1922 Faciem
1878 1896 1937 1930 ejus

1133 1941 1262 1975 praecedet
1275 1943 1380 1975 egestas.
1397 1940 1482 1968 Nemo
1495 1939 1612 1976 quippe“
1628 1939 1781 1976 cognitioni
1792 1940 1851 1976 ejus
1863 1940 1938 1975 jun-

1137 1984 1219 2019 gitur,
1244 1985 1297 2012 nisi
1314 1984 1389 2019 prius
1404 1984 1538 2012 virtutum
1555 1984 1661 2012 divitiis
1676 1984 1840 2012 denudetur.
1856 1984 1938 2012 Prius

1136 2028 1210 2056 enim
1220 2029 1306 2057 bonas
1320 2028 1499 2064 cogitationes
1520 2029 1665 2063 subtrahit,
1682 2033 1709 2056 et
1723 2034 1789 2058 tunc
1804 2029 1844 2057 eis
1859 2037 1939 2065 aper-

1137 2073 1233 2101 tiorem
1256 2073 1382 2101 notitiam
1403 2082 1458 2101 suae
1487 2073 1642 2110 iniquitatis
1664 2073 1795 2101 infundit.
1821 2074 1940 2108 Egestas

1137 2126 1200 2154 ergo
1215 2118 1311 2146 faciem
1334 2118 1409 2146 illius
1424 2118 1575 2154 praecedere
1591 2118 1704 2153 dicitur,
1719 2118 1783 2155 quia
1796 2117 1874 2154 prius
1891 2118 1941 2145 fa-

1137 2164 1225 2191 cultas
1241 2162 1343 2190 virium
1357 2164 1367 2180 ⁶
1381 2163 1514 2199 perditur,
1524 2167 1555 2191 ut
1564 2164 1640 2199 quasi
1656 2172 1703 2200 per
1718 2163 1938 2191 familiaritatem

1138 2207 1312 2243 postmodum
1328 2207 1387 2243 ejus
1402 2208 1500 2235 notitia
1514 2212 1703 2243 cognoscatur.
1720 2207 1771 2235 Vel
1785 2211 1858 2235 certe
1873 2208 1941 2242 quia

1139 2254 1233 2281 multis
1257 2254 1295 2281 ita
1319 2253 1507 2281 fraudulenter
1526 2254 1659 2289 subrepit,
1684 2258 1715 2281 ut
1734 2253 1768 2281 ab
1783 2253 1823 2281 eis
1837 2252 1941 2289 depre-

1138 2297 1221 2325 hendi
1237 2306 1406 2334 nequaquam
1430 2299 1526 2334 possit,
1542 2302 1569 2326 et
1583 2299 1622 2326 sic
1636 2307 1731 2326 eorum
1747 2299 1863 2326 virtutes
1877 2306 1940 2325 eva-

1137 2347 1210 2377 cuat,
1227 2347 1361 2380 quatenus
1383 2343 1489 2371 astutize
1504 2352 1559 2371 suae
1575 2344 1708 2372 malitiam
1726 2352 1781 2372 non
1802 2343 1939 2378 ostendat,

1137 2389 1235 2417 faciem
1259 2388 1317 2424 ejus
1335 2393 1438 2424 egestas
1459 2389 1553 2425 praeire
1568 2388 1739 2424 perhibetur,
1758 2397 1789 2417 ac
1803 2389 1826 2416 si
1846 2392 1941 2424 aperte

1136 2432 1284 2466 diceretur,
1300 2433 1365 2469 quia
1378 2441 1441 2460 cum
1457 2433 1592 2461 insidians
1605 2437 1703 2467 tentat,
1720 2433 1882 2469 priusquam
1899 2432 1941 2459 vi.

1136 2476 1233 2504 deatur
1242 2477 1387 2512 exspoliat.
1403 2477 1473 2505 lIinc
1486 2482 1525 2505 est
1536 2478 1610 2505 enim
1622 2477 1695 2514 quod
1710 2477 1743 2505 de
1750 2477 1884 2513 Ephraim
1892 2485 1942 2513 per

1136 2521 1297 2557 prophetam
1311 2521 1414 2550 dicitur
1426 2531 1431 2550 :
1451 2522 1623 2550 Comederunt
1636 2522 1719 2550 alieni
1735 2522 1819 2549 robur
1833 2521 1902 2555 ejus,
1917 2524 1943 2548 at

1136 2567 1189 2602 ipse
1212 2567 1344 2602 ignoravit
1368 2567 1443 2602 (Osee
1464 2576 1512 2602 vu,
1535 2568 1575 2604 9).
1597 2567 1689 2595 Alieni
1704 2567 1806 2604 quippe
1821 2566 1942 2602 intelligi

1136 2615 1263 2648 apostatae
1286 2611 1375 2648 angeli
1397 2612 1494 2647 solent,
1520 2612 1568 2648 qui
1589 2612 1675 2640 robur
1694 2611 1855 2645 comedunt,
1871 2610 1941 2638 dum

1139 2716 1242 2780 {19;};
1246 2720 1302 2779 iistst,
1326 2716 1464 2754 difﬁcultas
1482 2716 1636 2754 perﬁciendi
1657 2719 1680 2745 et
1700 2725 1777 2754 opere
1795 2715 1946 2753 complendi

1158 2762 1280 2781 eslllt'riﬂ.

1176 2790 1187 2806 ι
1202 2790 1328 2824 I.uilgip.,
1340 2790 1389 2826 uti
1408 2790 1469 2817 illas
1491 2790 1596 2826 quippe.
1613 2790 1644 2817 In
1659 2789 1741 2818 Corb.
1757 2789 1864 2824 Germ.,
1880 2793 1945 2826 post

1139 2826 1322 2858 menum-mil,
1340 2825 1389 2860 legi
1397 2831 1438 2852 iur
1449 2826 1479 2852 ile
1489 2825 1583 2860 quibus
1594 2835 1604 2858 ;
1618 2830 1715 2856 catera
1724 2825 1908 2855 omittuntur.

1176 2861 1186 2877 ⁵
1205 2861 1326 2893 librum,
1343 2862 1503 2895 regitationi.

1177 2897 1187 2912 ’τ
1205 2897 1300 2927 intui,
1316 2897 1488 2931 prmpeditur.
1779 2920 1786 2922 .
1807 2908 1824 2915 ε
1865 2917 1877 2926 .

1728 2941 1903 2971 Amr.

2076 79 2078 148 ι

2076 204 2078 304 i

2077 396 2078 459 ι

2076 558 2078 620 l

2077 694 2078 775 l
