4140 6194
293 304 429 366 1473

289 435 588 502 aqualitate
620 433 929 502 conditionis
953 433 1199 502 gaudent.
1226 438 1342 502 690.

289 495 709 560 Si'pralatorum
742 496 899 545 verbo
932 497 1011 560 vel
1040 495 1273 560 exemplo
1299 497 1351 544 ﬁ-

288 560 432 611 deles
458 560 647 610 subditi
682 574 781 608 non
807 559 1127 621 fructiﬁcant,
1151 559 1348 621 pralati

289 624 537 673 rationem
577 621 803 675 reddent.
855 622 963 671 725.
1007 620 1105 682 Qui
1154 620 1347 679 subeSt,

290 687 451 735 servit
475 684 539 734 ad
558 685 881 747 obsequium;
901 685 985 747 qui
1012 692 1212 746 praest.
1240 697 1349 732 ser-

289 749 395 796 viat
423 747 489 796 ad
505 749 734 803 verbum,
758 747 869 798 726.
900 747 1153 796 Pralatus
1179 755 1349 795 mutus

288 812 453 872 exigit
486 808 857 873 quoddebetur
888 810 1220 873 suocorpori,
1257 808 1349 873 sed

287 870 397 921 non'
434 870 689 935 impendit
718 871 853 935 quod
868 870 1222 935 isubjectorum
1249 870 1346 935 de,-

289 936 436 984 lietur
476 933 636 990 cordi,
700 933 811 985 725.
864 933 1070 983 Pra’lati
1122 949 1151 982 a
1202 934 1349 982 malis

287 996 558 1057 exemplis,
579 996 772 1045 subditi
789 1008 1002 1045 caveant
1019 1012 1046 1044 a
1066 996 1348 1045 temerariis

281 1058 509 1122 judiciis,
529 1059 801 1122 728.7Multi
821 1060 1013 1122 pralati
1030 1073 1136 1122 pra
1151 1068 1347 1122 tumore

287 1120 497 1170 cunctos
519 1121 751 1170 subditos
769 1120 1077 1182 despiciunt,
1099 1122 1208 1169 785.
1231 1120 1351 1168 Cul-

289 1198 379 1247 pas
397 1198 572 1232 eorum
586 1182 871 1247 prudenter
889 1191 939 1229 et
953 1183 1214 1247 humiliter
1230 1195 1348 1230 cor-

288 1244 477 1307 rigant,
508 1244 625 1307 786.
652 1244 903 1307 Pralatus
933 1245 1062 1292 alios
1088 1245 1343 1307 judicans,

286 1304 510 1371 su'perno
538 1306 700 1370 judici
722 1305 928 1371 assidue
951 1321 1005 1354 se
1028 1308 1193 1366 sistat,
1214 1304 1343 1355 ibid.

285 1368 384 1430 Qui
432 1368 569 1419 tenet
618 1369 851 1430 magistri
896 1368 1082 1424 locum,
1102 1372 1349 1430 exerceat

283 1428 524 1491 o'ﬁlcium,
558 1437 666 1482 805.
695 1428 951 1480 Pralatus
971 1437 1020 1477 et
1039 1428 1228 1479 subditi
1260 1430 1349 1477 hu-

284 1496 498 1544 militate
516 1494 768 1552 mutua,in
789 1507 881 1541 suo
902 1492 1151 1555 cujusque
1169 1491 1348 1555 ordine

286 1559 665 1611 contineantur,
712 1556 820 1606 808.
872 1554 1081 1604 Pralati
1116 1554 1349 1603 subditos

284 1633 465 1668 omnes
484 1620 654 1667 minus
668 1618 924 1678 sapientes
941 1631 1093 1680 quam
1116 1618 1213 1678 ipsi
1227 1620 1345 1677 sint,

283 1680 614 1741 arbitrantur,
635 1680 1025 1731 ibid.Pralatus
1042 1681 1348 1738 invitus,sed

281 1758 347 1793 ex
372 1746 480 1807 zelo
499 1744 780 1807 cbaritatis,
802 1744 950 1791 savit
967 1742 1273 1807 quandoque
1294 1745 1344 1792 in

285 1806 536 1856 subditos.
582 1811 674 1855 815
727 1806 1150 1855 Pralatus'vitiis
1182 1806 1349 1868 potius

283 1883 437 1931 quam
480 1869 720 1918 fratribus
748 1868 1056 1929 dominetur,
1090 1868 1197 1919 834.
1231 1869 1349 1919 Νοη

284 1939 483 1996 natura,
501 1932 591 1996 sed
603 1933 754 1996 culpa
771 1932 1013 1993 pralatus
1028 1932 1342 1994 praponitur

282 1992 522 2059 subditis,
546 1993 675 2045 ibid.
692 1992 948 2059 Vconnexa
994 1992 1349 2059 suntgpeccata

284 2055 603 2119 subditorum
620 2064 670 2105 et
684 2056 1028 2119 pralatorum,
1054 2056 1187 2106 1284.
1205 2056 1346 2119 Quos

289 2118 445 2181 tepidi
479 2127 531 2168 et
553 2118 691 2168 taciti
723 2118 788 2167 ad
819 2127 1034 2167 mortem
1065 2118 1139 2167 ire
1170 2118 1346 2167 vident

285 2181 500 2243 pralati,
544 2181 798 2237 occidunt,
845 2181 981 2231 1285.
1014 2181 1197 2230 Patres
1231 2195 1345 2229 esse

282 2242 472 2307 debent
516 2243 736 2307 pralati,
792 2257 891 2307 non
930 2244 1165 2307 Domini,
1206 2243 1346 2307 1497.

283 2304 537 2355 Pralatus
563 2319 663 2353 non
686 2304 753 2353 sit
769 2304 1059 2354 crudelisin
1090 2304 1343 2364 subditos,

287 2372 424 2418 1498.
468 2367 727 2427 Quantum
784 2376 963 2416 noceat
994 2367 1214 2415 subditis
1243 2368 1345 2416 vita

286 2429 480 2491 pralati
496 2430 830 2489 infructuosa,
851 2430 987 2480 1583.
1005 2430 1343 2479 Pralatorum

286 2505 522 2553 perversa
560 2492 793 2554 exempla
838 2491 1072 2542 subditos
1116 2506 1342 2541 corrum-

283 2555 604 2666 gunt._1585.
663 2553 722 2602 ν.
756 2553 958 2618 Pastor,
1003 2555 1342 2628 Prapositus,

329 2615 614 2666 radicator.
668 2615 873 2666 Hector.
904 2644 968 2654 —
991 2616 1224 2666 Pralatis
1251 2633 1342 2666 vo-

329 2615 614 2675 radicator,
668 2615 873 2667 Hector.
904 2615 968 2654 —'-
991 2615 1224 2667 Pralatis
1251 2633 1345 2667 vo-

282 2680 463 2742 luptati
513 2679 875 2742 servientibus,
931 2679 1151 2728 subditis
1202 2680 1345 2729 frena

282 2740 532 2801 laiantur,
585 2746 661 2791 49.
713 2740 849 2790 Mala
888 2742 1209 2803 pralatorum
1242 2744 1346 2791 vita

283 2803 499 2866 multum
552 2812 700 2852 nocet
732 2804 952 2852 subditis
994 2805 1227 2866 inﬁrmis,
1267 2810 1343 2856 58.

282 2864 411 2925 Qua
484 2866 774 2929 cogitando,
819 2866 1072 2929 loquendo
1125 2864 1343 2928 agendo,

283 2942 495 2991 peccare
519 2928 716 2991 soleant
731 2929 780 2976 in
797 2928 1044 2990 potestate
1063 2933 1342 2991 constituti,

285 2991 392 3039 145.
428 2990 634 3039 Pralati
654 2998 832 3051 stupor
851 2992 1179 3041 subditorum
1197 2994 1349 3041 mori-

283 3051 382 3101 bus
404 3066 503 3102 non
530 3053 865 3113 invigilantis.
890 3054 996 3103 374.
1022 3054 1120 3115 Qui
1145 3057 1344 3104 cateris

283 3128 503 3191 praeesse
536 3117 785 3191 ambiunt,
818 3116 999 3191 iisdem
1018 3120 1098 3191 tsu
1110 3132 1345 3191 pponunf

284 3185 383 3234 tur,
412 3181 520 3243 546.
560 3176 636 3243 De
660 3177 983 3243 pralatorum
1017 3176 1269 3243 injustitia
1295 3189 1345 3230 et

283 3240 485 3303 erratis,
506 3241 676 3289 minus
697 3241 905 3303 perfecti
919 3240 1158 3297 clamant.
1178 3251 1228 3291 et
1243 3257 1340 3291 non

279 3300 472 3367 dolent,
496 3300 708 3364 perfecti
727 3311 912 3359 tacent,
938 3312 989 3367 et
1009 3306 1205 3367 lugent,
1231 3310 1341 3355 724.

278 3363 558 3430 Quantum
583 3372 811 3430 peccent
833 3366 1049 3430 pralati,
1068 3363 1344 3430 'qui'bona

278 3425 624 3475 ecclesiastica
688 3425 845 3475 muti'
876 3425 1165 3486 comedunt,
1227 3430 1339 3480 725.

280 3488 646 3553 Pralatgium_
683 3502 838 3553 prava
886 3492 1139 3553 exempla,
1184 3505 1344 3553 quam

283 3550 452 3609 noxia,
482 3548 595 3608 727,
632 3550 768 3599 1585.
794 3548 1145 3599 Pralatis'sua
1173 3548 1343 3600 aucto-

282 3612 430 3661 ritate
458 3609 590 3675 male
614 3611 895 3675 utentibus,
928 3613 1092 3675 oritur
1116 3626 1208 3675 pro
1239 3614 1343 3660 fru-

281 3682 462 3738 mento
482 3672 719 3738 tributus,
748 3682 803 3738 et
833 3687 921 3738 pro
952 3672 1141 3738 hordeo
1175 3675 1341 3738 spina,

278 3737 394 3787 726.
443 3736 653 3800 Pralati
687 3736 937 3800 injustitia
967 3737 1155 3800 polluit
1186 3736 1345 3800 pauca

279 3814 395 3861 qua
442 3800 579 3859 facit,
611 3799 766 3861 bona,
821 3799 930 3849 727.
962 3799 1111 3849 Multi
1148 3799 1342 3862 pralati

276 3875 381 3927 non
413 3871 514 3911 tam
539 3870 745 3927 propter
770 3862 1047 3927 Dominum
1074 3877 1225 3927 quam
1255 3876 1343 3927 pro

280 3924 501 3973 Domino
519 3926 749 3973 venerari
779 3925 975 3985 volunt,
1002 3924 1340 3976 7851Pralati

277 3986 503 4048 gaudent
539 3987 894 4050 singularitate
938 3989 1198 4050 culminis,
1240 4003 1338 4037 non

276 4050 568 4123 aqualitate
580 4049 907 4122 conditionis,
945 4049 1075 4100 ibid.
1101 4049 1199 4111 Qui
1216 4065 1341 4114 pra-

277 4112 393 4176 latis
438 4112 588 4159 malis
619 4113 911 4176 subiaceni,
947 4113 999 4161 id
1029 4127 1136 4176 sua
1172 4117 1338 4176 culpa

277 4174 519 4231 tribuant,
540 4174 656 4235 806.
687 4172 891 4235 Subditi
921 4174 1157 4235 praelatos
1182 4172 1337 4225 etiam

277 4236 440 4297 malos
487 4233 721 4297 tolerent.
756 4236 797 4297 si
820 4233 961 4297 salva
997 4234 1096 4283 ﬁde
1120 4240 1336 4297 possint,

276 4297 387 4346 807.
407 4296 503 4347 Rei
527 4295 977 4362 suntinﬁdelitatis
995 4295 1207 4360 pralati,
1226 4302 1335 4362 qui,

276 4373 391 4408 cum
413 4367 705 4422 ‘1eneantur
735 4358 1008 4420 corrigere,
1050 4358 1337 4422 negligunt,

276 4425 387 4483 924.
405 4420 1079 4483 Nimiumcircatemporalia
1092 4420 1340 4482 studium,

276 4493 328 4531 et
362 4482 426 4532 de
449 4483 735 4532 animarum
767 4484 930 4532 salute
957 4485 1170 4543 incuria,
1204 4491 1339 4537 1006.

275 4545 417 4610 Qua
436 4560 498 4594 ex
540 4545 779 4610 superbia
806 4546 1017 4609 pralato
1048 4562 1343 4610 suggeran-

275 4611 379 4674 tur,
404 4608 550 4658 1139.
578 4606 827 4674 Cavenda,
843 4611 1055 4674 pralato
1078 4606 1338 4674 superbia,

276 4670 372 4720 sub
403 4673 703 4721 auctoritate
733 4670 957 4734 palliata,
990 4674 1123 4723 1254.
1145 4670 1341 4724 Ῥνωιι-

276 4741 440 4797 t_orum
505 4734 737 4797 carpitur
796 4736 1130 4797 negligentia.
1200 4736 1338 4787 1502.

274 4794 534 4854 Quantum
555 4794 696 4859 Deus
723 4811 755 4844 a
783 4794 1006 4859 pralatis
1038 4799 1185 4847 malis
1214 4799 1337 4848 tole-

275 4866 351 4925 [at
375 4858 765 4925 prajndiciu‘mk
785 4858 912 4925 1503
969 4860 1224 4921 Pastores,
1250 4863 1338 4925 qui

274 4921 396 4986 ﬁant
422 4920 547 4983 lupi,
577 4920 952 4986 ibidsPralati,
975 4925 1062 4986 qui
1082 4924 1187 4974 sint
1209 4920 1337 4986 lapi-

274 4940 396 4969 nunt
422 4940 547 4983 lupl,
577 4940 703 4969 ιυια.
727 4940 952 4981 ι-Τωιξιιι,
975 4940 1062 4986 (ιω
1082 4940 1187 4974 ιιυῑ
1209 4940 1255 4973 ta
1297 4940 1336 4973 ι·

272 4983 364 5031 des
390 4984 689 5051 sanctuarii,
708 4983 953 5051 incapite
971 4988 1199 5037 omnium
1229 4940 1336 5051 pra-

273 5053 467 5106 tearum
499 5045 739 5106 dispersi,
764 5043 896 5096 ibid.

271 5104 529 5218 lugralia
558 5104 831 5169 spiritalia,
858 5110 969 5169 204,
998 5113 1107 5159 991.
1144 5111 1197 5161 7.
1224 5111 1339 5163 Bel-

293 5182 395 5217 um.

332 5230 566 5306 Pramia
588 5232 768 5306 patria
794 5233 1021 5306 calestis
1046 5236 1132 5297 qui
1159 5236 1332 5306 negli-

270 5296 631 5359 guntLinsuis
652 5296 738 5345 hic
754 5296 1107 5359 voluptatibus
1126 5296 1331 5359 cadunt,

269 5360 380 5423 374.
412 5357 715 5423 ca‘lestium
740 5357 1068 5422 pramiorum
1088 5357 1332 5423 gustatio,

271 5418 406 5489 1279.
435 5419 520 5470 Ad
550 5418 971 5489 magna'pramia
1004 5418 1331 5489 per-magnos

267 5481 470 5547 latiores
497 5481 921 5547 perveniendum,
952 5481 1088 5537 1627.

329 5542 730 5602 Prapositorum
763 5542 1035 5597 dissolutio
1072 5557 1151 5598 est
1185 5551 1332 5600 ruina

266 5608 539 5665 minorum,
562 5611 638 5660 49.
674 5610 811 5660 Dum
831 5613 1088 5673 prapositi
1113 5613 1328 5667 gloriam

266 5673 527 5735 propriam
544 5682 800 5735 quarunt,
826 5675 1148 5726 subditorum
1175 5676 1329 5725 corda

264 5804 343 5845 tos
387 5804 643 5860 quomodo
669 5813 725 5852 se
746 5814 926 5863 gerere
948 5804 1187 5863 debeant,
1215 5806 1322 5852 690.

325 5833 587 5926 Praputis
614 5862 874 5927 lignorum
925 5865 1147 5926 auferre,
1199 5865 1329 5932 quid

926 305 1150 364 INDEX
1182 304 1255 363 IN
1292 301 1541 362 LIBROS
1575 300 1949 361 MORALIUM
1983 300 2075 357 ET
2112 299 2449 358 HOMILIAS
2482 300 2540 358 S.
2582 299 2940 358 GREGORII.

1408 432 1492 492 sit,
1526 431 1637 483 280.

1472 490 2464 553 Prascientianariumnominedesigna—

1413 565 1508 617 tur,
1561 561 1695 607 1010.
1748 556 2129 605 Prascientiam
2180 556 2465 604 futurorum

1410 623 1657 670 malorum
1684 618 2125 682 quapramonuit,
2151 617 2469 682 Redemptor

1409 693 1583 747 noster
1612 679 1814 747 habuit,
1842 681 1987 741 ibid.,
2024 685 2161 730 1612.
2196 679 2463 737 Prascire,

1407 746 1531 809 quid
1554 747 1637 806 sit,
1671 750 1778 794 666.

1472 802 1708 858 Prasens
1744 806 1993 856 securitas
2032 802 2183 851 malis
2218 803 2464 861 laborem,

1406 885 1639 933 prasens
1669 870 1815 920 labor
1834 868 1983 917 bonis
2008 872 2305 932 perpetuam
2332 868 2468 929 parit

1410 936 1757 983 securitatem.
1786 933 1893 982 356.

1468 972 1709 1056 “Puras‘epe
1733 972 2047 1056 scripturam
2075 1005 2270 1056 sacram
2304 990 2466 1056 signi-

1409 1060 1539 1117 ﬁcat,
1581 1054 1690 1106 997.
1726 1057 1830 1105 Cur
1863 1055 2096 1104 Christus
2129 1055 2177 1102 in
2217 1054 2466 1115 prasepio

1404 1121 1695 1175 reclinatus,
1728 1120 1864 1167 1461.

1468 1183 1641 1231 Prasu
1650 1195 1762 1229 men
1772 1189 1845 1229 tes
1862 1178 1925 1227 de
1948 1178 2140 1241 prepiis
2155 1178 2280 1226 mori
2290 1178 2354 1225 tis
2367 1178 2467 1241 ha-

1410 1246 1575 1301 retici,
1614 1245 1664 1292 in
1696 1240 1969 1292 securitate
2001 1241 2194 1299 vivunt,
2221 1242 2332 1290 157.
2362 1240 2468 1289 Dif-

1409 1307 1540 1356 licile
1571 1316 1650 1355 est
1672 1319 1855 1366 magna
1886 1318 2058 1365 agere,
2083 1312 2144 1366 eti
2162 1303 2225 1351 de
2255 1302 2382 1352 actis
2409 1304 2465 1366 ﬁ-

1403 1369 1604 1418 duciam
1639 1382 1735 1416 non
1763 1365 1976 1423 habere,
2019 1371 2095 1415 70.
2126 1365 2467 1423 Prasumptio

1408 1433 1626 1495 propria
1677 1430 1899 1487 virtutis,
1955 1444 2108 1495 quam
2156 1430 2322 1495 noata,
2354 1429 2462 1495 708.

1405 1491 1513 1544 941.
1543 1494 1710 1543 Deum
1740 1500 1915 1556 negat,
1938 1491 2025 1556 qui
2050 1492 2112 1541 de
2138 1491 2336 1556 viribus
2355 1492 2465 1556 suis

1407 1558 1690 1620 prasumit,
1724 1556 1833 1605 708.
1866 1553 2143 1620 Nunquam
2178 1553 2466 1620 de‘viribus

1405 1615 1595 1669 nostris
1645 1615 2077 1680 prasumendum,
2105 1621 2217 1667 760.
2248 1615 2467 1680 Propgis

1405 1683 1609 1738 amittit,
1634 1678 1719 1750 qui
1745 1681 2008 1742 prasumit
2036 1680 2220 1739 aliena,
2253 1683 2360 1728 905.
2392 1678 2467 1750 De

1406 1759 1497 1795 sua
1541 1745 1807 1795 vocatione
1839 1757 1989 1792 nemo
2027 1750 2318 1805 prasumat,
2344 1745 2466 1805 quia

1404 1807 1468 1857 de
1490 1822 1579 1857 sua
1602 1807 1854 1856 electione
1875 1820 1973 1856 non
2002 1803 2080 1853 est
2110 1812 2297 1862 certus,
2328 1803 2461 1853 1514.

1470 1870 1742 1919 Praeterire
1798 1867 1935 1932 quod
1979 1868 2158 1931 potuit,
2207 1865 2464 1915 modicum

1405 1934 1697 2043 misria?“
1755 2006 1855 2042 non
1908 1989 2168 2051 gaudeant
2218 1991 2463 2050 rectores,

1403 2056 1493 2105 sed
1515 2055 1773 2118 prodesse,
1794 2055 1902 2106 689.
1920 2052 2020 2112 Qui
2039 2052 2352 2112 inﬁdelibus,
2375 2060 2464 2101 aut

1404 2120 1664 2168 hareticis
1709 2124 1966 2180 prasunt.
2010 2129 2163 2177 prava
2208 2123 2464 2180 pracepta

1402 2196 1495 2230 sua
1544 2176 1722 2242 quasi'
1753 2194 1818 2229 ex
1875 2176 2073 2228 ratione
2136 2176 2461 2240 persuadent,

1464 2304 1693 2355 Pravisa
1708 2302 1880 2365 jacula
1900 2302 2068 2352 minus
2091 2302 2297 2365 feriunt,
2324 2302 2460 2352 1612.

1466 2363 1764 2420 Prandium.
1796 2380 1887 2415 cur
1911 2366 2032 2414 olim
2074 2378 2221 2414 cana
2245 2363 2459 2425 dictum,

1405 2434 1541 2480 1634.
1573 2428 1689 2479 Non
1716 2428 1780 2478 ad
1819 2426 2222 2491 prandium,sed
2256 2427 2329 2491 ad,
2350 2440 2465 2491 ca—

1402 2506 1517 2542 nam
1544 2492 1707 2541 vocati
1729 2489 1925 2549 sumus,
1954 2492 2089 2541 1544.
2111 2489 2214 2539 Cur
2234 2489 2465 2543 caelestis

1400 2556 1683 2667 epulasggn
1704 2554 1991 2619 prandium,
2004 2553 2095 2602 sed
2107 2567 2254 2603 cana
2274 2566 2463 2603 vocan-

1404 2627 1499 2667 tur.
1655 2652 1669 2665 .

1404 2627 1499 2675 tur,
1533 2622 1669 2667 1620.

1467 2680 1717 2730 Precibus
1766 2678 2107 2738 innitendum,
2166 2692 2281 2728 cum
2327 2686 2464 2728 recta

1402 2744 1621 2800 agimus,
1650 2746 1758 2805 3017.
1787 2741 1976 2790 Preces
2001 2748 2188 2791 nostra
2213 2742 2462 2805 imperfe-

1400 2815 1514 2861 cta.
1566 2810 1673 2855 302.
1727 2804 1906 2854 Solent
1953 2805 2144 2854 versari
2199 2806 2249 2853 in
2292 2804 2466 2853 animo

1404 2868 1676 2930 precantis,
1704 2881 1821 2931 qua
1844 2874 2065 2931 terrena,
2085 2867 2167 2916 vel
2196 2867 2466 2931 immunda

1401 2932 1600 2981 otiosus
1617 2930 1735 2979 ante
1758 2930 2021 2991 cogitavit,
2050 2930 2157 2980 352.
2194 2930 2382 2978 Aliena
2412 2931 2462 2978 in

1403 3007 1495 3042 nos
1522 2992 1719 3055 delicta
1756 3001 1874 3055 ante
1929 3006 2129 3051 precem
2180 3000 2300 3041 sunt
2328 2993 2464 3041 rela-

1401 3054 1584 3116 xanda,
1606 3054 1750 3106 ibid.
1798 3054 1899 3115 Qui
1926 3055 2032 3104 Deo
2071 3056 2120 3103 in
2150 3069 2299 3118 prece
2328 3069 2464 3118 nunc

1405 3119 1668 3181 familiaris
1712 3125 1807 3178 est,
1835 3131 1949 3165 cum
1997 3119 2107 3181 ipso
2140 3116 2463 3181 postmodum

1395 3180 1666 3244 judicabit,
1689 3185 1798 3229 378.
1832 3180 2044 3230 Frustra
2068 3180 2232 3229 Deum
2257 3189 2456 3242 rogant,

1400 3244 1659 3324 iuifj‘i?_
1683 3245 2461 3324 ΡῖεθθῗΡῬΞί.ἒ9¹1ίθ¹ἷ¹9¹ΞΕίν-⁵,¹Βν

1400 3304 1474 3354 Eo
1497 3304 1662 3366 magis
1682 3304 2026 3356 exaudiuntur
2041 3307 2204 3355 sancti
2222 3304 2287 3355 ad
2315 3307 2464 3354 meri-

1402 3376 1526 3427 tum,
1570 3382 1673 3430 quo
1695 3369 1849 3418 citius
1874 3381 1975 3417 non
2021 3368 2364 3417 exaudiuntur
2396 3367 2463 3417 ad

1401 3441 1592 3494 votum,
1622 3435 1732 3481 665.
1766 3431 2021 3494 Humana
2052 3445 2227 3494 preces
2253 3432 2461 3479 nonnisi

1405 3506 1493 3555 per
1529 3493 1833 3541 advocatum
1869 3493 2313 3555 audiri’possunt,
2349 3494 2459 3555 718.

1402 3553 1593 3602 Beatus
1618 3555 1993 3613 oppimentium
2019 3553 2197 3626 audire
2228 3554 2463 3626 prohibet

1398 3627 1765 3675 oppressorum
1818 3628 1997 3677 preces
2035 3616 2315 3676 justorum,
2352 3616 2459 3664 826.

1409 3676 1569 3725 Irrita
1605 3686 1725 3725 sunt
1752 3689 1947 3739 preces,
1971 3690 2099 3738 quas
2128 3677 2210 3739 pia
2236 3677 2339 3724 vita
2363 3690 2461 3723 non

1400 3740 1647 3801 sequitur,
1694 3738 1831 3788 1102.
1860 3738 2007 3801 Plus
2058 3738 2147 3801 pro
2184 3751 2241 3786 se
2294 3740 2463 3801 valere

1398 3800 2026 3875 preces‘s‘uaseﬁicithqui
2047 3800 2139 3875 bas
2154 3808 2205 3850 et
2231 3813 2322 3863 pro
2345 3800 2462 3850 aliis

1399 3841 1967 3976 ἶιὲιέξῖιῖάἶῗιῇῖᾳῗῖίῗ
1978 3841 2178 3913 ὂτῐῖῐοῖ

1507 3925 1757 3976 resbvten
1780 3926 2022 3976 dicuntur
2041 3926 2178 3976 Grai

1507 3925 1757 3989 resbyteri
1780 3926 2022 3976 dicuntur
2041 3926 2239 3989 Grace,
2267 3927 2355 3989 qni
2373 3925 2465 3974 La-

1399 3990 1507 4038 tine
1524 3988 1683 4052 valde
1726 3989 1970 4049 seniores,
1997 3988 2152 4052 idest
2186 3988 2461 4052 decrepita

1396 4051 1564 4101 atatis
1589 4065 1758 4107 senes.
1787 4056 1922 4101 1512.
1974 4053 2026 4100 γ.
2052 4050 2327 4103 Sacerdos.

1457 4113 1896 4178 PrincepsGrace
1914 4113 2105 4164 dicitur
2124 4114 2458 4178 basispopuli,

1526 4176 1743 4252 Portant
1766 4180 1945 4252 orbem
1971 4178 2060 4251 qui
2094 4176 2299 4252 regunt,
2324 4176 2458 4252 ibid.

1395 4238 1665 4312 Principes
1684 4238 2035 4311 dicuntur,qui
2058 4238 2461 4312 cogitationibus

1395 4307 1454 4364 ei
1470 4301 1693 4364 motibus
1715 4301 1901 4349 anima
1942 4314 2050 4349 sua
2076 4303 2457 4364 principantur,

1397 4361 1506 4411 376.
1530 4361 1718 4411 Baculi
1742 4363 2023 4423 principes,
2046 4361 2369 4413 rhinocerote
2390 4366 2457 4413 si-

1397 4424 1645 4535 gniﬁcati,
1676 4424 1786 4473 995.
1805 4422 1894 4496 .Αο
1916 4422 2108 4472 Christi
2133 4438 2362 4487 prasepe
2386 4440 2460 4498 re-

1418 4496 1563 4535 itrati.
1606 4486 1716 4535 997.
1759 4485 1942 4535 Dmna
1973 4496 2227 4535 nraceota
2267 4487 2460 4535 pradi-

1418 4487 1563 4548 igati,
1606 4486 1716 4536 997.
1759 4485 1942 4535 Divina
1973 4496 2227 4547 pracepta
2267 4485 2460 4546 pradi-

1398 4558 1533 4608 cant,
1555 4556 1606 4597 et
1625 4550 1820 4598 servari
1854 4555 2053 4609 curant,
2090 4548 2223 4599 ibid.
2250 4550 2459 4600 Elevato

1398 4625 1555 4661 cornu
1601 4612 1768 4660 minas
1809 4612 2078 4673 intentant,
2124 4612 2214 4661 sed
2260 4613 2460 4662 timoris

1398 4674 1492 4723 Dei
1515 4676 1623 4724 loro
1646 4674 1850 4735 religati
1873 4673 2136 4735 deponunt
2160 4676 2458 4731 minas,998.

1397 4736 1650 4800 Princeps
1672 4751 1822 4799 opem
1842 4736 2035 4799 prabet
2053 4738 2296 4788 Ecclesia
2313 4740 2362 4788 in
2386 4753 2461 4787 re-

1398 4800 1559 4849 belles
1575 4800 1687 4862 ejus
1708 4800 1859 4862 ﬁlios,
1880 4806 1987 4851 999.
2014 4801 2342 4860 Principibus
2366 4810 2462 4851 ter-

1396 4862 1534 4925 renis
1568 4860 1707 4912 Deus
1743 4860 2028 4913 Ecclesiam
2055 4862 2290 4925 credidit,
2325 4865 2454 4914 ibid.

1396 4924 1665 4987 Principes
1718 4926 1893 4974 mundi
1941 4927 2085 4986 leges
2116 4940 2207 4988 pro
2236 4928 2461 4977 Ecclesia

1398 4990 1745 5051 promulgant,
1774 4989 1911 5038 1000.
1955 4990 2301 5050 Principes-ut
2324 5004 2457 5037 serw

1394 5052 1742 5115 ambulantes,
1764 5051 1887 5114 quid
1901 5053 2124 5115 signent,
2143 5054 2278 5115 1015.
2313 5053 2461 5101 Prin-

1392 5114 1535 5175 cipes
1554 5114 1734 5163 sacnll’
1753 5114 1978 5175 ossibus,
2002 5116 2173 5175 populi
2188 5114 2461 5175 designan-

1396 5184 1476 5224 tur
1503 5178 1764 5232 carnibus,
1816 5178 1950 5225 1374.
1985 5176 2296 5239 Principari,
2334 5176 2457 5238 quid

1391 5240 1475 5299 sit,
1491 5240 1640 5302 1605.
1663 5240 1762 5298 Qui
1785 5238 2025 5302 diﬁ'erant
2045 5238 2177 5302 inter
2197 5254 2251 5289 se
2276 5239 2460 5302 princi-

1394 5301 1501 5366 pari
1527 5310 1583 5366 et,
1602 5302 1875 5366 dominari,
1900 5301 2043 5366 ibid.»
2065 5300 2455 5366 Principatuutn

1389 5364 1679 5415 calentium
1703 5365 1943 5425 otﬁcium,
1967 5363 2094 5415 ibid.

1448 5426 1714 5489 Principio
1733 5437 1783 5475 et
1811 5428 1909 5476 ﬁne
1920 5428 2152 5476 clausum
2174 5434 2253 5476 est
2277 5427 2450 5486 breve,

1388 5489 1503 5539 470.
1547 5489 2243 5552 Principiisinvigilandum,
2284 5492 2402 5540 1058

1450 5552 1961 5602 Priscillianistarum
1984 5566 2128 5602 error
2155 5552 2286 5601 circa
2314 5554 2449 5601 nati-

1386 5614 1598 5663 vitatem
1627 5616 1918 5674 infantium,
1952 5615 2086 5665 1469.

3448 303 3583 362 1474

2525 430 2583 476 ut
2596 425 2851 490 loquendo
2863 425 2997 490 docti
3021 424 3307 485 videantur,
3328 427 3438 490 271.
3463 428 3584 478 Pro-

2523 489 2675 539 caces
2700 500 2838 539 recte
2872 489 3025 539 dictis
3060 503 3265 552 semper
3302 504 3332 538 e
3379 489 3584 541 diverso

2524 554 2854 615 respondent,
2882 554 2991 603 337.

2586 614 2857 666 Processio
2883 615 3107 681 Spiritus
3127 615 3289 665 sancti
3316 629 3345 664 a
3364 614 3518 665 Patre
3532 623 3585 667 et

2527 678 2673 730 Filio.
2704 682 2839 730 1554.

2567 679 2673 729 ilio.
2704 682 2839 729 1554.

2853 743 3048 793 ﬁliusin
3069 739 3585 805 longinquamabiens

2527 806 2807 869 regionem,
2832 805 2955 869 quid
2990 803 3424 869 signiﬁ_cet,’1117.

2588 866 2911 917 Profectibus
2936 866 3295 931 spiritualibus
3308 867 3581 931 Deusmo-

2526 930 2645 979 dum
2674 931 2830 991 ponit,
2880 927 2985 981 393'.
3012 928 3318 991 Proﬁciendi
3355 927 3581 978 studium

2525 1002 2574 1040 et
2610 990 2790 1039 medus
2822 995 2870 1040 in
2904 992 3058 1053 justis
3111 990 3434 1051 describitur,
3472 995 3580 1040 517.

2526 1054 2720 1104 Crescit
2762 1054 2812 1101 in
2850 1053 3027 1103 electis
3062 1059 3185 1100 atas
3210 1055 3431 1110 virtutis,
3464 1067 3578 1103 cre-

2526 1125 2699 1165 scente
2741 1125 2891 1165 atate
2930 1114 3175 1177 corporis,
3228 1120 3358 1177 692._
3390 1116 3461 1166 Ut
3517 1114 3582 1165 ad

2526 1180 2688 1228 Deum
2723 1175 3063 1240 proﬁciamus,
3102 1191 3132 1224 a
3157 1177 3308 1240 nobis
3332 1175 3583 1226 deﬁcien-

2525 1240 2666 1297 dum,
2688 1241 2796 1291 720.
2826 1241 3028 1289 Diversi
3049 1239 3366 1298 profectuum
3393 1240 3583 1299 gradus

2527 1318 2617 1365 per
2642 1303 2908 1366 Danielem
2929 1301 3305 1366 expressi,721.
3330 1304 3378 1350 Α
3400 1302 3582 1366 timore

2523 1363 2788 1430 proﬁcitur
2843 1365 2907 1414 ad
2932 1363 3219 1430 amorem,‘
3257 1364 3368 1430 722.
3417 1363 3585 1430 Nemo

2524 1423 2767 1492 quantum
2826 1429 3112 1491 profecerit,
3170 1427 3269 1492 nisi
3313 1426 3447 1492 inter
3487 1423 3584 1474 ad-

2524 1489 2688 1553 versa,
2723 1489 3005 1553 cognoscit,
3033 1492 3143 1540 758.
3172 1489 3285 1550 Qno
3321 1489 3487 1553 major
3506 1494 3585 1537 est

2523 1528 2704 1666 ἐξιξιῖίὶ
2714 1528 2818 1614 ιῖιὲῖ
2825 1528 3154 1617 ἓόἶῖιῖἱοὲέἱὶ
3171 1528 3289 1616 ἦὲὶ
3302 1528 3580 1617 ρῖἆῖἑὲιῦἐξ

2591 1678 3000 1728 Promittendum
3047 1679 3141 1727 fuit
3172 1675 3385 1741 aliquid,
3427 1676 3582 1741 etiam

2524 1742 2849 1815 de_pras_e_nti
2872 1742 2992 1815 vita,
3012 1740 3225 1815 rudibus
3245 1737 3414 1813 adhuc
3433 1737 3582 1815 disci-

2527 1803 2679 1870 pulis,
2734 1806 2869 1855 1591.
2920 1804 3181 1863 Carnales,
3227 1803 3270 1853 si
3303 1815 3457 1864 parva
3478 1813 3581 1870 non

2523 1862 2814 1930 acciperent
2849 1881 3001 1924 nunc,
3041 1880 3227 1929 magna
3259 1862 3362 1915 neu
3393 1862 3587 1915 crede-

2524 1939 2637 1979 rent
2671 1930 2859 1986 futura.
2883 1930 3007 1980 ibid.

2587 1993 2863 2048 Propheta
2889 1992 3129 2042 dicuntur
3158 1992 3433 2048 institores,
3469 1991 3556 2040 581

2522 2055 2653 2104 Item
2688 2052 2929 2105 dicuntur
2964 2055 3146 2113 nubes,
3180 2054 3291 2106 859.
3337 2052 3402 2103 Et
3433 2053 3583 2102 bases

2523 2117 2786 2176 Ecclesia,
2827 2118 2949 2180 901.7
2974 2118 3040 2166 Et
3073 2125 3292 2180 montes,
3339 2119 3477 2180 1075.
3520 2114 3585 2180 Et

2523 2175 2853 2234 antemurale,
2871 2179 2978 2238 662,
2999 2180 3131 2228 1322.
3145 2175 3582 2240 —Prophetando

2526 2242 2870 2303 promiserunt
2904 2237 3184 2295 Christum.
3239 2248 3291 2288 et
3330 2237 3499 2303 rebus
3533 2245 3584 2303 et

2524 2301 2714 2360 verbis,
2738 2304 2901 2351 sancti
2924 2304 3113 2353 veteris
3132 2301 3469 2357 Testamenti,
3505 2301 3580 2351 14.

2521 2366 2637 2416 Non
2655 2380 2809 2414 unum
2822 2379 2883 2414 ex
2896 2366 3176 2428 prophetis,
3190 2366 3280 2413 sed
3304 2364 3580 2428 Dominum

2524 2429 2911 2491 prophetarum,
2930 2427 3018 2477 ore
3043 2429 3181 2478 Petri
3208 2427 3435 2491 Ecclesia
3454 2438 3583 2491 pro:

2523 2486 2691 2541 ﬁtet'ur
2712 2486 3008 2547 Christum,‘
3033 2496 3139 2542 595.
3173 2490 3303 2550 Quid
3330 2490 3415 2544 sit,
3446 2486 3583 2550 quod

2526 2555 2646 2603 ﬁliis
2695 2555 3054 2616 prophetarum
3083 2555 3221 2613 ligna
3247 2551 3579 2616 cadentibus,

2522 2613 2712 2666 ferrum
2746 2613 2809 2664 de
2837 2618 3109 2666 manubrio
3132 2617 3332 2678 lapsum
3358 2613 3582 2663 Elisaus

2526 2680 2764 2739 restituit,
2785 2680 2894 2740 701,
2923 2679 3053 2729 1178.
3082 2679 3458 2741 Prophetarum
3482 2688 3581 2723 non

2523 2744 2687 2791 solum
2711 2742 2882 2798 verba,
2911 2742 3001 2791 sed
3026 2744 3179 2791 etiam
3197 2740 3430 2789 actiones
3465 2743 3582 2786 sunt

2525 2806 2825 2867 prophetia,
2852 2805 2965 2865 721,
3017 2810 3153 2855 1281.
3201 2801 3335 2862 Quid
3369 2802 3580 2911 sitfro-

2525 2868 2727 2911 nhetam
2755 2881 2849 2911 per
2870 2882 3051 2911 sanam
3077 2867 3208 2911 mitti
3233 2878 3393 2911 usaue
3418 2878 3445 2911 a
3507 2872 3580 2911 ta.-

2560 2868 2727 2930 hetam
2755 2881 2849 2930 per
2870 2882 3058 2930 aquam,
3077 2867 3208 2915 mitti
3233 2878 3393 2930 usque
3418 2867 3490 2930 ad
3507 2872 3581 2911 ta-

2560 2883 2727 2915 netam
2755 2883 2849 2930 per
2870 2883 3051 2930 aquam
3077 2883 3208 2915 mitti
3233 2883 3291 2914 us
3332 2883 3393 2912 ue
3418 2883 3481 2911 au
3508 2883 3581 2911 ta-

2524 2883 2618 2989 ros,
2665 2928 2729 2978 ad
2768 2943 2955 2989 genua.
3001 2929 3068 2978 ad
3114 2941 3279 2989 renes,
3294 2883 3427 2975 q723.
3455 2925 3581 2974 Pro-

2524 2993 2691 3055 pheta
2718 2988 2887 3055 multa
2910 2991 3090 3055 dicunt
3115 2988 3439 3055 pradicentis
3461 2993 3579 3055 stu-

2520 3048 2624 3112 dio,
2656 3068 2757 3103 non
2793 3048 3149 3103 maledicenti's
3170 3060 3305 3112 voto,
3329 3050 3435 3100 810.
3464 3048 3580 3099 Non

2523 3131 2702 3167 omnes
2733 3118 2998 3179 pr0pheta
3033 3116 3321 3165 sanctitatis
3343 3113 3579 3179 meritum

2521 3174 2797 3242 attingunt,
2821 3174 2928 3229 853.
2958 3180 3231 3242 Propheta
3250 3178 3427 3234 verbo,
3453 3174 3581 3223 scri-

2524 3252 2608 3299 pto
2646 3252 2695 3291 et
2737 3243 2971 3304 exemplo
3023 3251 3209 3294 terram
3264 3242 3578 3304 rigsyerunt,

2520 3305 2632 3356 857.
2665 3301 2941 3370 Propheta
2965 3308 3110 3370 quasi
3132 3307 3361 3370 legentes
3376 3301 3589 3364 loquun-

2524 3379 2621 3428 tur,
2668 3365 2784 3417 893.
2820 3365 3063 3429 Inspir‘ati
3106 3365 3414 3431 quandoque
3464 3374 3588 3423 pro-

2524 3431 2692 3497 pheta
2716 3444 2806 3493 per
2826 3427 3172 3497 angelos,895.
3193 3427 3342 3497 Quod
3363 3427 3587 3497 futurum

2525 3501 2604 3542 est
2629 3494 2680 3555 in
2710 3506 2883 3555 opere,
2912 3496 3051 3542 intus
3071 3494 3179 3555 jam
3210 3495 3397 3555 1actum
3431 3494 3510 3555 est
3535 3494 3585 3555 in

2525 3548 2997 3627 pradest'inatione,
3024 3548 3135 3627 900,
3173 3554 3282 3605 928.
3310 3548 3589 3627 ξιτ-00110110

2522 3614 2809 3664 innituntur
2848 3618 3084 3677 apostoli,
3135 3629 3265 3677 quos
3310 3614 3585 3671 illustrant,

2520 3677 2792 3741 901.1Quot
2815 3677 2980 3725 modis
3020 3677 3282 3741 prepheta
3309 3678 3587 3741 tangantur

2521 3735 2703 3800 spiritu
2733 3735 3032 3802 prophetia,
3061 3735 3203 3791 1176.
3232 3735 3451 3796 Quidam
3478 3748 3590 3802 prec

3518 3809 3590 3858 P"

2521 3860 2621 3928 iitu
2636 3871 2811 3911 sancto
2833 3860 3074 3928 correpti,
3100 3860 3299 3926 seipsos
3316 3860 3588 3928 reprehen-

2519 3903 3424 3995 ξεῖιῑίῖῑῑέοῖῒ’ρῐςξςέιέῖεξῖτείίνῖ
3441 3903 3589 3995 ait“.

2519 3988 2815 4050 discrimen,
2865 3992 2998 4041 1181.
3020 3988 3343 4051 'Propheta,
3381 3988 3469 4051 qui
3496 3997 3589 4034 so-

2519 4052 2808 4116 ieantrsuas
2834 4054 3063 4102 scribere
3101 4051 3416 4116 prOphetias,
3448 4051 3586 4116 1183.

2520 4114 2794 4177 Propheta
2814 4178 2821 4180 Α
2840 4117 3054 4165 verbum
3086 4110 3224 4180 quod
3250 4114 3374 4164 foris
3394 4110 3585 4180 profe-

2521 4174 2658 4241 runt,
2710 4178 3032 4241 conjungunt
3074 4174 3232 4229 verbo
3274 4174 3420 4241 quod
3449 4174 3589 4241 intus

2521 4234 2755 4295 audiunt,
2781 4234 2929 4291 ibid:
2942 4242 3046 4291 Cur
3073 4242 3136 4291 de
3163 4255 3217 4289 se
3257 4234 3497 4301 tanquam
3523 4234 3589 4286 de

2517 4303 2650 4367 aliis,
2683 4302 2960 4367 aliquando
2988 4305 3252 4367 prepheta
3292 4303 3585 4367 loquantur.

2522 4365 2656 4414 1186.
2686 4361 2833 4412 Tunc
2862 4361 3154 4414 sublimitas
3176 4361 3389 4425 spiritus
3415 4361 3589 4425 prasij

2520 4425 2692 4473 dentis
2723 4428 3034 4475 ostenditur.
3061 4421 3379 4476 ibid-Multa
3416 4421 3588 4470 ’simul

2522 4487 2697 4535 vident
2720 4490 2999 4549 propheta,
3024 4502 3141 4552 qua
3157 4486 3589 4552 successivenar-

2518 4564 2629 4596 rare
2673 4546 2945 4611 coguntur,
2989 4546 3292 4611 1217,1237.
3330 4548 3419 4611 Eis
3445 4546 3588 4611 fami:

2522 4612 2646 4676 liare
2676 4608 2844 4661 est—ab
2885 4608 2985 4662 uno
3008 4608 3312 4676 argumento
3341 4609 3404 4659 ad
3446 4608 3587 4676 aliud

2521 4674 2693 4723 subito
2706 4676 2951 4733 transire,
2982 4672 3116 4727 1223.
3142 4676 3225 4725 Ad
3247 4672 3502 4724 narranda
3514 4672 3589 4721 di-

2522 4737 2657 4798 vina,
2672 4752 2823 4801 quam
2845 4748 3119 4800 angustum
3147 4749 3224 4788 est
3242 4751 3328 4787 cor
3345 4735 3585 4795 hominis,

2524 4801 2660 4850 1237.
2714 4802 2995 4852 Pronheta‘
3026 4817 3088 4850 ex
3115 4802 3207 4852 Dei
3260 4811 3477 4852 persona
3506 4798 3585 4845 lo-

2552 4810 2660 4850 237.
2714 4810 2995 4851 Pronheta‘
3026 4817 3088 4850 ex
3115 4810 3207 4851 Dei
3260 4811 3477 4851 persona
3507 4810 3586 4845 to-

2524 4816 2660 4850 1137.
2714 4816 2995 4865 t’ropneta‘
3026 4817 3088 4850 ex
3115 4816 3207 4852 uer
3260 4816 3477 4863 persona
3507 4816 3586 4845 iu-

2520 4872 2761 4926 quuntur,
2811 4865 2947 4914 1252.
3006 4858 3586 4927 Propheta_veru_s,_Dei

2517 4921 2808 4978 verbanon
2834 4941 2926 4975 sua
2959 4921 3205 4983 loquitur,
3240 4924 3374 4974 1268.
3408 4921 3587 4970 Falsus

2522 4997 2624 5049 tua,
2671 5002 2768 5037 non
2811 4989 2905 5037 Dei
2935 4986 3092 5038 verba
3117 4987 3248 5038 ibid.
3294 4986 3442 5036 Stare
3469 4992 3587 5049 ante

2521 5046 3426 5115 Deumetism-propheta‘nequeunt,
3452 5046 3593 5115 1294.

2519 5113 2792 5175 Propheta
2814 5110 2987 5163 verbis
3018 5129 3116 5175 res,
3152 5120 3203 5162 et
3233 5110 3587 5175 'verbarebus

2516 5172 2795 5250 exponunt,
2836 5178 2971 5252 1281.
3003 5172 3380 5253 Qurpropheta
3400 5172 3584 5221 deme-

2514 5237 2601 5288 dto
2654 5239 2814 5289 Israel
2858 5247 2983 5289 exut
3016 5254 3067 5290 tn
3125 5250 3383 5301 campum,
3420 5250 3463 5301 a_
3484 5247 3586 5298 quo

3370 5273 3383 5297 9

2517 5301 3086 5365 τθετεᾶίιυτίάοωιιηι,
3122 5299 3257 5351 1291.
3311 5299 3584 5365 Propheta

2518 5361 2787 5428 plisquam
2821 5364 3028 5427 Moyses
3048 5364 3279 5428 divinam
3314 5361 3585 5428 scientiam

2512 5424 2997 5497 apprehenderu'nt,
3021 5429 3139 5497 1348
3151 5466 3163 5477 .
3196 5424 3426 5497 ᾼροεξιοιί
3454 5424 3586 5497 plus:

2513 5485 2669 5552 quam
2699 5493 2964 5553 propheta
2978 5485 3137 5539 'inDei
3162 5485 3375 5553 scientia
3396 5485 3585 5553 e_ruditi

2514 5548 2671 5627 suntn
2700 5548 2830 5627 ibid.
2882 5554 3162 5633 Propheta
3186 5552 3371 5633 veieris
3397 5548 3580 5597 Testa-

2514 5618 2672 5665 menti
2708 5620 2935 5678 priorum
2967 5615 3213 5678 Ecclesia
3238 5615 3428 5663 ducum
3460 5624 3583 5673 pra-

2526 3801 2690 3866 p_heta
2713 3814 2775 3848 ex
2801 3815 2895 3849 suo
2921 3802 3105 3865 spiritu
3133 3802 3401 3866 loquentes
3421 3812 3449 3845 a

1445 5678 1689 5727 Probatio
1712 5678 1883 5727 minus
1905 5686 2079 5738 tentat,
2098 5691 2250 5740 quam
2280 5691 2441 5726 remu-
2506 5682 2681 5726 scitam
2709 5675 2995 5728 scientiam
3013 5675 3249 5726 admirati
3275 5684 3411 5737 sunt,
3442 5678 3580 5740 1371.

264 5732 688 5804 subvertunf,_58.
712 5732 984 5804 Prapositi
1009 5752 1135 5804 erga
1155 5738 1328 5789 subdi-
1382 5742 1576 5804 iteratio
1620 5741 1926 5797 consoletur,
1982 5732 2127 5789 115‘2.‘
2164 5740 2435 5800 Quomodo
2505 5739 2802 5790 Mercedem
2852 5742 3266 5804 propheta,rnon
3318 5732 3488 5804 autem
3519 5733 3582 5782 de

387 5797 649 5866 quomodo
669 5813 725 5852 se
746 5797 926 5863 gerere
948 5797 1187 5866 debeant,
1215 5806 1322 5866 690.
1380 5802 1523 5866 Deus
1551 5804 1815 5853 hominem
1851 5803 2049 5866 probet,
2082 5797 2192 5852 265.

1438 5864 1689 5917 Procaoes
1715 5873 1832 5917 nota
1852 5864 2120 5930 'Jactanter
2152 5867 2438 5931 proferunt,

2506 5805 2765 5868 propheta
2787 5801 3040 5867 accipere,
3066 5801 3190 5867 quid
3217 5804 3303 5862 sit,
3342 5803 3484 5868 1__521.

2563 5857 2872 5931 P'roplietia,
2899 5857 3101 5917 caeteris
3131 5857 3485 5933 pereuntibus,
3524 5857 3574 5910 in
