3926 6126
421 325 473 378 ll
1410 318 1468 374 S.
1506 313 1780 372 CYRII.”
1812 313 2281 371 ALEXANDRl-Nl
2316 309 2634 367 ARCIIIEP.
3599 321 3666 368 τει

420 439 596 494 sauris
617 437 873 501 condunt,
899 435 1083 504 sicque
1111 433 1343 504 gaudent
1367 433 1417 486 in
1449 433 1513 487 iis
1537 446 1654 500 quia:
1679 446 1742 485 ex
1767 430 1982 484 solertia

2112 447 2283 492 ενται,
2337 427 2430 479 καὶ
2475 425 2594 478 λίαν
2641 425 2929 494 ἀσμένως·

421 527 756 597 collegerint,
787 535 845 580 ut
872 525 962 580 alii
1003 527 1218 592 quidam
1248 519 1534 576 saeculares
1568 535 1690 574 cum
1722 518 1805 573 vel
1842 518 1984 582 ludi-

421 638 513 677 cas
541 634 782 690 gemmas
829 618 912 672 vel
936 632 1123 671 aurum
1162 615 1316 668 avide
1338 611 1696 673 cumularunt,
1725 611 1833 664 imo
1860 624 1986 663 vero

423 713 589 767 multo
619 711 788 781 magis
829 727 840 760 :
877 707 1255 762 «Prazstantior
1288 703 1427 758 enim
1459 711 1540 756 est
1561 701 1822 772 sapientia
1858 699 1986 768 lapi-

424 805 578 857 dihus
616 801 892 871 pretiosis,
929 810 981 853 et
1026 813 1183 851 omne
1209 795 1464 850 eximium
1501 809 1607 847 non
1643 801 1725 848 est
1772 791 1862 846 illa
1907 792 1987 844 di-

424 911 638 962 gnum,»
665 893 802 946 sicut
826 891 1084 960 scriptum
1121 898 1204 941 est
1224 888 1262 939 ί.
1303 887 1566 956 Oportere
1595 894 1773 938 autem
1797 900 1987 938 censeo

425 985 694 1052 sapientes
745 967 893 1035 viros
934 990 988 1034 et
1035 978 1284 1040 solertes,
1321 991 1385 1030 ac
1435 976 1736 1030 divinorum
1777 975 1989 1042 dogma-

425 1089 536 1128 tnm
578 1074 803 1144 peritos,
835 1072 953 1139 ejus
979 1078 1280 1139 opportune
1309 1065 1620 1120 meminisse
1649 1066 1700 1134 2
1725 1065 1866 1134 quod
1910 1075 1992 1119 est

423 1183 450 1219 a
480 1165 712 1235 quodam
742 1178 771 1218 e
803 1162 1006 1218 sanctis
1037 1158 1318 1227 discipulis
1353 1158 1615 1226 scriptum
1652 1175 1663 1210 :
1696 1176 1714 1208 ι
1746 1155 1986 1221 Fratres,

424 1257 646 1324 prebate
690 1253 918 1324 spiritus
961 1251 1003 1305 si
1034 1264 1096 1304 ex
1132 1249 1240 1303 Deo
1275 1250 1465 1304 sunt’.
1499 1265 1516 1298 ι
1555 1247 1750 1302 Beatus
1780 1261 1992 1315 quoque

426 1349 624 1403 l'aulns
653 1349 882 1401 donatas
909 1359 1028 1398 esse
1063 1343 1266 1398 sanctis
1293 1341 1599 1396 hominibus
1626 1341 1755 1395 dicit
1787 1340 1990 1394 discre-

428 1442 598 1494 tioues
624 1439 907 1508 Spirituum
928 1436 1016 1488 ⁸-⁸.
1035 1434 1168 1488 Nam
1200 1433 1290 1503 qui
1321 1433 1524 1498 dicunt,
1545 1429 1991 1492 DominusJesus,

428 1535 476 1587 id
521 1546 624 1585 non
681 1528 836 1582 aliter
869 1539 1029 1594 quam
1078 1537 1172 1592 per
1219 1521 1478 1592 Spiritum
1530 1529 1774 1574 sanctum
1808 1520 1993 1588 utique

429 1627 608 1679 dicent
639 1637 653 1675 :
685 1630 740 1674 at
766 1632 895 1672 vero
921 1616 1008 1686 qui
1034 1630 1096 1669 ex
1132 1612 1401 1683 imperitia
1424 1611 1789 1681 blasphemam
1820 1611 1872 1662 in
1901 1624 1993 1663 eos

431 1719 668 1784 linguam
712 1711 918 1773 laxant,
955 1715 1009 1761 et
1038 1705 1145 1759 illis
1173 1703 1298 1772 quia
1333 1709 1479 1757 recte
1515 1715 1706 1771 sapere
1735 1701 1992 1754 decreve-

2977 428 3211 492 καὶτοῖς
3263 429 3522 482 ἐσωτάτω
3566 430 3666 500 τῆς

2087 520 2294 574 ἑαυτῶν
2327 519 2504 588 ψυχῆς
2545 518 2951 571 ἐναποκλείουσι
2989 517 3282 590 θησαυροῖς
3302 537 3316 551 ·
3344 522 3664 588 ἐπιγάννυν-

2088 626 2176 662 ται
2202 607 2258 659 δὲ
2295 606 2436 658 οὕτω
2467 608 2576 668 τοῖς
2613 605 2670 671 ἐξ
2694 606 2960 676 εὐμαθίας
2985 608 3440 679 συνειλεγμένοις,
3469 611 3666 663 ὡσανεὶ

2090 698 2184 753 καί
2221 715 2366 762 τινες
2400 697 2575 768 ἕτεροι
2610 699 2717 751 τῶν
2753 698 2894 750 κατά
2931 699 3021 752 τὸν
3067 699 3200 767 βίον,
3242 701 3274 769 ἢ
3305 700 3484 764 λίθους
3519 701 3666 766 τινὰς

2103 791 2326 854 Ἰνδικὰς
2360 791 2391 861 ἢ
2439 790 2634 862 χρυσὸν
2677 789 2968 859 ἀπλήστως
3005 791 3494 860 συναγηγερκότες,
3535 792 3665 860 μᾶλ-

2089 883 2178 935 λον
2210 883 2288 945 δὲ,
2315 885 2410 935 καὶ
2439 883 2518 934 ἐτι
2551 881 3145 952 μειζόνως·‹Κρεῖσσον
3178 883 3285 952 γάρ
3320 882 3480 950 σοφία
3506 883 3668 936 λίθων

2091 972 2395 1025 πολυτελῶν
2417 989 2429 1004 ο
2456 973 2563 1025 πᾶν
2598 972 2655 1024 δὲ
2699 971 2899 1040 τίμιον,
2940 972 3039 1024 οὐκ
3071 972 3218 1036 ἀξιον
3244 973 3438 1042 αὐτῆς,
3468 993 3488 1024 ι
3525 973 3669 1027 καθά

2094 1067 2418 1134 γέγραπται.
2451 1064 2663 1133 Χρῆναι
2683 1064 2739 1116 δέ
2768 1081 2909 1133 φημι
2935 1064 3082 1126 τοὺς,
3107 1065 3264 1135 οἷπερ
3285 1064 3350 1117 ἂν
3379 1066 3534 1134 σοφοὶ
3554 1065 3664 1136 [ἵσ.
3755 1129 3758 1132 ,

2095 1151 2195 1210 ὦσι
2223 1154 2420 1225 σοφοὶ],
2455 1155 2549 1208 καὶ
2577 1155 2848 1224 ἀγχίνοοι,
2880 1154 2977 1207 καὶ
3030 1153 3140 1208 τῶν
3179 1155 3339 1209 θείων
3382 1156 3669 1226 δογμάτων

2094 1247 2497 1317 ἐπιστήμονες,
2545 1245 2948 1316 διαμεμνῆσθαι
2993 1247 3281 1318 χρησίμως
3330 1247 3670 1316 γεγραφότος

2092 1337 2237 1399 τινὸς
2273 1337 2382 1390 τῶν
2414 1337 2586 1405 ἁγίων
2645 1336 2900 1406 μαθητῶν
2923 1352 2938 1367 ο
2987 1356 3005 1387 ι
3040 1337 3314 1406 Ἀδελφοὶ,
3345 1336 3667 1408 δοκιμάζετε

2094 1430 2160 1484 τά
2189 1429 2504 1500 πνεύματα,
2535 1431 2582 1482 εἰ
2615 1429 2680 1482 ἐκ
2713 1428 2804 1482 τοῦ
2837 1428 2972 1482 Θεοῦ
3005 1430 3133 1483 εἱσι.
3173 1449 3190 1480 ›
3234 1430 3581 1502 Δεδωρῆσθαι
3606 1430 3666 1482 δὲ

2093 1527 2205 1588 τοῖς
2244 1524 2422 1592 ἁγίοις
2461 1524 2594 1593 φησὶ
2624 1523 2718 1576 καὶ
2746 1522 2772 1574 ὁ
2801 1521 3087 1586 θεσπέσιος
3117 1523 3328 1587 Παῦλος
3367 1524 3672 1593 διακρίσεις

2095 1618 2439 1687 πνευμάτων.
2465 1617 2525 1669 Οί
2553 1615 2650 1686 μὲν
2676 1615 2784 1685 γὰρ
2809 1613 3077 1681 λέγοντες,
3102 1615 3183 1667 ὅτι
3205 1615 3410 1686 Κύριος
3443 1615 3666 1686 Ἰησοῦς,

2095 1710 2249 1777 φαῖεν
2281 1707 2346 1760 ἂν
2377 1708 2477 1776 οὐχ
2530 1705 2730 1779 ἑτέρως
2760 1705 2912 1770 αὐτὸ,
2950 1704 3088 1775 πλὴν
3125 1707 3205 1759 ὅτι
3242 1706 3328 1759 διὰ
3374 1705 3468 1759 τοῦ
3509 1707 3670 1774 ἁγίου

435 1819 587 1872 runt,
639 1803 1023 1877 propemodum
1075 1801 1262 1854 dicunt
1339 1801 1625 1852 anathema
1680 1795 1886 1861 Jesum,
1941 1795 1991 1847 id

2109 1799 2448 1868 [Ινεύματοςο
2487 1797 2539 1850 οῖ
2563 1813 2626 1865 γε
2670 1797 2774 1866 μὴν
2804 1795 2863 1860 ἐξ
2895 1795 3134 1866 ἀμαθίας
3179 1797 3537 1866 παλίμφημον
3581 1799 3669 1850 ἐπ’

431 1904 616 1969 utique
659 1913 722 1950 ex
755 1893 1053 1948 Beelzebub
1086 1892 1340 1945 instinctu
1373 1889 1593 1944 faciunt.
1625 1887 1850 1958 Oportet
1893 1888 1996 1957 igi-

433 2004 520 2044 tur
562 2000 618 2041 ut
670 1973 952 2040 exercitati
1009 1984 1074 2036 ad
1119 1981 1298 2036 omnia
1347 1979 1616 2034 subtiliter
1660 1988 1714 2032 et
1746 1987 1997 2032 accurate

433 2079 732 2150 probanda,
779 2084 834 2129 et
871 2071 1110 2145 pervigili
1167 2067 1378 2124 utente's
1421 2069 1600 2125 animo
1640 2067 1993 2136 quorumdam

431 2171 633 2239 scripta
666 2168 926 2237 legamus,
973 2173 1027 2218 et
1064 2162 1192 2232 quid
1224 2161 1294 2216 de
1322 2169 1506 2216 nostro
1536 2160 1777 2215 omnium
1811 2157 1998 2212 Salva-

435 2275 551 2318 tore
612 2261 831 2316 Christo
882 2257 1211 2326 loquantur,
1259 2253 1548 2324 diligenter
1606 2250 1996 2318 exquiramus,

435 2352 744 2421 Optimeque
781 2348 1055 2402 imitemur
1093 2344 1503 2414 probatissimos
1549 2356 1613 2396 ac
1639 2339 2001 2410 peritissimos

393 2465 395 2468 ‘
439 2443 844 2504 nummularius,
880 2439 970 2509 qui
1022 2437 1221 2506 probos
1266 2448 1515 2487 nummos
1557 2431 1870 2492 admittunt,
1901 2427 2001 2480 fal-

437 2550 528 2589 sos
577 2544 753 2588 autem
801 2539 860 2586 .et
909 2529 1242 2583 adulteratos
1303 2524 1545 2578 studiose
1591 2521 1859 2590 rejicinnt.
1923 2521 2002 2574 Ad

438 2639 599 2693 quam
656 2637 767 2675 rem
822 2633 917 2675 nos
959 2620 1150 2674 beatus
1183 2616 1382 2671 Paulus
1430 2606 1718 2676 hortatur,
1769 2612 1999 2666 dicens:

443 2734 461 2764 ι
495 2714 674 2767 Estote
722 2710 873 2776 probi
921 2706 1264 2766 nummularil
1301 2724 1316 2758 :
1347 2704 1526 2759 omnia
1571 2701 1809 2771 probate,
1864 2700 2004 2776 quod

441 2809 639 2860 bonum
663 2813 744 2858 est
769 2809 974 2856 tenete:
1008 2801 1074 2851 ah
1110 2798 1255 2852 omni
1289 2797 1470 2868 specie
1501 2795 1637 2850 mala
1662 2793 1946 2848 abstinete.
1978 2808 1997 2842 ι

441 2899 533 2952 Est
561 2896 723 2951 etiam
760 2893 957 2962 alioqui
1013 2900 1168 2958 turpe
1203 2892 1257 2941 in
1303 2887 1494 2957 primis
1531 2893 1587 2940 et
1610 2883 1928 2944 absurdum,
1959 2881 2005 2934 si

441 3003 562 3042 cum
610 2987 659 3039 in
709 2985 869 3038 rebus
913 2981 980 3035 ad
1032 2980 1172 3034 hanc
1207 2978 1370 3030 vitam
1418 2975 1815 3044 pertinentibus
1863 2970 2008 3024 nullo

444 3078 599 3131 modo
627 3075 766 3144 quod
795 3073 848 3124 in
881 3084 990 3123 rem
1017 3067 1086 3120 sit
1119 3064 1384 3135 negligere
1413 3064 1711 3124 videamur,
1742 3059 1852 3113 imo
1880 3071 2008 3111 vero

2096 1891 2279 1953 αὐτοῖς
2329 1889 2576 1957 γλῶσσαν
2631 1888 2867 1951 ἀνέντες,
2922 1887 3014 1940 καὶ
3055 1887 3121 1939 δι’
3165 1880 3238 1939 ὧν
3281 1886 3415 1954 όρθά
3451 1889 3672 1957 φρονεῖν

2097 1981 2408 2050 ἐγνώκασι,
2470 1977 2751 2048 μονονουχὶ
2795 1977 3044 2044 λέγοντες
3101 1977 3342 2045 ἀνάθεμα
3421 1973 3670 2046 Ἰησοῦν,

2096 2073 2251 2126 τοῦτο
2269 2070 2440 2143 δρῷεν
2463 2070 2549 2131 ἀν,
2567 2069 2642 2132 ὡς
2663 2069 2768 2120 ἀπό
2790 2086 2850 2136 γε
2871 2068 2966 2121 τοῦ
2983 2067 3328 2130 Βεελζεὸούλ.
3360 2067 3452 2118 Δεῖ
3485 2066 3551 2137 δὴ
3576 2061 3675 2120 οὖν

2098 2162 2202 2231 ἄρα
2224 2160 2436 2222 λεπτῶς
2456 2177 2513 2212 τε
2537 2159 2630 2212 καὶ
2647 2155 3100 2227 διεσμιλευμένως
3119 2157 3431 2226 δοκιμάζειν
3455 2158 3672 2211 ἃπαντα

2108 2250 2582 2322 μεμελετηκότας,
2634 2250 2727 2301 καὶ
2776 2248 2851 2317 νῷ
2907 2249 3315 2320 διεγηγερμένῳ
3357 2251 3673 2320 χρωμένους

2103 2339 2520 2408 περιτυγχάνειν
2561 2338 2710 2407 ἡμᾶς
2749 2339 2861 2399 τοῖς
2894 2354 3054 2390 τινων
3103 2340 3528 2409 συγγράμμασι,
3577 2340 3673 2392 καὶ

2107 2427 2412 2497 βασανίζειν
2437 2427 2720 2496 εὐτέχνως,
2748 2425 2953 2497 οὕσπερ
2976 2427 3040 2489 ἂν
3067 2432 3300 2481 ποιοῖντο
3328 2429 3517 2498 λόγους
3543 2432 3674 2500 ἰτερῖ⁵

2104 2518 2196 2572 τοῦ
2217 2519 2430 2572 πάντων
2453 2518 2609 2589 ἡμῶν
2629 2518 2878 2588 Σωτῆρος
2896 2519 3133 2589 Χριστοῦ
3155 2537 3167 2549 ·
3195 2521 3592 2591 ἀπομιμεῖσθαί
3614 2539 3673 2574 τε

2106 2611 2198 2662 καὶ
2235 2609 2380 2679 μάλα
2409 2607 2602 2679 ὀρθῶς,
2636 2610 2760 2672 τοὺς
2791 2609 2872 2662 ὅτι
2909 2608 2970 2680 δὴ
3009 2609 3242 2679 μάλιστα
3269 2610 3542 2681 δοκίμους,
3579 2612 3675 2665 καὶ

2105 2705 2527 2775 ἐμπειροτάτους
2548 2703 2656 2757 τῶν
2677 2704 3129 2774 ἀργυροπρατῶν,
3151 2707 3200 2758 οἳ
3235 2707 3545 2776 προσίενται
3575 2709 3674 2777 μὲν

2103 2795 2212 2847 τῶν
2241 2794 2591 2864 νομισμάτων
2621 2797 2682 2847 τὸ
2715 2795 3059 2866 εὐδοκιμοῦν,
3088 2797 3393 2867 ἀπόϐλητον
3421 2799 3475 2850 δὲ
3506 2801 3676 2851 ποιεῖ-

2108 2885 2229 2938 σθαι
2270 2885 2629 2949 σπουδάζουσι
2654 2886 2712 2938 τὸ
2743 2889 3096 2958 παράσημον,
3129 2890 3220 2942 καὶ
3253 2889 3676 2960 μεμωμημένον.

2109 2975 2214 3026 Καὶ
2246 2975 2380 3044 πρός
2413 2992 2476 3042 γε
2523 2975 2682 3028 τοῦτο
2727 2977 2872 3046 ἡμᾶς
2906 2979 2934 3031 ὁ
2966 2979 3229 3050 μακάριος
3259 2980 3469 3045 Παῦλος
3506 2997 3680 3050 παρα-

2109 3065 2287 3136 θήγει,
2330 3065 2531 3134 λέγων’
2583 3084 2600 3116 ι
2646 3066 2862 3120 Γίνεσθε
2897 3068 3152 3139 τρόφιμοι
3200 3071 3274 3140 (1)
3324 3072 3678 3141 τραπεζῖταιο

443 3167 656 3236 plurimi
709 3163 884 3215 facere
929 3157 1243 3212 studeamus
1285 3169 1348 3208 ea
1387 3167 1616 3223 quorum
1677 3164 1779 3218 ope
1821 3148 2004 3218 splen-

2111 3157 2284 3210 πάντα
2314 3155 2658 3227 δοκιμάζετε,
2689 3159 2750 3211 τὸ
2779 3159 2940 3213 καλὸν
2999 3162 3286 3230 κατέχετεο
3335 3163 3442 3215 ἀπὸ
3483 3163 3686 3227 παντὸς

445 3261 566 3313 dide
593 3257 774 3308 vivere
799 3253 978 3314 liceat,
1011 3265 1096 3303 res
1120 3247 1359 3302 vicissim
1393 3248 1526 3299 adeo
1558 3257 1741 3298 sacras
1769 3251 2010 3294 contem-

447 3364 659 3410 namus,
701 3355 755 3398 et
781 3344 1006 3397 salutem
1047 3340 1239 3393 anima:
1278 3353 1373 3408 pro
1402 3334 1568 3389 nihilo
1605 3335 1884 3394 ducamus,
1919 3330 2012 3384 sed

450 3441 593 3493 illam
622 3438 673 3489 in
709 3435 892 3490 foveas
921 3444 974 3486 et
999 3444 1210 3484 omnum
1244 3427 1585 3496 dejiciainus,
1617 3425 1742 3476 dum
1769 3435 2013 3492 quocuno

448 3545 553 3598 que
602 3528 813 3582 libitum
866 3524 1026 3577 fuerit
1063 3523 1128 3575 iis
1161 3522 1250 3589 qui
1295 3517 1438 3587 loqui
1471 3515 1708 3587 gestiunt
1751 3528 1874 3582 qua:
1908 3525 2012 3567 non

447 3619 720 3682 convenit,
769 3613 1082 3684 projicimus
1126 3610 1364 3663 animum
1413 3621 1443 3660 a
1479 3619 1605 3660 vero
1635 3601 2015 3672 conspiciendo

448 3715 717 3776 clausum,
756 3725 816 3763 ac
851 3708 1118 3761 nolentem
1169 3703 1464 3771 inquirere,
1499 3697 1628 3767 quid
1659 3711 1690 3751 e
1739 3696 1902 3749 rebus
1947 3693 2018 3746 le-

451 3807 551 3858 rtis
577 3815 782 3857 rectam
809 3801 880 3853 sit
909 3806 962 3851 et
990 3796 1141 3860 utile,
1174 3793 1302 3864 quid
1340 3793 1464 3846 item
1498 3801 1835 3860 perversum,
1867 3794 1919 3840 et
1950 3784 2017 3840 ab

452 3903 705 3950 accurata
756 3890 938 3960 regula
975 3889 1286 3956 dOgmatum
1342 3883 1598 3944 alienum,
1653 3889 1707 3935 et
1748 3879 2017 3946 jacturam

449 3986 691 4042 inferens
725 3997 844 4052 quae
888 3980 953 4034 ad
989 3981 1159 4049 ipsam
1195 3975 1461 4045 pertineat
1491 3973 1748 4033 animam,
1783 3985 1880 4039 pro
1915 3983 2018 4036 qua

449 4077 673 4147 teqiialis
714 4072 1064 4128 commutatio
1099 4070 1240 4124 nulla
1288 4078 1370 4121 est
1421 4067 1562 4136 apud
1611 4077 1706 4119 eos
1749 4071 1896 4117 certe
1930 4059 2019 4128 qui

451 4169 737 4238 sapiunt".
773 4165 1148 4218 Examinanda
1181 4170 1307 4216 sunt
1341 4160 1523 4228 igitur,
1567 4167 1620 4211 et
1647 4155 1863 4223 quidem
1893 4153 2021 4206 sub-

454 4260 723 4320 tilissime,
748 4270 864 4323 quae
887 4255 951 4307 de
984 4253 1179 4307 divinis
1212 4249 1554 4318 dogmatibus
1579 4247 1888 4300 scribuntur
1920 4261 1932 4292 :
1962 4256 2025 4295 ac
2055 4294 2058 4296 ν

459 4349 504 4402 si
537 4346 658 4416 quis
694 4354 841 4397 recto
877 4342 1068 4395 itinere
1117 4340 1182 4391 ad
1219 4353 1440 4404 scopum
1487 4350 1764 4389 sacrarum
1801 4334 2022 4386 Littera-

460 4457 576 4494 rum
625 4435 813 4500 tendit,
845 4442 899 4487 et
945 4442 1149 4488 certam
1202 4429 1253 4482 in
1306 4429 1388 4482 his
1439 4441 1733 4494 veramque
1775 4425 2022 4479 semitam

461 4529 750 4600 percurrit,
802 4527 846 4580 is
881 4535 1194 4580 nostrarum
1244 4534 1462 4590 quoque
1507 4517 1895 4572 sententiarum
1949 4531 2026 4567 re-

459 4630 603 4674 ctum
657 4618 773 4684 ejus
820 4617 923 4670 iter
967 4612 1386 4683 approbantium
1437 4610 1623 4677 plausu
1674 4607 2021 4676 excipiatur:

458 4711 599 4780 quod
632 4710 674 4763 si
731 4707 978 4773 frigidam
1028 4715 1084 4760 et
1133 4703 1365 4768 futilem,
1397 4712 1453 4755 et
1491 4700 1866 4762 adulteratam,
1919 4699 2024 4751 imo

460 4820 591 4858 vero
623 4802 785 4856 etiam
815 4798 1177 4867 perniciosam
1210 4796 1512 4866 legentibus
1537 4793 1842 4847 orationem
1871 4793 2022 4852 texit,

460 4895 644 4948 audiat
673 4891 738 4944 ab
775 4889 1023 4944 omnibus
1053 4901 1068 4940 :
1104 4906 1122 4938 ι
1156 4887 1261 4942 Sed
1305 4886 1457 4940 nobis
1491 4883 1806 4952 loquamini,
1842 4893 1898 4938 et
1925 4896 2026 4934 an-

536 5073 549 5102 ¹
580 5070 738 5124 Prov.
773 5082 858 5131 ιιι,
893 5063 1059 5119 14-15
1095 5081 1108 5129 ;
1146 5077 1261 5124 vui,
1285 5060 1370 5115 19.
1447 5059 1508 5112 ’l
1546 5058 1699 5114 Joan.
1730 5075 1801 5124 iv,
1838 5060 1890 5115 1.

2115 3249 2286 3311 εἴδους
2328 3248 2564 3318 πονηροῦ
2593 3249 2884 3319 ἀπέχεσθε.
2923 3270 2941 3302 ι
2979 3253 3135 3305 Ἐστι
3172 3253 3228 3306 δὲ
3263 3254 3326 3324 δὴ
3360 3255 3454 3308 καὶ
3485 3256 3684 3326 ἑτέρως

2115 3340 2446 3410 πάναισχρόν
2477 3357 2536 3392 τε
2560 3340 2653 3392 καὶ
2688 3341 2939 3404 ἀκαλλὲς,
2967 3343 3058 3395 ἐπὶ
3103 3344 3200 3414 μέν
3231 3347 3343 3408 τοῖς
3374 3347 3511 3398 κατά
3540 3347 3686 3400 τόνδε

2113 3431 2203 3483 τὸν
2235 3431 2346 3500 βίον
2391 3433 2680 3503 πράγμασι
2731 3434 2860 3486 κατε
2889 3432 3077 3486 οὐδένα
3118 3435 3316 3505 τρόπον
3348 3437 3496 3505 ἡμᾶς
3545 3439 3693 3505 ὴφει-

2113 3522 2347 3593 δηκότας
2379 3523 2606 3593 ὁρᾶσθαι
2657 3523 2751 3576 τοῦ
2789 3523 3074 3586 τελοῦντος
3112 3525 3191 3586 εἰς
3237 3525 3454 3594 ὄνησιν,
3497 3529 3687 3598 πειρᾶ-

2118 3613 2238 3666 σθαι
2267 3613 2323 3666 δὲ
2356 3613 2554 3683 μᾶλλον
2591 3632 2654 3667 πε
2669 3616 2719 3684 pl.
2750 3615 2943 3668 πολλοῦ
2993 3617 3262 3669 ποιεῖσθαι
3315 3617 3489 3683 φιλεῖν
3529 3618 3598 3670 τὰ
3624 3617 3688 3671 δι’

2117 3697 2191 3756 ὧν
2223 3703 2289 3756 ἂν
2335 3703 2546 3771 γένοιτο
2593 3703 2782 3772 βιῶναι
2828 3704 3132 3777 λαμπρῶς·
3186 3706 3450 3776 ἀλογῆσαι
3484 3708 3540 3760 δέ
3585 3709 3690 3762 τῶν

2117 3796 2260 3848 οὕτω
2289 3796 2522 3858 σεπτῶν,
2551 3797 2646 3848 καὶ
2672 3797 2940 3850 ποιεῖσθαι
2969 3797 3097 3868 παρ’
3116 3798 3266 3850 οὐδὲν
3289 3799 3385 3868 τὴν
3406 3800 3693 3870 τῆςψυχῆς

2120 3888 2394 3959 σωτηρίαν
2416 3903 2428 3917 °
2462 3886 2676 3958 βόθροις
2697 3904 2754 3939 τε
2791 3888 2962 3958 αὐτὴν
2990 3887 3320 3955 ἐγκαθιέναι,
3352 3891 3445 3943 καὶ
3465 3891 3693 3959 τέλμασι

2120 3978 2255 4048 πρὸς
2289 3978 2348 4031 τὸ
2391 3977 2580 4032 δοκοῦν
2616 3977 2800 4041 ἁπλῶς
2853 3981 2966 4040 τοῖς
3016 3978 3261 4032 ἐθέλουσι
3311 3980 3512 4041 λαλεῖν,
3556 3981 3589 4034 ἃ
3619 3981 3696 4052 μὴ

2122 4070 2419 4140 προσῆκεν,
2451 4070 2563 4123 ἐσθ’
2603 4071 2691 4122 ὅτε
2733 4070 3254 4141 παραρῤιπτοῦντας
3297 4072 3387 4124 τὸν
3424 4072 3566 4137 νοῦν,
3595 4075 3700 4125 οὐκ

2123 4161 2431 4230 ἀναμύοντα
2465 4161 2599 4230 πρὸς
2630 4162 2690 4213 τὸ
2720 4160 2918 4230 ἀληθὲς
2940 4203 2953 4226 ,
2987 4160 3107 4213 οῦτε
3153 4162 3260 4232 μὴν
3303 4163 3557 4216 ἐθέλοντα
3599 4181 3703 4216 πο-

2124 4251 2548 4320 λυπραγμονεῖν,
2575 4251 2626 4302 τί
2657 4251 2754 4319 μέν
2782 4254 2896 4303 ἐστι
2927 4252 3032 4304 τῶν
3064 4252 3483 4321 ἀνεγνωσμένων
3511 4254 3698 4324 ὀρθὸν,

2127 4339 2219 4391 καὶ
2248 4339 2591 4408 ὀνησιφόρον,
2619 4339 2672 4390 τί
2707 4338 2764 4390 δὲ
2809 4338 2872 4408 δὴ
2899 4339 2958 4391 τὸ
2991 4339 3333 4409 διάστροφον,
3363 4341 3457 4392 καὶ
3493 4339 3701 4410 δογμα-

2130 4433 2288 4499 τικῆς
2335 4431 2618 4501 ἀκριϐείας
2673 4430 3031 4500 ἐπιϐεϐηκὸς,
3063 4432 3157 4485 καὶ
3205 4432 3406 4502 ζημίαν
3442 4433 3704 4503 ἐμποιοῦν

2130 4523 2228 4592 τὴν
2242 4524 2319 4584 εἰς
2339 4523 2507 4591 αὐτὴν
2536 4523 2749 4592 ὁρῶσαν
2774 4523 2971 4592 ψυχὴν,
2998 4518 3064 4595 ἧς
3088 4525 3336 4588 ἀντάξιον
3355 4525 3529 4589 οὐδὲν,
3554 4526 3708 4596 παρά

2132 4628 2195 4679 γε
2215 4615 2326 4675 τοῖς
2359 4613 2566 4683 ἀρτίοις
2595 4613 2693 4684 τὴν
2729 4614 2920 4684 φρένα.
2949 4615 3312 4684 Δοκιμαστέον
3336 4611 3428 4668 οὖν
3454 4616 3583 4688 ἀρα,
3611 4619 3706 4669 καὶ

2133 4704 2249 4756 λίαν
2291 4704 2504 4774 ἰσχνῶς,
2538 4705 2634 4769 τὰς
2670 4707 2798 4776 περὶ
2828 4705 2935 4757 τῶν
2967 4705 3125 4758 θείων
3151 4707 3438 4774 δογμάτων
3471 4725 3708 4778 συγγραο

2135 4795 2238 4862 φάς
2258 4811 2272 4825 ο
2299 4795 2398 4848 κᾶν
2426 4795 2524 4865 μέν
2552 4813 2636 4858 τις
2670 4795 2737 4848 ἷοι
2767 4796 2885 4848 κατ’
2912 4796 3039 4848 εὐθὺ
3063 4796 3156 4848 τοῦ
3181 4799 3385 4850 σκοποῦ
3408 4798 3514 4850 τῶν
3543 4797 3705 4868 ιερῶν

2135 4885 2172 4935 Γ
2179 4887 2496 4955 ραμμάτων,
2530 4889 2622 4940 καὶ
2647 4888 2744 4954 τὴν
2772 4887 2830 4938 ἔν
2859 4905 2920 4954 γε
2944 4890 3181 4939 τουτοισὶ
3213 4890 3378 4958 σαφῆ,
3414 4890 3507 4943 καὶ
3532 4887 3706 4943 ἁπλα-

1969 5059 2036 5090 ³·⁸
2066 5058 2083 5110 Ι
2112 5059 2233 5114 Cor.
2273 5076 2371 5122 xtl,
2414 5063 2494 5114 lt).
2568 5063 2588 5092 ⁸
2624 5061 2811 5116 Matth.
2844 5077 2951 5125 rm,
2983 5062 3069 5116 26.

1732 5213 1890 5268 ANT.
1933 5214 2208 5272 AGELLII
2247 5216 2478 5272 NOTAE.

535 5385 613 5456 (i)
651 5385 798 5439 llane
830 5390 1151 5439 sententiam
1181 5375 1627 5456 Cyrillustrihuint
1661 5376 1820 5456 beato
1853 5376 2019 5432 Paulo

464 5466 517 5508 et
543 5446 749 5508 ‘ci'tatur
785 5463 1167 5520 nonnunquam
1202 5446 1236 5502 tt
1269 5446 2017 5520 veteribus_Graecisua_ucto-

467 5528 634 5588 ribus,
673 5524 766 5577 sed
801 5523 926 5575 nulli
962 5515 1111 5574 certo
1151 5517 1360 5588 auctori
1411 5515 1722 5588 ascribitur.
1771 5516 1870 5571 Ubi
1923 5532 2018 5588 auf

467 5607 572 5649 tem
622 5585 693 5648 sit
743 5596 794 5646 in
839 5589 1075 5661 Aposjoli
1125 5587 1396 5661 Epistolis,
1433 5585 1886 5661 non_inveni_tnr,_
1917 5586 2017 5638 nisi

469 5669 605 5718 torte
640 5673 829 5716 auctor
860 5654 910 5712 in
965 5654 1202 5726 Epistola
1247 5655 1418 5722 prima
1438 5655 1517 5726 ad
1563 5654 2019 5709 Thessalonicen-

469 5752 553 5791 ses
586 5735 728 5788 illam
771 5730 975 5794 habuit,
1013 5724 1063 5782 iu
1092 5740 1193 5795 qua
1224 5733 1348 5780 sunt
1379 5724 1540 5779 etiam
1571 5739 1688 5792 quae
1716 5735 2015 5794 sequuntur

2119 5376 2302 5452 verba,
2353 5373 2841 5452 Omniaprobalc,
2892 5376 3291 5452 etc.Qazte_rum
3345 5381 3706 5452 Epiphanius.

2118 5449 2384 5526 adversus
2410 5447 2778 5526 Appellianos,
2826 5447 2995 5526 refert
3041 5447 3282 5526 Apellem
3329 5447 3711 5519 in'Evangelio

2119 5516 2170 5586 id
2205 5517 2468 5584 scriptum
2513 5530 2633 5586 esse
2667 5516 2894 5580 dixisse,
2932 5517 2984 5568 in
3033 5531 3132 5586 suo
3181 5521 3411 5576 fortasse
3437 5562 3450 5586 ,
3491 5516 3595 5574 non
3651 5521 3710 5571 ill

2119 5585 2219 5638 hoc
2242 5597 2392 5640 certe
2417 5600 2524 5653 quo
2559 5585 2799 5639 Ecclesia
2836 5588 3033 5640 utitur.
3071 5585 3197 5641 Erat
3227 5601 3408 5646 autem
3442 5592 3493 5644 in
3523 5604 3716 5644 exem-

2118 5654 2358 5723 plaribus
2391 5655 2914 5730 θαρρεῖ-τρόφιμοι,
2953 5670 3075 5730 cum
3119 5659 3202 5730 sit
3233 5659 3515 5730 legendum
3559 5657 3712 5713 δόκι-

2122 5741 2233 5794 μοι,
2267 5735 2323 5782 ut
2360 5729 2495 5781 citat
2523 5725 2860 5794 Epiphanius
2895 5726 3086 5780 eodem
3117 5725 3338 5784 librof.
