3926 6126
314 347 383 398 l3
1406 334 1772 394 sovsnsus
1809 334 2208 395 NESTORIUM
2246 337 2375 395 us.
2414 341 2456 396 1.
3498 351 3562 406 η

313 465 582 534 νεστάτην
631 462 831 532 διᾴττοι
877 461 1083 530 τρίϐον,
1139 459 1579 530 κατακροτείσθω
1631 456 1887 527 καὶπρὸς

1998 458 2242 513 nuntiate
2293 459 2447 513 nobis
2513 457 2674 513 aliam
2728 459 3166 517 seductionem‘.
3203 481 3222 512 ι
3273 463 3416 535 Ergo
3468 481 3560 523 aut

315 555 478 626 ἡμῶν
515 555 634 616 ταῖς
664 555 746 615 είς
777 553 1046 623 ὀρθότητα
1089 551 1290 621 ψήφοις
1312 569 1324 582 ι
1372 552 1420 602 εί
1452 550 1508 602 δὲ
1531 549 1756 619 ψυχρὸν,
1793 548 1891 600 καὶ

317 649 581 719 ἐξίτηλον,
614 647 706 700 καὶ
750 645 1182 716 μεμωμημὲνον,
1228 642 1426 714 μᾶλλον
1459 642 1514 694 δὲ
1542 642 1635 694 καὶ
1663 638 1888 710 ὀλέθρου

318 740 578 810 πρόξενον
635 741 747 800 τοῖς
799 735 1203 805 ἐντευξομένοις
1248 733 1523 802 ὲξυφαίνοι
1565 731 1655 784 τὸν
1708 730 1885 798 λόγον,

315 833 562 885 ἀκουέτω
617 829 768 898 παρά
818 826 1035 879 πάντων
1057 843 1070 855 ·
1109 845 1126 876 ι
1164 825 1323 879 Ἀλλά
1351 826 1482 895 ἡμῖν
1528 823 1759 886 λαλεῖτε,
1793 822 1888 874 καὶ

314 920 671 988 ἀναγγέλλετε
725 920 856 988 ἡμῖν
915 918 1107 987 ἑτέραν
1171 916 1456 986 πλάνησιν.
1497 933 1517 966 ι
1585 913 1794 968 Οὐκοῦν
1851 914 1885 983 ἢ

316 1011 647 1062 ποιείτωσαν
676 1007 736 1059 τὸ
773 1007 989 1075 δένδρον
1021 1005 1206 1068 καλὸν,
1242 1004 1451 1057 καὶτὸν
1481 1003 1690 1074 καρπὸν
1721 1001 1887 1056 αὑτοῦ

315 1101 501 1163 καλὸν,
525 1100 558 1170 ἢ
588 1099 913 1152 ποιείτωσαν
935 1096 997 1149 τὸ
1025 1097 1243 1168 δένδρον
1275 1095 1506 1167 σαπρὸν,
1528 1095 1621 1162 καὶ
1643 1094 1733 1147 τὸν
1753 1110 1888 1164 καρι

314 1192 419 1244 πδν
461 1189 622 1243 αὑτοῦ
668 1189 895 1258 σαπρόν.
934 1206 953 1238 ι
997 1187 1056 1239 '0
1091 1187 1189 1257 μὲν
1213 1186 1320 1254 γάρ
1354 1186 1557 1255 ἀγαθὸς
1603 1185 1888 1255 ἄνθρωπος

314 1286 383 1336 ὲκ
429 1282 521 1335 τοῦ
571 1280 776 1349 ἀγαθοῦ
813 1277 1091 1350 θησαυροῦ
1136 1278 1237 1346 τῆς
1287 1278 1516 1348 καρδίας
1558 1277 1724 1329 αὐτοῦ
1752 1293 1887 1346 προ-

315 1375 474 1444 φέρει
505 1373 570 1426 τά
594 1372 774 1439 ἀγαθά
793 1385 806 1398 ·
835 1371 864 1422 ὁ
889 1370 947 1422 δὲ
981 1369 1216 1439 πονηρὸς
1251 1368 1537 1435 ἄνθρωπος
1566 1369 1630 1420 ὲκ
1667 1366 1760 1421 τοῦ
1791 1384 1888 1420 πο-

311 1483 378 1533 νη
389 1463 483 1534 ροῦ
517 1460 790 1533 θησαυροῦ
821 1463 918 1530 τῆς
952 1459 1177 1529 καρδίας
1204 1457 1367 1510 αὐτοῦ
1401 1457 1666 1530 προφέρει
1696 1457 1766 1510 τά
1789 1474 1887 1510 πο-

310 1554 487 1624 νηρὰ,
525 1572 542 1603 ι
578 1551 721 1605 κατά
760 1568 824 1619 γε
869 1551 968 1620 τὴν
1007 1548 1212 1619 ἀψευδῆ
1245 1547 1340 1602 τοῦ
1386 1549 1638 1620 Σωτῆρος
1677 1548 1882 1618 φωνήν·

318 1662 339 1693 ι
373 1641 648 1695 Ἐσκότισε
685 1641 782 1711 μὲν
803 1640 912 1711 γάρ
958 1642 987 1693 ὁ
1031 1639 1306 1702 Θεὸςητοῦ
1355 1638 1551 1699 αίῶνος
1582 1637 1772 1690 τούτου
1818 1635 1888 1689 τά

308 1733 566 1803 νοήματα
598 1731 706 1785 τῶν
737 1731 984 1784 ἀπίστων
1017 1729 1330 1802 αίρετικῶν,
1356 1730 1436 1790 είς
1459 1727 1517 1780 τὸ
1546 1726 1620 1797 μὴ
1647 1726 1885 1794 αὐγάσαι

1993 548 2045 618 3
2074 546 2275 615 faciant
2304 547 2552 604 arborem
2577 551 2795 615 bonam,
2829 561 2884 606 et
2911 552 3143 608 fructum
3178 552 3296 623 ejus
3319 555 3560 624 bonum;

1993 645 2085 689 aut
2116 634 2322 690 faciant
2355 637 2604 692 arborem
2655 639 2878 708 malam,
2927 651 2982 697 et
3011 642 3242 698 fructum
3277 644 3405 714 fejus
3449 662 3562 702 ma-

1991 725 2100 779 lum
2121 727 2161 778 τ.
2203 745 2222 777 ι
2258 725 2440 782 Bonus
2476 730 2620 783 enim
2665 730 2825 787 homo
2869 733 2936 788 de
2979 735 3237 792 thesauro
3269 738 3449 793 cordis
3477 739 3562 794 sui

1990 816 2198 884 profert
2253 815 2391 870 bona
2429 818 2643 874 :malus
2695 830 2876 875 autem
2921 822 3082 878 homo
3130 838 3197 879 ex
3249 827 3393 881 malo
3444 827 3563 884 the-

1989 921 2153 961 sauro
2184 907 2362 962 cordis
2395 909 2476 962 sui
2519 910 2722 977 profert
2759 913 2932 980 mala;
2965 932 2984 965 ι
3014 923 3074 968 ιιι
3109 917 3392 973 verissime
3442 917 3563 973 Sal-

1987 1003 2144 1048 vator
2183 1005 2367 1050 noster
2397 997 2592 1052 dicit".
2635 1019 2654 1050 ι
2685 1001 3007 1057 Obscuravit
3035 1006 3178 1060 enim
3216 1006 3357 1063 Deus
3400 1009 3561 1080 hujus

1989 1085 2171 1139 saeculi
2238 1096 2447 1143 mentes
2501 1089 2799 1145 inﬁdelium
2859 1093 3276 1166 haereticorum,
3334 1109 3394 1154 ut
3455 1115 3560 1155 non

1988 1174 2192 1243 fulgeat
2253 1177 2578 1235 illuminatio
2636 1181 2912 1254 Evangelii
2969 1185 3154 1256 gloriae
3206 1188 3497 1246 Christi’:
3534 1209 3554 1244 ι

1988 1266 2284 1336 multisque
2309 1270 2482 1325 modis
2509 1271 2561 1324 in
2593 1286 2834 1328 errorem
2871 1275 3091 1332 abducti
3123 1286 3270 1334 sunt.
3303 1277 3560 1336 Nonnulli

1986 1357 2132 1410 enim
2168 1357 2404 1412 Verbum
2447 1375 2513 1414 ex
2562 1361 2672 1417 Deo
2703 1363 2863 1419 Patre
2897 1369 3137 1437 genitum
3167 1371 3423 1428 Genitore
3454 1376 3558 1429 mi-

1989 1461 2174 1501 norem
2208 1463 2328 1503 esse
2362 1450 2570 1514 dicunt,
2605 1453 2813 1518 miseri,
2846 1465 2900 1511 et
2937 1468 3248 1514 extraneam
3276 1463 3557 1519 servilem-

1987 1553 2094 1608 que
2124 1554 2434 1595 mensuram
2475 1543 2550 1596 illi
2594 1545 2835 1601 tribuere
2871 1562 2975 1602 non
3018 1549 3265 1606 horrent.
3298 1553 3401 1608 Alii
3431 1569 3559 1609 vero

1988 1631 2214 1698 impium
2246 1643 2299 1686 et
2327 1632 2657 1690 etl‘renatum
2688 1651 2751 1691 os
2781 1650 3054 1694 exacuunt
3086 1642 3345 1699 adversus
3382 1643 3557 1715 Spiri-

1992 1731 2100 1775 tum
2138 1729 2408 1788 sanctum,
2443 1733 2502 1778 ut
2523 1723 2642 1792 iure
2675 1728 3050 1797 propheticum
3085 1729 3214 1787 illud
3249 1733 3299 1787 in
3327 1748 3421 1789 eos
3452 1735 3558 1791 dici

310 1827 408 1878 τὸν
448 1823 725 1894 φωτισμὸν
767 1822 859 1876 τοῦ
898 1821 1232 1890 Εὑαγγελίου
1267 1820 1366 1890 τῆς
1402 1818 1562 1888 δόξης
1607 1815 1701 1870 τοῦ
1748 1817 1884 1886 Χρι-

1990 1812 2205 1880 possit:
2244 1831 2262 1863 ‹
2295 1811 2404 1867 Vos
2450 1822 2630 1868 autem
2683 1815 2945 1882 accedite,
2979 1817 3072 1871 lilii
3121 1818 3329 1888 iniqui,
3371 1835 3556 1878 semen

313 1915 444 1969 στοῦ
463 1933 477 1948 ο
505 1935 522 1967 ι
563 1916 940 1985 πεπλάνηνται
966 1913 1021 1967 δὲ
1042 1913 1415 1983 πολυτρόπως.
1443 1911 1509 1964 Oi.
1538 1909 1638 1981 μὲν
1666 1910 1775 1979 γὰρ
1794 1908 1885 1961 τὸν

314 2009 382 2060 ἐκ
408 2005 541 2059 Θεοῦ
571 2005 782 2075 Πατρὸς
809 2005 981 2073 φύντα
1010 2003 1200 2070 Λόγον,
1218 2005 1274 2054 ὲν
1307 2002 1482 2072 μείοσι
1506 2001 1598 2053 τοῦ
1629 2017 1888 2069 γεγεννη-

311 2098 470 2159 κότος
505 2092 644 2148 εἷναί
679 2096 737 2147 τέ
767 2112 930 2163 φασιν
968 2096 1018 2147 οἱ
1045 2095 1287 2156 δείλαιοι,
1335 2094 1428 2146 καὶ
1459 2093 1518 2144 τὺ
1559 2091 1793 2159 ἔκφυλόν
1824 2108 1882 2144 τε

311 2186 412 2238 καὶ
438 2185 800 2255 δουλοπρεπὲς
824 2183 972 2254 αὐτῷ
1007 2184 1408 2254 προσνέμοντες
1442 2182 1661 2252 μέτρον,
1693 2184 1753 2236 οὐ
1783 2199 1886 2235 κα-

311 2275 739 2345 ταπεφρίκασιν.
776 2275 838 2326 Οἱ
869 2274 927 2326 δὲ
959 2273 1034 2344 τῷ
1084 2274 1222 2344 ἁγίῳ
1253 2273 1530 2342 Πνεύματι
1569 2273 1630 2325 τὸ
1671 2272 1887 2325 ἀνόσιόν

311 2381 372 2415 τε
403 2363 497 2416 καὶ
519 2363 755 2434 ἀκρατὲς
784 2363 1142 2432 ὲπιθήγοντες
1164 2363 1358 2433 στόμα,
1377 2363 1602 2426 δικαίως
1628 2363 1885 2416 ἀκούουσι

312 2454 406 2506 τοῦ
446 2455 730 2524 προφήτου
776 2453 1063 2523 λέγοντος·
1108 2474 1127 2504 ι
1165 2453 1357 2523 Ὑμεῖς
1397 2454 1454 2506 δὲ
1501 2453 1884 2524 προσαγάγετε

310 2537 439 2607 ὦδε,
467 2544 571 2596 uio!
592 2542 804 2613 ἄνομοι,
828 2543 1052 2614 σπέρμα
1084 2544 1289 2614 μοιχῶν
1314 2544 1407 2597 καὶ⁸
1436 2544 1641 2613 πόρνης
1662 2559 1675 2573 °
1703 2545 1760 2596 ὲν
1780 2544 1887 2597 τίνι

313 2634 732 2705 ὲνετρυφήσατε,
769 2635 864 2686 καὶ
885 2635 978 2685 ἐπὶ
1004 2635 1111 2686 τίνι
1131 2634 1382 2703 ἡνοίξατε
1408 2634 1470 2686 τὸ
1498 2634 1676 2702 στόμα
1697 2633 1848 2714 ὑμῶν
1869 2670 1885 2697 ,

303 2723 408 2780 καὶ
425 2725 518 2778 ἐπὶ
537 2724 643 2778 τίνι
675 2722 977 2794 ἐχαλάσατε
994 2724 1093 2796 τὴν
1118 2723 1370 2794 γλῶσσαν
1390 2723 1576 2795 ὑμῶν;
1599 2724 1711 2794 Οὐχ
1733 2723 1888 2793 ὑμεῖς

311 2819 441 2870 ἐστε
472 2817 640 2870 τέκνα
673 2816 969 2881 ἀπωλείας,
1005 2816 1227 2887 σπέρμα
1260 2817 1491 2888 boy/iv;
1527 2817 1666 2869 Ἀλλ’
1692 2817 1888 2870 ἐκεῖνοι

309 2910 419 2981 μὲν
444 2907 799 2979 πορεύσονται
834 2907 912 2979 τῷ
941 2909 1152 2962 ἑαυτῶν
1181 2910 1338 2979 φωτὶ,
1375 2909 1470 2963 καὶ
1509 2909 1713 2978 φλόγας
1739 2911 1888 2980 εὑρί-

310 3017 536 3055 σκουσιν
565 2999 674 3072 [Ion
697 2999 1034 3072 εὑρήσουσι],
1055 3000 1122 3064 ἃς
1145 3001 1448 3066 ἐξέκαυσαν
1477 3001 1648 3054 αὐτοί.
1673 3020 1692 3052 ι
1711 3003 1888 3072 Ἦμᾶς

303 3091 371 3144 δὲ
428 3091 750 3156 ἀκόλουθον,
803 3085 885 3153 οἷς
921 3090 1212 3163 ὀρθότητος
1257 3089 1446 3162 μέλει,
1489 3092 1650 3160 σοφόν
1695 3109 1751 3144 τε
1795 3093 1888 3146 καὶ

308 3182 516 3254 ἀκριϐῆ
545 3183 636 3236 τὸν
663 3185 746 3252 ἐφ’
793 3183 1008 3253 ἑκάστῳ
1057 3184 1164 3237 τῶν
1193 3184 1353 3236 θείων
1392 3184 1679 3254 δογμάτων
1713 3187 1884 3238 ποιεῖ-

313 3272 440 3325 σθαι
491 3273 682 3340 λόγον·
734 3275 829 3327 καὶ
874 3275 975 3343 τῆς
1023 3275 1247 3327 ἐκείνων
1295 3275 1697 3346 ἀθυροστομίας
1745 3293 1888 3348 παρ-

309 3364 583 3418 αιτεῖσθαι
631 3364 697 3418 τὰ
730 3365 1082 3435 ἐγκλήματα·
1116 3367 1204 3419 ἵνα
1249 3368 1323 3437 μή
1369 3385 1422 3419 τι
1458 3369 1760 3432 πταίοντες,
1791 3369 1887 3423 καὶ

310 3455 723 3526 ἁμαρτάνοντες
754 3457 834 3517 είς
862 3455 988 3516 τοὺς
1015 3455 1298 3524 ἀδελφοὺς,
1339 3456 1664 3527 πλήποντές
1693 3476 1751 3510 τε
1789 3460 1888 3510 αὐ-

307 3546 424 3597 τῶν
448 3547 545 3614 τὴν
586 3545 888 3615 συνείδησιν
933 3545 1285 3611 ἀσθενοῦσαν,
1320 3547 1400 3608 είς
1438 3548 1675 3618 Χριστὸν
1705 3549 1886 3619 ἀμαρ-

309 3638 587 3706 τάνωμεν.
625 3635 1012 3707 Ἀκουσώμεθα
1044 3635 1155 3707 [Im
1182 3637 1546 3708 ἀκουσόμεθα]
1569 3639 1677 3708 γὰρ
1705 3638 1887 3709 λέγον-

300 3745 406 3791 τος
436 3728 596 3791 εὐθύς
617 3747 628 3759 ·
667 3747 682 3778 ι
711 3729 833 3780 Ὅτι
864 3730 912 3780 εἰ
935 3731 962 3781 ὁ
989 3729 1178 3799 ἐχθρὸς
1204 3729 1446 3782 ὠνείδισέ
1478 3748 1566 3799 με,
1603 3731 1889 3801 ὑπήνεγκα

311 3819 381 3871 ἄν
405 3836 417 3847 °
453 3820 547 3871 καὶ
583 3819 632 3870 εἰ
662 3821 689 3870 ὁ
723 3817 894 3885 μισῶν
923 3835 990 3887 με
1030 3819 1117 3872 ἐπ’
1147 3819 1247 3887 ἐμὲ
1277 3819 1885 3891 ἐμεγαλορρημόνησεν,

308 3909 556 3978 ὲκρύϐην
603 3910 669 3963 ἂν
724 3912 818 3964 ἀπ’
849 3911 1034 3964 αὑτοῦ.
1067 3911 1139 3963 Σὺ
1189 3911 1279 3973 δὲ,
1335 3909 1588 3980 ἄνθρωπε
1645 3910 1888 3980 ίσόψυχε,

309 3999 540 4070 ἡγεμών
570 4017 692 4070 μου,
728 4002 822 4054 καὶ
845 4001 1054 4069 γνωστὲ
1082 4016 1214 4071 μου³
1243 4001 1304 4063 ὃς
1336 4003 1428 4052 ἐπὶ
1472 4002 1534 4053 τὸ
1566 4001 1697 4054 αὐτὸ
1731 4001 1890 4070 ὲγλύ-

311 4093 491 4153 κανάς
537 4108 629 4160 μοι
663 4091 959 4162 ἐδέσματα·
995 4095 1053 4144 ὲν
1088 4091 1167 4162 τῷ
1198 4093 1332 4160 οίκῳ
1363 4090 1457 4144 τοῦ
1488 4091 1620 4144 Θεοῦ
1656 4093 1889 4163 ἐπορεύ-

313 4183 495 4252 θημεν
544 4182 604 4232 ὲν
649 4182 891 4251 ὁμονοίᾳ.
925 4200 942 4229 ι
976 4181 1116 4233 Ἀλλ’
1147 4181 1215 4234 ἴοι
1249 4183 1348 4251 μὲν
1379 4183 1454 4244 ὼς
1493 4182 1702 4253 ἐχθρῶν
1730 4186 1890 4238 ταυτί⁵

314 4271 583 4338 κεφαλὰς,
625 4269 675 4322 οἳ
700 4268 800 4338 τῆς
826 4267 919 4321 τοῦ
952 4268 1104 4337 Σωτῆ
1116 4285 1205 4338 ρος
1236 4270 1266 4338 ἡ
1277 4268 1390 4338 μῶν
1421 4269 1890 4338 καταστρατεύονσι

313 4381 409 4415 ται
431 4363 610 4430 δόξης,
641 4363 734 4414 καὶ
763 4360 974 4432 τρυφὴν
1003 4360 1261 4430 ἡγοῦνται
1289 4361 1386 4424 τὰς
1423 4363 1502 4424 εἰς
1539 4361 1700 4413 αὑτὸν
1723 4360 1885 4430 βλασ-

1989 1903 2359 1958 adulterorum
2389 1913 2441 1958 et
2475 1905 2778 1961 meretricis
2808 1924 2820 1972 ;
2848 1907 2901 1962 in
2940 1923 3099 1977 quem
3121 1911 3374 1966 Oblectati
3393 1914 3558 1981 estis,

1988 1999 2043 2043 et
2071 1989 2122 2044 in
2151 2005 2312 2060 quem
2337 1993 2630 2061 aperuistis
2659 2010 2722 2048 os
2755 2005 3016 2063 vestrum,
3046 2009 3101 2053 et
3131 1999 3182 2054 in
3215 2015 3373 2070 quem
3411 2003 3561 2058 laxa»

1987 2082 2088 2135 stis
2131 2081 2368 2151 linguam
2405 2087 2680 2139 vestram?
2711 2085 2902 2141 Nonne
2930 2103 3026 2144 vos
3067 2091 3198 2146 estis
3249 2092 3342 2148 ﬁlii
3375 2097 3560 2163 perdi-

1992 2174 2174 2239 tionis,
2219 2190 2403 2230 semen
2435 2177 2675 2246 iniquum
2697 2179 2784 2232 ὀἳ
2828 2180 2934 2236 Sed
2965 2182 3038 2236 illi
3066 2185 3282 2252 quidem
3315 2184 3559 2241 ambula-

1987 2264 2124 2320 bunt
2158 2265 2209 2320 in
2240 2266 2444 2321 lumine
2472 2283 2590 2333 suo,
2623 2279 2672 2323 et
2705 2269 2950 2327 tlanrmas
2985 2274 3260 2330 invenient
3289 2292 3426 2346 quas
3457 2278 3558 2348 ipsi

1989 2358 2355 2413 accenderunt
2381 2360 2446 2414 η.
2479 2379 2498 2411 ›
2540 2360 2704 2416 Nobis
2744 2371 2946 2431 autem,
2978 2366 3177 2435 quibus
3218 2378 3422 2423 rectum
3457 2371 3562 2426 iter

1987 2456 2071 2501 est
2093 2461 2258 2512 cum,
2293 2450 2547 2503 convenit
2577 2451 2853 2520 sapienter
2877 2462 2931 2508 et
2958 2465 3212 2511 accurate
3235 2460 3301 2511 de
3333 2458 3560 2528 singulis

1992 2536 2190 2590 divinis
2219 2537 2563 2604 dogmatibus
2595 2539 2763 2610 loqui,
2796 2557 3098 2614 cavereque
3146 2561 3209 2600 ne
3244 2547 3459 2602 illorum
3505 2549 3557 2602 in

1989 2627 2254 2696 loquendo
2283 2631 2605 2686 temeritatis
2648 2635 2851 2690 crimen
2889 2636 3252 2705 incurramus,
3288 2655 3359 2695 ne
3387 2642 3560 2696 otTen-

1989 2718 2177 2772 dentes
2213 2728 2267 2772 et
2306 2730 2593 2787 peccantes
2642 2722 2694 2776 in
2739 2725 2957 2792 fratres,
2996 2737 3051 2781 ct
3083 2732 3449 2798 percutientes
3481 2731 3560 2785 in-

1989 2809 2198 2864 ﬁrmam
2243 2813 2478 2880 ipsorum
2520 2817 2931 2881 conscientiam,
2969 2820 3022 2872 in
3048 2819 3324 2876 Christum
3368 2837 3556 2892 pecce-

1989 2914 2107 2955 mus
2134 2898 2200 2952 ".
2236 2899 2386 2955 Illico
2409 2902 2553 2956 enim
2579 2904 2864 2960 audiemus
2894 2922 3016 2961 eum
3051 2910 3316 2964 dicentem
3339 2929 3351 2964 :
3373 2931 3392 2964 ι
3417 2913 3560 2979 Quo-

1990 2991 2138 3047 niam
2182 2993 2226 3047 si
2273 2993 2526 3049 inimicus
2579 3011 2734 3051 meus
2766 2997 3138 3056 maledixisset
3192 3002 3346 3068 mihi,
3398 3007 3560 3060 susti-

1990 3087 2230 3141 nuissem
2262 3087 2486 3156 utique;
2530 3097 2584 3142 et
2615 3090 2661 3144 si
2709 3090 2752 3144 is
2786 3091 2877 3160 qui
2925 3095 3114 3148 oderat
3144 3109 3248 3161 me,
3280 3111 3442 3166 super
3474 3115 3559 3153 me

1991 3190 2184 3244 magna
2235 3177 2450 3231 locutus
2499 3177 2714 3244 fuisset,
2759 3181 3163 3239 abscondissem
3211 3200 3298 3241 me
3331 3188 3558 3250 forsitan

1988 3265 2057 3319 ab
2087 3279 2154 3320 eo
2191 3283 2205 3320 :
2240 3276 2294 3320 tu
2321 3281 2470 3333 vero,
2505 3271 2669 3324 homo
2697 3273 2988 3340 unanimis,
3011 3275 3114 3329 dux
3143 3291 3293 3332 meus
3319 3286 3373 3333 et
3395 3287 3558 3334 notus

1989 3372 2160 3423 meus,
2200 3359 2290 3426 qui
2329 3361 2491 3415 simul
2537 3377 2745 3416 mecum
2778 3365 2960 3419 dulces
2991 3367 3243 3434 capiehas
3284 3370 3455 3436 cibos,
3506 3371 3557 3424 in

1987 3447 2150 3504 domo
2180 3450 2271 3504 Dei
2295 3452 2688 3509 ambulavimus
2711 3470 2830 3508 cum
2859 3471 3123 3512 consensu
3155 3458 3219 3512 “.
3259 3477 3278 3510 ι
3314 3457 3419 3515 Sed
3445 3462 3558 3515 haec

1991 3539 2042 3593 in
2085 3542 2260 3610 capita
2297 3542 2636 3598 inimicorum
2682 3556 2912 3610 vertant,
2943 3548 3033 3616 qui
3061 3548 3258 3604 bellum
3299 3554 3558 3606 adversus

1989 3631 2290 3688 Salvatoris
2322 3635 2486 3688 nostri
2521 3635 2746 3705 gloriam
2781 3649 3153 3705 susceperunt,
3196 3646 3251 3694 et
3283 3639 3557 3708 conjectas

1990 3721 2042 3775 in
2089 3737 2210 3776 eum
2274 3723 2635 3793 hlasphemias
2692 3740 2790 3794 pro
2851 3728 3061 3784 deliciis
3119 3731 3340 3786 habent.
3390 3731 3556 3786 Nobis

1989 3821 2190 3879 autem,
2227 3826 2285 3868 ut
2311 3816 2436 3876 dixi,
2480 3830 2900 3872 consentaneum
2929 3829 3013 3874 est
3056 3835 3120 3874 ac
3165 3825 3553 3887 necessarium,

1989 3906 2079 3972 qui
2111 3920 2174 3959 ea
2211 3921 2400 3974 sapere
2429 3909 2706 3962 studemus
2735 3923 2852 3979 quae
2885 3910 2960 3964 illi
3003 3913 3235 3977 placent,
3270 3916 3555 3982 providere

1989 4009 2057 4048 ne
2096 4010 2277 4048 sermo
2333 4007 2516 4051 noster
2565 4013 2594 4049 a
2631 4001 2857 4052 veritate
2906 4001 2977 4054 sit
3023 4012 3280 4066 remotus,
3311 4015 3402 4056 aut
3449 4004 3554 4057 alio

1989 4083 2243 4153 quopiam
2279 4086 2483 4146 tendat,
2525 4101 2587 4139 ac
2619 4096 2828 4154 spectet
2859 4088 2927 4141 ad
2972 4089 3189 4142 inanem
3233 4091 3553 4158 vanitatem,

1992 4176 2059 4242 is,
2115 4175 2354 4244 inquam,
2411 4176 2501 4244 qui
2552 4177 2618 4229 ad
2668 4177 2909 4232 subditos
2958 4179 3210 4245 habetur,
3267 4184 3362 4237 sed
3409 4189 3553 4254 quod

1990 4276 2140 4321 recte
2186 4265 2425 4334 prolatus
2481 4268 2574 4330 sit,
2608 4268 2777 4336 ipsius
2809 4269 3052 4325 veritatis
3103 4269 3360 4343 suti'ragio
3403 4291 3553 4331 com-

1993 4357 2297 4411 mendetur.
2351 4354 2476 4409 Ha-c
2530 4365 2708 4412 autem
2759 4374 2824 4413 eo
2873 4360 3015 4424 dico,
3069 4364 3194 4430 quia
3243 4365 3296 4418 in
3358 4365 3552 4421 librum

318 4471 396 4520 φη
406 4453 547 4520 μίας·
565 4455 709 4521 ἡμᾶς
725 4452 803 4514 δὲ,
824 4451 900 4514 ὡς
916 4452 1071 4522 ἔφην,
1091 4450 1377 4504 ἀκόλουθόν
1393 4467 1452 4502 τε
1476 4451 1570 4504 καὶ
1588 4451 1883 4519 ἀναγκαῖον

1990 4449 2276 4515 quemdam
2327 4451 2630 4518 aquodam
2679 4453 3036 4518 compositum
3099 4454 3285 4520 incidi,
3342 4457 3394 4509 in
3449 4473 3557 4526 quo

314 4544 449 4604 τοὺς
469 4543 536 4594 τά
555 4544 698 4612 αὐτῷ
713 4543 974 4597 δοκοῦντα
1000 4545 1214 4613 φρονεῖν
1238 4541 1660 4606 σπουδάζοντας,
1694 4543 1768 4611 μὴ
1789 4543 1886 4611 τῆς

318 4632 580 4702 ἀληθείας
603 4634 1080 4704 ἐκκεκομισμὲνον,
1098 4634 1265 4703 ἦγουν
1281 4632 1511 4703 ἐτέρωσέ
1541 4648 1630 4684 ποι
1653 4631 1889 4702 διᾴττον-

315 4743 412 4788 τα,
440 4726 535 4777 καὶ
562 4725 848 4778 νενευκότα
864 4726 998 4796 πρὸς
1028 4724 1088 4776 τὸ
1107 4722 1474 4792 ὲξίτηλον,τὸν
1499 4722 1632 4792 πρός
1655 4738 1718 4789 γε
1747 4740 1818 4792 φη
1829 4724 1889 4792 μὶ

313 4818 444 4881 τοὺς
462 4816 567 4868 ὑπὸ
589 4819 761 4886 χεῖρα,
779 4817 871 4869 καὶ
886 4818 1006 4878 ταῖς
1027 4817 1104 4878 εἰς
1129 4814 1398 4885 ὀρθότητα
1417 4814 1622 4884 ψήφοις
1643 4813 1700 4877 ἐξ
1720 4813 1890 4882 αὐτῆς

313 4912 417 4977 τῆς
450 4907 707 4978 ἀληθείας
759 4904 1206 4974 στεφανούμενον.
1234 4905 1344 4958 Καὶ
1379 4903 1551 4956 ταῦτά
1580 4920 1743 4973 φημι,
1783 4904 1890 4955 τινὶ

310 4999 427 5053 τῶν
462 4998 680 5068 βιϐλίων
712 4996 1019 5067 περιτυχὼν
1067 4995 1172 5048 ὑπό
1205 5012 1298 5048 του
1343 4994 1760 5063 συντεθειμένῳ,
1791 4995 1886 5047 καὶ

315 5089 522 5160 πολλὴν
558 5091 658 5159 μὲν
693 5088 870 5157 ἔχοντι
902 5087 1010 5140 τῶν
1037 5086 1264 5155 ὁμιλιῶν
1305 5085 1405 5155 τὴν
1434 5085 1700 5154 ἄθροισιν,
1741 5103 1883 5138 στοι-

316 5179 479 5250 χηδὸν
503 5178 580 5240 δὲ,
623 5179 718 5229 καὶ
755 5177 829 5238 ὡς
879 5177 937 5226 ὲν
969 5174 1119 5238 τάξει
1148 5173 1437 5243 κειμένων,
1468 5175 1797 5244 ήμοιρηκόσι
1829 5174 1884 5225 δὲ

318 5271 439 5323 κατ’
475 5269 664 5322 οὐδένα
691 5267 891 5337 τρόπον
918 5266 1012 5318 τοῦ
1040 5265 1363 5335 κατέχεσθαι
1397 5263 1525 5318 δεῖν.
1563 5266 1671 5316 Καὶ
1700 5266 1748 5316 εἰ
1787 5265 1888 5332 μὲν

317 5358 535 5429 εἴρηταί
575 5375 628 5410 τι
658 5357 809 5427 παρὰ
838 5355 933 5408 τοῦ
971 5357 1429 5426 συγγεγραφότος,
1459 5355 1488 5408 ὂ
1515 5358 1635 5418 ταῖς
1674 5357 1752 5417 είς
1792 5355 1887 5423 λή-

316 5449 420 5520 θην
465 5447 790 5517 ἀποδημίαις
840 5445 1151 5515 ἠφανίζετο,
1185 5447 1286 5501 κᾶν
1331 5447 1510 5518 ᾠήθην
1559 5446 1687 5509 δεῖν,
1732 5445 1888 5514 σιγὴν

396 5654 416 5680 ⁸
443 5651 696 5705 ls:t.xxx,
737 5648 816 5698 10.
899 5649 918 5676 ’⁷
948 5648 1135 5700 Matth.
1164 5663 1261 5711 ΧΗ,
1284 5650 1371 5703 55.
1451 5655 1470 5684 ⁸
1501 5651 1627 5706 ibid.

318 5739 437 5786 vm,
480 5718 565 5772 l2.
646 5717 686 5745 ³³
715 5715 854 5771 Psat.
883 5733 988 5784 LIV,
1026 5718 1212 5772 15-15.

1834 5650 1851 5679 ⁹
1882 5645 1921 5702 ll
1955 5649 2076 5703 Cor.
2113 5664 2184 5716 Iv,
2221 5651 2268 5702 ί..

1992 4537 2140 4590 multi
2205 4547 2360 4592 erant
2418 4539 2660 4609 congesti
2718 4556 2996 4596 sermones
3045 4558 3142 4610 per
3191 4546 3456 4601 elementa
3501 4560 3557 4604 et

1987 4629 2134 4682 velut
2176 4630 2365 4684 ordine
2421 4631 2685 4700 dispositi,
2739 4632 2994 4702 nullaque
3047 4636 3184 4688 ratio
3240 4637 3290 4690 ei
3345 4638 3551 4708 deerat,

1988 4722 2276 4789 quominus
2308 4723 2528 4776 retineri
2566 4733 2765 4792 posset.
2792 4722 2848 4795 4
2883 4726 2958 4778 Ac
2988 4725 3032 4779 si
3061 4742 3089 4779 a
3118 4728 3389 4798 scriptore
3411 4732 3557 4800 ejus-

1991 4812 2132 4864 modi
2167 4812 2369 4881 aliquid
2401 4813 2603 4868 dictum
2639 4825 2800 4880 esset,
2833 4817 2974 4886 quod
3007 4818 3263 4876 oblivioni
3299 4823 3550 4878 traditum

1995 4913 2361 4967 evanesceret,
2403 4905 2586 4960 forsan
2635 4908 2820 4976 utique
2867 4911 3178 4966 statuissem
3225 4923 3279 4968 et
3310 4915 3441 4968 mihi
3485 4918 3560 4969 si—

1992 4990 2206 5046 lendum
2241 5009 2382 5057 esse,
2430 5006 2484 5049 ct
2527 4999 2736 5052 caeteris
2772 5000 3160 5056 consulendum
3207 5013 3264 5057 ut
3302 5005 3441 5058 idem
3480 5006 3557 5058 fa-

1990 5094 2210 5146 cerent,
2273 5100 2337 5139 nc
2390 5085 2570 5140 multis
2628 5088 2746 5143 aliis
2791 5092 3128 5160 posterisque
3183 5095 3378 5147 nostris
3432 5107 3555 5148 nota

1993 5187 2171 5229 essent
2208 5185 2314 5228 tam
2341 5177 2571 5231 absurde
2609 5189 2824 5247 tamque
2856 5183 3226 5248 imprudenter
3257 5183 3425 5236 dicta.
3451 5185 3556 5239 Sed

1993 5267 2119 5333 quia
2156 5266 2606 5335 blasphemiarum
2639 5271 2791 5324 turba
2821 5273 2872 5324 in
2903 5287 2967 5326 eo
2996 5273 3132 5326 libro
3169 5282 3421 5341 congesta
3452 5285 3556 5337 est,

1992 5367 2046 5410 et
2084 5357 2305 5410 multum
2348 5358 2606 5412 adversus
2645 5360 2892 5427 dogmata
2927 5361 3172 5414 veritatis
3202 5361 3554 5417 declamatum

1994 5453 2048 5499 ct
2099 5445 2491 5513 oblateratum,
2536 5450 2807 5514 quomodo
2861 5463 2966 5503 non
3029 5452 3398 5507 necessarium
3458 5452 3558 5505 fuit

2856 5651 2893 5680 ”
2928 5649 3026 5704 lsa.
3064 5667 3110 5717 L,
3141 5653 3226 5705 ll.
3307 5648 3391 5720 ”_l
3423 5649 3546 5703 Cor.

2353 5653 2390 5680 ¹⁰
2428 5651 2524 5705 lsa.
2558 5667 2688 5715 Lvu,
2722 5653 2772 5706 4.
