3926 6126
438 312 504 365 {PS
1468 306 1526 361 S.
1549 300 1848 362 'CYIIILLI
1884 297 2354 356 ALEXANDRINI
2391 296 2710 355 ARCHIEP.

3617 304 3706 354 ιη

435 424 817 495 propemodum
846 430 906 478 ut
936 422 1367 494 accingeremur,
1390 434 1393 441 ·
1413 426 1466 471 et
1509 432 1608 487 pro
1640 416 1814 472 salute
1844 414 1995 469 lecto.

2117 430 2176 465 τε
2202 412 2346 483 ἔχειν
2366 411 2548 476 αὐτὸς,
2565 411 2659 464 καὶ
2683 411 2889 480 ἑτέροις
2919 412 3319 483 συμϐουλεῦσαι
3336 415 3503 469 »τοῦτο
3528 416 3698 489 δρᾷνο

435 532 553 571 rum
584 524 937 584 certaremus,
971 515 1233 572 ne-ullum
1263 528 1330 569 ex
1374 527 1436 567 ea
1476 528 1533 567 re
1565 512 1822 566 damnum
1851 517 2005 577 pate-

436 615 743 670 rentur,-ac
787 607 1057 662 discerent
1091 605 1269 675 potius
1306 603 1573 672 jacturam
1622 615 1697 655 ex.
1721 614 2005 669 perperam

433 697 592 751 dietis
623 698 1029 766 provenientem
1061 706 1285 752 strenue
1331 694 1629 765 repellere?
1654 692 1789 748 Nam
1820 694 2007 749 beatus

433 785 672 842 Joannes
729 787 873 842 Illius
933 787 1154 842 tonitrui
1209 802 1239 841 a
1289 787 1574 841 Salvatore
1609 786 1851 842 omnium
1912 800 2007 839 no—

433 890 603 933 strum
641 879 857 935 Christo
905 888 987 934 est
1018 877 1320 948 appellatus
1343 880 1411 944 “,
1453 892 1517 933 ac
1551 881 1767 944 merito,
1815 885 1873 930 ut
1914 874 2005 945 qui

435 986 683 1040 magnum
730 970 983 1041 quiddam
1026 978 1082 1024 et
1135 969 1411 1024 insolitum
1456 968 1672 1033 ell‘atus,
1722 981 2009 1037 propemo-

430 1062 556 1116 dum
608 1061 793 1115 orbem
844 1059 1029 1116 sonitu
1079 1058 1444 1122 concusserit,
1494 1067 1551 1113 et
1593 1069 1766 1114 terras
1806 1059 2005 1113 tonitru

432 1150 706 1206 terruerit.
732 1147 782 1204 Is
805 1150 952 1203 enim
981 1146 1108 1202 illud
1137 1146 1443 1202 venerabile
1465 1147 1623 1215 plane
1648 1160 2009 1215 magnumque

429 1240 819 1295 incarnationis
849 1238 1121 1308 Unigeniti
1165 1239 1477 1307 mysterium
1507 1238 1708 1307 optime
1734 1237 2004 1293 declarat:

426 1328 558 1383 dicit
585 1328 728 1383 enim
762 1344 776 1381 :
811 1345 830 1379 ι
865 1325 921 1381 In
947 1326 1216 1396 principio
1239 1337 1360 1381 erat
1386 1325 1649 1391 .Verbum,
1678 1335 1732 1381 et
1761 1324 2002 1381 Verbum

423 1430 545 1474 erat
573 1419 715 1489 apud
744 1419 940 1485 Deum,
980 1427 1034 1474 et
1068 1419 1206 1474 Deus
1240 1429 1359 1474 erat
1387 1420 1621 1475 Verbum
1650 1420 1876 1474 :omnia
1911 1435 2006 1488 per

424 1512 598 1581 ipsum
627 1510 767 1566 facta
798 1519 946 1577 sunt,
980 1518 1033 1566 et
1070 1511 1187 1565 sine
1219 1510 1337 1580 ipso
1371 1509 1574 1566 factum
1607 1520 1692 1566 est
1719 1512 1854 1565 nihil
1882 1512 1946 1564 ³⁸.
1978 1530 1998 1563 ι

425 1602 527 1659 Ubi
555 1618 685 1658 vero
719 1612 975 1659 accurate
1009 1611 1063 1657 et
1106 1602 1346 1672 expolite
1390 1604 1645 1674 mysteria
1673 1604 1917 1668 tradidit,
1951 1615 2005 1659 et

425 1694 774 1766 Unigenitum
825 1703 881 1749 et
926 1694 1093 1749 Deum
1142 1710 1280 1761 esse,
1320 1702 1398 1749 ‘et
1430 1710 1497 1751 ex
1550 1697 1660 1751 Deo
1708 1697 2000 1751 secundum

430 1798 680 1853 naturam
738 1786 1087 1842 inell‘abiliter
1146 1794 1332 1841 natum
1376 1784 1770 1855 pronuntiavit,
1820 1799 1997 1838 rerum

428 1879 671 1933 omnium
716 1889 1018 1957 creatorem
1044 1885 1208 1946 atque
1233 1876 1517 1943 factorem,
1544 1883 1655 1930 tum
1679 1875 1930 1946 denique,
1950 1884 2002 1930 et

422 1969 643 2038 quidem
680 1967 732 2022 in
782 1974 1046 2036 tempore,
1097 1968 1557 2037 sapientissimam
1592 1964 1738 2021 illam
1781 1976 2002 2035 propter

424 2076 523 2117 nos
560 2075 623 2115 ac
664 2075 761 2131 pro
800 2061 959 2117 nobis
1004 2069 1210 2129 gestam
1245 2058 1701 2129 dispensationem
1740 2071 1999 2112 enarrare

424 2153 659 2218 orditur,
696 2162 751 2207 et
792 2151 917 2206 ait:
955 2169 973 2203 ι
1010 2150 1077 2206 Ει
1109 2150 1347 2207 Verbum
1394 2164 1525 2205 caro
1550 2148 1751 2205 factum
1792 2158 1896 2213 est,
1944 2157 2000 2203 et

424 2245 687 2300 habitavit
715 2244 767 2300 in
798 2244 955 2301 nobis
981 2254 1065 2300 :et
1086 2244 1317 2299 vidimus
1341 2242 1569 2313 gloriam
1599 2241 1739 2311 ejus,
1770 2239 1994 2310 gloriam

422 2336 573 2403 quasi
604 2335 879 2405 Unigeniti
928 2351 955 2390 a
993 2335 1178 2403 Patre,
1207 2335 1423 2403 plenum
1464 2336 1652 2405 gratiae
1698 2343 1751 2389 et
1800 2334 2000 2388 verita-

424 2425 579 2479 tis”.
613 2444 632 2477 ι
678 2427 757 2481 Ac
813 2424 1043 2481 Verbum
1099 2439 1317 2479 carnem
1356 2424 1515 2490 dixit,
1561 2434 1619 2479 ut
1662 2439 1805 2478 verae
1857 2424 2000 2479 illius

426 2517 665 2583 nnionis,
695 2532 814 2585 quae
842 2518 1098 2572 nimirum
1131 2514 1427 2571 secundum
1460 2515 1777 2584 hypostasin
1806 2516 1996 2570 consi-

418 2610 666 2673 deratur,
703 2610 811 2664 vim
862 2610 1209 2664 declararet:
1243 2610 1295 2662 in
1341 2622 1408 2663 eo
1451 2619 1629 2661 antem
1671 2608 1813 2677 quod
1847 2607 1994 2662 illum

424 2701 478 2752 in
512 2699 669 2754 nobis
708 2697 985 2755 habitasse
1024 2699 1174 2764 dicit,
1217 2713 1322 2753 non
1354 2698 1485 2752 sinit
1514 2686 1835 2769 intelligere,
1870 2696 1999 2753 Ver-

424 2791 551 2843 bum
600 2787 728 2843 illud
758 2776 1068 2844 secundum
1120 2798 1367 2845 naturam
1414 2803 1483 2843 ex
1513 2787 1619 2844 Deo
1663 2788 1890 2852 editum,
1942 2789 1996 2843 in

423 2890 695 2937 terrenam
744 2896 964 2937 carnem
1008 2882 1176 2938 fuisse
1215 2893 1501 2939 mutatura.
1543 2883 1792 2938 Putasset
1824 2883 1994 2948 enim,

420 2984 478 3028 ut
522 2970 734 3044 opinor,
780 2975 1057 3045 quispiam
1106 2977 1199 3044 qui
1243 2991 1349 3030 non
1407 2974 1696 3029 admodum
1748 2975 1992 3040 calleret,

2114 503 2191 566 ὡς
2241 503 2309 554 ἂν
2353 500 2428 572 μὴ
2468 500 2680 564 πολλοῖς
2728 499 2956 571 ἑτέροις,
2988 502 3083 555 καὶ
3129 504 3242 566 τοῖς
3281 503 3397 574 μεθ’
3424 504 3573 573 ἡμᾶς
3607 506 3700 567 εἴη

2113 591 2389 662 γνώριμα,
2425 590 2496 643 τὰ
2543 590 2717 653 οῦτως
2765 590 3033 657 ἐκτόπως,
3082 592 3178 645 καὶ
3222 592 3510 664 ἀτημελῶς
3542 596 3700 666 είρη-

2115 682 2273 751 μένα.
2312 680 2529 751 Ἐπειδὴ
2556 682 2611 733 δὲ
2643 681 2964 751 δυσφημιῶν
2995 682 3152 753 ὄχλος
3183 682 3584 755 ὲνσεσὼρευτάι
3615 682 3699 755 τῷ

2114 772 2323 842 βιϐλίῳ,
2374 774 2468 825 καὶ
2502 771 2667 843 πολλή
2711 790 2799 836 τις
2833 773 3117 846 γέγονενή
3166 777 3540 847 κατάρῤησις,
3583 778 3698 830 τῶν

2109 864 2210 933 τῆς
2254 864 2511 934 ἀληθείας
2566 864 2985 919 καθυλακτοῦσα
3039 867 3369 939 δογμάτων,
3414 868 3533 932 πῶς
3589 870 3695 922 οὐκ

2110 955 2406 1022 ἀναγκαῖον
2436 955 2583 1025 ἡμᾶς
2634 957 2920 1027 μονονουχὶ
2948 959 3043 1010 καὶ
3076 959 3572 1023 ἀπαποόύσασθαι,
3597 963 3695 1015 καὶ

2111 1044 2485 1116 ύπεραθλῆσαι
2512 1046 2618 1101 τῶν
2646 1047 3067 1117 ἐντευξομένων,
3095 1051 3170 1113 ὡς
3196 1050 3262 1104 ἂν
3290 1052 3363 1122 μή
3389 1069 3440 1105 τι
3468 1051 3693 1106 πάθοιεν

2111 1135 2361 1190 ἐντεῦθεν
2384 1139 2443 1191 τὸ
2471 1137 2691 1209 βλάϐος,
2727 1141 2918 1195 εἰδεῖεν
2962 1141 3020 1194 δὲ
3054 1143 3253 1212 μᾶλλον
3284 1144 3690 1214 ἀποκρούεσθαι

2110 1227 2393 1295 γεννικῶς,
2429 1229 2528 1298 τὴν
2554 1230 2662 1282 ἀπό
2692 1246 2753 1296 γε
2786 1229 2891 1284 τῶν
2917 1230 3018 1283 οὐκ
3045 1231 3221 1301 ὀρθῶν
3247 1216 3553 1303 είρημένων
3589 1232 3688 1302 ζη-

2114 1320 2272 1388 μίαν;
2307 1319 2365 1372 Ὀ
2387 1321 2486 1390 μὲν
2514 1321 2622 1394 γὰρ
2653 1320 2939 1385 θεσπέσιος
2963 1323 3215 1392 Ἰωάννης
3239 1323 3352 1387 υίὸς
3370 1324 3685 1394 ὠνόμασται

2097 1413 2342 1485 ,βροντῆς
2372 1415 2524 1486 παρά
2563 1415 2659 1469 τοῦ
2703 1416 2925 1470 πάντων
2954 1419 2985 1488 ἡ
2996 1418 3113 1487 μῶν
3142 1419 3396 1489 Σωτῆρος
3425 1419 3683 1491 Χριστοῦ,

2110 1508 2203 1560 καὶ
2229 1507 2373 1577 μάλα
2409 1508 2651 1573 εἰκότως,
2674 1509 2763 1563 διά
2781 1527 2843 1562 τε
2867 1509 2929 1563 τὸ
2951 1510 3236 1580 μονονουχὶ
3264 1512 3684 1583 κατακτυπῆσαι

2107 1599 2207 1669 τῆς
2241 1599 2333 1652 ὑπ’
2371 1600 2628 1671 οὐρανὸν,
2682 1600 3270 1674 καὶικαταϐροντῆσαι
3313 1603 3415 1674 τῆς
3446 1604 3568 1674 γῆς,
3609 1605 3686 1667 ὠς

2112 1690 2252 1758 μέγα
2295 1707 2347 1742 τι
2396 1691 2491 1744 καὶ
2520 1690 2754 1757 ἐξαίσιον
2823 1692 3082 1764 εἰρηκὼς.
3135 1694 3426 1764 Διατρανοῖ
3468 1695 3579 1766 γὰρ
3623 1690 3682 1748 εὖ

2108 1780 2257 1849 μάλα
2289 1780 2388 1851 τῆς
2427 1781 2897 1854 ἐνανθρωπήσεως
2920 1784 3013 1838 τοῦ
3038 1785 3377 1854 Μονογενοῦς
3401 1785 3461 1838 τὸ
3491 1787 3687 1840 σεπτὸν

2105 1870 2341 1942 ἀληθῶς,
2379 1874 2472 1926 καὶ
2509 1874 2652 1944 μέγα
2698 1876 3031 1945 μυστήριον’
3072 1875 3174 1945 ἔφη
3212 1876 3310 1945 μὲν
3350 1875 3492 1946 γάρ’
3535 1895 3553 1928 ι
3595 1878 3686 1937 Ἐν

2104 1962 2243 2033 ἀρχῇ
2271 1958 2339 2033 ἦν
2363 1965 2392 2016 6
2421 1964 2614 2032 Λόγος,
2654 1966 2750 2019 καὶ⁵
2781 1968 2809 2019 6
2826 1968 3001 2032 Λόγος
3029 1962 3095 2038 ἦν
3121 1967 3255 2038 πρὸς
3280 1967 3372 2019 τὸν
3401 1965 3555 2031 Θεὸν,
3588 1969 3689 2021 καὶ⁵

2102 2052 2232 2117 Θεὸς
2262 2052 2330 2126 ἦν
2353 2056 2382 2107 6
2400 2056 2575 2125 Λόγος
2595 2074 2609 2088 ⁸
2644 2058 2824 2112 πάντα
2852 2059 2920 2113 δι’
2940 2060 3105 2113 αὐτοῦ
3133 2060 3368 2129 ἐγένετο,
3391 2062 3483 2114 καὶ
3510 2059 3687 2131 χωρὶς

2101 2143 2266 2198 αὐτοῦ
2302 2146 2519 2215 ἐγένετο
2547 2148 2668 2201 οὐδὲ
2703 2150 2780 2203 ἓν.
2807 2170 2825 2202 ι
2857 2151 3078 2222 Ἐπειδὴ
3111 2152 3170 2204 δὲ
3204 2151 3434 2222 ἀκριϐῆ,
3474 2154 3571 2205 καὶ
3595 2169 3686 2204 τε·

2100 2236 2465 2308 τορνευμένην
2505 2238 2802 2310 ἐποιήσατο
2832 2242 2929 2312 τὴν
2972 2242 3382 2312 μυσταγωγίαν,
3412 2242 3504 2295 καὶ
3551 2241 3686 2295 Θεὸν

2102 2328 2436 2398 ὑπάρχοντα,
2464 2332 2561 2384 καὶ
2592 2332 2660 2384 ὲκ
2692 2332 2827 2386 Θεοῦ
2857 2333 2999 2388 κατὰ
3035 2336 3199 2403 φύσιν
3228 2335 3552 2405 ἀπορῤήτως
3583 2351 3685 2402 γε-

2101 2434 2262 2491 γεννη
2272 2420 2429 2490 μένον
2444 2423 2690 2492 ἀπέφηνε
2705 2424 2795 2478 τὸν
2825 2426 3126 2497 Μονογενῆ,
3154 2425 3400 2496 κτίστην,
3414 2425 3508 2479 καὶ
3527 2442 3687 2495 ποιη-

2098 2511 2197 2579 τὴν
2227 2510 2333 2564 τῶν
2355 2512 2514 2578 ὅλων,
2539 2514 2660 2567 τότε
2687 2514 2771 2586 δὴ,
2802 2515 2921 2568 τότε
2944 2517 3038 2570 καὶ
3064 2516 3184 2570 λίαν
3210 2517 3303 2570 ἐπὶ
3333 2515 3547 2589 καιροῦ,
3581 2517 3684 2587 τῆς

2104 2604 2381 2673 πανσόφου
2412 2606 2597 2660 λοιπὸν
2625 2607 2692 2660 δι’
2718 2609 2863 2679 ἡμᾶς
2880 2624 2940 2660 τε
2967 2608 3061 2661 καλ⁵
3085 2608 3222 2681 ὑπὲρ
3242 2608 3398 2680 ἡμῶν
3426 2626 3681 2680 πεπραγο

2102 2693 2271 2765 μένης
2305 2697 2617 2768 οἰκονομίας
2651 2699 2909 2769 ἀρχεται’
2932 2698 3024 2751 καί
3064 2717 3217 2769 φησι·
3255 2718 3274 2751 ι
3298 2696 3408 2753 Καὶ
3441 2703 3471 2753 6
3508 2701 3683 2769 Λόγος

2100 2782 2237 2854 σὰρξ
2262 2785 2498 2852 ἐγένετο,
2519 2787 2613 2840 καὶ
2634 2789 2944 2860 ἐσκήνωσεν
2964 2789 3022 2841 ὲν
3045 2790 3195 2859 ἡμῖν’
3218 2791 3313 2843 καὶ
3332 2789 3680 2861 ἐθεασάμεθα

2096 2873 2195 2943 τὴν
2223 2873 2380 2938 δόξαν
2406 2875 2593 2942 αὐτοῦ,
2620 2877 2776 2943 δόξαν
2802 2877 2876 2941 ὡς
2899 2878 3238 2948 Μονογενοῦς
3267 2881 3420 2951 παρὰ
3441 2881 3675 2952 Πατρός,

2099 2963 2313 3035 πλήρης
2350 2966 2568 3036 χάριτος
2600 2969 2695 3021 καὶ
2728 2968 3005 3041 ἀληθείας.
3034 2990 3052 3021 ι
3077 2970 3262 3042 Σάρκα
3294 2972 3394 3043 μὲν
3435 2973 3544 3044 γὰρ
3573 2973 3676 3044 ἔφη

418 3065 674 3135 quidnam
706 3067 778 3122 sit
824 3067 916 3121 illa
958 3067 1137 3121 divina
1171 3075 1227 3121 et
1254 3065 1395 3120 ultra
1438 3081 1550 3121 rem
1588 3080 1801 3121 omnem
1844 3081 1995 3121 crea-

2098 3054 2195 3152 τὸν
2228 3056 2421 3123 Λόγον,
2448 3058 2548 3128 τῆς
2583 3060 2819 3132 ἀληθοῦς
2869 3062 3138 3128 ὲνὼσεως,
3175 3064 3335 3134 δῆλον
3367 3064 3423 3117 δὲ
3455 3065 3539 3118 ὅτι
3580 3065 3680 3136 τῆς

420 3168 529 3214 tam
558 3159 662 3213 sita
689 3166 905 3223 natura,
939 3173 1058 3213 eam
1089 3158 1320 3214 fortasse
1346 3158 1659 3213 mutationis
1689 3160 1852 3213 etiam
1871 3174 1994 3214 esse

417 3264 711 3318 capacem,
762 3249 1214 3319 propriorumqne
1262 3248 1538 3303 bonorum
1590 3263 1709 3318 qua:
1754 3250 1853 3303 sibi
1902 3264 1996 3318 per

418 3339 712 3394 essentiam
745 3350 872 3395 sunt
920 3339 1103 3404 insita,
1149 3339 1526 3410 negligentem,
1566 3339 1621 3393 in
1655 3339 1801 3393 aliud
1832 3340 1994 3408 quid-

420 3431 562 3498 piam
598 3432 869 3486 diversum
902 3431 969 3485 ab
1004 3445 1070 3485 eo
1107 3432 1247 3499 quod
1290 3439 1374 3487 cst
1404 3432 1801 3500 quodammodo
1835 3431 1995 3501 dege-

420 3536 649 3586 nerare;
695 3531 749 3575 et
797 3520 1207 3576 alterationibus
1245 3534 1309 3575 ac
1349 3520 1739 3576 mutationibus
1779 3536 1844 3575 es
1889 3521 1993 3573 im-

421 3611 637 3681 proviso
652 3612 917 3667 subditam
940 3612 1005 3666 ad
1025 3624 1397 3667 creaturarum
1417 3611 1914 3681 tuensuraSJedigi.
1936 3610 1991 3666 Id

420 3718 548 3758 vero
580 3704 733 3759 nefas
771 3718 892 3758 esse
940 3718 1164 3772 prorsus
1200 3703 1341 3772 .(tixa
1374 3717 1606 3773 namque
1651 3710 1734 3757 est
1766 3702 1856 3757 Dei
1897 3717 1993 3756 na-

418 3806 564 3857 tura,
591 3801 647 3848 et
677 3793 732 3848 in
761 3793 959 3862 quibus
987 3804 1089 3853 est,
1124 3802 1407 3861 permanet
1441 3794 1801 3862 illCOllCUSsu)
1836 3802 1994 3846 testa-

417 3897 503 3941 tus
536 3894 620 3940 est
660 3898 783 3940 cum
835 3885 973 3938 dixit
1007 3903 1020 3937 :
1055 3902 1071 3935 ι
1102 3883 1378 3938 Habitavit
1414 3885 1463 3936 in
1502 3885 1692 3948 nobis;
1727 3904 1743 3934 ι
1775 3884 1825 3952 5
1864 3885 1991 3939 νυν.

334 3996 345 4004 ο
415 3980 541 4032 hum
576 3977 830 4033 nimirum
868 3978 1031 4031 etiam
1065 3992 1194 4032 caro
1223 3980 1445 4032 laetum.
1476 3977 1683 4044 Quibus
1723 3979 1774 4031 in
1813 3979 1990 4031 verbis

412 4080 466 4123 et
500 4067 919 4139 dispensationis
955 4071 1278 4139 sapientiam
1309 4071 1603 4139 prudenter
1639 4073 1909 4140 exposuit,
1938 4085 1991 4126 et

411 4160 824 4231 vigilantissime
854 4163 1018 4227 cavit,
1051 4178 1121 4217 ne
1156 4166 1278 4233 quis
1325 4165 1496 4232 ipsius
1525 4164 1686 4221 Verbi
1739 4179 1987 4222 naturain

412 4253 795 4314 calumnietur,
827 4262 1084 4321 tanquam
1113 4270 1177 4308 cx
1219 4257 1519 4310 mutatione
1554 4267 1611 4315 et
1634 4260 1989 4314 conversione

414 4353 544 4393 caro
577 4341 646 4393 sit
676 4338 900 4393 factum.
944 4341 1258 4396 Asserimus
1292 4343 1455 4412 igitur
1493 4346 1657 4399 etiam
1692 4349 1816 4416 ipsi,
1845 4349 1990 4404 viro-
2026 4350 2043 4361 ⁴

2048 3144 2064 3171 τ
2098 3144 2219 3199 καθ’
2255 3146 2552 3202 ὑπόστασιν
2581 3151 2902 3221 νοουμένης,
2934 3153 3250 3221 ἐμφανίζων
3279 3155 3377 3226 τὴν
3406 3154 3635 3226 δύναμιν
3656 3170 3675 3187 ο

2093 3234 2183 3289 διὰ
2210 3236 2265 3288 δὲ
2306 3237 2399 3290 τοῦ
2433 3238 2527 3292 καὶ
2570 3242 2627 3293 ὲν
2662 3243 2796 3311 ἡμῖν
2828 3243 2991 3296 αὐτὸν
3038 3243 3317 3315 σκηνῶσαι
3348 3244 3548 3312 λέγειν,
3577 3247 3680 3299 οὐκ

2097 3325 2281 3397 ἐφίησι
2306 3332 2444 3383 νοεῖν
2470 3330 2550 3393 εἰς
2576 3331 2756 3402 σάρκα
2771 3332 2869 3401 τὴν
2900 3335 3009 3407 ἀπὸ
3037 3338 3142 3406 γῆς
3168 3335 3259 3389 τὸν
3284 3337 3351 3388 ἐκ
3367 3335 3504 3389 Θεοῦ
3535 3337 3677 3391 κατά

2097 3418 2257 3486 φύσιν
2292 3424 2679 3493 μεταχωρῆσαι
2709 3424 2902 3492 Λόγον.
2939 3425 3107 3497 ᾭήθη
3145 3426 3243 3496 μὲν
3273 3427 3361 3491 ἂν,
3391 3423 3566 3499 οἶμαι,
3593 3429 3676 3492 τὶς

2094 3510 2201 3563 τῶν
2230 3511 2290 3563 ού
2343 3512 2462 3566 λίαν
2489 3514 2878 3583 ὴκριϐωκότων
2907 3517 2935 3569 ὅ
2969 3518 3022 3569 τί
3058 3518 3188 3570 ποτέ
3216 3520 3364 3573 ἐστιν
3403 3521 3436 3589 ἡ
3469 3520 3587 3572 θεία
3618 3536 3676 3572 τε

2095 3604 2188 3655 καὶ
2212 3605 2472 3675 γεννητοῦ
2510 3607 2709 3669 παντὸς
2742 3608 3000 3661 ἐπέκεινα
3038 3610 3222 3678 φύσις,
3259 3612 3399 3682 τάχα
3434 3630 3539 3665 ⁴που
3586 3613 3676 3664 καὶ

2094 3694 2303 3764 τροπῆς
2350 3692 2488 3748 εἶναι
2520 3696 2775 3769 δεκτικὴν
2827 3700 3019 3771 αὐτὴν,
3067 3703 3160 3753 καὶ
3210 3703 3673 3776 καταρᾳθυμῆσαι

2100 3788 2200 3858 μὲν
2236 3788 2495 3844 δύνασθαι
2538 3789 2650 3843 τῶν
2684 3792 2850 3854 ἰδίων,
2890 3794 2982 3847 καὶ
3028 3795 3303 3859 ούσιωδῶς
3340 3798 3478 3869 αὐτῇ
3510 3815 3675 3868 προσο

2094 3879 2417 3948 πεφυκότων
2442 3879 2686 3948 ἀγαθῶν,
2720 3884 3026 3953 μεταφῦναι
3054 3885 3108 3937 δὲ
3144 3883 3334 3957 ὥσπερ
3369 3889 3451 3950 είς
3491 3888 3675 3957 ἕτερόν

2093 3990 2165 4034 τι,
2189 3973 2316 4043 παρ’
2339 3973 2474 4044 ὅπερ
2492 3974 2630 4040 ἐστὶ,
2647 3974 2739 4027 καὶ
2764 3978 2875 4039 τοῖς
2905 3976 3003 4047 τῆς
3025 3976 3257 4041 κτίσεως
3284 3978 3676 4046 ὲγκαθικέσθαι

2096 4064 2337 4134 μέτροις,
2361 4065 2701 4130 ἀλλοιώσεσι,
2730 4067 2824 4119 καὶ
2847 4068 3177 4136 μεταϐολαῖς
3211 4068 3490 4139 ἀδοκήτως
3509 4071 3676 4124 ὑπεθ-

2095 4156 2430 4226 ηνεγμένην.
2474 4157 2617 4209 Ἀλλ’
2642 4157 2807 4211 ὅτιτὸ
2830 4157 3022 4228 χρῆμά
3053 4160 3199 4211 ἐστιν
3227 4160 3508 4230 ἀμήχανον
3538 4178 3679 4213 παν-

2089 4249 2292 4314 τελῶς,
2325 4250 2638 4320 ὲρήρεισται
2670 4250 2778 4321 γὰρ
2810 4254 2843 4321 ἡ
2873 4251 2967 4304 τοῦ
3002 4251 3138 4304 Θεοῦ
3162 4254 3341 4321 φύσις,
3374 4252 3469 4304 καὶ
3498 4253 3681 4321 ἀκρά-

2090 4342 2279 4395 δαντον
2309 4343 2421 4412 ἔχει
2453 4344 2550 4413 τὴν
2574 4344 2659 4413 ἐφ’
2685 4338 2767 4407 οἷς
2796 4345 2911 4396 ἐστι
2931 4343 3210 4413 διαμονὴν,
3244 4332 3677 4415 μεμαρτύρηκεν

416 4444 532 4484 rum
569 4431 833 4485 divinitus
867 4431 1202 4501 loquentium
1234 4433 1542 4504 indaganda
1588 4452 1829 4506 seOpum,
1874 4452 1928 4494 et
1957 4456 1986 4493 a

2098 4434 2262 4486 εἰπὼν
2278 4434 2390 4497 τὸ,‹
2414 4435 2753 4504 Ἐσκήνωσεν
2781 4436 2838 4486 ὲν
2866 4437 3016 4504 ἡμῖν·
3041 4436 3249 4487 »καίτοι
3269 4435 3406 4505 σὰρξ
3433 4436 3676 4504 γεγονὼς

410 4523 535 4577 tidei
567 4524 749 4595 regula
777 4525 922 4581 nulla
948 4541 1014 4580 ex
1046 4534 1199 4593 parte
1249 4529 1572 4594 recedendo,
1602 4528 1751 4581 illum
1780 4545 1844 4584 ex
1880 4532 1987 4586 Deo

407 4617 705 4669 secundum
754 4627 1024 4683 naturam,
1078 4618 1229 4672 illum
1292 4617 1661 4688 Unigenitutn,
1702 4621 1848 4676 illum
1896 4625 1989 4694 qui

408 4712 493 4758 est
538 4707 591 4759 in
625 4707 747 4760 sinu
774 4706 951 4762 Patris
976 4709 1038 4771 ”,
1086 4724 1182 4778 per
1219 4726 1379 4781 quem
1411 4714 1597 4767 omnia
1671 4726 1727 4770 et
1785 4717 1837 4771 in
1883 4734 1989 4787 quo

410 4798 590 4849 onmia
623 4797 688 4862 ⁸⁸,
725 4800 975 4867 quamvis
1026 4813 1152 4857 ante
1190 4802 1370 4855 omnia
1406 4804 1602 4857 saecula
1645 4815 1700 4858 et
1744 4816 1986 4876 tempora

410 4887 683 4956 propriam
707 4887 931 4943 haberet
950 4890 1348 4955 exsistentiam,
1375 4902 1429 4945 et
1452 4908 1666 4959 semper
1690 4895 1984 4950 simulcum

408 4977 664 5033 Genitore
694 4979 1037 5047 subsisteret,
1073 4980 1125 5034 in
1152 4981 1412 5037 extremis
1435 4982 1613 5036 saeculi
1655 4987 1985 5053 temporibus

408 5073 476 5128 ad
514 5071 877 5127 voluntariam
907 5072 1333 5126 exinanitionetn
1380 5074 1745 5139 descendisse,
1783 5089 1835 5130 et
1876 5076 1984 5129 for-

411 5180 549 5217 mam
584 5164 726 5219 servi
776 5163 1171 5232 suscepisse”,
1215 5165 1318 5217 hoc
1351 5174 1457 5228 est,
1500 5176 1683 5220 nostra
1728 5168 1979 5233 subiisse,

408 5267 458 5307 et
493 5256 763 5313 hominem
810 5256 1208 5324 dispensatorie
1250 5255 1449 5309 factum
1500 5271 1619 5311 esse
1647 5297 1662 5322 ,
1715 5259 1982 5314 assimila-

409 5359 629 5414 tnmque
663 5346 920 5403 fratribus
958 5365 1053 5416 per
1092 5349 1297 5411 omnia,
1348 5364 1411 5401 eo
1448 5349 1588 5417 quod
1638 5350 1982 5420 participavit

406 5438 654 5492 similiter
685 5441 832 5493 carni
882 5450 937 5495 et
978 5440 1224 5509 sanguini
1245 5442 1288 5472 ἰ’
1327 5452 1421 5496 :et
1471 5444 1545 5493 ita
1600 5443 1881 5498 nobiscum
1923 5454 1979 5499 ct

482 5639 522 5668 ”
554 5636 717 5691 Marc.
750 5620 938 5698 111,17.
1020 5639 1059 5671 "
1094 5635 1246 5694 Joan.
1276 5655 1314 5703 ι,
1348 5640 1454 5693 1-3.
1538 5640 1580 5672 ⁸⁸
1608 5639 1743 5697 Ibid.
1786 5642 1867 5695 Η.

404 5707 447 5737 ³ο
477 5707 637 5763 Ichr.
677 5722 736 5777 η,
776 5707 963 5762 tt-n.

1981 5641 2214 5716 "_Joan.
2250 5641 2287 5707 I,
2328 5641 2409 5697 I8.

2094 4527 2122 4578 6
2149 4526 2347 4594 Λόγος·
2391 4528 2486 4579 καὶ
2516 4526 2576 4579 τὸ
2618 4527 2717 4596 τῆς
2744 4525 3059 4595 οἰκονομίας
3091 4525 3255 4595 σοφὸν
3288 4527 3553 4595 ἐντέχνως
3581 4526 3674 4593 ἑξ-

2092 4618 2390 4688 ηγούμενος
2413 4633 2428 4649 ο
2461 4618 2556 4672 καὶ
2592 4619 2653 4671 τό
2680 4635 2744 4686 γε
2775 4617 2850 4688 μὴ
2878 4618 2988 4671 δεῖν
3027 4617 3125 4688 τὴν
3173 4616 3269 4669 τοῦ
3298 4617 3475 4684 Λόγου
3510 4618 3675 4684 φύσιν

2093 4710 2551 4781 συκοφαντεῖσθαι
2578 4712 2715 4781 πρός
2758 4728 2923 4777 τινος,
2973 4710 3048 4771 ὼς
3079 4711 3259 4779 σάρκα
3298 4709 3673 4777 γεγενημένην

2091 4805 2148 4871 ἐξ
2171 4804 2532 4869 ἀλλοιώσεως,
2557 4805 2653 4857 καὶ
2677 4804 3038 4877 παρατροπῆς
3071 4798 3129 4855 εὖ
3157 4802 3301 4871 μάλα
3330 4800 3670 4872 τετηρηκώς.

2088 4895 2268 4965 Φαμὲν
2302 4891 2395 4948 οὖν
2443 4896 2551 4965 ἄρα
2577 4895 2674 4947 καὶ
2705 4896 2867 4965 ἡμεῖς
2895 4894 3073 4955 αὐτοὶ,
3103 4892 3195 4945 τὸν
3240 4893 3349 4944 τῶν
3392 4891 3674 4961 θεηγὸρων

2092 4987 2508 5058 ίχνηλατοῦντες
2560 4986 2783 5049 σκοπὸν,
2845 4986 2940 5038 καὶ
2978 4984 3069 5036 τὸν
3112 4984 3210 5052 τῆς
3255 4984 3494 5045 πίστεως
3544 4983 3673 5052 ὅρον

2086 5078 2206 5132 κατ’
2234 5077 2423 5130 οὐδένα
2473 5077 2673 5147 τρόπον
2721 5075 3089 5137 ἐκϐαίνοντες,
3122 5074 3215 5126 τὸν
3252 5077 3317 5126 ὲκ
3349 5072 3487 5125 Θεοῦ
3529 5073 3675 5127 κατὰ

2086 5170 2271 5238 φύσιν,
2312 5169 2403 5221 τὸν
2439 5169 2742 5236 Μονογενῆ,
2773 5166 2865 5219 τὸν
2906 5168 2963 5220 ἐν
3002 5166 3223 5228 κόλποις
3259 5165 3389 5217 ὄντα
3431 5161 3527 5216 τοῦ
3558 5165 3676 5216 Πα-

2082 5264 2233 5334 τρὸς,
2260 5263 2352 5315 τὸν
2392 5262 2457 5314 δι’
2505 5254 2565 5312 οῦ
2601 5260 2798 5323 πάντα,
2840 5257 2932 5310 καὶ
2970 5258 3028 5310 ὲν
3062 5252 3107 5325 ᾧ
3136 5257 3204 5309 τὰ
3246 5256 3447 5319 πάντα,
3490 5253 3676 5307 καίτοι

2082 5357 2183 5423 τὴν
2212 5354 2317 5422 πρὸ
2351 5351 2551 5413 παντὸς
2592 5348 2810 5411 αἰῶνος,
2858 5349 2950 5401 καὶ
2973 5348 3180 5419 χρόνων
3212 5345 3387 5413 ίδικὴν
3431 5342 3670 5413 ὕπαρξιν

2082 5446 2292 5513 ἔχοντα,
2316 5445 2409 5496 καὶ
2438 5442 2525 5496 ἀεὶ
2557 5440 3002 5512 συνυφεστηκότα
3035 5438 3112 5508 τῷ
3131 5436 3502 5506 γεγεννηκότι,
3532 5432 3669 5488 καθ’

2493 5643 2533 5673 ”
2567 5638 2721 5697 Joan.
2774 5656 2849 5705 xl,
2883 5642 2971 5696 56.
3077 5640 3116 5673 ¹⁹
3153 5636 3386 5709 Philipp.
3418 5652 3455 5692 Il
3478 5674 3492 5703 ,
3522 5636 3577 5705 6,
3605 5636 3662 5695 7.
