3926 6126
294 335 361 389 17
1384 327 1755 389 ADVERSUS
1793 327 2194 388 NESTORIUM
2235 329 2361 386 LIB.
2405 330 2445 385 l.
3475 335 3539 391 18

303 441 514 500 ικέσθαι
562 441 658 513 μὲν
687 441 767 505 εἰς
814 441 1061 497 ἑκούσιον
1112 442 1341 497 κένωσιν
1390 448 1447 499 ὲν
1488 448 1736 517 ἐσχάτοις
1776 447 1865 501 τοῦ

1975 456 2173 502 nostrae
2204 445 2433 501 similem
2466 446 2697 501 subiisse
2727 447 3152 516 generationem,
3190 455 3255 503 οι·
3277 462 3539 504 suarum.

296 535 492 599 αἰῶνος
515 536 743 605 καιροῖς,
766 534 858 588 καὶ
890 534 1102 605 μορφὴν
1123 534 1308 589 δούλου
1340 536 1542 604 λαϐεῖν,
1572 538 1867 602 τουτέστιν⁹

296 626 360 678 ἂν
391 627 502 687 τοῖς
536 622 657 677 καθ’
686 624 834 694 ἡμᾶς
863 622 1138 693 γενέσθαι,
1164 626 1284 694 ,καὶ
1333 623 1620 695 ἄνθρωπον
1667 628 1871 681 οἰκονο-

299 716 497 788 μικῶς,
530 714 865 786 ὁμοιωθῆναί
898 732 957 767 τε
983 717 1097 778 τοῖς
1124 715 1370 784 ἀδελφοῖς
1395 717 1537 770 κατὰ
1562 718 1760 782 πάντα,
1784 720 1871 773 διὰ

294 806 393 862 τοῦ
426 806 749 877 μεταλαχεῖν
795 805 994 876 ὁμοίως
1047 807 1272 876 αἵματος
1312 806 1404 859 καὶ
1452 790 1651 879 σαρκός
1671 826 1685 839 ·
1729 809 1871 866 οὕτω

296 917 357 952 τε
387 898 503 969 μεθ’
519 897 815 969 ήμῶν,.καὶ
836 897 932 967 τὴν
955 896 1075 950 καθ’
1095 898 1242 967 ἡμᾶς
1266 899 1557 969 ὑπομεῖναι
1578 900 1835 970 γέννησιν
1854 917 1866 929 ·

296 989 523 1059 καὶτῆς
570 989 706 1052 ἰδίας
735 989 935 1059 σαρκὸς
965 988 1065 1059 τὴν
1112 989 1188 1053 εἰς
1222 989 1283 1042 τὸ
1328 985 1466 1043 εἶναι
1513 990 1744 1061 πάροδον
1792 992 1870 1053 εἰς

297 1082 491 1135 ἑαυτὸν
524 1080 851 1145 άναλαόεῖν,
872 1080 966 1133 καὶ
1002 1080 1062 1133 οὺ
1085 1079 1345 1151 δευτέρας
1372 1081 1546 1152 ἀρχῆς
1573 1084 1672 1153 τῆς
1701 1084 1781 1146 εἰς
1810 1084 1871 1134 τὸ

295 1165 436 1224 εῖναι
488 1170 809 1241 δεδεημένον
834 1185 848 1200 ⁸
889 1165 957 1240 ἦν
1008 1171 1117 1241 γάρ
1170 1172 1227 1223 ὲν
1260 1172 1424 1242 ἀρχῇ,
1457 1173 1550 1225 καὶ
1579 1173 1709 1236 Θεὸς
1746 1169 1813 1242 ἦν
1842 1174 1870 1224 6

294 1260 497 1329 Λόγος·
545 1259 782 1313 ἀλλ’ἵνα
827 1259 888 1312 τὸ
932 1258 1272 1330 ἀνθρώπινον
1315 1261 1868 1334 άνακεφαλαιώσηται

294 1350 472 1417 γένος,
502 1351 726 1421 ἀπαρχὴ
774 1351 992 1405 πάντων
1040 1351 1269 1422 δευτέρα
1313 1353 1450 1422 μετὰ
1500 1353 1599 1426 τὴν
1645 1354 1867 1426 πρώτην

296 1441 534 1510 ἐκείνην,
571 1441 885 1510 τικτόμενος
918 1441 1060 1495 κατὰ
1090 1442 1268 1512 σάρκα
1314 1445 1378 1497 ὲκ
1418 1444 1695 1512 γυναικὸς,
1729 1444 1867 1498 κατὰ

293 1532 393 1595 τὰς
414 1530 656 1599 Γραφάς.
682 1530 838 1584 Οὕτω
860 1530 967 1601 γὰρ
986 1531 1298 1603 ἐπτώχευσε
1329 1533 1581 1597 πλούσιος
1605 1533 1701 1599 ὢν,
1724 1537 1869 1606 ἡμᾶς

294 1624 377 1680 εἰς
403 1622 494 1676 τὸν
537 1621 664 1676 ῖδιον
696 1622 1042 1691 ἀνακομίξων
1069 1622 1321 1691 πλοῦτον,
1351 1626 1445 1678 καὶ
1474 1624 1564 1678 διὰ
1592 1628 1693 1695 τῆς
1737 1627 1868 1678 ὲνωκ

295 1710 487 1780 θείσης
513 1711 659 1781 αὐτῷ
689 1706 891 1783 σαρκὸς
935 1713 1143 1778 πάντας
1182 1714 1319 1785 ἔχων
1362 1718 1419 1769 ὲν
1468 1717 1665 1788 ἑαυτῷ.
1708 1716 1868 1773 Οὕτω

1975 538 2058 593 nis
2129 537 2341 591 initium
2397 545 2455 590 ut
2518 552 2580 590 ea
2642 552 2762 593 esse
2831 538 3139 607 inciperet,
3191 540 3243 593 iu
3306 542 3540 609 eeipsum

1974 628 2276 692 suscepisse
2318 644 2480 681 :.non
2532 628 2677 696 quod
2727 628 2899 683 altero
2949 629 3107 684 initio
3163 631 3430 700 indigeret
3485 644 3543 685 ut

1972 726 2156 774 esset:
2191 734 2316 774 nam
2363 719 2571 775 eratin
2617 719 2904 788 principio,
2956 728 3012 774 et
3069 721 3208 775 Deus
3255 732 3371 776 erat
3410 721 3542 777 Ver-

1974 810 2139 864 bum:
2172 808 2267 864 sed
2310 815 2368 862 ut
2416 808 2713 863 secundum
2758 822 2976 863 carnem
3023 824 3089 865 ex
3124 810 3349 864 muliere
3395 812 3542 879 geni-

1975 906 2096 961 tus,
2142 897 2436 953 secundum
2484 880 2879 966 Scripturasi‘,
2938 909 3059 967 post
3100 900 3245 954 illam
3304 902 3538 970 priorem

1974 991 2141 1044 altera
2189 989 2427 1044 omnium
2478 990 2755 1044 hominum
2805 989 2961 1059 origo
2998 988 3195 1055 factus,
3243 992 3538 1046 humanum

1973 1096 2142 1150 genus
2187 1080 2590 1149 recapitularet.
2648 1081 2738 1136 Sic
2777 1096 2979 1167 \nempe
3032 1097 3234 1152 pauper
3274 1085 3372 1138 l‘uit
3418 1102 3538 1139 cum

1974 1171 2123 1225 dives
2169 1178 2334 1234 esset,
2385 1177 2444 1223 ut
2483 1186 2580 1225 nos
2610 1170 2677 1224 ad
2734 1184 2859 1225 snas
2910 1184 3038 1238 opes
3091 1183 3369 1226 revocaret
3389 1175 3455 1240 ",
3487 1182 3541 1229 et

1972 1279 2067 1333 per
2101 1264 2305 1317 unitam
2350 1262 2453 1317 sibi
2501 1277 2716 1316 carnem
2754 1277 2945 1316 omnes
2986 1263 3053 1316 in.
3079 1264 3259 1332 seipso
3297 1266 3539 1318 contine-

1974 1362 2073 1408 ret.
2109 1352 2199 1408 Sic
2235 1367 2467 1421 namque
2506 1352 2664 1422 plane
2692 1352 2990 1422 consepulti
3033 1368 3154 1408 cum
3190 1354 3412 1410 Christo
3444 1370 3541 1424 per

1971 1453 2217 1499 sanetum
2269 1445 2623 1511 baptismum,
2671 1453 2725 1498 et
2775 1445 3185 1500 conresuscitati
3240 1461 3444 1509 smnus,
3488 1456 3541 1501 et

1973 1528 2321 1583 consedimus
2366 1529 2418 1583 in
2459 1530 2791 1595 cmlestibus,
2830 1539 2884 1584 ιιι
2932 1532 3153 1600 scripsit
3204 1534 3291 1587 ille
3342 1542 3543 1605 myste-

1976 1620 2177 1675 riorum
2231 1621 2610 1692 dispensator,
2664 1623 2749 1676 ille
2797 1638 2974 1692 prmeo
3023 1635 3077 1679 et
3118 1625 3433 1693 Apostolus,
3488 1637 3543 1681 et

1974 1714 2406 1781 evangelicarum
2440 1715 2617 1785 legum
2650 1717 2906 1772 sacerdos
2936 1718 3370 1787 sapientissimus
3401 1717 3541 1773 Pau-

294 1779 593 1870 γὰρ,οὗτω
631 1779 1054 1873 συντεθάμμεθα
1111 1779 1333 1875 μὲνῃτῷ
1377 1779 1732 1878 Χριστῷδιά
1770 1808 1864 1862 τοῦ

1974 1804 2161 1859 lus“.
2216 1805 2532 1863 Necessaria
2584 1817 2668 1861 est
2722 1807 2885 1877 igitur
2956 1808 3019 1861 ad
3079 1809 3320 1878 mysterii
3378 1809 3538 1863 tidem

291 1890 447 1957 ἁγίου
476 1889 883 1962 βαπτίσματος,
914 1894 1364 1964 συνεγηγέρμεθα
1386 1895 1466 1959 δὲ,
1487 1896 1583 1950 καὶ
1608 1898 1867 1951 συνεκαθ-

289 1980 488 2048 ἰσιμεν
507 1984 563 2034 ὲν
582 1983 1099 2053 ιτοῖςέπουρανίοις.
1118 1984 1365 2055 Γέγραφε
1386 1985 1494 2055 γὰρ
1522 1984 1695 2050 οὕτως
1714 1988 1742 2040 6
1758 1986 1866 2040 τῶν

286 2072 456 2125 αὐτοῦ
495 2074 810 2143 μυστηρίων
837 2075 1062 2144 ταμίας,
1093 2078 1120 2128 6
1152 2074 1347 2147 κήρυξ,
1377 2078 1473 2130 καὶ
1517 2077 1861 2143 ’Δπόστολος,

284 2164 387 2216 καὶ
411 2163 522 2217 τῶν
550 2165 930 2233 ίεὺαγγελικῶν
957 2166 1343 2239 θεσπισμάτων
1379 2170 1676 2241 ἰερουργὸς,
1708 2172 1737 2223 ὁ
1779 2189 1867 2225 σο⁴

284 2252 541 2322 φώτατος
572 2254 803 2318 Παῦλος.
849 2258 1165 2325 Ἀναγκαῖον
1192 2258 1500 2330 τοιγαροῦν,
1535 2262 1614 2323 εἰς
1644 2259 1744 2332 τὴν
1774 2261 1863 2314 τοῦ

286 2343 591 2413 μυστηρίου
620 2345 802 2398 πίστιν
836 2361 894 2397 τε
911 2345 1047 2417 ὁμοῦ
1078 2347 1170 2400 καὶ
1206 2347 1523 2419 παράδειξιν
1551 2349 1776 2420 ἀκριϐῆ,
1807 2351 1867 2403 τὸ

280 2433 387 2501 τῆς
415 2433 648 2505 ἀληθοῦς
677 2434 924 2500 ὲνώσεως
966 2437 1177 2508 χρῆμα,
1229 2440 1327 2510 τῆς
1373 2440 1497 2494 καθ’
1544 2442 1861 2509 ὑπόστασιν,

283 2521 455 2591 λέγω,
484 2523 573 2595 ῖνα
601 2526 697 2580 καὶ
724 2527 754 2578 6
785 2529 885 2598 τῆς
916 2528 1058 2581 κατὰ
1099 2530 1278 2601 σάρκα
1320 2533 1621 2603 γεννήσεως
1664 2532 1863 2602 τρόπος

286 2611 381 2665 τοῦ
411 2613 748 2683 Μονογενοῦς
770 2616 831 2670 τὸ
852 2617 1255 2689 ἀνεπίπληκτον
1285 2619 1405 2693 ἔχῃ,
1429 2622 1491 2675 οὐ
1526 2622 1662 2692 πρὸς
1693 2622 1865 2694 ὓπαρ-

286 2700 394 2767 ξιν,
426 2704 502 2766 ὡς
530 2704 687 2774 ἔφην,
731 2706 1069 2779 κεκλημένου
1104 2710 1390 2780 δευτέραν·
1430 2713 1592 2776 αὐτὸς
1612 2715 1722 2785 γάρ
1749 2717 1864 2769 ἐστι

284 2792 399 2846 τῶν
423 2792 637 2847 αἰώνων
667 2797 696 2847 6
736 2799 998 2868 ποιητής·
1043 2799 1234 2852 ἑαυτὸν
1275 2800 1330 2852 δὲ
1377 2801 1576 2871 μᾶλλον
1609 2804 1865 2869 καθέντος

284 2882 651 2953 οἰκονομικῶς
670 2886 755 2948 ,εἰς
782 2885 1180 2958 άνθρωπότητα
1208 2889 1282 2941 δι*
1300 2892 1468 2961 ἡμᾶς,
1491 2892 1585 2945 καὶ
1616 2893 1744 2956 τοὺς
1766 2895 1864 2965 τῆς

285 2973 708 3045 ἁνθρωπότητος
735 2976 836 3030 οὐκ
866 2977 1231 3047 ἀτιμάσαντος
1263 2980 1477 3051 νόμους,
1521 2982 1775 3054 ἑλομένου
1808 2985 1865 3037 δὲ

289 3065 495 3136 μᾶλλον
525 3066 665 3136 μετὰ
685 3067 787 3138 τῆς
818 3068 1020 3139 σαρκὸς
1051 3070 1144 3123 καὶ
1175 3071 1275 3142 τὴν
1298 3072 1405 3143 ’τῆς
1437 3075 1639 3145 σαρκὸς
1672 3076 1864 3146 γέννη-

290 3176 395 3222 σιν,
422 3158 495 3224 ὡς
520 3159 677 3224 ἰδίαν,
696 3159 859 3230 ἔχειν.
878 3161 1146 3233 Ταύτῃτοί
1172 3181 1350 3235 φαμεν
1369 3165 1701 3236 γεγενῆσθαι
1722 3168 1866 3221 κατὰ

290 3249 469 3321 σάρκα
515 3250 731 3303 τὸν-ἀεὶ
775 3252 1191 3323 συνυπάρχοντα
1220 3255 1298 3325 τῷ
1330 3257 1523 3329 ΙΙατρί.
1557 3258 1866 3329 Κατέκρινε

288 3340 397 3410 γάρ
418 3339 559 3394 οὕτω
584 3342 683 3412 τὴν
712 3343 987 3413 ἁμαρτίαν
1009 3346 1067 3398 ὲν
1086 3348 1154 3415 τῇ
1181 3348 1367 3417 σαρκὶ,
1392 3349 1485 3401 καὶ
1512 3350 1867 3421 κατήργηκεν

287 3435 346 3487 ιν
374 3434 507 3503 ἡμῖν
538 3434 631 3486 τοῦ
665 3434 892 3490 θανάτου
927 3437 988 3489 τὸ
1018 3438 1238 3508 κράτος,
1281 3439 1401 3493 καθ’
1430 3443 1577 3510 ἡμᾶς
1606 3442 1864 3511 γεγονὼς.

287 3527 317 3577 6
352 3524 427 3596 μὴ
452 3524 609 3588 εἰδὼς
637 3528 985 3597 ἁμαρτίανμδ
1016 3530 1073 3581 ὲν
1097 3520 1140 3596 ᾧ
1171 3530 1375 3600 ζῶμεν,
1411 3533 1505 3585 καὶ
1546 3533 1866 3605 κινούμεθα,

289 3616 384 3669 καὶ
408 3617 594 3688 ἐσμέν.
622 3618 761 3671 Ἀλλ’
780 3618 890 3671 ὀὐκ
916 3614 1013 3672 οἷδ’
1029 3620 1175 3684 ὅπως
1198 3621 1444 3676 ἀδικοῦσί
1465 3641 1608 3688 τινες
1631 3626 1739 3679 τῶν
1766 3626 1865 3695 τῆς

301 3707 631 3779 Ἐκκλησίας
659 3704 948 3779 δογμάτων
977 3710 1037 3762 τὸ
1076 3710 1369 3782 ἱερώτατον
1400 3714 1615 3781 κάλλος,
1649 3717 1745 3769 καὶ
1768 3716 1867 3786 τὴν

286 3800 451 3868 ἁγίαν
506 3817 567 3852 τε
624 3802 718 3855 καὶ
773 3801 1050 3869 πάναγνον
1092 3803 1365 3874 ρυτιδοῦσι
1426 3806 1726 3873 Παρθένον,
1786 3809 1867 3872 εἰς

286 3890 497 3961 ἀκαλλῆ
527 3891 836 3964 σαθρότητα
860 3894 970 3946 τῶν
1008 3894 1154 3948 ἰδίων
1175 3895 1312 3966 αὐτῇ
1337 3896 1451 3967 [ισ.
1475 3896 1677 3969 αὐτὴν]
1701 3916 1866 3953 κατα-

286 3983 608 4054 κομίζοντες
632 3984 873 4051 ἐννοιῶν,
898 3986 992 4038 καὶ
1014 3985 1186 4051 ξένων
1209 3988 1346 4056 ἡμῖν
1386 3988 1520 4057 εὑρη
1530 3987 1714 4057 μάτων
1747 3992 1866 4044 ἐπι-

283 4072 616 4144 τειχίξοντες
643 4074 1139 4145 δχλον.ῐ”ράφονται
1166 4078 1263 4147 μὲν
1292 4078 1422 4147 γὰρ.
1445 4079 1520 4142 ὡς
1546 4078 1702 4150 νόθην
1724 4083 1862 4143 τινὰ,

285 4163 381 4218 καλ⁵
402 4164 509 4217 οὐκ
534 4164 731 4231 εὐφυᾶ,
757 4164 955 4233 μᾶλλον
984 4165 1042 4217 δὲ
1067 4165 1143 4227 ὡς
1172 4166 1314 4234 πέρα
1337 4168 1535 4231 παντὸς
1560 4167 1743 4221 ἰοῦσαν
1771 4170 1864 4223 τοῦ

285 4258 624 4330 καθήκοντος
640 4256 923 4326 λόγου,τὴν
943 4259 1222 4324 ΘεοτόκΟς
1237 4259 1439 4330 φωνὴν,
1461 4261 1524 4331 ἢν
1546 4263 1637 4315 ἐπὶ
1653 4264 1718 4333 τῇ
1736 4263 1865 4333 άγέα

289 4350 554 4421 Παρθένῳ
580 4348 988 4404 συντεθείκασιν
1025 4352 1073 4403 οἰ
1110 4351 1215 4423 πρὸ
1239 4351 1393 4422 ἡμῶν
1424 4353 1567 4421 ἆγιοι
1592 4355 1861 4425 Ila-cepa;-

1968 1895 2126 1950 simul
2180 1905 2236 1951 et
2290 1896 2358 1950 ad
2420 1907 2627 1953 certam
2674 1898 3225 1962 demonstrationem,
3280 1900 3394 1965 ipsa
3448 1913 3537 1953 res

1968 2000 2129 2052 verae,
2170 1988 2464 2044 secundum
2511 1989 2845 2061 hypostasim
2903 1993 3146 2060 inquam,
3197 1991 3430 2056 uniouis,
3483 2002 3541 2045 ut

1970 2075 2053 2128 illa
2099 2091 2315 2144 quoque
2349 2078 2644 2131 secundum
2689 2092 2909 2132 carnem
2948 2078 3219 2149 Unigeniti
3259 2080 3540 2148 generatio

1969 2166 2388 2233 reprehensione
2418 2177 2595 2229 vacet,
2635 2184 2756 2222 eum
2798 2185 2901 2222 nou
2936 2171 3001 2224 ad
3040 2171 3291 2230 alterum.
3323 2180 3379 2224 ιιι
3403 2172 3537 2235 dixi',

1969 2255 2178 2309 initium
2210 2255 2508 2309 exsistendi
2537 2257 2609 2309 sit
2644 2267 2903 2312 vocatus:
2942 2273 3065 2311 nam
3114 2258 3228 2325 ipse
3258 2269 3334 2313 est
3363 2274 3536 2313 saecu-

1968 2346 2145 2399 lorum
2189 2343 2416 2415 opil‘etz
2456 2349 2549 2399 sed
2579 2347 3033 2417 potius-scipsum
3078 2357 3298 2417 propter
3337 2363 3434 2402 nos
3472 2350 3538 2401 ad

1968 2437 2360 2493 humanitatem
2410 2438 2710 2504 demiserit,
2746 2454 2919 2508 neque
2950 2438 3253 2508 neglexerit
3291 2440 3540 2494 humana:

1967 2538 2172 2582 naturae
2224 2527 2394 2597 leges,
2435 2529 2529 2583 sed
2583 2543 2687 2583 una
2738 2543 2860 2584 cum
2913 2544 3076 2584 carne
3127 2529 3535 2597 generationem

1966 2636 2184 2689 quoque
2207 2621 2387 2675 carnis
2416 2620 2622 2676 habere
2650 2620 2899 2676 voluerit.
2932 2621 3043 2677 Hac
3066 2622 3275 2676 ratione
3305 2622 3539 2676 dicimus

1966 2713 2168 2766 factum
2195 2727 2316 2767 esse
2340 2713 2635 2766 secundum
2672 2725 2895 2767 carnem
2922 2728 3045 2768 eum
3078 2713 3169 2782 qui
3203 2726 3418 2782 semper
3455 2720 3542 2767 est

1967 2819 2088 2857 cum
2135 2802 2380 2857 Patre“.
2420 2801 2509 2856 Sic
2561 2819 2792 2872 namque
2826 2803 3098 2857 damnavit
3147 2811 3429 2872 peccatum
3484 2801 3536 2854 iu

1964 2906 2132 2947 carne
2154 2892 2220 2955 ’³,
2266 2901 2321 2945 et
2364 2892 2633 2945 destruxit
2688 2893 2743 2945 in
2798 2891 2953 2947 nobis
3007 2892 3197 2946 mortis
3250 2891 3535 2959 imperium

1967 2984 2139 3037 nostri
2194 2982 2389 3037 similis
2437 2982 2705 3046 factus”,
2757 2983 2849 3037 ille
2888 2983 2977 3052 qui
3030 2982 3309 3036 nesciebat
3350 2996 3540 3049 pecca—

1970 3083 2080 3126 tum
2107 3073 2174 3139 ²⁷,
2221 3071 2274 3127 in
2304 3087 2413 3142 quo
2448 3072 2701 3139 vivimus,
2751 3082 2804 3127 et
2836 3086 3143 3136 movemur;
3163 3081 3219 3126 et
3242 3086 3443 3126 sumus
3462 3073 3525 3129 ’³.

1967 3165 2026 3234 6
2050 3165 2157 3219 Sed
2193 3164 2377 3220 nescio
2419 3164 2692 3233 quomodo
2727 3162 3323 3232 nonmtllivdogmatum
3359 3161 3539 3217 Eccle-

1970 3256 2065 3309 siae
2093 3254 2527 3310 sacratissimum
2565 3253 2817 3309 decorem
2857 3253 3081 3317 violant,
3127 3261 3181 3308 et
3217 3263 3459 3308 sanctam
3484 3261 3539 3307 et

1970 3355 2176 3401 castam
2237 3344 2508 3416 Virginem
2547 3346 2712 3417 .rugis
2761 3345 3068 3411 maculant,
3108 3346 3233 3401 dum
3289 3346 3430 3400 illam
3482 3345 3536 3399 in

1972 3448 2184 3507 turpem
2233 3450 2456 3492 suorum
2502 3451 2757 3491 sensuum
2796 3437 3112 3491 inanitatem
3160 3436 3455 3501 deducunt,
3488 3447 3541 3489 et

1972 3544 2231 3585 novorum
2283 3539 2714 3585 commentorqu
2770 3530 2985 3583 turbam
3037 3529 3192 3583 nobis
3232 3527 3388 3597 quasi
3424 3544 3539 3583 mn-

1971 3640 2089 3677 rum
2131 3624 2415 3692 objiciunt.
2465 3624 2598 3678 Nam
2647 3639 2834 3680 vocem
2879 3627 3035 3689 hanc,
3084 3624 3336 3694 Deipara,
3377 3638 3537 3691 quam

1970 3715 2140 3769 sancti
2178 3715 2344 3770 nostri
2375 3715 2563 3771 Patres
2603 3716 2668 3769 ad
2720 3725 2965 3770 sanctam
2992 3713 3268 3787 Virginem
3301 3715 3540 3770 cohone-

1972 3809 2222 3862 standam
2286 3819 2725 3878 composuerunt,
2775 3818 3029 3878 tanquam
3078 3810 3294 3863 nothum
3333 3822 3386 3861 et
3436 3806 3537 3861 mi-

1971 3898 2116 3953 nime
2144 3899 2456 3969 ingenuam,
2497 3900 2604 3954 imo
2645 3914 2770 3953 vero
2802 3900 2961 3971 longe
3006 3915 3033 3953 a
3081 3899 3418 3955 convenienti
3456 3912 3540 3951 ra-

1969 3991 2115 4044 tione
2137 4001 2400 4045 remotam
2431 4001 2724 4055 accusant;
2749 4006 3023 4060 unumque
3053 3992 3336 4046 Dominum
3353 3990 3537 4044 Jesum

1969 4079 2249 4135 Christum
2303 4081 2955 4147 seorsim:distinguunt,
3008 4081 3060 4132 in
3116 4082 3357 4146 duosque
3405 4082 3540 4133 divi-

1970 4170 2104 4224 dunt
2160 4169 2298 4224 lilios
2344 4171 2646 4225 :anferunt
2691 4170 2852 4224 etiam
2899 4185 2927 4223 a
2982 4169 3089 4223 Deo
3137 4170 3311 4223 Verho
3359 4172 3541 4224 carnis

1970 4261 2277 4330 passiones,
2308 4260 2554 4330 quamvis
2580 4262 2688 4330 pati
2720 4261 2865 4315 illum
2897 4261 2948 4315 in
2980 4261 3194 4331 propria
3224 4270 3416 4316 natura
3438 4278 3539 4331 qua

1971 4351 2112 4407 Deus
2162 4352 2511 4423 intelligitur,
2558 4366 2626 4406 ne
2686 4367 2783 4406 nos
2840 4352 3056 4421 quidem
3112 4353 3388 4418 dicamus,
3448 4352 3541 4407 sed

290 4442 525 4494 διιστᾶσι
556 4441 612 4494 δὲ
634 4440 937 4516 dvﬁ'ttépo;
951 4441 1240 4512 τέμνοντες
1270 4445 1349 4507 εἰς
1380 4445 1528 4508 υἱοὺς
1548 4445 1644 4499 δύο
1663 4446 1753 4498 τὸν
1775 4446 1865 4498 ἕνα

1976 4442 2152 4511 potius
2177 4443 2242 4497 ad
2281 4443 2452 4513 ipsum
2496 4457 2600 4496 una
2651 4457 2771 4495 cum
2815 4458 2978 4496 carne
3012 4444 3289 4512 passiones
3329 4459 3541 4512 quoque

295 4533 506 4603 Κύριον
537 4532 742 4601 Ἰησοῦν
758 4533 1378 4604 Χριστόνιάποφέρουσι
1405 4535 1475 4587 es
1497 4536 1590 4589 καὶ
1618 4536 1711 4589 τοῦ
1733 4537 1868 4590 Θεοῦ

293 4626 472 4694 Λόγου
490 4624 559 4677 τὰ
573 4626 667 4695 τῆς
684 4626 880 4696 σαρκὸς
895 4625 1246 4694 πάθη,καίτοι
1263 4626 1453 4681 παθεῖν
1468 4628 1628 4680 αὑτὸν
1640 4632 1717 4692 εἰς
1733 4629 1868 4683 ἰδίαν

290 4716 477 4786 φύσιν,
493 4714 625 4768 καθὸ
645 4718 841 4768 νοεῖται
864 4716 1016 4780 Θεὸς,
1037 4717 1155 4770 οὐδὲ
1180 4720 1211 4787 ἠ
1222 4718 1338 4788 μῶν
1355 4719 1670 4789 εἰρηκότων·
1686 4722 1862 4774 ἀνατι-

287 4807 495 4860 θέντων
516 4803 571 4857 δὲ
607 4804 803 4874 μᾶλλον
843 4805 991 4874 αὐτῷ
1024 4806 1169 4873 μετὰ
1195 4806 1296 4875 τῆς
1341 4807 1544 4877 σαρκὸς
1585 4806 1768 4861 καὶτὰ
1796 4810 1861 4877 τῇ

289 4898 456 4969 σαρκὶ
484 4895 869 4965 συμϐεϐηκότα
894 4894 1062 4965 πάθη,
1100 4896 1188 4948 ἵνα
1214 4896 1309 4948 καὶ
1340 4896 1500 4960 αὐτὸς
1534 4898 1863 4967 ὁμολογῆται

287 4989 516 5058 Σωτήρ⁹
553 4985 633 5055 τῷ
653 4985 763 5055 γὰρ
797 4984 1021 5054 μώλωπι
1056 4985 1220 5039 αὐτοῦ
1252 4974 1696 5057 ἡμεῖς’ἰάθημεν,
1726 4990 1867 5040 κατὰ

284 5079 349 5132 τὸ
375 5076 764 5150 γεγραμμένον
789 5093 802 5107 ο
845 5079 937 5129 καὶ
989 5077 1402 5147 μεμαλάκισται,
1453 5079 1549 5148 μὲν
1583 5079 1744 5142 αὐτὸς
1777 5079 1864 5133 διὰ

286 5171 387 5232 τὰς
415 5168 691 5239 ἁμαρτίας
719 5167 895 5237 ἡμῶν,
926 5169 1102 5221 καίτοι
1136 5168 1229 5220 τοῦ
1264 5167 1456 5220 παθεῖν
1499 5169 1589 5221 τὸν
1631 5170 1865 5238 μαλακιο

292 5259 429 5329 σμδν
458 5257 811 5320 ἁνεπίδεκτος
844 5256 947 5310 ῶν·
989 5256 1311 5327 σεσὼσμεθα
1337 5258 1394 5311 δὲ
1426 5259 1590 5327 ἡμεῖς
1611 5258 1701 5310 τὸν
1727 5259 1865 5328 ὑπὲρ

290 5347 451 5417 ήμῶν
480 5347 844 5409 άναλαὸόντος
896 5346 1121 5401 θάνατον
1151 5346 1239 5400 διὰ
1289 5345 1383 5398 τοῦ
1431 5346 1557 5400 ἰδίου
1593 5347 1863 5418 σώματος.

290 5441 642 5510 Πειράσομαι
675 5438 734 5492 δὲ
785 5438 930 5508 ἆπερ
965 5437 1098 5506 ἔφην
1137 5436 1401 5503 ἐπιδεῖξαι
1460 5438 1678 5507 σαφῶς,
1710 5440 1866 5492 Ἀνα-

1976 4534 2170 4589 carnis.
2210 4534 2544 4599 referamus,
2604 4543 2664 4585 ιιι
2708 4533 2882 4602 ipsum
2941 4548 3152 4600 quoque
3205 4532 3537 4588 Salvatorem

1975 4625 2528 4679 contiteamtrrnmm
2584 4623 2700 4691 ejus
2751 4622 2919 4676 livore
2967 4623 3142 4675 sanati
3195 4638 3423 4689 sumus,
3484 4638 3542 4677 ιιι

1975 4715 2238 4783 scriptum
2276 4722 2359 4767 est
2382 4714 2450 4775 ’9,
2480 4722 2535 4766 et
2564 4713 2867 4766 inﬁrmatus
2904 4721 2987 4765 est
3018 4712 3135 4781 ipse
3163 4724 3384 4783 propter
3418 4731 3543 4783 per-

1974 4814 2092 4859 cata
2124 4812 2333 4869 nostra,
2363 4804 2609 4871 quamvis
2634 4802 2856 4856 minime
2889 4818 3055 4872 capax
3089 4816 3231 4859 esset
3258 4806 3542 4859 inﬁrmita-

1980 4895 2049 4949 tis
2072 4910 2091 4945 ε
2124 4908 2328 4961 nosque
2365 4892 2554 4946 salvati
2596 4906 2783 4946 sumus
2818 4892 2941 4946 dum
2992 4891 3078 4946 ille
3107 4907 3203 4960 per
3233 4908 3386 4947 suum
3417 4909 3540 4947 cor-

1974 5000 2073 5053 pus
2107 4995 2334 5037 tnortem
2371 4984 2909 5050 nostram-suscepit.
2939 4982 3192 5038 Conabor
3227 4985 3393 5051 igitur
3424 5001 3543 5053 qua:

1935 5077 2080 5135 ,dixi
2113 5077 2271 5146 plane
2318 5085 2641 5129 monstrare.
2697 5075 2813 5129 .Iaut
2859 5077 3002 5129 enim
3050 5075 3167 5143 cius
3211 5079 3298 5144 qui
3344 5078 3539 5129 librnnt

1972 5167 2328 5237 conscripsit,
2380 5183 2539 5221 voces
2582 5167 2865 5221 recitabo:
2899 5177 2951 5219 et
3004 5169 3183 5234 priore
3237 5168 3359 5219 loco
3408 5180 3543 5234 qtth

1974 5259 2181 5323 elTUtlil,
2221 5258 2348 5313 dum
2383 5273 2592 5324 vocem,
2617 5257 2866 5324 Deipara,
2912 5257 3200 5309 immodico
3244 5257 3534 5324 reprehen-

1976 5349 2147 5403 deret.
2190 5349 2294 5403 Sed
2325 5349 2449 5417 quia
2487 5363 2648 5416 saepe,
2688 5363 2819 5399 cum.
2845 5347 3030 5399 cadem
3080 5345 3317 5398 inculcat
3355 5347 3538 5405 verba,

1981 5456 2076 5494 nos
2114 5457 2327 5509 quoque
2372 5440 2460 5508 qui
2517 5441 2589 5492 illi
2628 5440 2999 5501 adversantur,
3033 5437 3247 5489 eusdmn
3302 5446 3543 5501 repetere

367 5641 612 5695 “Galat.
636 5654 707 5700 tv,
740 5640 792 5692 4.
871 5636 970 5690 "ll
999 5636 1119 5690 Cor.
1144 5634 1329 5695 “11,0.
1405 5637 1449 5666 ²³
1480 5634 1634 5692 Rom.
1660 5651 1733 5700 νι,
1766 5637 1797 5688 4
1838 5657 1849 5701 ;

1970 5640 2072 5691 ‘ucs.
2111 5657 2167 5699 ll,
2195 5641 2244 5692 ti.
2325 5641 2369 5670 ²³
2401 5639 2551 5690 lium.
2589 5653 2623 5696 ι,
2788 5638 2827 5667 ²⁵
2854 5637 3008 5691 Rom.
3035 5650 3150 5699 vm,
3174 5638 3224 5689 ὖ.
3305 5636 3349 5664 ’⁸
3380 5633 3541 5686 ilchr.

292 5727 357 5779 ιι,
397 5711 483 5765 Η.
563 5710 604 5742 ’⁷
634 5708 676 5761 ιι
705 5710 829 5764 (Lor.
863 5722 914 5775 ι’,
950 5708 1039 5761 2|.
1112 5706 1155 5735 ⁸⁸
1187 5706 1306 5758 Act.
1340 5719 1468 5772 ml,
1509 5705 1597 5759 28.
1678 5707 1722 5737 ²⁹
1749 5708 1851 5761 lstt.

1971 5724 2007 5773 ι,
2110 5727 2120 5775 ;
2163 5710 2351 5764 Matth.
2383 5725 2500 5773 \‘Itl,
2532 5708 2614 5762 i7.
