  <div class='ocr_page' id='page_1' title='image "/cluster/home/n/w/nwhite01/storage/ocr_20150623/76/mdp.39015013094878/017.png"; bbox 0 0 3926 6126; ppageno 0'>
   <div class='ocr_carea' id='block_1_1' title="bbox 423 302 3675 380">
    <p class='ocr_par' dir='ltr' id='par_1_1' title="bbox 423 302 3675 380">
     <span class='ocr_line' id='line_1_1' title="bbox 423 302 3675 380; baseline 0 -9"><span class='ocrx_word' id='word_1_1' title='bbox 423 302 487 357; x_wconf 72' lang='lat' dir='ltr'><strong>i9</strong></span> <span class='ocrx_word' id='word_1_2' title='bbox 727 359 754 380; x_wconf 46' lang='grc' dir='ltr'><strong>ς</strong></span> <span class='ocrx_word' id='word_1_3' title='bbox 1401 312 1458 368; x_wconf 90' lang='lat' dir='ltr'><strong>s.</strong></span> <span class='ocrx_word' id='word_1_4' title='bbox 1501 313 1772 370; x_wconf 81' lang='lat' dir='ltr'><strong>CYRILLi</strong></span> <span class='ocrx_word' id='word_1_5' title='bbox 1808 312 2274 369; x_wconf 78' lang='lat' dir='ltr'><strong>ALEXANDRINI</strong></span> <span class='ocrx_word' id='word_1_6' title='bbox 2312 318 2628 375; x_wconf 67' lang='lat' dir='ltr'><strong>AltCHlEP.</strong></span> <span class='ocrx_word' id='word_1_7' title='bbox 3599 318 3675 372; x_wconf 67' lang='lat' dir='ltr'><strong>«to</strong></span> 
     </span>
    </p>
   </div>
   <div class='ocr_carea' id='block_1_2' title="bbox 421 422 1972 508">
    <p class='ocr_par' dir='ltr' id='par_1_2' title="bbox 421 422 1972 494">
     <span class='ocr_line' id='line_1_2' title="bbox 421 422 1972 494; baseline 0.006 -23"><span class='ocrx_word' id='word_1_8' title='bbox 421 422 720 479; x_wconf 86' lang='lat' dir='ltr'><strong>sententias</strong></span> <span class='ocrx_word' id='word_1_9' title='bbox 737 437 958 481; x_wconf 83' lang='lat' dir='ltr'><strong>necesse</strong></span> <span class='ocrx_word' id='word_1_10' title='bbox 988 434 1090 491; x_wconf 89' lang='lat' dir='ltr'><strong>est,</strong></span> <span class='ocrx_word' id='word_1_11' title='bbox 1125 429 1268 494; x_wconf 85' lang='lat' dir='ltr'><strong>date,</strong></span> <span class='ocrx_word' id='word_1_12' title='bbox 1301 429 1546 493; x_wconf 87' lang='lat' dir='ltr'><strong>obsecro,</strong></span> <span class='ocrx_word' id='word_1_13' title='bbox 1575 431 1729 485; x_wconf 90' lang='lat' dir='ltr'><strong>nobis</strong></span> <span class='ocrx_word' id='word_1_14' title='bbox 1751 432 1972 485; x_wconf 83' lang='lat' dir='ltr'><strong>veniam</strong></span> 
     </span>
    </p>
   </div>
   <div class='ocr_carea' id='block_1_3' title="bbox 2080 422 3676 508">
    <p class='ocr_par' dir='ltr' id='par_1_3' title="bbox 2096 434 3676 508">
     <span class='ocr_line' id='line_1_3' title="bbox 2096 434 3676 508; baseline 0.001 -21"><span class='ocrx_word' id='word_1_15' title='bbox 2096 434 2379 505; x_wconf 84' lang='grc' dir='ltr'>γνώσομαι</span> <span class='ocrx_word' id='word_1_16' title='bbox 2404 438 2514 507; x_wconf 82' lang='grc' dir='ltr'><strong>γὰρ</strong></span> <span class='ocrx_word' id='word_1_17' title='bbox 2536 438 2636 508; x_wconf 76' lang='grc' dir='ltr'>ἤδη</span> <span class='ocrx_word' id='word_1_18' title='bbox 2663 437 2762 501; x_wconf 82' lang='grc' dir='ltr'>τὰς</span> <span class='ocrx_word' id='word_1_19' title='bbox 2782 438 2876 492; x_wconf 89' lang='grc' dir='ltr'><strong>τοῦ</strong></span> <span class='ocrx_word' id='word_1_20' title='bbox 2901 437 2962 491; x_wconf 77' lang='grc' dir='ltr'>τὸ</span> <span class='ocrx_word' id='word_1_21' title='bbox 2999 438 3198 508; x_wconf 97' lang='grc' dir='ltr'>βιϐλίον</span> <span class='ocrx_word' id='word_1_22' title='bbox 3229 436 3676 506; x_wconf 79' lang='grc' dir='ltr'><strong>συγγεγραφότος</strong></span> 
     </span>
    </p>
   </div>
   <div class='ocr_carea' id='block_1_4' title="bbox 420 512 1972 597">
    <p class='ocr_par' dir='ltr' id='par_1_4' title="bbox 420 512 1972 588">
     <span class='ocr_line' id='line_1_4' title="bbox 420 512 1972 588; baseline 0.008 -26"><span class='ocrx_word' id='word_1_23' title='bbox 420 512 511 582; x_wconf 88' lang='lat' dir='ltr'><strong>qui</strong></span> <span class='ocrx_word' id='word_1_24' title='bbox 544 528 648 568; x_wconf 94' lang='lat' dir='ltr'><strong>non</strong></span> <span class='ocrx_word' id='word_1_25' title='bbox 689 525 878 584; x_wconf 72' lang='lat' dir='ltr'><strong>sponte</strong></span> <span class='ocrx_word' id='word_1_26' title='bbox 903 519 969 570; x_wconf 89' lang='lat' dir='ltr'><strong>ad</strong></span> <span class='ocrx_word' id='word_1_27' title='bbox 1005 518 1166 572; x_wconf 87' lang='lat' dir='ltr'><strong>verba</strong></span> <span class='ocrx_word' id='word_1_28' title='bbox 1209 517 1396 573; x_wconf 88' lang='lat' dir='ltr'><strong>eadem</strong></span> <span class='ocrx_word' id='word_1_29' title='bbox 1430 519 1673 574; x_wconf 84' lang='lat' dir='ltr'><strong>iteranda</strong></span> <span class='ocrx_word' id='word_1_30' title='bbox 1716 521 1972 588; x_wconf 79' lang='lat' dir='ltr'><strong>venimus,</strong></span> 
     </span>
    </p>
   </div>
   <div class='ocr_carea' id='block_1_5' title="bbox 2080 512 3676 597">
    <p class='ocr_par' dir='ltr' id='par_1_5' title="bbox 2101 527 3676 597">
     <span class='ocr_line' id='line_1_5' title="bbox 2101 527 3676 597; baseline 0.001 -19"><span class='ocrx_word' id='word_1_31' title='bbox 2101 527 2285 595; x_wconf 85' lang='grc' dir='ltr'>φωνάς</span> <span class='ocrx_word' id='word_1_32' title='bbox 2308 543 2320 554; x_wconf 89' lang='grc'><strong>·</strong></span> <span class='ocrx_word' id='word_1_33' title='bbox 2353 527 2446 581; x_wconf 81' lang='grc' dir='ltr'>καὶ</span> <span class='ocrx_word' id='word_1_34' title='bbox 2479 529 2585 597; x_wconf 87' lang='grc' dir='ltr'><strong>πρό</strong></span> <span class='ocrx_word' id='word_1_35' title='bbox 2611 545 2674 596; x_wconf 89' lang='grc' dir='ltr'><strong>γε</strong></span> <span class='ocrx_word' id='word_1_36' title='bbox 2698 528 2805 581; x_wconf 88' lang='grc' dir='ltr'><strong>τῶν</strong></span> <span class='ocrx_word' id='word_1_37' title='bbox 2835 529 3008 583; x_wconf 84' lang='grc' dir='ltr'>ἄλλων</span> <span class='ocrx_word' id='word_1_38' title='bbox 3033 529 3267 591; x_wconf 86' lang='grc' dir='ltr'>ἐκείνας,</span> <span class='ocrx_word' id='word_1_39' title='bbox 3302 528 3357 580; x_wconf 85' lang='grc' dir='ltr'>αἳ</span> <span class='ocrx_word' id='word_1_40' title='bbox 3384 527 3676 595; x_wconf 84' lang='grc' dir='ltr'>γεγόνασιν</span> 
     </span>
    </p>
   </div>
   <div class='ocr_carea' id='block_1_6' title="bbox 420 595 1972 692">
    <p class='ocr_par' dir='ltr' id='par_1_6' title="bbox 420 595 1972 681">
     <span class='ocr_line' id='line_1_6' title="bbox 420 595 1972 681; baseline 0.006 -25"><span class='ocrx_word' id='word_1_41' title='bbox 420 595 516 657; x_wconf 85' lang='lat' dir='ltr'><strong>sed</strong></span> <span class='ocrx_word' id='word_1_42' title='bbox 557 620 876 676; x_wconf 86' lang='lat' dir='ltr'><strong>quacunque</strong></span> <span class='ocrx_word' id='word_1_43' title='bbox 924 609 1068 664; x_wconf 86' lang='lat' dir='ltr'><strong>illius</strong></span> <span class='ocrx_word' id='word_1_44' title='bbox 1101 611 1384 664; x_wconf 86' lang='lat' dir='ltr'><strong>verborum</strong></span> <span class='ocrx_word' id='word_1_45' title='bbox 1423 625 1620 679; x_wconf 77' lang='lat' dir='ltr'><strong>scapus</strong></span> <span class='ocrx_word' id='word_1_46' title='bbox 1651 613 1846 681; x_wconf 83' lang='lat' dir='ltr'><strong>pergit,</strong></span> <span class='ocrx_word' id='word_1_47' title='bbox 1884 614 1972 668; x_wconf 90' lang='lat' dir='ltr'><strong>ibi-</strong></span> 
     </span>
    </p>
   </div>
   <div class='ocr_carea' id='block_1_7' title="bbox 2080 595 3669 692">
    <p class='ocr_par' dir='ltr' id='par_1_7' title="bbox 2092 595 3669 692">
     <span class='ocr_line' id='line_1_7' title="bbox 2092 595 3669 692; baseline 0.001 -23"><span class='ocrx_word' id='word_1_48' title='bbox 2092 615 2260 686; x_wconf 84' lang='grc' dir='ltr'>αὺτῷ,</span> <span class='ocrx_word' id='word_1_49' title='bbox 2294 616 2393 686; x_wconf 79' lang='grc' dir='ltr'>τῆς</span> <span class='ocrx_word' id='word_1_50' title='bbox 2421 595 2705 685; x_wconf 66' lang='grc' dir='ltr'>Θεοτόκος</span> <span class='ocrx_word' id='word_1_51' title='bbox 2737 621 2918 690; x_wconf 81' lang='grc' dir='ltr'>φωνῆς</span> <span class='ocrx_word' id='word_1_52' title='bbox 2944 621 3004 674; x_wconf 87' lang='grc' dir='ltr'><strong>ού</strong></span> <span class='ocrx_word' id='word_1_53' title='bbox 3039 621 3271 692; x_wconf 81' lang='grc' dir='ltr'><strong>μετρίως</strong></span> <span class='ocrx_word' id='word_1_54' title='bbox 3295 618 3669 687; x_wconf 85' lang='grc' dir='ltr'>κατειρηκότι.</span> 
     </span>
    </p>
   </div>
   <div class='ocr_carea' id='block_1_8' title="bbox 419 693 1972 780">
    <p class='ocr_par' dir='ltr' id='par_1_8' title="bbox 419 693 1972 773">
     <span class='ocr_line' id='line_1_8' title="bbox 419 693 1972 773; baseline 0.009 -29"><span class='ocrx_word' id='word_1_55' title='bbox 419 693 540 746; x_wconf 91' lang='lat' dir='ltr'><strong>dem</strong></span> <span class='ocrx_word' id='word_1_56' title='bbox 571 693 647 748; x_wconf 88' lang='lat' dir='ltr'><strong>illi</strong></span> <span class='ocrx_word' id='word_1_57' title='bbox 691 699 1079 752; x_wconf 87' lang='lat' dir='ltr'><strong>occurrendum</strong></span> <span class='ocrx_word' id='word_1_58' title='bbox 1110 713 1228 753; x_wconf 91' lang='lat' dir='ltr'><strong>esse</strong></span> <span class='ocrx_word' id='word_1_59' title='bbox 1266 700 1630 756; x_wconf 82' lang='lat' dir='ltr'><strong>decrevimus.</strong></span> <span class='ocrx_word' id='word_1_60' title='bbox 1680 701 1770 757; x_wconf 86' lang='lat' dir='ltr'><strong>Sic</strong></span> <span class='ocrx_word' id='word_1_61' title='bbox 1817 704 1972 773; x_wconf 81' lang='lat' dir='ltr'><strong>igitur</strong></span> 
     </span>
    </p>
   </div>
   <div class='ocr_carea' id='block_1_9' title="bbox 2080 693 3665 780">
    <p class='ocr_par' dir='ltr' id='par_1_9' title="bbox 2105 708 3665 780">
     <span class='ocr_line' id='line_1_9' title="bbox 2105 708 3665 780; baseline 0 -20"><span class='ocrx_word' id='word_1_62' title='bbox 2105 708 2319 778; x_wconf 81' lang='grc' dir='ltr'><strong>Ἐπειδὴ</strong></span> <span class='ocrx_word' id='word_1_63' title='bbox 2351 708 2406 772; x_wconf 82' lang='grc' dir='ltr'>δὲ</span> <span class='ocrx_word' id='word_1_64' title='bbox 2437 709 2750 773; x_wconf 76' lang='grc' dir='ltr'><strong>πλειστάκις</strong></span> <span class='ocrx_word' id='word_1_65' title='bbox 2776 710 2861 762; x_wconf 74' lang='grc' dir='ltr'><strong>διὰ</strong></span> <span class='ocrx_word' id='word_1_66' title='bbox 2891 712 3001 764; x_wconf 83' lang='grc' dir='ltr'><strong>τῶν</strong></span> <span class='ocrx_word' id='word_1_67' title='bbox 3031 710 3443 780; x_wconf 77' lang='grc' dir='ltr'>αὐτῶνέρχεται</span> <span class='ocrx_word' id='word_1_68' title='bbox 3464 708 3665 776; x_wconf 83' lang='grc' dir='ltr'>λόγων,</span> 
     </span>
    </p>
   </div>
   <div class='ocr_carea' id='block_1_10' title="bbox 419 781 1972 870">
    <p class='ocr_par' dir='ltr' id='par_1_10' title="bbox 419 781 1972 858">
     <span class='ocr_line' id='line_1_10' title="bbox 419 781 1972 858; baseline 0.009 -24"><span class='ocrx_word' id='word_1_69' title='bbox 419 781 699 838; x_wconf 79' lang='lat' dir='ltr'><strong>dixitcum</strong></span> <span class='ocrx_word' id='word_1_70' title='bbox 736 801 916 841; x_wconf 90' lang='lat' dir='ltr'><strong>vocem</strong></span> <span class='ocrx_word' id='word_1_71' title='bbox 953 787 1096 841; x_wconf 83' lang='lat' dir='ltr'><strong>illam</strong></span> <span class='ocrx_word' id='word_1_72' title='bbox 1145 788 1474 858; x_wconf 83' lang='lat' dir='ltr'><strong>improbaret</strong></span> <span class='ocrx_word' id='word_1_73' title='bbox 1527 793 1580 846; x_wconf 89' lang='lat' dir='ltr'><strong>in</strong></span> <span class='ocrx_word' id='word_1_74' title='bbox 1626 803 1810 848; x_wconf 88' lang='lat' dir='ltr'><strong>sancta</strong></span> <span class='ocrx_word' id='word_1_75' title='bbox 1858 793 1972 848; x_wconf 90' lang='lat' dir='ltr'><strong>Vir-</strong></span> 
     </span>
    </p>
   </div>
   <div class='ocr_carea' id='block_1_11' title="bbox 2080 781 3669 870">
    <p class='ocr_par' dir='ltr' id='par_1_11' title="bbox 2085 798 3669 870">
     <span class='ocr_line' id='line_1_11' title="bbox 2085 798 3669 870; baseline -0.001 -18"><span class='ocrx_word' id='word_1_76' title='bbox 2085 799 2378 852; x_wconf 87' lang='grc' dir='ltr'>ἀντανιστα</span> <span class='ocrx_word' id='word_1_77' title='bbox 2385 799 2578 868; x_wconf 87' lang='grc' dir='ltr'>μένους</span> <span class='ocrx_word' id='word_1_78' title='bbox 2592 799 2646 852; x_wconf 86' lang='grc' dir='ltr'>δὲ</span> <span class='ocrx_word' id='word_1_79' title='bbox 2663 801 2758 853; x_wconf 72' lang='grc' dir='ltr'>καὶ</span> <span class='ocrx_word' id='word_1_80' title='bbox 2775 803 2923 870; x_wconf 81' lang='grc' dir='ltr'>ἡμᾶς</span> <span class='ocrx_word' id='word_1_81' title='bbox 2934 801 3022 854; x_wconf 74' lang='grc' dir='ltr'>διὰ</span> <span class='ocrx_word' id='word_1_82' title='bbox 3040 801 3146 854; x_wconf 88' lang='grc' dir='ltr'><strong>τῶν</strong></span> <span class='ocrx_word' id='word_1_83' title='bbox 3163 800 3340 854; x_wconf 80' lang='grc' dir='ltr'>αὐτῶν</span> <span class='ocrx_word' id='word_1_84' title='bbox 3361 800 3495 852; x_wconf 87' lang='grc' dir='ltr'>ίέναι</span> <span class='ocrx_word' id='word_1_85' title='bbox 3516 798 3669 851; x_wconf 84' lang='grc' dir='ltr'>πλει-</span> 
     </span>
    </p>
   </div>
   <div class='ocr_carea' id='block_1_12' title="bbox 417 874 3661 970">
    <p class='ocr_par' dir='ltr' id='par_1_12' title="bbox 417 874 3661 970">
     <span class='ocr_line' id='line_1_12' title="bbox 417 874 3661 970; baseline 0.004 -46"><span class='ocrx_word' id='word_1_86' title='bbox 417 874 560 940; x_wconf 86' lang='lat' dir='ltr'><strong>gine,</strong></span> <span class='ocrx_word' id='word_1_87' title='bbox 584 875 832 946; x_wconf 85' lang='lat' dir='ltr'><strong>Deipara,</strong></span> <span class='ocrx_word' id='word_1_88' title='bbox 861 880 1072 950; x_wconf 87' lang='lat' dir='ltr'><strong>inquam</strong></span> <span class='ocrx_word' id='word_1_89' title='bbox 1108 898 1122 934; x_wconf 91' lang='lat'><strong>:</strong></span> <span class='ocrx_word' id='word_1_90' title='bbox 2095 888 2282 953; x_wconf 88' lang='grc' dir='ltr'>στάκις</span> <span class='ocrx_word' id='word_1_91' title='bbox 2314 889 2553 953; x_wconf 85' lang='grc' dir='ltr'>ἐννοιῶν,</span> <span class='ocrx_word' id='word_1_92' title='bbox 2578 891 2897 958; x_wconf 87' lang='grc' dir='ltr'>ἀναγκαῖον,</span> <span class='ocrx_word' id='word_1_93' title='bbox 2914 893 3028 945; x_wconf 87' lang='grc' dir='ltr'><strong>δότε</strong></span> <span class='ocrx_word' id='word_1_94' title='bbox 3057 891 3142 959; x_wconf 80' lang='grc' dir='ltr'><strong>δὴ,</strong></span> <span class='ocrx_word' id='word_1_95' title='bbox 3163 892 3280 944; x_wconf 83' lang='grc' dir='ltr'>δότε</span> <span class='ocrx_word' id='word_1_96' title='bbox 3307 888 3661 970; x_wconf 49' lang='grc' dir='ltr'>συγγνώμην.</span> 
     </span>
    </p>
   </div>
   <div class='ocr_carea' id='block_1_13' title="bbox 416 963 3661 1052">
    <p class='ocr_par' dir='ltr' id='par_1_13' title="bbox 416 963 3661 1052">
     <span class='ocr_line' id='line_1_13' title="bbox 416 963 3661 1052; baseline 0.005 -32"><span class='ocrx_word' id='word_1_97' title='bbox 416 963 478 1020; x_wconf 81' lang='grc' dir='ltr'>οὐ</span> <span class='ocrx_word' id='word_1_98' title='bbox 510 971 824 1021; x_wconf 85' lang='grc' dir='ltr'>ταυτοεπεῖν</span> <span class='ocrx_word' id='word_1_99' title='bbox 848 971 1164 1041; x_wconf 77' lang='grc' dir='ltr'><strong>ᾑρημένοις,</strong></span> <span class='ocrx_word' id='word_1_100' title='bbox 1188 973 1301 1025; x_wconf 83' lang='grc' dir='ltr'>ἀλλ’</span> <span class='ocrx_word' id='word_1_101' title='bbox 1328 968 1472 1045; x_wconf 78' lang='grc' dir='ltr'>ᾗπερ</span> <span class='ocrx_word' id='word_1_102' title='bbox 1499 976 1565 1029; x_wconf 78' lang='grc' dir='ltr'>ἂν</span> <span class='ocrx_word' id='word_1_103' title='bbox 1597 978 1665 1030; x_wconf 79' lang='grc' dir='ltr'><strong>ἴοι</strong></span> <span class='ocrx_word' id='word_1_104' title='bbox 1697 977 1804 1030; x_wconf 90' lang='grc' dir='ltr'><strong>τῶν</strong></span> <span class='ocrx_word' id='word_1_105' title='bbox 1833 977 2041 1031; x_wconf 79' lang='grc' dir='ltr'>ἐκείνου</span> <span class='ocrx_word' id='word_1_106' title='bbox 2069 977 2243 1048; x_wconf 89' lang='grc' dir='ltr'>λόγων</span> <span class='ocrx_word' id='word_1_107' title='bbox 2275 982 2302 1032; x_wconf 87' lang='grc' dir='ltr'>ὁ</span> <span class='ocrx_word' id='word_1_108' title='bbox 2331 980 2552 1043; x_wconf 80' lang='grc' dir='ltr'>σκοπὸς,</span> <span class='ocrx_word' id='word_1_109' title='bbox 2583 981 2756 1052; x_wconf 85' lang='grc' dir='ltr'>ταύτῃ</span> <span class='ocrx_word' id='word_1_110' title='bbox 2779 982 2870 1034; x_wconf 63' lang='grc' dir='ltr'><strong>καὶ⁹</strong></span> <span class='ocrx_word' id='word_1_111' title='bbox 2904 984 3034 1052; x_wconf 79' lang='grc' dir='ltr'>ἡμῖν</span> <span class='ocrx_word' id='word_1_112' title='bbox 3063 983 3447 1052; x_wconf 80' lang='grc' dir='ltr'>ἀντιφέρεσθαι</span> <span class='ocrx_word' id='word_1_113' title='bbox 3466 983 3575 1035; x_wconf 81' lang='grc' dir='ltr'>δεῖν</span> <span class='ocrx_word' id='word_1_114' title='bbox 3601 963 3661 1035; x_wconf 74' lang='grc' dir='ltr'><strong>εύ</strong></span> 
     </span>
    </p>
   </div>
   <div class='ocr_carea' id='block_1_14' title="bbox 421 1055 3660 1144">
    <p class='ocr_par' dir='ltr' id='par_1_14' title="bbox 421 1055 3660 1144">
     <span class='ocr_line' id='line_1_14' title="bbox 421 1055 3660 1144; baseline 0.005 -36"><span class='ocrx_word' id='word_1_115' title='bbox 421 1055 566 1122; x_wconf 86' lang='grc' dir='ltr'>μάλα</span> <span class='ocrx_word' id='word_1_116' title='bbox 602 1057 969 1126; x_wconf 80' lang='grc' dir='ltr'>διεγνωκόσιν,</span> <span class='ocrx_word' id='word_1_117' title='bbox 999 1063 1144 1133; x_wconf 86' lang='grc' dir='ltr'>Ἒφη</span> <span class='ocrx_word' id='word_1_118' title='bbox 1181 1065 1360 1118; x_wconf 79' lang='grc' dir='ltr'>τοίνυν</span> <span class='ocrx_word' id='word_1_119' title='bbox 1394 1067 1510 1134; x_wconf 77' lang='grc' dir='ltr'>ὡδὶ,</span> <span class='ocrx_word' id='word_1_120' title='bbox 1539 1066 1636 1138; x_wconf 83' lang='grc' dir='ltr'><strong>τὴν</strong></span> <span class='ocrx_word' id='word_1_121' title='bbox 1680 1069 1771 1121; x_wconf 89' lang='grc' dir='ltr'><strong>ἐπί</strong></span> <span class='ocrx_word' id='word_1_122' title='bbox 1811 1086 1874 1137; x_wconf 90' lang='grc' dir='ltr'><strong>γε</strong></span> <span class='ocrx_word' id='word_1_123' title='bbox 1907 1073 1975 1141; x_wconf 77' lang='grc' dir='ltr'>τῇ</span> <span class='ocrx_word' id='word_1_124' title='bbox 2016 1071 2146 1142; x_wconf 73' lang='grc' dir='ltr'>ἁγίᾳ</span> <span class='ocrx_word' id='word_1_125' title='bbox 2179 1072 2444 1143; x_wconf 80' lang='grc' dir='ltr'>Παρθένῳ</span> <span class='ocrx_word' id='word_1_126' title='bbox 2504 1073 2978 1144; x_wconf 83' lang='grc' dir='ltr'>κατακιϐδηλεύων</span> <span class='ocrx_word' id='word_1_127' title='bbox 3046 1075 3253 1142; x_wconf 79' lang='grc' dir='ltr'>φωνὴν,</span> <span class='ocrx_word' id='word_1_128' title='bbox 3294 1075 3437 1142; x_wconf 81' lang='grc' dir='ltr'><strong>φημὶ</strong></span> <span class='ocrx_word' id='word_1_129' title='bbox 3479 1073 3660 1143; x_wconf 76' lang='grc' dir='ltr'>δὲτὴν</span> 
     </span>
    </p>
   </div>
   <div class='ocr_carea' id='block_1_15' title="bbox 418 1148 729 1212">
    <p class='ocr_par' dir='ltr' id='par_1_15' title="bbox 418 1148 729 1212">
     <span class='ocr_line' id='line_1_15' title="bbox 418 1148 729 1212; baseline 0.01 -14"><span class='ocrx_word' id='word_1_130' title='bbox 418 1148 701 1212; x_wconf 76' lang='grc' dir='ltr'>Θεοτόκος</span> <span class='ocrx_word' id='word_1_131' title='bbox 714 1169 729 1184; x_wconf 88' lang='grc'><strong>·</strong></span> 
     </span>
    </p>
   </div>
   <div class='ocr_carea' id='block_1_16' title="bbox 485 1236 1972 1326">
    <p class='ocr_par' dir='ltr' id='par_1_16' title="bbox 485 1236 1972 1322">
     <span class='ocr_line' id='line_1_16' title="bbox 485 1236 1972 1322; baseline 0.011 -32"><span class='ocrx_word' id='word_1_132' title='bbox 485 1236 730 1292; x_wconf 69' lang='grc' dir='ltr'>Νεετοιι.</span> <span class='ocrx_word' id='word_1_133' title='bbox 755 1239 952 1311; x_wconf 71' lang='lat' dir='ltr'><strong>[Saepe,</strong></span> <span class='ocrx_word' id='word_1_134' title='bbox 981 1243 1176 1314; x_wconf 85' lang='lat' dir='ltr'><strong>inquit,</strong></span> <span class='ocrx_word' id='word_1_135' title='bbox 1202 1247 1321 1302; x_wconf 91' lang='lat' dir='ltr'><strong>illos</strong></span> <span class='ocrx_word' id='word_1_136' title='bbox 1336 1250 1514 1319; x_wconf 79' lang='lat' dir='ltr'><strong>rogavi</strong></span> <span class='ocrx_word' id='word_1_137' title='bbox 1536 1251 1649 1321; x_wconf 89' lang='lat' dir='ltr'><strong>(eos</strong></span> <span class='ocrx_word' id='word_1_138' title='bbox 1671 1254 1877 1308; x_wconf 86' lang='lat' dir='ltr'><strong>scilicet</strong></span> <span class='ocrx_word' id='word_1_139' title='bbox 1895 1258 1972 1322; x_wconf 74' lang='lat' dir='ltr'><strong>qu‘</strong></span> 
     </span>
    </p>
   </div>
   <div class='ocr_carea' id='block_1_17' title="bbox 2080 1236 3661 1326">
    <p class='ocr_par' dir='ltr' id='par_1_17' title="bbox 2157 1250 3661 1326">
     <span class='ocr_line' id='line_1_17' title="bbox 2157 1250 3661 1326; baseline 0.002 -21"><span class='ocrx_word' id='word_1_140' title='bbox 2157 1251 2504 1326; x_wconf 80' lang='grc' dir='ltr'>[Ἦρώτησα.</span> <span class='ocrx_word' id='word_1_141' title='bbox 2537 1252 2691 1320; x_wconf 74' lang='grc' dir='ltr'>φησὶ,</span> <span class='ocrx_word' id='word_1_142' title='bbox 2729 1250 2986 1312; x_wconf 77' lang='grc' dir='ltr'>πολλάκις</span> <span class='ocrx_word' id='word_1_143' title='bbox 3025 1250 3224 1312; x_wconf 77' lang='grc' dir='ltr'>αὐτοὺς</span> <span class='ocrx_word' id='word_1_144' title='bbox 3269 1250 3446 1320; x_wconf 83' lang='grc' dir='ltr'>(δῆλον</span> <span class='ocrx_word' id='word_1_145' title='bbox 3486 1252 3542 1306; x_wconf 82' lang='grc' dir='ltr'>δὲ</span> <span class='ocrx_word' id='word_1_146' title='bbox 3578 1255 3661 1308; x_wconf 82' lang='grc' dir='ltr'>ὅτι</span> 
     </span>
    </p>
   </div>
   <div class='ocr_carea' id='block_1_18' title="bbox 416 1323 1972 1410">
    <p class='ocr_par' dir='ltr' id='par_1_18' title="bbox 416 1323 1972 1400">
     <span class='ocr_line' id='line_1_18' title="bbox 416 1323 1972 1400; baseline 0.012 -24"><span class='ocrx_word' id='word_1_147' title='bbox 416 1323 516 1392; x_wconf 84' lang='lat' dir='ltr'><strong>ipsi</strong></span> <span class='ocrx_word' id='word_1_148' title='bbox 539 1329 1025 1400; x_wconf 87' lang='lat' dir='ltr'><strong>contradicebant),</strong></span> <span class='ocrx_word' id='word_1_149' title='bbox 1050 1332 1187 1387; x_wconf 90' lang='lat' dir='ltr'><strong>Num</strong></span> <span class='ocrx_word' id='word_1_150' title='bbox 1215 1335 1476 1390; x_wconf 87' lang='lat' dir='ltr'><strong>Deitatem</strong></span> <span class='ocrx_word' id='word_1_151' title='bbox 1501 1339 1680 1395; x_wconf 81' lang='lat' dir='ltr'><strong>dicitis</strong></span> <span class='ocrx_word' id='word_1_152' title='bbox 1705 1357 1770 1394; x_wconf 81' lang='lat' dir='ltr'><strong>ex</strong></span> <span class='ocrx_word' id='word_1_153' title='bbox 1795 1353 1972 1395; x_wconf 78' lang='lat' dir='ltr'><strong>sancta</strong></span> 
     </span>
    </p>
   </div>
   <div class='ocr_carea' id='block_1_19' title="bbox 2080 1323 3660 1410">
    <p class='ocr_par' dir='ltr' id='par_1_19' title="bbox 2083 1323 3660 1410">
     <span class='ocr_line' id='line_1_19' title="bbox 2083 1323 3660 1410; baseline -0.009 -12"><span class='ocrx_word' id='word_1_154' title='bbox 2083 1323 2208 1407; x_wconf 73' lang='grc' dir='ltr'>τοῦς</span> <span class='ocrx_word' id='word_1_155' title='bbox 2239 1323 2616 1409; x_wconf 65' lang='grc' dir='ltr'>ἀντιλέγοντας</span> <span class='ocrx_word' id='word_1_156' title='bbox 2634 1339 2840 1410; x_wconf 87' lang='grc' dir='ltr'>αύτοῦ)·</span> <span class='ocrx_word' id='word_1_157' title='bbox 2858 1339 2970 1409; x_wconf 85' lang='grc' dir='ltr'><strong>Τὴν</strong></span> <span class='ocrx_word' id='word_1_158' title='bbox 3003 1339 3235 1408; x_wconf 84' lang='grc' dir='ltr'>θεότητα</span> <span class='ocrx_word' id='word_1_159' title='bbox 3255 1340 3442 1406; x_wconf 84' lang='grc' dir='ltr'>λέγετε</span> <span class='ocrx_word' id='word_1_160' title='bbox 3469 1359 3660 1410; x_wconf 76' lang='grc' dir='ltr'>γεγεν-</span> 
     </span>
    </p>
   </div>
   <div class='ocr_carea' id='block_1_20' title="bbox 417 1413 1982 1486">
    <p class='ocr_par' dir='ltr' id='par_1_20' title="bbox 417 1413 1982 1486">
     <span class='ocr_line' id='line_1_20' title="bbox 417 1413 1982 1486; baseline 0.012 -20"><span class='ocrx_word' id='word_1_161' title='bbox 417 1413 639 1486; x_wconf 76' lang='lat' dir='ltr'><strong>Virgine</strong></span> <span class='ocrx_word' id='word_1_162' title='bbox 671 1421 895 1475; x_wconf 78' lang='lat' dir='ltr'><strong>natam?</strong></span> <span class='ocrx_word' id='word_1_163' title='bbox 921 1423 1000 1476; x_wconf 84' lang='lat' dir='ltr'><strong>Ad</strong></span> <span class='ocrx_word' id='word_1_164' title='bbox 1031 1424 1144 1478; x_wconf 66' lang='lat' dir='ltr'><strong>brec</strong></span> <span class='ocrx_word' id='word_1_165' title='bbox 1173 1428 1334 1481; x_wconf 89' lang='lat' dir='ltr'><strong>verba</strong></span> <span class='ocrx_word' id='word_1_166' title='bbox 1379 1429 1522 1484; x_wconf 91' lang='lat' dir='ltr'><strong>illico</strong></span> <span class='ocrx_word' id='word_1_167' title='bbox 1553 1431 1840 1486; x_wconf 85' lang='lat' dir='ltr'><strong>resiliunt:</strong></span> <span class='ocrx_word' id='word_1_168' title='bbox 1877 1432 1982 1485; x_wconf 81' lang='lat' dir='ltr'><strong>Ec—</strong></span> 
     </span>
    </p>
   </div>
   <div class='ocr_carea' id='block_1_21' title="bbox 414 1508 1975 1588">
    <p class='ocr_par' dir='ltr' id='par_1_21' title="bbox 414 1508 1975 1588">
     <span class='ocr_line' id='line_1_21' title="bbox 414 1508 1975 1588; baseline 0.012 -29"><span class='ocrx_word' id='word_1_169' title='bbox 414 1508 556 1576; x_wconf 84' lang='lat' dir='ltr'><strong>quis,</strong></span> <span class='ocrx_word' id='word_1_170' title='bbox 606 1508 876 1578; x_wconf 87' lang='lat' dir='ltr'><strong>inquiunt,</strong></span> <span class='ocrx_word' id='word_1_171' title='bbox 927 1522 1078 1568; x_wconf 89' lang='lat' dir='ltr'><strong>tanto</strong></span> <span class='ocrx_word' id='word_1_172' title='bbox 1111 1515 1461 1586; x_wconf 80' lang='lat' dir='ltr'><strong>blasphemiae</strong></span> <span class='ocrx_word' id='word_1_173' title='bbox 1506 1521 1694 1576; x_wconf 90' lang='lat' dir='ltr'><strong>morbo</strong></span> <span class='ocrx_word' id='word_1_174' title='bbox 1742 1522 1975 1588; x_wconf 85' lang='lat' dir='ltr'><strong>laborat,</strong></span> 
     </span>
    </p>
   </div>
   <div class='ocr_carea' id='block_1_22' title="bbox 419 1603 1980 1685">
    <p class='ocr_par' dir='ltr' id='par_1_22' title="bbox 419 1603 1980 1685">
     <span class='ocr_line' id='line_1_22' title="bbox 419 1603 1980 1685; baseline 0.011 -35"><span class='ocrx_word' id='word_1_175' title='bbox 419 1608 478 1651; x_wconf 88' lang='lat' dir='ltr'><strong>ut</strong></span> <span class='ocrx_word' id='word_1_176' title='bbox 507 1614 628 1668; x_wconf 64' lang='lat' dir='ltr'><strong>qua:</strong></span> <span class='ocrx_word' id='word_1_177' title='bbox 664 1603 922 1672; x_wconf 88' lang='lat' dir='ltr'><strong>templum</strong></span> <span class='ocrx_word' id='word_1_178' title='bbox 970 1608 1174 1675; x_wconf 90' lang='lat' dir='ltr'><strong>genuit,</strong></span> <span class='ocrx_word' id='word_1_179' title='bbox 1212 1609 1445 1685; x_wconf 67' lang='lat' dir='ltr'><strong>Spiritus</strong></span> <span class='ocrx_word' id='word_1_180' title='bbox 1486 1614 1660 1667; x_wconf 88' lang='lat' dir='ltr'><strong>sancti</strong></span> <span class='ocrx_word' id='word_1_181' title='bbox 1709 1629 1892 1683; x_wconf 89' lang='lat' dir='ltr'><strong>opera,</strong></span> <span class='ocrx_word' id='word_1_182' title='bbox 1929 1617 1980 1668; x_wconf 90' lang='lat' dir='ltr'><strong>in</strong></span> 
     </span>
    </p>
   </div>
   <div class='ocr_carea' id='block_1_23' title="bbox 415 1686 1983 1760">
    <p class='ocr_par' dir='ltr' id='par_1_23' title="bbox 415 1686 1983 1760">
     <span class='ocr_line' id='line_1_23' title="bbox 415 1686 1983 1760; baseline 0.013 -21"><span class='ocrx_word' id='word_1_183' title='bbox 415 1701 476 1740; x_wconf 81' lang='lat' dir='ltr'><strong>ea</strong></span> <span class='ocrx_word' id='word_1_184' title='bbox 510 1686 677 1743; x_wconf 90' lang='lat' dir='ltr'><strong>Deum</strong></span> <span class='ocrx_word' id='word_1_185' title='bbox 712 1690 883 1760; x_wconf 90' lang='lat' dir='ltr'><strong>ipsum</strong></span> <span class='ocrx_word' id='word_1_186' title='bbox 915 1704 1154 1750; x_wconf 91' lang='lat' dir='ltr'><strong>creatum</strong></span> <span class='ocrx_word' id='word_1_187' title='bbox 1183 1699 1368 1752; x_wconf 76' lang='lat' dir='ltr'><strong>dicat!</strong></span> <span class='ocrx_word' id='word_1_188' title='bbox 1401 1699 1600 1755; x_wconf 85' lang='lat' dir='ltr'><strong>Deinde</strong></span> <span class='ocrx_word' id='word_1_189' title='bbox 1628 1717 1750 1758; x_wconf 92' lang='lat' dir='ltr'><strong>cum</strong></span> <span class='ocrx_word' id='word_1_190' title='bbox 1776 1705 1842 1758; x_wconf 89' lang='lat' dir='ltr'><strong>ad</strong></span> <span class='ocrx_word' id='word_1_191' title='bbox 1871 1705 1983 1758; x_wconf 71' lang='lat' dir='ltr'><strong>haec</strong></span> 
     </span>
    </p>
   </div>
   <div class='ocr_carea' id='block_1_24' title="bbox 417 1776 1979 1859">
    <p class='ocr_par' dir='ltr' id='par_1_24' title="bbox 417 1776 1979 1859">
     <span class='ocr_line' id='line_1_24' title="bbox 417 1776 1979 1859; baseline 0.01 -29"><span class='ocrx_word' id='word_1_192' title='bbox 417 1776 648 1846; x_wconf 86' lang='lat' dir='ltr'><strong>subjicio</strong></span> <span class='ocrx_word' id='word_1_193' title='bbox 687 1799 700 1834; x_wconf 90' lang='lat'><strong>:</strong></span> <span class='ocrx_word' id='word_1_194' title='bbox 739 1782 878 1850; x_wconf 86' lang='lat' dir='ltr'><strong>Quid</strong></span> <span class='ocrx_word' id='word_1_195' title='bbox 915 1785 1077 1854; x_wconf 77' lang='lat' dir='ltr'><strong>igitur</strong></span> <span class='ocrx_word' id='word_1_196' title='bbox 1106 1789 1341 1844; x_wconf 82' lang='lat' dir='ltr'><strong>absurde</strong></span> <span class='ocrx_word' id='word_1_197' title='bbox 1369 1791 1564 1845; x_wconf 89' lang='lat' dir='ltr'><strong>dicitur</strong></span> <span class='ocrx_word' id='word_1_198' title='bbox 1594 1807 1622 1845; x_wconf 88' lang='lat' dir='ltr'><strong>a</strong></span> <span class='ocrx_word' id='word_1_199' title='bbox 1654 1794 1826 1859; x_wconf 88' lang='lat' dir='ltr'><strong>nobis,</strong></span> <span class='ocrx_word' id='word_1_200' title='bbox 1858 1809 1979 1848; x_wconf 89' lang='lat' dir='ltr'><strong>cum</strong></span> 
     </span>
    </p>
   </div>
   <div class='ocr_carea' id='block_1_25' title="bbox 415 1870 1977 1946">
    <p class='ocr_par' dir='ltr' id='par_1_25' title="bbox 415 1870 1977 1946">
     <span class='ocr_line' id='line_1_25' title="bbox 415 1870 1977 1946; baseline 0.011 -26"><span class='ocrx_word' id='word_1_201' title='bbox 415 1883 602 1923; x_wconf 88' lang='lat' dir='ltr'><strong>vocem</strong></span> <span class='ocrx_word' id='word_1_202' title='bbox 634 1870 772 1926; x_wconf 85' lang='lat' dir='ltr'><strong>hanc</strong></span> <span class='ocrx_word' id='word_1_203' title='bbox 806 1871 1001 1930; x_wconf 82' lang='lat' dir='ltr'><strong>eﬂ&#39;erre</strong></span> <span class='ocrx_word' id='word_1_204' title='bbox 1033 1877 1246 1944; x_wconf 89' lang='lat' dir='ltr'><strong>quidem</strong></span> <span class='ocrx_word' id='word_1_205' title='bbox 1276 1881 1583 1946; x_wconf 76' lang='lat' dir='ltr'><strong>suademus,</strong></span> <span class='ocrx_word' id='word_1_206' title='bbox 1615 1883 1706 1936; x_wconf 89' lang='lat' dir='ltr'><strong>sed</strong></span> <span class='ocrx_word' id='word_1_207' title='bbox 1737 1884 1800 1936; x_wconf 85' lang='lat' dir='ltr'><strong>ad</strong></span> <span class='ocrx_word' id='word_1_208' title='bbox 1832 1899 1977 1936; x_wconf 86' lang='lat' dir='ltr'><strong>cnm-</strong></span> 
     </span>
    </p>
   </div>
   <div class='ocr_carea' id='block_1_26' title="bbox 2088 1429 3660 1502">
    <p class='ocr_par' dir='ltr' id='par_1_26' title="bbox 2088 1429 3660 1502">
     <span class='ocr_line' id='line_1_26' title="bbox 2088 1429 3660 1502; baseline -0.002 -14"><span class='ocrx_word' id='word_1_209' title='bbox 2088 1434 2285 1502; x_wconf 84' lang='grc' dir='ltr'>νῆσθαι</span> <span class='ocrx_word' id='word_1_210' title='bbox 2319 1434 2384 1484; x_wconf 86' lang='grc' dir='ltr'><strong>ἐκ</strong></span> <span class='ocrx_word' id='word_1_211' title='bbox 2411 1435 2509 1501; x_wconf 84' lang='grc' dir='ltr'>τῆς</span> <span class='ocrx_word' id='word_1_212' title='bbox 2543 1430 2705 1498; x_wconf 83' lang='grc' dir='ltr'>ἁγίας</span> <span class='ocrx_word' id='word_1_213' title='bbox 2738 1429 3054 1500; x_wconf 80' lang='grc' dir='ltr'>Παρθένου;</span> <span class='ocrx_word' id='word_1_214' title='bbox 3095 1430 3472 1498; x_wconf 85' lang='grc' dir='ltr'>Ἀποπηδῶσιν</span> <span class='ocrx_word' id='word_1_215' title='bbox 3499 1433 3660 1496; x_wconf 80' lang='grc' dir='ltr'>εὐθὺς</span> 
     </span>
    </p>
   </div>
   <div class='ocr_carea' id='block_1_27' title="bbox 2089 1518 3662 1595">
    <p class='ocr_par' dir='ltr' id='par_1_27' title="bbox 2089 1518 3662 1595">
     <span class='ocr_line' id='line_1_27' title="bbox 2089 1518 3662 1595; baseline -0.001 -19"><span class='ocrx_word' id='word_1_216' title='bbox 2089 1525 2225 1595; x_wconf 83' lang='grc' dir='ltr'>πρὸς</span> <span class='ocrx_word' id='word_1_217' title='bbox 2251 1523 2312 1576; x_wconf 84' lang='grc' dir='ltr'>τὺ</span> <span class='ocrx_word' id='word_1_218' title='bbox 2343 1524 2492 1592; x_wconf 79' lang='grc' dir='ltr'>ῥῆμα</span> <span class='ocrx_word' id='word_1_219' title='bbox 2513 1537 2526 1551; x_wconf 89' lang='grc'><strong>·</strong></span> <span class='ocrx_word' id='word_1_220' title='bbox 2557 1521 2665 1572; x_wconf 74' lang='grc' dir='ltr'><strong>Καὶ</strong></span> <span class='ocrx_word' id='word_1_221' title='bbox 2692 1519 2796 1582; x_wconf 89' lang='grc' dir='ltr'>τίς,</span> <span class='ocrx_word' id='word_1_222' title='bbox 2822 1518 2978 1587; x_wconf 70' lang='grc' dir='ltr'>φασὶ,</span> <span class='ocrx_word' id='word_1_223' title='bbox 3009 1518 3279 1587; x_wconf 83' lang='grc' dir='ltr'>τοσαύτην</span> <span class='ocrx_word' id='word_1_224' title='bbox 3312 1519 3662 1590; x_wconf 77' lang='grc' dir='ltr'>βλασφημίαν</span> 
     </span>
    </p>
   </div>
   <div class='ocr_carea' id='block_1_28' title="bbox 2090 1607 3664 1679">
    <p class='ocr_par' dir='ltr' id='par_1_28' title="bbox 2090 1607 3664 1679">
     <span class='ocr_line' id='line_1_28' title="bbox 2090 1607 3664 1679; baseline -0.001 -14"><span class='ocrx_word' id='word_1_225' title='bbox 2090 1615 2253 1676; x_wconf 88' lang='grc' dir='ltr'>νοσεῖ,</span> <span class='ocrx_word' id='word_1_226' title='bbox 2285 1612 2424 1665; x_wconf 84' lang='grc' dir='ltr'>ὥστε</span> <span class='ocrx_word' id='word_1_227' title='bbox 2457 1610 2670 1679; x_wconf 84' lang='grc' dir='ltr'>ἐκείνην</span> <span class='ocrx_word' id='word_1_228' title='bbox 2707 1608 2805 1678; x_wconf 84' lang='grc' dir='ltr'><strong>τὴν</strong></span> <span class='ocrx_word' id='word_1_229' title='bbox 2833 1608 3170 1677; x_wconf 83' lang='grc' dir='ltr'>γεννήσασαν</span> <span class='ocrx_word' id='word_1_230' title='bbox 3200 1607 3292 1660; x_wconf 82' lang='grc' dir='ltr'><strong>τὸν</strong></span> <span class='ocrx_word' id='word_1_231' title='bbox 3320 1608 3448 1661; x_wconf 87' lang='grc' dir='ltr'>ναὸν</span> <span class='ocrx_word' id='word_1_232' title='bbox 3480 1609 3664 1677; x_wconf 85' lang='grc' dir='ltr'>λέγειν</span> 
     </span>
    </p>
   </div>
   <div class='ocr_carea' id='block_1_29' title="bbox 2085 1696 3658 1771">
    <p class='ocr_par' dir='ltr' id='par_1_29' title="bbox 2085 1696 3658 1771">
     <span class='ocr_line' id='line_1_29' title="bbox 2085 1696 3658 1771; baseline -0.001 -17"><span class='ocrx_word' id='word_1_233' title='bbox 2085 1701 2239 1771; x_wconf 81' lang='grc' dir='ltr'>παρὰ</span> <span class='ocrx_word' id='word_1_234' title='bbox 2264 1700 2357 1753; x_wconf 85' lang='grc' dir='ltr'><strong>τοῦ</strong></span> <span class='ocrx_word' id='word_1_235' title='bbox 2407 1697 2723 1768; x_wconf 89' lang='grc' dir='ltr'>Πνεύματος</span> <span class='ocrx_word' id='word_1_236' title='bbox 2751 1697 2841 1750; x_wconf 78' lang='grc' dir='ltr'><strong>τὸν</strong></span> <span class='ocrx_word' id='word_1_237' title='bbox 2883 1697 3014 1748; x_wconf 79' lang='grc' dir='ltr'>Θεὸν</span> <span class='ocrx_word' id='word_1_238' title='bbox 3057 1698 3114 1748; x_wconf 85' lang='grc' dir='ltr'><strong>ἐν</strong></span> <span class='ocrx_word' id='word_1_239' title='bbox 3161 1696 3346 1768; x_wconf 84' lang='grc' dir='ltr'>ἐκείνῃ</span> <span class='ocrx_word' id='word_1_240' title='bbox 3379 1699 3658 1766; x_wconf 85' lang='grc' dir='ltr'>ἐκτίσθαι;</span> 
     </span>
    </p>
   </div>
   <div class='ocr_carea' id='block_1_30' title="bbox 2084 1782 3665 1858">
    <p class='ocr_par' dir='ltr' id='par_1_30' title="bbox 2084 1782 3665 1858">
     <span class='ocr_line' id='line_1_30' title="bbox 2084 1782 3665 1858; baseline -0.001 -14"><span class='ocrx_word' id='word_1_241' title='bbox 2084 1789 2216 1844; x_wconf 73' lang='grc' dir='ltr'>Εἶτα</span> <span class='ocrx_word' id='word_1_242' title='bbox 2242 1792 2370 1843; x_wconf 82' lang='grc' dir='ltr'>ὅταν</span> <span class='ocrx_word' id='word_1_243' title='bbox 2393 1789 2656 1857; x_wconf 78' lang='grc' dir='ltr'>ἐπαγάγω</span> <span class='ocrx_word' id='word_1_244' title='bbox 2682 1787 2818 1858; x_wconf 79' lang='grc' dir='ltr'>πρὸς</span> <span class='ocrx_word' id='word_1_245' title='bbox 2840 1785 3034 1852; x_wconf 85' lang='grc' dir='ltr'>ταῦτα,</span> <span class='ocrx_word' id='word_1_246' title='bbox 3062 1786 3127 1839; x_wconf 88' lang='grc' dir='ltr'>Τί</span> <span class='ocrx_word' id='word_1_247' title='bbox 3156 1782 3247 1840; x_wconf 76' lang='grc' dir='ltr'><strong>οὖν</strong></span> <span class='ocrx_word' id='word_1_248' title='bbox 3276 1787 3474 1840; x_wconf 85' lang='grc' dir='ltr'>ἀτοπον</span> <span class='ocrx_word' id='word_1_249' title='bbox 3499 1791 3665 1858; x_wconf 80' lang='grc' dir='ltr'>ἡμεῖς</span> 
     </span>
    </p>
   </div>
   <div class='ocr_carea' id='block_1_31' title="bbox 2082 1877 3665 1951">
    <p class='ocr_par' dir='ltr' id='par_1_31' title="bbox 2082 1877 3665 1951">
     <span class='ocr_line' id='line_1_31' title="bbox 2082 1877 3665 1951; baseline 0.002 -20"><span class='ocrx_word' id='word_1_250' title='bbox 2082 1881 2312 1951; x_wconf 82' lang='grc' dir='ltr'>λέγομεν</span> <span class='ocrx_word' id='word_1_251' title='bbox 2339 1879 2798 1950; x_wconf 81' lang='grc' dir='ltr'>συμϐουλεύοντες</span> <span class='ocrx_word' id='word_1_252' title='bbox 2826 1877 3002 1946; x_wconf 86' lang='grc' dir='ltr'>λέγειν</span> <span class='ocrx_word' id='word_1_253' title='bbox 3033 1879 3133 1948; x_wconf 85' lang='grc' dir='ltr'><strong>τὴν</strong></span> <span class='ocrx_word' id='word_1_254' title='bbox 3166 1879 3366 1950; x_wconf 82' lang='grc' dir='ltr'>φωνὴν,</span> <span class='ocrx_word' id='word_1_255' title='bbox 3397 1881 3489 1932; x_wconf 79' lang='grc' dir='ltr'>καὶ</span> <span class='ocrx_word' id='word_1_256' title='bbox 3511 1879 3665 1950; x_wconf 65' lang='grc' dir='ltr'>ἔρχευ</span> 
     </span>
    </p>
   </div>
   <div class='ocr_carea' id='block_1_32' title="bbox 415 1959 1972 2041">
    <p class='ocr_par' dir='ltr' id='par_1_32' title="bbox 415 1959 1972 2040">
     <span class='ocr_line' id='line_1_32' title="bbox 415 1959 1972 2040; baseline 0.012 -31"><span class='ocrx_word' id='word_1_257' title='bbox 415 1972 584 2013; x_wconf 76' lang='lat' dir='ltr'><strong>nume</strong></span> <span class='ocrx_word' id='word_1_258' title='bbox 625 1959 836 2017; x_wconf 85' lang='lat' dir='ltr'><strong>duabus</strong></span> <span class='ocrx_word' id='word_1_259' title='bbox 886 1965 1097 2019; x_wconf 87' lang='lat' dir='ltr'><strong>naturis</strong></span> <span class='ocrx_word' id='word_1_260' title='bbox 1143 1966 1497 2036; x_wconf 78' lang='lat' dir='ltr'><strong>signiﬁcatum</strong></span> <span class='ocrx_word' id='word_1_261' title='bbox 1546 1973 1808 2040; x_wconf 83' lang='lat' dir='ltr'><strong>pergere?</strong></span> <span class='ocrx_word' id='word_1_262' title='bbox 1845 1971 1972 2026; x_wconf 89' lang='lat' dir='ltr'><strong>Tum</strong></span> 
     </span>
    </p>
   </div>
   <div class='ocr_carea' id='block_1_33' title="bbox 2080 1959 3661 2041">
    <p class='ocr_par' dir='ltr' id='par_1_33' title="bbox 2085 1970 3661 2041">
     <span class='ocr_line' id='line_1_33' title="bbox 2085 1970 3661 2041; baseline 0 -16"><span class='ocrx_word' id='word_1_263' title='bbox 2085 1973 2206 2025; x_wconf 89' lang='grc' dir='ltr'>σθαι</span> <span class='ocrx_word' id='word_1_264' title='bbox 2244 1973 2338 2025; x_wconf 72' lang='grc' dir='ltr'><strong>ἐπὶ</strong></span> <span class='ocrx_word' id='word_1_265' title='bbox 2374 1971 2434 2025; x_wconf 77' lang='grc' dir='ltr'>τὸ</span> <span class='ocrx_word' id='word_1_266' title='bbox 2476 1971 2652 2024; x_wconf 86' lang='grc' dir='ltr'>κοινὸν</span> <span class='ocrx_word' id='word_1_267' title='bbox 2702 1970 3099 2041; x_wconf 84' lang='grc' dir='ltr'>σημαινόμενον</span> <span class='ocrx_word' id='word_1_268' title='bbox 3128 1971 3233 2024; x_wconf 86' lang='grc' dir='ltr'><strong>τῶν</strong></span> <span class='ocrx_word' id='word_1_269' title='bbox 3279 1971 3371 2023; x_wconf 85' lang='grc' dir='ltr'><strong>δύο</strong></span> <span class='ocrx_word' id='word_1_270' title='bbox 3401 1971 3661 2039; x_wconf 84' lang='grc' dir='ltr'>φύσεων;</span> 
     </span>
    </p>
   </div>
   <div class='ocr_carea' id='block_1_34' title="bbox 414 2045 1972 2134">
    <p class='ocr_par' dir='ltr' id='par_1_34' title="bbox 414 2045 1972 2125">
     <span class='ocr_line' id='line_1_34' title="bbox 414 2045 1972 2125; baseline 0.01 -29"><span class='ocrx_word' id='word_1_271' title='bbox 414 2060 548 2100; x_wconf 87' lang='lat' dir='ltr'><strong>vero</strong></span> <span class='ocrx_word' id='word_1_272' title='bbox 571 2057 760 2116; x_wconf 87' lang='lat' dir='ltr'><strong>putant</strong></span> <span class='ocrx_word' id='word_1_273' title='bbox 807 2051 1185 2121; x_wconf 79' lang='lat' dir='ltr'><strong>blaspliemum</strong></span> <span class='ocrx_word' id='word_1_274' title='bbox 1221 2069 1342 2110; x_wconf 88' lang='lat' dir='ltr'><strong>esse</strong></span> <span class='ocrx_word' id='word_1_275' title='bbox 1387 2045 1530 2125; x_wconf 85' lang='lat' dir='ltr'><strong>quod</strong></span> <span class='ocrx_word' id='word_1_276' title='bbox 1573 2059 1804 2113; x_wconf 88' lang='lat' dir='ltr'><strong>dicimus</strong></span> <span class='ocrx_word' id='word_1_277' title='bbox 1833 2078 1845 2114; x_wconf 94' lang='lat'>:</span> <span class='ocrx_word' id='word_1_278' title='bbox 1874 2063 1972 2113; x_wconf 86' lang='lat' dir='ltr'><strong>Aut</strong></span> 
     </span>
    </p>
   </div>
   <div class='ocr_carea' id='block_1_35' title="bbox 2080 2045 3663 2134">
    <p class='ocr_par' dir='ltr' id='par_1_35' title="bbox 2082 2058 3663 2134">
     <span class='ocr_line' id='line_1_35' title="bbox 2082 2058 3663 2134; baseline 0 -18"><span class='ocrx_word' id='word_1_279' title='bbox 2082 2065 2212 2118; x_wconf 89' lang='grc' dir='ltr'>Τότε</span> <span class='ocrx_word' id='word_1_280' title='bbox 2247 2063 2526 2134; x_wconf 74' lang='grc' dir='ltr'>νομίζεται</span> <span class='ocrx_word' id='word_1_281' title='bbox 2565 2065 2748 2125; x_wconf 79' lang='grc' dir='ltr'>αὐτοῖς</span> <span class='ocrx_word' id='word_1_282' title='bbox 2787 2058 2926 2115; x_wconf 71' lang='grc' dir='ltr'>εἶναι</span> <span class='ocrx_word' id='word_1_283' title='bbox 2975 2062 3288 2134; x_wconf 83' lang='grc' dir='ltr'>βλάσφημον</span> <span class='ocrx_word' id='word_1_284' title='bbox 3319 2063 3390 2115; x_wconf 80' lang='grc' dir='ltr'>’τὸ</span> <span class='ocrx_word' id='word_1_285' title='bbox 3428 2062 3663 2134; x_wconf 86' lang='grc' dir='ltr'>λεγόμε-</span> 
     </span>
    </p>
   </div>
   <div class='ocr_carea' id='block_1_36' title="bbox 411 2141 1972 2224">
    <p class='ocr_par' dir='ltr' id='par_1_36' title="bbox 411 2141 1972 2222">
     <span class='ocr_line' id='line_1_36' title="bbox 411 2141 1972 2222; baseline 0.008 -30"><span class='ocrx_word' id='word_1_286' title='bbox 411 2147 596 2206; x_wconf 74' lang='lat' dir='ltr'><strong>aperte</strong></span> <span class='ocrx_word' id='word_1_287' title='bbox 633 2141 893 2198; x_wconf 74' lang='lat' dir='ltr'><strong>confitere</strong></span> <span class='ocrx_word' id='word_1_288' title='bbox 922 2143 1262 2200; x_wconf 80' lang='lat' dir='ltr'><strong>divinitatem</strong></span> <span class='ocrx_word' id='word_1_289' title='bbox 1300 2160 1366 2200; x_wconf 83' lang='lat' dir='ltr'><strong>ex</strong></span> <span class='ocrx_word' id='word_1_290' title='bbox 1412 2148 1565 2202; x_wconf 87' lang='lat' dir='ltr'><strong>beata</strong></span> <span class='ocrx_word' id='word_1_291' title='bbox 1615 2148 1783 2204; x_wconf 77' lang='lat' dir='ltr'><strong>Maria</strong></span> <span class='ocrx_word' id='word_1_292' title='bbox 1827 2151 1972 2222; x_wconf 52' lang='grc' dir='ltr'>δοιὼ</span> 
     </span>
    </p>
   </div>
   <div class='ocr_carea' id='block_1_37' title="bbox 2080 2141 3660 2224">
    <p class='ocr_par' dir='ltr' id='par_1_37' title="bbox 2080 2152 3660 2224">
     <span class='ocr_line' id='line_1_37' title="bbox 2080 2152 3660 2224; baseline 0.002 -17"><span class='ocrx_word' id='word_1_293' title='bbox 2080 2170 2196 2208; x_wconf 88' lang='grc' dir='ltr'>νον·</span> <span class='ocrx_word' id='word_1_294' title='bbox 2241 2156 2309 2207; x_wconf 88' lang='grc' dir='ltr'><strong>Ἢ</strong></span> <span class='ocrx_word' id='word_1_295' title='bbox 2342 2154 2675 2224; x_wconf 80' lang='grc' dir='ltr'>ὁμολόγησον</span> <span class='ocrx_word' id='word_1_296' title='bbox 2707 2153 2895 2222; x_wconf 84' lang='grc' dir='ltr'>σαφῶς</span> <span class='ocrx_word' id='word_1_297' title='bbox 2925 2152 3154 2220; x_wconf 84' lang='grc' dir='ltr'>Θεότητα</span> <span class='ocrx_word' id='word_1_298' title='bbox 3200 2153 3555 2224; x_wconf 81' lang='grc' dir='ltr'>γεγεννῆσθαι</span> <span class='ocrx_word' id='word_1_299' title='bbox 3591 2155 3660 2210; x_wconf 79' lang='grc' dir='ltr'><strong>ἐκ</strong></span> 
     </span>
    </p>
   </div>
   <div class='ocr_carea' id='block_1_38' title="bbox 415 2231 1972 2315">
    <p class='ocr_par' dir='ltr' id='par_1_38' title="bbox 415 2231 1972 2308">
     <span class='ocr_line' id='line_1_38' title="bbox 415 2231 1972 2308; baseline 0.01 -29"><span class='ocrx_word' id='word_1_300' title='bbox 415 2236 542 2292; x_wconf 84' lang='lat' dir='ltr'><strong>tam,</strong></span> <span class='ocrx_word' id='word_1_301' title='bbox 573 2240 666 2284; x_wconf 87' lang='lat' dir='ltr'><strong>aut</strong></span> <span class='ocrx_word' id='word_1_302' title='bbox 701 2231 746 2285; x_wconf 89' lang='lat' dir='ltr'><strong>si</strong></span> <span class='ocrx_word' id='word_1_303' title='bbox 792 2243 850 2286; x_wconf 94' lang='lat' dir='ltr'><strong>ut</strong></span> <span class='ocrx_word' id='word_1_304' title='bbox 884 2233 1250 2304; x_wconf 76' lang='lat' dir='ltr'><strong>blaspltemam</strong></span> <span class='ocrx_word' id='word_1_305' title='bbox 1284 2236 1424 2308; x_wconf 82' lang='lat' dir='ltr'><strong>fugis</strong></span> <span class='ocrx_word' id='word_1_306' title='bbox 1455 2238 1598 2293; x_wconf 85' lang='lat' dir='ltr'><strong>hanc</strong></span> <span class='ocrx_word' id='word_1_307' title='bbox 1630 2255 1839 2305; x_wconf 89' lang='lat' dir='ltr'><strong>vocem,</strong></span> <span class='ocrx_word' id='word_1_308' title='bbox 1883 2256 1972 2294; x_wconf 86' lang='lat' dir='ltr'><strong>cur</strong></span> 
     </span>
    </p>
   </div>
   <div class='ocr_carea' id='block_1_39' title="bbox 2080 2231 3658 2315">
    <p class='ocr_par' dir='ltr' id='par_1_39' title="bbox 2080 2244 3658 2315">
     <span class='ocr_line' id='line_1_39' title="bbox 2080 2244 3658 2315; baseline 0.001 -17"><span class='ocrx_word' id='word_1_309' title='bbox 2080 2246 2180 2315; x_wconf 81' lang='grc' dir='ltr'>τῆς</span> <span class='ocrx_word' id='word_1_310' title='bbox 2217 2246 2498 2315; x_wconf 85' lang='grc' dir='ltr'>μακαρίας</span> <span class='ocrx_word' id='word_1_311' title='bbox 2555 2245 2794 2314; x_wconf 81' lang='grc' dir='ltr'>Μαρίας,</span> <span class='ocrx_word' id='word_1_312' title='bbox 2850 2244 2882 2313; x_wconf 81' lang='grc' dir='ltr'>ἢ</span> <span class='ocrx_word' id='word_1_313' title='bbox 2942 2246 3158 2312; x_wconf 82' lang='grc' dir='ltr'>φεύγων</span> <span class='ocrx_word' id='word_1_314' title='bbox 3209 2245 3283 2306; x_wconf 82' lang='grc' dir='ltr'><strong>ὡς</strong></span> <span class='ocrx_word' id='word_1_315' title='bbox 3335 2244 3658 2314; x_wconf 78' lang='grc' dir='ltr'>βλάσφημον</span> 
     </span>
    </p>
   </div>
   <div class='ocr_carea' id='block_1_40' title="bbox 410 2318 1972 2409">
    <p class='ocr_par' dir='ltr' id='par_1_40' title="bbox 410 2318 1972 2402">
     <span class='ocr_line' id='line_1_40' title="bbox 410 2318 1972 2402; baseline 0.009 -31"><span class='ocrx_word' id='word_1_316' title='bbox 410 2318 500 2389; x_wconf 87' lang='lat' dir='ltr'><strong>qui</strong></span> <span class='ocrx_word' id='word_1_317' title='bbox 532 2320 719 2375; x_wconf 83' lang='lat' dir='ltr'><strong>eadem</strong></span> <span class='ocrx_word' id='word_1_318' title='bbox 744 2331 907 2394; x_wconf 89' lang='lat' dir='ltr'><strong>atque</strong></span> <span class='ocrx_word' id='word_1_319' title='bbox 930 2339 1031 2395; x_wconf 90' lang='lat' dir='ltr'><strong>ego</strong></span> <span class='ocrx_word' id='word_1_320' title='bbox 1055 2327 1211 2393; x_wconf 82' lang='lat' dir='ltr'><strong>dicis,</strong></span> <span class='ocrx_word' id='word_1_321' title='bbox 1243 2337 1294 2383; x_wconf 89' lang='lat' dir='ltr'><strong>te</strong></span> <span class='ocrx_word' id='word_1_322' title='bbox 1320 2329 1462 2384; x_wconf 89' lang='lat' dir='ltr'><strong>baud</strong></span> <span class='ocrx_word' id='word_1_323' title='bbox 1495 2331 1672 2385; x_wconf 93' lang='lat' dir='ltr'><strong>dicere</strong></span> <span class='ocrx_word' id='word_1_324' title='bbox 1693 2331 1915 2385; x_wconf 79' lang='lat' dir='ltr'><strong>simulas</strong></span> <span class='ocrx_word' id='word_1_325' title='bbox 1932 2330 1972 2402; x_wconf 70' lang='grc' dir='ltr'>ί]</span> 
     </span>
    </p>
   </div>
   <div class='ocr_carea' id='block_1_41' title="bbox 2080 2318 3658 2409">
    <p class='ocr_par' dir='ltr' id='par_1_41' title="bbox 2080 2333 3658 2409">
     <span class='ocr_line' id='line_1_41' title="bbox 2080 2333 3658 2409; baseline 0.003 -22"><span class='ocrx_word' id='word_1_326' title='bbox 2080 2338 2178 2406; x_wconf 84' lang='grc' dir='ltr'><strong>τὴν</strong></span> <span class='ocrx_word' id='word_1_327' title='bbox 2231 2334 2434 2405; x_wconf 77' lang='grc' dir='ltr'>φωνὴν,</span> <span class='ocrx_word' id='word_1_328' title='bbox 2484 2334 2538 2386; x_wconf 89' lang='grc' dir='ltr'><strong>τί</strong></span> <span class='ocrx_word' id='word_1_329' title='bbox 2579 2333 2647 2386; x_wconf 76' lang='grc' dir='ltr'>τὰ</span> <span class='ocrx_word' id='word_1_330' title='bbox 2685 2335 2825 2389; x_wconf 83' lang='grc' dir='ltr'>αὐτά</span> <span class='ocrx_word' id='word_1_331' title='bbox 2860 2351 2950 2406; x_wconf 88' lang='grc' dir='ltr'><strong>μοι</strong></span> <span class='ocrx_word' id='word_1_332' title='bbox 3001 2335 3210 2403; x_wconf 91' lang='grc' dir='ltr'>λέγων,</span> <span class='ocrx_word' id='word_1_333' title='bbox 3267 2335 3534 2408; x_wconf 81' lang='grc' dir='ltr'>ὑποκρίνῃ</span> <span class='ocrx_word' id='word_1_334' title='bbox 3580 2336 3658 2409; x_wconf 80' lang='grc' dir='ltr'>μὴ</span> 
     </span>
    </p>
   </div>
   <div class='ocr_carea' id='block_1_42' title="bbox 2078 2425 2286 2490">
    <p class='ocr_par' dir='ltr' id='par_1_42' title="bbox 2078 2425 2286 2490">
     <span class='ocr_line' id='line_1_42' title="bbox 2078 2425 2286 2490; baseline 0 -14"><span class='ocrx_word' id='word_1_335' title='bbox 2078 2425 2258 2490; x_wconf 87' lang='grc' dir='ltr'>λέγειν</span> <span class='ocrx_word' id='word_1_336' title='bbox 2273 2444 2286 2487; x_wconf 90' lang='grc'>;</span> 
     </span>
    </p>
   </div>
   <div class='ocr_carea' id='block_1_43' title="bbox 2147 2421 3659 2583">
    <p class='ocr_par' dir='ltr' id='par_1_43' title="bbox 2147 2421 3659 2583">
     <span class='ocr_line' id='line_1_43' title="bbox 2180 2441 2286 2487; baseline 0 -11"><span class='ocrx_word' id='word_1_337' title='bbox 2180 2441 2286 2487; x_wconf 89' lang='grc' dir='ltr'>ειν;</span> 
     </span>
     <span class='ocr_line' id='line_1_44' title="bbox 2147 2421 3659 2583; baseline -0.002 -14"><span class='ocrx_word' id='word_1_338' title='bbox 2147 2421 2357 2569; x_wconf 52' lang='grc' dir='ltr'>ἓύκοίῖν</span> <span class='ocrx_word' id='word_1_339' title='bbox 2398 2511 2478 2578; x_wconf 79' lang='grc' dir='ltr'>οἷς</span> <span class='ocrx_word' id='word_1_340' title='bbox 2523 2513 2658 2582; x_wconf 74' lang='grc' dir='ltr'>ἔφης</span> <span class='ocrx_word' id='word_1_341' title='bbox 2703 2512 2882 2576; x_wconf 77' lang='grc' dir='ltr'>αὐτὸς,</span> <span class='ocrx_word' id='word_1_342' title='bbox 2913 2513 3006 2565; x_wconf 73' lang='grc' dir='ltr'><strong>καὶ</strong></span> <span class='ocrx_word' id='word_1_343' title='bbox 3045 2511 3151 2581; x_wconf 84' lang='grc' dir='ltr'>μὴν</span> <span class='ocrx_word' id='word_1_344' title='bbox 3181 2511 3276 2565; x_wconf 81' lang='grc' dir='ltr'><strong>καὶ</strong></span> <span class='ocrx_word' id='word_1_345' title='bbox 3304 2514 3520 2583; x_wconf 86' lang='grc' dir='ltr'>φρονεῖν</span> <span class='ocrx_word' id='word_1_346' title='bbox 3558 2511 3659 2566; x_wconf 81' lang='grc' dir='ltr'><strong>οὐκ</strong></span> 
     </span>
    </p>
   </div>
   <div class='ocr_carea' id='block_1_44' title="bbox 407 2582 1972 2672">
    <p class='ocr_par' dir='ltr' id='par_1_44' title="bbox 407 2582 1972 2661">
     <span class='ocr_line' id='line_1_45' title="bbox 407 2582 1972 2661; baseline 0.004 -22"><span class='ocrx_word' id='word_1_347' title='bbox 407 2582 570 2639; x_wconf 81' lang='lat' dir='ltr'><strong>modo</strong></span> <span class='ocrx_word' id='word_1_348' title='bbox 601 2585 941 2640; x_wconf 87' lang='lat' dir='ltr'><strong>sentiendum</strong></span> <span class='ocrx_word' id='word_1_349' title='bbox 970 2598 1152 2657; x_wconf 88' lang='lat' dir='ltr'><strong>putas,</strong></span> <span class='ocrx_word' id='word_1_350' title='bbox 1182 2590 1249 2645; x_wconf 90' lang='lat' dir='ltr'><strong>de</strong></span> <span class='ocrx_word' id='word_1_351' title='bbox 1283 2593 1346 2644; x_wconf 91' lang='lat' dir='ltr'><strong>iis</strong></span> <span class='ocrx_word' id='word_1_352' title='bbox 1370 2593 1463 2661; x_wconf 87' lang='lat' dir='ltr'><strong>qni</strong></span> <span class='ocrx_word' id='word_1_353' title='bbox 1493 2599 1680 2647; x_wconf 87' lang='lat' dir='ltr'><strong>contra</strong></span> <span class='ocrx_word' id='word_1_354' title='bbox 1705 2596 1972 2660; x_wconf 85' lang='lat' dir='ltr'><strong>sentiunt,</strong></span> 
     </span>
    </p>
   </div>
   <div class='ocr_carea' id='block_1_45' title="bbox 2080 2582 3656 2672">
    <p class='ocr_par' dir='ltr' id='par_1_45' title="bbox 2080 2582 3656 2672">
     <span class='ocr_line' id='line_1_46' title="bbox 2080 2582 3656 2672; baseline -0.004 -12"><span class='ocrx_word' id='word_1_355' title='bbox 2080 2604 2169 2660; x_wconf 79' lang='grc' dir='ltr'>οἷδ’</span> <span class='ocrx_word' id='word_1_356' title='bbox 2202 2608 2350 2670; x_wconf 81' lang='grc' dir='ltr'>ὅπως</span> <span class='ocrx_word' id='word_1_357' title='bbox 2393 2605 2583 2670; x_wconf 79' lang='grc' dir='ltr'>ἀξιοῖς,</span> <span class='ocrx_word' id='word_1_358' title='bbox 2612 2605 2664 2657; x_wconf 80' lang='grc' dir='ltr'>οἱ</span> <span class='ocrx_word' id='word_1_359' title='bbox 2693 2605 2761 2656; x_wconf 86' lang='grc' dir='ltr'>τὰ</span> <span class='ocrx_word' id='word_1_360' title='bbox 2790 2603 3004 2657; x_wconf 79' lang='grc' dir='ltr'>ἐναντία</span> <span class='ocrx_word' id='word_1_361' title='bbox 3051 2582 3385 2668; x_wconf 79' lang='grc' dir='ltr'>δοξάζοντες,</span> <span class='ocrx_word' id='word_1_362' title='bbox 3433 2619 3656 2672; x_wconf 71' lang='grc' dir='ltr'>μεμαρα-</span> 
     </span>
    </p>
   </div>
   <div class='ocr_carea' id='block_1_46' title="bbox 409 2675 1972 2766">
    <p class='ocr_par' dir='ltr' id='par_1_46' title="bbox 409 2675 1972 2741">
     <span class='ocr_line' id='line_1_47' title="bbox 409 2675 1972 2741; baseline 0.008 -13"><span class='ocrx_word' id='word_1_363' title='bbox 409 2680 597 2741; x_wconf 80' lang='lat' dir='ltr'><strong>aperte</strong></span> <span class='ocrx_word' id='word_1_364' title='bbox 620 2675 988 2733; x_wconf 85' lang='lat' dir='ltr'><strong>testimonium</strong></span> <span class='ocrx_word' id='word_1_365' title='bbox 1025 2678 1203 2735; x_wconf 83' lang='lat' dir='ltr'><strong>fertur</strong></span> <span class='ocrx_word' id='word_1_366' title='bbox 1230 2683 1391 2736; x_wconf 81' lang='lat' dir='ltr'><strong>etiam</strong></span> <span class='ocrx_word' id='word_1_367' title='bbox 1431 2693 1534 2738; x_wconf 58' lang='lat' dir='ltr'><strong>tua:</strong></span> <span class='ocrx_word' id='word_1_368' title='bbox 1561 2686 1708 2740; x_wconf 85' lang='lat' dir='ltr'><strong>vocis</strong></span> <span class='ocrx_word' id='word_1_369' title='bbox 1753 2687 1972 2740; x_wconf 79' lang='lat' dir='ltr'><strong>confes-</strong></span> 
     </span>
    </p>
   </div>
   <div class='ocr_carea' id='block_1_47' title="bbox 2080 2675 3656 2766">
    <p class='ocr_par' dir='ltr' id='par_1_47' title="bbox 2080 2691 3656 2766">
     <span class='ocr_line' id='line_1_48' title="bbox 2080 2691 3656 2766; baseline -0.003 -18"><span class='ocrx_word' id='word_1_370' title='bbox 2080 2695 2336 2766; x_wconf 86' lang='grc' dir='ltr'>τύρηνται</span> <span class='ocrx_word' id='word_1_371' title='bbox 2383 2694 2569 2762; x_wconf 85' lang='grc' dir='ltr'>σαφῶς</span> <span class='ocrx_word' id='word_1_372' title='bbox 2602 2693 2694 2746; x_wconf 76' lang='grc' dir='ltr'>καὶ</span> <span class='ocrx_word' id='word_1_373' title='bbox 2733 2693 2819 2747; x_wconf 85' lang='grc' dir='ltr'><strong>διὰ</strong></span> <span class='ocrx_word' id='word_1_374' title='bbox 2851 2694 2951 2764; x_wconf 81' lang='grc' dir='ltr'>τῆς</span> <span class='ocrx_word' id='word_1_375' title='bbox 2988 2693 3086 2762; x_wconf 76' lang='grc' dir='ltr'>σῆς</span> <span class='ocrx_word' id='word_1_376' title='bbox 3112 2691 3318 2760; x_wconf 86' lang='grc' dir='ltr'>φωνῆς,</span> <span class='ocrx_word' id='word_1_377' title='bbox 3351 2691 3520 2762; x_wconf 79' lang='grc' dir='ltr'>ὀρθὴν</span> <span class='ocrx_word' id='word_1_378' title='bbox 3561 2693 3656 2744; x_wconf 62' lang='grc' dir='ltr'><strong>καὶ⁸</strong></span> 
     </span>
    </p>
   </div>
   <div class='ocr_carea' id='block_1_48' title="bbox 408 2761 1972 2854">
    <p class='ocr_par' dir='ltr' id='par_1_48' title="bbox 408 2761 1969 2832">
     <span class='ocr_line' id='line_1_49' title="bbox 408 2761 1969 2832; baseline 0.008 -16"><span class='ocrx_word' id='word_1_379' title='bbox 408 2761 580 2830; x_wconf 79' lang='lat' dir='ltr'><strong>sione,</strong></span> <span class='ocrx_word' id='word_1_380' title='bbox 605 2773 806 2820; x_wconf 85' lang='lat' dir='ltr'><strong>rectam</strong></span> <span class='ocrx_word' id='word_1_381' title='bbox 827 2767 947 2824; x_wconf 88' lang='lat' dir='ltr'><strong>illos</strong></span> <span class='ocrx_word' id='word_1_382' title='bbox 971 2785 1035 2828; x_wconf 87' lang='lat' dir='ltr'><strong>ac</strong></span> <span class='ocrx_word' id='word_1_383' title='bbox 1058 2786 1241 2827; x_wconf 86' lang='lat' dir='ltr'><strong>veram</strong></span> <span class='ocrx_word' id='word_1_384' title='bbox 1273 2775 1596 2829; x_wconf 81' lang='lat' dir='ltr'><strong>sententiam</strong></span> <span class='ocrx_word' id='word_1_385' title='bbox 1633 2778 1701 2832; x_wconf 90' lang='lat' dir='ltr'><strong>de</strong></span> <span class='ocrx_word' id='word_1_386' title='bbox 1725 2789 1914 2832; x_wconf 78' lang='lat' dir='ltr'><strong>nostra</strong></span> <span class='ocrx_word' id='word_1_387' title='bbox 1941 2796 1969 2829; x_wconf 86' lang='grc' dir='ltr'><strong>ιι</strong></span> 
     </span>
    </p>
   </div>
   <div class='ocr_carea' id='block_1_49' title="bbox 2080 2761 3656 2854">
    <p class='ocr_par' dir='ltr' id='par_1_49' title="bbox 2080 2761 3656 2854">
     <span class='ocr_line' id='line_1_50' title="bbox 2080 2761 3656 2854; baseline -0.001 -14"><span class='ocrx_word' id='word_1_388' title='bbox 2080 2761 2488 2854; x_wconf 75' lang='grc' dir='ltr'>ἀπλανεστάτην</span> <span class='ocrx_word' id='word_1_389' title='bbox 2519 2785 2616 2854; x_wconf 80' lang='grc' dir='ltr'><strong>τὴν</strong></span> <span class='ocrx_word' id='word_1_390' title='bbox 2655 2783 2746 2836; x_wconf 88' lang='grc' dir='ltr'><strong>ἐπί</strong></span> <span class='ocrx_word' id='word_1_391' title='bbox 2774 2801 2838 2851; x_wconf 92' lang='grc' dir='ltr'><strong>γε</strong></span> <span class='ocrx_word' id='word_1_392' title='bbox 2881 2761 2960 2854; x_wconf 73' lang='grc' dir='ltr'>τῷ</span> <span class='ocrx_word' id='word_1_393' title='bbox 3007 2761 3226 2838; x_wconf 85' lang='grc' dir='ltr'>πάντων</span> <span class='ocrx_word' id='word_1_394' title='bbox 3253 2761 3409 2852; x_wconf 78' lang='grc' dir='ltr'>ἡμῶν</span> <span class='ocrx_word' id='word_1_395' title='bbox 3441 2784 3656 2854; x_wconf 76' lang='grc' dir='ltr'>Σωτῆρι</span> 
     </span>
    </p>
   </div>
   <div class='ocr_carea' id='block_1_50' title="bbox 405 2854 1972 2947">
    <p class='ocr_par' dir='ltr' id='par_1_50' title="bbox 405 2854 1972 2930">
     <span class='ocr_line' id='line_1_51' title="bbox 405 2854 1972 2930; baseline 0.01 -23"><span class='ocrx_word' id='word_1_396' title='bbox 405 2854 644 2909; x_wconf 81' lang='lat' dir='ltr'><strong>omnium</strong></span> <span class='ocrx_word' id='word_1_397' title='bbox 675 2855 1186 2919; x_wconf 86' lang='lat' dir='ltr'><strong>SalvatoreChristo</strong></span> <span class='ocrx_word' id='word_1_398' title='bbox 1211 2875 1415 2930; x_wconf 85' lang='lat' dir='ltr'><strong>tenere,</strong></span> <span class='ocrx_word' id='word_1_399' title='bbox 1444 2877 1498 2920; x_wconf 90' lang='lat' dir='ltr'><strong>et</strong></span> <span class='ocrx_word' id='word_1_400' title='bbox 1521 2866 1680 2922; x_wconf 83' lang='lat' dir='ltr'><strong>ﬁdem</strong></span> <span class='ocrx_word' id='word_1_401' title='bbox 1714 2869 1765 2921; x_wconf 91' lang='lat' dir='ltr'><strong>in</strong></span> <span class='ocrx_word' id='word_1_402' title='bbox 1791 2869 1972 2922; x_wconf 85' lang='lat' dir='ltr'><strong>animo</strong></span> 
     </span>
    </p>
   </div>
   <div class='ocr_carea' id='block_1_51' title="bbox 2080 2854 3657 2947">
    <p class='ocr_par' dir='ltr' id='par_1_51' title="bbox 2080 2873 3657 2947">
     <span class='ocr_line' id='line_1_52' title="bbox 2080 2873 3657 2947; baseline -0.002 -18"><span class='ocrx_word' id='word_1_403' title='bbox 2080 2876 2315 2947; x_wconf 83' lang='grc' dir='ltr'>Χριστῷ,</span> <span class='ocrx_word' id='word_1_404' title='bbox 2346 2874 2653 2945; x_wconf 84' lang='grc' dir='ltr'>ποιούμενοι</span> <span class='ocrx_word' id='word_1_405' title='bbox 2705 2874 2897 2940; x_wconf 83' lang='grc' dir='ltr'>δόξαν,</span> <span class='ocrx_word' id='word_1_406' title='bbox 2935 2877 3028 2928; x_wconf 72' lang='grc' dir='ltr'><strong>καὶ</strong></span> <span class='ocrx_word' id='word_1_407' title='bbox 3078 2875 3261 2928; x_wconf 89' lang='grc' dir='ltr'>πίστιν</span> <span class='ocrx_word' id='word_1_408' title='bbox 3305 2873 3520 2944; x_wconf 76' lang='grc' dir='ltr'>ἔχοντες</span> <span class='ocrx_word' id='word_1_409' title='bbox 3575 2875 3657 2937; x_wconf 83' lang='grc' dir='ltr'><strong>είς</strong></span> 
     </span>
    </p>
   </div>
   <div class='ocr_carea' id='block_1_52' title="bbox 407 2942 1972 3044">
    <p class='ocr_par' dir='ltr' id='par_1_52' title="bbox 407 2942 1970 3024">
     <span class='ocr_line' id='line_1_53' title="bbox 407 2942 1970 3024; baseline 0.01 -28"><span class='ocrx_word' id='word_1_410' title='bbox 407 2942 626 3009; x_wconf 81' lang='lat' dir='ltr'><strong>habere,</strong></span> <span class='ocrx_word' id='word_1_411' title='bbox 655 2962 818 3017; x_wconf 90' lang='lat' dir='ltr'><strong>quam</strong></span> <span class='ocrx_word' id='word_1_412' title='bbox 853 2951 889 3004; x_wconf 95' lang='lat' dir='ltr'><strong>ii</strong></span> <span class='ocrx_word' id='word_1_413' title='bbox 922 2952 1014 3023; x_wconf 90' lang='lat' dir='ltr'><strong>qui</strong></span> <span class='ocrx_word' id='word_1_414' title='bbox 1051 2954 1119 3009; x_wconf 88' lang='lat' dir='ltr'><strong>ab</strong></span> <span class='ocrx_word' id='word_1_415' title='bbox 1155 2955 1311 3011; x_wconf 87' lang='lat' dir='ltr'><strong>initio</strong></span> <span class='ocrx_word' id='word_1_416' title='bbox 1335 2957 1434 3024; x_wconf 88' lang='lat' dir='ltr'><strong>ipsi</strong></span> <span class='ocrx_word' id='word_1_417' title='bbox 1471 2958 1748 3024; x_wconf 89' lang='lat' dir='ltr'><strong>viderunt,</strong></span> <span class='ocrx_word' id='word_1_418' title='bbox 1780 2967 1832 3012; x_wconf 92' lang='lat' dir='ltr'><strong>et</strong></span> <span class='ocrx_word' id='word_1_419' title='bbox 1865 2959 1970 3012; x_wconf 88' lang='lat' dir='ltr'><strong>mi-</strong></span> 
     </span>
    </p>
   </div>
   <div class='ocr_carea' id='block_1_53' title="bbox 2080 2942 3657 3044">
    <p class='ocr_par' dir='ltr' id='par_1_53' title="bbox 2080 2964 3657 3036">
     <span class='ocr_line' id='line_1_54' title="bbox 2080 2964 3657 3036; baseline 0 -17"><span class='ocrx_word' id='word_1_420' title='bbox 2080 2967 2219 3030; x_wconf 90' lang='grc' dir='ltr'>νοῦν,</span> <span class='ocrx_word' id='word_1_421' title='bbox 2239 2965 2305 3036; x_wconf 76' lang='grc' dir='ltr'>ῆν</span> <span class='ocrx_word' id='word_1_422' title='bbox 2322 2968 2440 3028; x_wconf 85' lang='grc' dir='ltr'>ταῖς</span> <span class='ocrx_word' id='word_1_423' title='bbox 2465 2964 2812 3035; x_wconf 86' lang='grc' dir='ltr'>Ἑκκλησίαις</span> <span class='ocrx_word' id='word_1_424' title='bbox 2836 2965 3282 3036; x_wconf 81' lang='grc' dir='ltr'>παραδεδώκασιν</span> <span class='ocrx_word' id='word_1_425' title='bbox 3301 2968 3348 3019; x_wconf 90' lang='grc' dir='ltr'>οἱ</span> <span class='ocrx_word' id='word_1_426' title='bbox 3368 2967 3462 3019; x_wconf 82' lang='grc' dir='ltr'>ἀπ’</span> <span class='ocrx_word' id='word_1_427' title='bbox 3483 2967 3657 3036; x_wconf 81' lang='grc' dir='ltr'>ἀρχῆς</span> 
     </span>
    </p>
   </div>
   <div class='ocr_carea' id='block_1_54' title="bbox 479 2491 1977 2572">
    <p class='ocr_par' dir='ltr' id='par_1_54' title="bbox 479 2491 1977 2572">
     <span class='ocr_line' id='line_1_55' title="bbox 479 2491 1977 2572; baseline 0.008 -27"><span class='ocrx_word' id='word_1_428' title='bbox 479 2492 531 2562; x_wconf 76' lang='grc'><strong>7</strong></span> <span class='ocrx_word' id='word_1_429' title='bbox 557 2491 696 2564; x_wconf 85' lang='lat' dir='ltr'><strong>Ergo</strong></span> <span class='ocrx_word' id='word_1_430' title='bbox 721 2509 784 2548; x_wconf 80' lang='lat' dir='ltr'><strong>ex</strong></span> <span class='ocrx_word' id='word_1_431' title='bbox 819 2496 902 2551; x_wconf 87' lang='lat' dir='ltr'><strong>bis</strong></span> <span class='ocrx_word' id='word_1_432' title='bbox 921 2511 1042 2566; x_wconf 74' lang='lat' dir='ltr'><strong>quae</strong></span> <span class='ocrx_word' id='word_1_433' title='bbox 1071 2499 1228 2563; x_wconf 89' lang='lat' dir='ltr'><strong>dicis,</strong></span> <span class='ocrx_word' id='word_1_434' title='bbox 1245 2509 1409 2570; x_wconf 90' lang='lat' dir='ltr'><strong>atque</strong></span> <span class='ocrx_word' id='word_1_435' title='bbox 1439 2502 1611 2554; x_wconf 84' lang='lat' dir='ltr'><strong>etiam’</strong></span> <span class='ocrx_word' id='word_1_436' title='bbox 1631 2503 1818 2556; x_wconf 89' lang='lat' dir='ltr'><strong>nescio</strong></span> <span class='ocrx_word' id='word_1_437' title='bbox 1842 2517 1977 2572; x_wconf 89' lang='lat' dir='ltr'><strong>quo-</strong></span> 
     </span>
    </p>
   </div>
   <div class='ocr_carea' id='block_1_55' title="bbox 404 3034 1972 3125">
    <p class='ocr_par' dir='ltr' id='par_1_55' title="bbox 404 3034 1970 3117">
     <span class='ocr_line' id='line_1_56' title="bbox 404 3034 1970 3117; baseline 0.008 -28"><span class='ocrx_word' id='word_1_438' title='bbox 404 3034 560 3090; x_wconf 82' lang='lat' dir='ltr'><strong>nislri</strong></span> <span class='ocrx_word' id='word_1_439' title='bbox 583 3035 804 3094; x_wconf 79' lang='lat' dir='ltr'><strong>fuerunt</strong></span> <span class='ocrx_word' id='word_1_440' title='bbox 833 3043 1125 3105; x_wconf 86' lang='lat' dir='ltr'><strong>sermonis.</strong></span> <span class='ocrx_word' id='word_1_441' title='bbox 1149 3045 1567 3115; x_wconf 90' lang='lat' dir='ltr'><strong>divinorumque</strong></span> <span class='ocrx_word' id='word_1_442' title='bbox 1588 3049 1970 3117; x_wconf 83' lang='lat' dir='ltr'><strong>mysteriorum</strong></span> 
     </span>
    </p>
   </div>
   <div class='ocr_carea' id='block_1_56' title="bbox 2080 3034 3654 3125">
    <p class='ocr_par' dir='ltr' id='par_1_56' title="bbox 2080 3034 3654 3125">
     <span class='ocr_line' id='line_1_57' title="bbox 2080 3034 3654 3125; baseline -0.001 -18"><span class='ocrx_word' id='word_1_443' title='bbox 2080 3034 2345 3110; x_wconf 81' lang='grc' dir='ltr'>αὐτόπται</span> <span class='ocrx_word' id='word_1_444' title='bbox 2373 3055 2467 3107; x_wconf 74' lang='grc' dir='ltr'><strong>καὶ</strong></span> <span class='ocrx_word' id='word_1_445' title='bbox 2497 3034 2764 3125; x_wconf 85' lang='grc' dir='ltr'>ὑπηρέται</span> <span class='ocrx_word' id='word_1_446' title='bbox 2791 3034 3072 3124; x_wconf 82' lang='grc' dir='ltr'>γενόμενοι</span> <span class='ocrx_word' id='word_1_447' title='bbox 3097 3054 3192 3108; x_wconf 87' lang='grc' dir='ltr'><strong>τοῦ</strong></span> <span class='ocrx_word' id='word_1_448' title='bbox 3222 3055 3403 3123; x_wconf 88' lang='grc' dir='ltr'>λόγου,</span> <span class='ocrx_word' id='word_1_449' title='bbox 3427 3034 3654 3108; x_wconf 59' lang='grc' dir='ltr'>καὶτῶν</span> 
     </span>
    </p>
   </div>
   <div class='ocr_carea' id='block_1_57' title="bbox 405 3133 1971 3205">
    <p class='ocr_par' dir='ltr' id='par_1_57' title="bbox 405 3133 1971 3205">
     <span class='ocr_line' id='line_1_58' title="bbox 405 3133 1971 3205; baseline 0.007 -23"><span class='ocrx_word' id='word_1_450' title='bbox 405 3139 713 3184; x_wconf 84' lang='lat' dir='ltr'><strong>nostrorum</strong></span> <span class='ocrx_word' id='word_1_451' title='bbox 743 3133 1054 3188; x_wconf 82' lang='lat' dir='ltr'><strong>sacerdotes</strong></span> <span class='ocrx_word' id='word_1_452' title='bbox 1096 3134 1608 3205; x_wconf 85' lang='lat' dir='ltr'><strong>dispensatoresque</strong></span> <span class='ocrx_word' id='word_1_453' title='bbox 1649 3137 1834 3192; x_wconf 81' lang='lat' dir='ltr'><strong>ﬁdeles</strong></span> <span class='ocrx_word' id='word_1_454' title='bbox 1866 3139 1971 3193; x_wconf 89' lang='lat' dir='ltr'><strong>Ec—</strong></span> 
     </span>
    </p>
   </div>
   <div class='ocr_carea' id='block_1_58' title="bbox 405 3217 1973 3296">
    <p class='ocr_par' dir='ltr' id='par_1_58' title="bbox 405 3217 1973 3296">
     <span class='ocr_line' id='line_1_59' title="bbox 405 3217 1973 3296; baseline 0.008 -25"><span class='ocrx_word' id='word_1_455' title='bbox 405 3217 584 3273; x_wconf 86' lang='lat' dir='ltr'><strong>clesiis</strong></span> <span class='ocrx_word' id='word_1_456' title='bbox 611 3220 954 3277; x_wconf 88' lang='lat' dir='ltr'><strong>tradiderunt</strong></span> <span class='ocrx_word' id='word_1_457' title='bbox 989 3223 1055 3278; x_wconf 79' lang='lat'><strong>&#39;°.</strong></span> <span class='ocrx_word' id='word_1_458' title='bbox 1088 3224 1218 3279; x_wconf 82' lang='lat' dir='ltr'><strong>Jure</strong></span> <span class='ocrx_word' id='word_1_459' title='bbox 1259 3226 1400 3280; x_wconf 90' lang='lat' dir='ltr'><strong>enim</strong></span> <span class='ocrx_word' id='word_1_460' title='bbox 1445 3237 1696 3296; x_wconf 88' lang='lat' dir='ltr'><strong>tanquam</strong></span> <span class='ocrx_word' id='word_1_461' title='bbox 1746 3228 1973 3284; x_wconf 76' lang='lat' dir='ltr'><strong>inscitiae</strong></span> 
     </span>
    </p>
   </div>
   <div class='ocr_carea' id='block_1_59' title="bbox 403 3311 1972 3388">
    <p class='ocr_par' dir='ltr' id='par_1_59' title="bbox 403 3311 1972 3388">
     <span class='ocr_line' id='line_1_60' title="bbox 403 3311 1972 3388; baseline 0.008 -26"><span class='ocrx_word' id='word_1_462' title='bbox 403 3323 737 3380; x_wconf 54' lang='lat' dir='ltr'><strong>summaeque</strong></span> <span class='ocrx_word' id='word_1_463' title='bbox 785 3311 1078 3381; x_wconf 85' lang='lat' dir='ltr'><strong>impietatis</strong></span> <span class='ocrx_word' id='word_1_464' title='bbox 1126 3316 1346 3371; x_wconf 88' lang='lat' dir='ltr'><strong>evidens</strong></span> <span class='ocrx_word' id='word_1_465' title='bbox 1389 3330 1762 3388; x_wconf 79' lang='lat' dir='ltr'><strong>argumentum</strong></span> <span class='ocrx_word' id='word_1_466' title='bbox 1816 3336 1972 3375; x_wconf 87' lang='lat' dir='ltr'><strong>aver-</strong></span> 
     </span>
    </p>
   </div>
   <div class='ocr_carea' id='block_1_60' title="bbox 405 3401 1968 3478">
    <p class='ocr_par' dir='ltr' id='par_1_60' title="bbox 405 3401 1968 3478">
     <span class='ocr_line' id='line_1_61' title="bbox 405 3401 1968 3478; baseline 0.007 -23"><span class='ocrx_word' id='word_1_467' title='bbox 405 3409 598 3457; x_wconf 74' lang='lat' dir='ltr'><strong>santur</strong></span> <span class='ocrx_word' id='word_1_468' title='bbox 625 3401 708 3455; x_wconf 89' lang='lat' dir='ltr'><strong>vel</strong></span> <span class='ocrx_word' id='word_1_469' title='bbox 743 3403 857 3458; x_wconf 86' lang='lat' dir='ltr'><strong>sola</strong></span> <span class='ocrx_word' id='word_1_470' title='bbox 901 3404 1307 3461; x_wconf 80' lang='lat' dir='ltr'><strong>existimatione</strong></span> <span class='ocrx_word' id='word_1_471' title='bbox 1344 3409 1634 3478; x_wconf 88' lang='lat' dir='ltr'><strong>concipere</strong></span> <span class='ocrx_word' id='word_1_472' title='bbox 1657 3451 1672 3476; x_wconf 93' lang='lat'><strong>,</strong></span> <span class='ocrx_word' id='word_1_473' title='bbox 1731 3411 1858 3478; x_wconf 80' lang='lat' dir='ltr'><strong>illud</strong></span> <span class='ocrx_word' id='word_1_474' title='bbox 1903 3427 1968 3466; x_wconf 81' lang='lat' dir='ltr'><strong>ex</strong></span> 
     </span>
    </p>
   </div>
   <div class='ocr_carea' id='block_1_61' title="bbox 417 3488 1970 3558">
    <p class='ocr_par' dir='ltr' id='par_1_61' title="bbox 417 3488 1970 3558">
     <span class='ocr_line' id='line_1_62' title="bbox 417 3488 1970 3558; baseline 0.01 -15"><span class='ocrx_word' id='word_1_475' title='bbox 417 3488 524 3544; x_wconf 88' lang='lat' dir='ltr'><strong>Deo</strong></span> <span class='ocrx_word' id='word_1_476' title='bbox 544 3489 710 3545; x_wconf 87' lang='lat' dir='ltr'><strong>Patre</strong></span> <span class='ocrx_word' id='word_1_477' title='bbox 737 3491 974 3548; x_wconf 81' lang='lat' dir='ltr'><strong>Verbum</strong></span> <span class='ocrx_word' id='word_1_478' title='bbox 1001 3494 1068 3550; x_wconf 88' lang='lat' dir='ltr'><strong>ad</strong></span> <span class='ocrx_word' id='word_1_479' title='bbox 1101 3495 1395 3552; x_wconf 90' lang='lat' dir='ltr'><strong>secundum</strong></span> <span class='ocrx_word' id='word_1_480' title='bbox 1421 3500 1632 3553; x_wconf 91' lang='lat' dir='ltr'><strong>initium</strong></span> <span class='ocrx_word' id='word_1_481' title='bbox 1655 3509 1712 3556; x_wconf 87' lang='lat' dir='ltr'><strong>ut</strong></span> <span class='ocrx_word' id='word_1_482' title='bbox 1741 3517 1860 3558; x_wconf 88' lang='lat' dir='ltr'><strong>esse</strong></span> <span class='ocrx_word' id='word_1_483' title='bbox 1889 3503 1970 3558; x_wconf 84' lang='lat' dir='ltr'><strong>in-</strong></span> 
     </span>
    </p>
   </div>
   <div class='ocr_carea' id='block_1_62' title="bbox 407 3582 1967 3660">
    <p class='ocr_par' dir='ltr' id='par_1_62' title="bbox 407 3582 1967 3660">
     <span class='ocr_line' id='line_1_63' title="bbox 407 3582 1967 3660; baseline 0.008 -26"><span class='ocrx_word' id='word_1_484' title='bbox 407 3582 616 3650; x_wconf 83' lang='lat' dir='ltr'><strong>ciperet</strong></span> <span class='ocrx_word' id='word_1_485' title='bbox 649 3593 898 3639; x_wconf 89' lang='lat' dir='ltr'><strong>vocatum</strong></span> <span class='ocrx_word' id='word_1_486' title='bbox 920 3600 1060 3652; x_wconf 83' lang='lat' dir='ltr'><strong>esse,</strong></span> <span class='ocrx_word' id='word_1_487' title='bbox 1096 3588 1182 3641; x_wconf 89' lang='lat' dir='ltr'><strong>vel</strong></span> <span class='ocrx_word' id='word_1_488' title='bbox 1211 3598 1409 3644; x_wconf 67' lang='lat' dir='ltr'><strong>sanctae</strong></span> <span class='ocrx_word' id='word_1_489' title='bbox 1457 3589 1698 3660; x_wconf 85' lang='lat' dir='ltr'><strong>Virginis</strong></span> <span class='ocrx_word' id='word_1_490' title='bbox 1746 3608 1967 3648; x_wconf 88' lang='lat' dir='ltr'><strong>carnem</strong></span> 
     </span>
    </p>
   </div>
   <div class='ocr_carea' id='block_1_63' title="bbox 405 3674 1968 3752">
    <p class='ocr_par' dir='ltr' id='par_1_63' title="bbox 405 3674 1968 3752">
     <span class='ocr_line' id='line_1_64' title="bbox 405 3674 1968 3752; baseline 0.007 -25"><span class='ocrx_word' id='word_1_491' title='bbox 405 3688 521 3728; x_wconf 70' lang='lat' dir='ltr'><strong>suae</strong></span> <span class='ocrx_word' id='word_1_492' title='bbox 543 3674 877 3730; x_wconf 82' lang='lat' dir='ltr'><strong>exsistentiae</strong></span> <span class='ocrx_word' id='word_1_493' title='bbox 899 3677 1040 3732; x_wconf 89' lang='lat' dir='ltr'><strong>velut</strong></span> <span class='ocrx_word' id='word_1_494' title='bbox 1083 3679 1316 3734; x_wconf 86' lang='lat' dir='ltr'><strong>radicem</strong></span> <span class='ocrx_word' id='word_1_495' title='bbox 1344 3683 1632 3750; x_wconf 85' lang='lat' dir='ltr'><strong>quamdam</strong></span> <span class='ocrx_word' id='word_1_496' title='bbox 1651 3684 1927 3752; x_wconf 90' lang='lat' dir='ltr'><strong>accepisse</strong></span> <span class='ocrx_word' id='word_1_497' title='bbox 1951 3698 1968 3737; x_wconf 90' lang='lat'><strong>:</strong></span> 
     </span>
    </p>
   </div>
   <div class='ocr_carea' id='block_1_64' title="bbox 405 3763 1972 3844">
    <p class='ocr_par' dir='ltr' id='par_1_64' title="bbox 405 3763 1972 3844">
     <span class='ocr_line' id='line_1_65' title="bbox 405 3763 1972 3844; baseline 0.01 -29"><span class='ocrx_word' id='word_1_498' title='bbox 405 3763 501 3816; x_wconf 83' lang='lat' dir='ltr'><strong>sed</strong></span> <span class='ocrx_word' id='word_1_499' title='bbox 533 3771 711 3819; x_wconf 88' lang='lat' dir='ltr'><strong>tamen</strong></span> <span class='ocrx_word' id='word_1_500' title='bbox 749 3767 919 3836; x_wconf 87' lang='lat' dir='ltr'><strong>ipsam</strong></span> <span class='ocrx_word' id='word_1_501' title='bbox 958 3767 1048 3823; x_wconf 88' lang='lat' dir='ltr'><strong>Dei</strong></span> <span class='ocrx_word' id='word_1_502' title='bbox 1099 3770 1414 3840; x_wconf 88' lang='lat' dir='ltr'><strong>genitricem</strong></span> <span class='ocrx_word' id='word_1_503' title='bbox 1465 3782 1703 3838; x_wconf 87' lang='lat' dir='ltr'><strong>vocant,</strong></span> <span class='ocrx_word' id='word_1_504' title='bbox 1757 3782 1817 3828; x_wconf 92' lang='lat' dir='ltr'><strong>ut</strong></span> <span class='ocrx_word' id='word_1_505' title='bbox 1850 3791 1972 3844; x_wconf 71' lang='lat' dir='ltr'><strong>quas</strong></span> 
     </span>
    </p>
   </div>
   <div class='ocr_carea' id='block_1_65' title="bbox 405 3843 1962 3936">
    <p class='ocr_par' dir='ltr' id='par_1_65' title="bbox 405 3843 1962 3936">
     <span class='ocr_line' id='line_1_66' title="bbox 405 3843 1962 3936; baseline 0.011 -32"><span class='ocrx_word' id='word_1_506' title='bbox 405 3852 554 3908; x_wconf 87' lang='lat' dir='ltr'><strong>illum</strong></span> <span class='ocrx_word' id='word_1_507' title='bbox 576 3843 1004 3923; x_wconf 82' lang='lat' dir='ltr'><strong>Emmanuelem,</strong></span> <span class='ocrx_word' id='word_1_508' title='bbox 1039 3861 1130 3929; x_wconf 90' lang='lat' dir='ltr'><strong>qui</strong></span> <span class='ocrx_word' id='word_1_509' title='bbox 1167 3875 1233 3916; x_wconf 84' lang='lat' dir='ltr'><strong>ex</strong></span> <span class='ocrx_word' id='word_1_510' title='bbox 1263 3871 1456 3917; x_wconf 88' lang='lat' dir='ltr'><strong>natura</strong></span> <span class='ocrx_word' id='word_1_511' title='bbox 1489 3863 1632 3919; x_wconf 88' lang='lat' dir='ltr'><strong>Deus</strong></span> <span class='ocrx_word' id='word_1_512' title='bbox 1661 3873 1767 3931; x_wconf 90' lang='lat' dir='ltr'><strong>est,</strong></span> <span class='ocrx_word' id='word_1_513' title='bbox 1798 3843 1962 3936; x_wconf 82' lang='lat' dir='ltr'><strong>pepe-</strong></span> 
     </span>
    </p>
   </div>
   <div class='ocr_carea' id='block_1_66' title="bbox 404 3941 1969 4024">
    <p class='ocr_par' dir='ltr' id='par_1_66' title="bbox 404 3941 1969 4024">
     <span class='ocr_line' id='line_1_67' title="bbox 404 3941 1969 4024; baseline 0.013 -30"><span class='ocrx_word' id='word_1_514' title='bbox 404 3941 538 3998; x_wconf 88' lang='lat' dir='ltr'><strong>rerit</strong></span> <span class='ocrx_word' id='word_1_515' title='bbox 571 3959 584 3996; x_wconf 89' lang='lat'><strong>:</strong></span> <span class='ocrx_word' id='word_1_516' title='bbox 619 3959 743 4001; x_wconf 88' lang='lat' dir='ltr'><strong>nam</strong></span> <span class='ocrx_word' id='word_1_517' title='bbox 803 3947 936 4003; x_wconf 92' lang='lat' dir='ltr'><strong>illud</strong></span> <span class='ocrx_word' id='word_1_518' title='bbox 989 3947 1222 4007; x_wconf 87' lang='lat' dir='ltr'><strong>Verbum</strong></span> <span class='ocrx_word' id='word_1_519' title='bbox 1279 3953 1481 4010; x_wconf 76' lang='lat' dir='ltr'><strong>factum</strong></span> <span class='ocrx_word' id='word_1_520' title='bbox 1529 3964 1610 4010; x_wconf 88' lang='lat' dir='ltr'><strong>est</strong></span> <span class='ocrx_word' id='word_1_521' title='bbox 1660 3956 1969 4024; x_wconf 87' lang='lat' dir='ltr'><strong>nobiscum,</strong></span> 
     </span>
    </p>
   </div>
   <div class='ocr_carea' id='block_1_67' title="bbox 403 4037 1973 4122">
    <p class='ocr_par' dir='ltr' id='par_1_67' title="bbox 403 4037 1973 4122">
     <span class='ocr_line' id='line_1_68' title="bbox 403 4037 1973 4122; baseline 0.01 -32"><span class='ocrx_word' id='word_1_522' title='bbox 403 4037 546 4104; x_wconf 92' lang='lat' dir='ltr'><strong>quod</strong></span> <span class='ocrx_word' id='word_1_523' title='bbox 573 4052 641 4093; x_wconf 84' lang='lat' dir='ltr'><strong>ex</strong></span> <span class='ocrx_word' id='word_1_524' title='bbox 674 4051 866 4096; x_wconf 91' lang='lat' dir='ltr'><strong>natura</strong></span> <span class='ocrx_word' id='word_1_525' title='bbox 900 4042 1042 4100; x_wconf 90' lang='lat' dir='ltr'><strong>Deus</strong></span> <span class='ocrx_word' id='word_1_526' title='bbox 1069 4055 1124 4101; x_wconf 89' lang='lat' dir='ltr'><strong>et</strong></span> <span class='ocrx_word' id='word_1_527' title='bbox 1155 4061 1318 4118; x_wconf 86' lang='lat' dir='ltr'><strong>supra</strong></span> <span class='ocrx_word' id='word_1_528' title='bbox 1343 4064 1440 4106; x_wconf 86' lang='lat' dir='ltr'><strong>nos</strong></span> <span class='ocrx_word' id='word_1_529' title='bbox 1465 4059 1607 4105; x_wconf 86' lang='lat' dir='ltr'><strong>erat.</strong></span> <span class='ocrx_word' id='word_1_530' title='bbox 1634 4049 1772 4106; x_wconf 89' lang='lat' dir='ltr'><strong>Num</strong></span> <span class='ocrx_word' id='word_1_531' title='bbox 1803 4052 1973 4122; x_wconf 88' lang='lat' dir='ltr'><strong>igitur</strong></span> 
     </span>
    </p>
   </div>
   <div class='ocr_carea' id='block_1_68' title="bbox 405 4127 1968 4209">
    <p class='ocr_par' dir='ltr' id='par_1_68' title="bbox 405 4127 1968 4209">
     <span class='ocr_line' id='line_1_69' title="bbox 405 4127 1968 4209; baseline 0.012 -28"><span class='ocrx_word' id='word_1_532' title='bbox 405 4127 473 4182; x_wconf 87' lang='lat' dir='ltr'><strong>iis</strong></span> <span class='ocrx_word' id='word_1_533' title='bbox 525 4144 643 4198; x_wconf 72' lang='lat' dir='ltr'><strong>quae</strong></span> <span class='ocrx_word' id='word_1_534' title='bbox 674 4136 913 4190; x_wconf 92' lang='lat' dir='ltr'><strong>sentiunt</strong></span> <span class='ocrx_word' id='word_1_535' title='bbox 969 4139 1241 4193; x_wconf 90' lang='lat' dir='ltr'><strong>contraria</strong></span> <span class='ocrx_word' id='word_1_536' title='bbox 1284 4143 1583 4197; x_wconf 79' lang='lat' dir='ltr'><strong>asserunt?</strong></span> <span class='ocrx_word' id='word_1_537' title='bbox 1615 4143 1768 4198; x_wconf 85' lang='lat' dir='ltr'><strong>Dicet</strong></span> <span class='ocrx_word' id='word_1_538' title='bbox 1800 4146 1968 4209; x_wconf 89' lang='lat' dir='ltr'><strong>enim,</strong></span> 
     </span>
    </p>
   </div>
   <div class='ocr_carea' id='block_1_69' title="bbox 403 4226 1970 4298">
    <p class='ocr_par' dir='ltr' id='par_1_69' title="bbox 403 4226 1970 4298">
     <span class='ocr_line' id='line_1_70' title="bbox 403 4226 1970 4298; baseline 0.012 -28"><span class='ocrx_word' id='word_1_539' title='bbox 403 4228 462 4272; x_wconf 87' lang='lat' dir='ltr'><strong>ut</strong></span> <span class='ocrx_word' id='word_1_540' title='bbox 500 4231 650 4289; x_wconf 84' lang='lat' dir='ltr'><strong>puto,</strong></span> <span class='ocrx_word' id='word_1_541' title='bbox 686 4226 953 4294; x_wconf 84' lang='lat' dir='ltr'><strong>quispiam</strong></span> <span class='ocrx_word' id='word_1_542' title='bbox 1003 4244 1066 4283; x_wconf 76' lang='lat' dir='ltr'><strong>ex</strong></span> <span class='ocrx_word' id='word_1_543' title='bbox 1116 4229 1183 4282; x_wconf 90' lang='lat' dir='ltr'><strong>iis</strong></span> <span class='ocrx_word' id='word_1_544' title='bbox 1229 4231 1320 4298; x_wconf 88' lang='lat' dir='ltr'><strong>qui</strong></span> <span class='ocrx_word' id='word_1_545' title='bbox 1367 4242 1544 4288; x_wconf 88' lang='lat' dir='ltr'><strong>tecum</strong></span> <span class='ocrx_word' id='word_1_546' title='bbox 1580 4235 1826 4290; x_wconf 90' lang='lat' dir='ltr'><strong>sentiunt</strong></span> <span class='ocrx_word' id='word_1_547' title='bbox 1863 4252 1875 4294; x_wconf 85' lang='lat'><strong>:</strong></span> <span class='ocrx_word' id='word_1_548' title='bbox 1912 4235 1970 4290; x_wconf 85' lang='lat' dir='ltr'><strong>Si</strong></span> 
     </span>
    </p>
   </div>
   <div class='ocr_carea' id='block_1_70' title="bbox 403 4309 1975 4394">
    <p class='ocr_par' dir='ltr' id='par_1_70' title="bbox 403 4309 1975 4394">
     <span class='ocr_line' id='line_1_71' title="bbox 403 4309 1975 4394; baseline 0.012 -31"><span class='ocrx_word' id='word_1_549' title='bbox 403 4309 567 4365; x_wconf 78' lang='lat' dir='ltr'><strong>Verbi</strong></span> <span class='ocrx_word' id='word_1_550' title='bbox 600 4321 845 4368; x_wconf 88' lang='lat' dir='ltr'><strong>naturam</strong></span> <span class='ocrx_word' id='word_1_551' title='bbox 880 4319 1085 4385; x_wconf 88' lang='lat' dir='ltr'><strong>prolem</strong></span> <span class='ocrx_word' id='word_1_552' title='bbox 1116 4336 1238 4376; x_wconf 89' lang='lat' dir='ltr'><strong>esse</strong></span> <span class='ocrx_word' id='word_1_553' title='bbox 1259 4323 1441 4378; x_wconf 84' lang='lat' dir='ltr'><strong>carnis</strong></span> <span class='ocrx_word' id='word_1_554' title='bbox 1469 4340 1634 4394; x_wconf 84' lang='lat' dir='ltr'><strong>negas</strong></span> <span class='ocrx_word' id='word_1_555' title='bbox 1657 4364 1671 4389; x_wconf 87' lang='lat'><strong>,</strong></span> <span class='ocrx_word' id='word_1_556' title='bbox 1707 4336 1760 4381; x_wconf 85' lang='lat' dir='ltr'><strong>et</strong></span> <span class='ocrx_word' id='word_1_557' title='bbox 1791 4336 1842 4382; x_wconf 90' lang='lat' dir='ltr'><strong>te</strong></span> <span class='ocrx_word' id='word_1_558' title='bbox 1874 4329 1975 4381; x_wconf 86' lang='lat' dir='ltr'><strong>hoc</strong></span> 
     </span>
    </p>
   </div>
   <div class='ocr_carea' id='block_1_71' title="bbox 2081 3145 3648 3217">
    <p class='ocr_par' dir='ltr' id='par_1_71' title="bbox 2081 3145 3648 3217">
     <span class='ocr_line' id='line_1_72' title="bbox 2081 3145 3648 3217; baseline 0 -18"><span class='ocrx_word' id='word_1_559' title='bbox 2081 3146 2237 3199; x_wconf 86' lang='grc' dir='ltr'>θείων</span> <span class='ocrx_word' id='word_1_560' title='bbox 2257 3145 2414 3216; x_wconf 76' lang='grc' dir='ltr'>ἡμῶν</span> <span class='ocrx_word' id='word_1_561' title='bbox 2440 3146 2752 3216; x_wconf 89' lang='grc' dir='ltr'>μυστηρίων</span> <span class='ocrx_word' id='word_1_562' title='bbox 2773 3146 3062 3217; x_wconf 74' lang='grc' dir='ltr'>ἱερουργοὶ,</span> <span class='ocrx_word' id='word_1_563' title='bbox 3088 3147 3181 3201; x_wconf 73' lang='grc' dir='ltr'>καὶ</span> <span class='ocrx_word' id='word_1_564' title='bbox 3201 3147 3393 3217; x_wconf 85' lang='grc' dir='ltr'>ταμίαι</span> <span class='ocrx_word' id='word_1_565' title='bbox 3412 3148 3648 3216; x_wconf 86' lang='grc' dir='ltr'>γνήσιοι·</span> 
     </span>
    </p>
   </div>
   <div class='ocr_carea' id='block_1_72' title="bbox 2079 3236 3656 3307">
    <p class='ocr_par' dir='ltr' id='par_1_72' title="bbox 2079 3236 3656 3307">
     <span class='ocr_line' id='line_1_73' title="bbox 2079 3236 3656 3307; baseline -0.001 -15"><span class='ocrx_word' id='word_1_566' title='bbox 2079 3237 2426 3292; x_wconf 82' lang='grc' dir='ltr'>ἀποσείονται</span> <span class='ocrx_word' id='word_1_567' title='bbox 2477 3237 2575 3306; x_wconf 81' lang='grc' dir='ltr'>μὲν</span> <span class='ocrx_word' id='word_1_568' title='bbox 2614 3237 2722 3306; x_wconf 75' lang='grc' dir='ltr'><strong>γὰρ</strong></span> <span class='ocrx_word' id='word_1_569' title='bbox 2767 3237 2860 3289; x_wconf 79' lang='grc' dir='ltr'>καὶ</span> <span class='ocrx_word' id='word_1_570' title='bbox 2909 3236 3052 3306; x_wconf 76' lang='grc' dir='ltr'>μάλα</span> <span class='ocrx_word' id='word_1_571' title='bbox 3081 3236 3278 3305; x_wconf 82' lang='grc' dir='ltr'>ὀρθῶς,</span> <span class='ocrx_word' id='word_1_572' title='bbox 3310 3237 3385 3299; x_wconf 82' lang='grc' dir='ltr'>ὡς</span> <span class='ocrx_word' id='word_1_573' title='bbox 3415 3237 3656 3307; x_wconf 83' lang='grc' dir='ltr'>ἀμαθίας</span> 
     </span>
    </p>
   </div>
   <div class='ocr_carea' id='block_1_73' title="bbox 2077 3325 3654 3397">
    <p class='ocr_par' dir='ltr' id='par_1_73' title="bbox 2077 3325 3654 3397">
     <span class='ocr_line' id='line_1_74' title="bbox 2077 3325 3654 3397; baseline 0.001 -18"><span class='ocrx_word' id='word_1_574' title='bbox 2077 3343 2136 3379; x_wconf 89' lang='grc' dir='ltr'><strong>τε</strong></span> <span class='ocrx_word' id='word_1_575' title='bbox 2161 3325 2293 3395; x_wconf 86' lang='grc' dir='ltr'>ὁμοῦ</span> <span class='ocrx_word' id='word_1_576' title='bbox 2323 3326 2415 3378; x_wconf 76' lang='grc' dir='ltr'><strong>καὶ</strong></span> <span class='ocrx_word' id='word_1_577' title='bbox 2445 3326 2545 3394; x_wconf 78' lang='grc' dir='ltr'>τῆς</span> <span class='ocrx_word' id='word_1_578' title='bbox 2585 3327 2664 3387; x_wconf 83' lang='grc' dir='ltr'><strong>είς</strong></span> <span class='ocrx_word' id='word_1_579' title='bbox 2700 3325 2868 3396; x_wconf 85' lang='grc' dir='ltr'>ἀκρον</span> <span class='ocrx_word' id='word_1_580' title='bbox 2912 3325 3150 3397; x_wconf 81' lang='grc' dir='ltr'>ἡκούσης</span> <span class='ocrx_word' id='word_1_581' title='bbox 3177 3326 3494 3391; x_wconf 84' lang='grc' dir='ltr'>δυσσεϐείας</span> <span class='ocrx_word' id='word_1_582' title='bbox 3523 3327 3654 3380; x_wconf 86' lang='grc' dir='ltr'>ἀπό-</span> 
     </span>
    </p>
   </div>
   <div class='ocr_carea' id='block_1_74' title="bbox 2076 3415 3654 3488">
    <p class='ocr_par' dir='ltr' id='par_1_74' title="bbox 2076 3415 3654 3488">
     <span class='ocr_line' id='line_1_75' title="bbox 2076 3415 3654 3488; baseline 0.001 -19"><span class='ocrx_word' id='word_1_583' title='bbox 2076 3416 2238 3482; x_wconf 80' lang='grc' dir='ltr'>δειξιν</span> <span class='ocrx_word' id='word_1_584' title='bbox 2273 3417 2494 3487; x_wconf 78' lang='grc' dir='ltr'>ἐναργῆ,</span> <span class='ocrx_word' id='word_1_585' title='bbox 2527 3417 2587 3468; x_wconf 80' lang='grc' dir='ltr'><strong>τὸ</strong></span> <span class='ocrx_word' id='word_1_586' title='bbox 2638 3417 2742 3470; x_wconf 73' lang='grc' dir='ltr'>κᾶν</span> <span class='ocrx_word' id='word_1_587' title='bbox 2792 3415 2920 3483; x_wconf 88' lang='grc' dir='ltr'>γοῦν</span> <span class='ocrx_word' id='word_1_588' title='bbox 2967 3417 3217 3486; x_wconf 80' lang='grc' dir='ltr'>οἰηθῆναι</span> <span class='ocrx_word' id='word_1_589' title='bbox 3265 3419 3445 3488; x_wconf 87' lang='grc' dir='ltr'>μόνον,</span> <span class='ocrx_word' id='word_1_590' title='bbox 3470 3420 3559 3471; x_wconf 77' lang='grc' dir='ltr'><strong>τὸν</strong></span> <span class='ocrx_word' id='word_1_591' title='bbox 3591 3419 3654 3471; x_wconf 81' lang='grc' dir='ltr'><strong>ἐκ</strong></span> 
     </span>
    </p>
   </div>
   <div class='ocr_carea' id='block_1_75' title="bbox 2078 3504 3654 3578">
    <p class='ocr_par' dir='ltr' id='par_1_75' title="bbox 2078 3504 3654 3578">
     <span class='ocr_line' id='line_1_76' title="bbox 2078 3504 3654 3578; baseline 0 -17"><span class='ocrx_word' id='word_1_592' title='bbox 2078 3507 2214 3561; x_wconf 82' lang='grc' dir='ltr'>Θεοῦ</span> <span class='ocrx_word' id='word_1_593' title='bbox 2256 3508 2468 3578; x_wconf 79' lang='grc' dir='ltr'>Πατρὸς</span> <span class='ocrx_word' id='word_1_594' title='bbox 2500 3508 2673 3576; x_wconf 90' lang='grc' dir='ltr'>Λόγον</span> <span class='ocrx_word' id='word_1_595' title='bbox 2706 3509 2786 3570; x_wconf 87' lang='grc' dir='ltr'><strong>είς</strong></span> <span class='ocrx_word' id='word_1_596' title='bbox 2815 3507 2986 3578; x_wconf 83' lang='grc' dir='ltr'>ἀρχὴν</span> <span class='ocrx_word' id='word_1_597' title='bbox 3032 3508 3125 3560; x_wconf 89' lang='grc' dir='ltr'><strong>τοῦ</strong></span> <span class='ocrx_word' id='word_1_598' title='bbox 3173 3504 3311 3561; x_wconf 82' lang='grc' dir='ltr'>εἶναι</span> <span class='ocrx_word' id='word_1_599' title='bbox 3355 3508 3654 3578; x_wconf 85' lang='grc' dir='ltr'>κεκλῆσθαι</span> 
     </span>
    </p>
   </div>
   <div class='ocr_carea' id='block_1_76' title="bbox 2078 3596 3658 3669">
    <p class='ocr_par' dir='ltr' id='par_1_76' title="bbox 2078 3596 3658 3669">
     <span class='ocr_line' id='line_1_77' title="bbox 2078 3596 3658 3669; baseline -0.001 -21"><span class='ocrx_word' id='word_1_600' title='bbox 2078 3596 2359 3669; x_wconf 83' lang='grc' dir='ltr'>δευτέραν,</span> <span class='ocrx_word' id='word_1_601' title='bbox 2396 3599 2564 3666; x_wconf 75' lang='grc' dir='ltr'>ἠγουν</span> <span class='ocrx_word' id='word_1_602' title='bbox 2610 3600 2710 3666; x_wconf 83' lang='grc' dir='ltr'><strong>τῆς</strong></span> <span class='ocrx_word' id='word_1_603' title='bbox 2759 3597 2894 3659; x_wconf 79' lang='grc' dir='ltr'>ἰδίας</span> <span class='ocrx_word' id='word_1_604' title='bbox 2936 3596 3224 3666; x_wconf 81' lang='grc' dir='ltr'>ὑπάρξεως</span> <span class='ocrx_word' id='word_1_605' title='bbox 3272 3597 3428 3665; x_wconf 74' lang='grc' dir='ltr'>ῥίζαν</span> <span class='ocrx_word' id='word_1_606' title='bbox 3469 3596 3658 3666; x_wconf 84' lang='grc' dir='ltr'>ὥσπερ</span> 
     </span>
    </p>
   </div>
   <div class='ocr_carea' id='block_1_77' title="bbox 2077 3686 3657 3759">
    <p class='ocr_par' dir='ltr' id='par_1_77' title="bbox 2077 3686 3657 3759">
     <span class='ocr_line' id='line_1_78' title="bbox 2077 3686 3657 3759; baseline -0.004 -15"><span class='ocrx_word' id='word_1_607' title='bbox 2077 3690 2218 3754; x_wconf 79' lang='grc' dir='ltr'>τινὰ,</span> <span class='ocrx_word' id='word_1_608' title='bbox 2250 3688 2348 3759; x_wconf 84' lang='grc' dir='ltr'><strong>τῆς</strong></span> <span class='ocrx_word' id='word_1_609' title='bbox 2383 3688 2544 3755; x_wconf 85' lang='grc' dir='ltr'>ἁγίας</span> <span class='ocrx_word' id='word_1_610' title='bbox 2576 3687 2854 3758; x_wconf 87' lang='grc' dir='ltr'>Παρθένου</span> <span class='ocrx_word' id='word_1_611' title='bbox 2903 3687 2995 3758; x_wconf 75' lang='grc' dir='ltr'>τὴν</span> <span class='ocrx_word' id='word_1_612' title='bbox 3040 3687 3220 3756; x_wconf 78' lang='grc' dir='ltr'>σάρκα</span> <span class='ocrx_word' id='word_1_613' title='bbox 3265 3687 3481 3740; x_wconf 87' lang='grc' dir='ltr'>λαϐεῖν·</span> <span class='ocrx_word' id='word_1_614' title='bbox 3517 3686 3657 3756; x_wconf 75' lang='grc' dir='ltr'>πλὴν</span> 
     </span>
    </p>
   </div>
   <div class='ocr_carea' id='block_1_78' title="bbox 2078 3775 3657 3849">
    <p class='ocr_par' dir='ltr' id='par_1_78' title="bbox 2078 3775 3657 3849">
     <span class='ocr_line' id='line_1_79' title="bbox 2078 3775 3657 3849; baseline -0.005 -15"><span class='ocrx_word' id='word_1_615' title='bbox 2078 3779 2403 3849; x_wconf 79' lang='grc' dir='ltr'>ὀνομάζουσι</span> <span class='ocrx_word' id='word_1_616' title='bbox 2420 3777 2680 3829; x_wconf 86' lang='grc' dir='ltr'>Θεοτόκον</span> <span class='ocrx_word' id='word_1_617' title='bbox 2707 3776 2896 3845; x_wconf 80' lang='grc' dir='ltr'>αὐτὴν,</span> <span class='ocrx_word' id='word_1_618' title='bbox 2915 3776 2991 3838; x_wconf 87' lang='grc' dir='ltr'>ὼς</span> <span class='ocrx_word' id='word_1_619' title='bbox 3013 3775 3382 3828; x_wconf 85' lang='grc' dir='ltr'>ἀποτεκοῦσαν</span> <span class='ocrx_word' id='word_1_620' title='bbox 3411 3775 3657 3846; x_wconf 77' lang='grc' dir='ltr'>δηλονότι</span> 
     </span>
    </p>
   </div>
   <div class='ocr_carea' id='block_1_79' title="bbox 2077 3865 3656 3936">
    <p class='ocr_par' dir='ltr' id='par_1_79' title="bbox 2077 3865 3656 3936">
     <span class='ocr_line' id='line_1_80' title="bbox 2077 3865 3656 3936; baseline -0.004 -11"><span class='ocrx_word' id='word_1_621' title='bbox 2077 3871 2207 3925; x_wconf 76' lang='grc' dir='ltr'>Θεὸν</span> <span class='ocrx_word' id='word_1_622' title='bbox 2237 3869 2367 3922; x_wconf 73' lang='grc' dir='ltr'>ὄντα</span> <span class='ocrx_word' id='word_1_623' title='bbox 2411 3866 2553 3921; x_wconf 88' lang='grc' dir='ltr'><strong>κατὰ</strong></span> <span class='ocrx_word' id='word_1_624' title='bbox 2583 3866 2743 3934; x_wconf 88' lang='grc' dir='ltr'>φύσιν</span> <span class='ocrx_word' id='word_1_625' title='bbox 2776 3865 2866 3918; x_wconf 83' lang='grc' dir='ltr'><strong>τὸν</strong></span> <span class='ocrx_word' id='word_1_626' title='bbox 2899 3865 3246 3935; x_wconf 87' lang='grc' dir='ltr'>Ἐμμανουήλ</span> <span class='ocrx_word' id='word_1_627' title='bbox 3271 3883 3283 3897; x_wconf 89' lang='grc'>·</span> <span class='ocrx_word' id='word_1_628' title='bbox 3315 3866 3506 3933; x_wconf 88' lang='grc' dir='ltr'>γέγονε</span> <span class='ocrx_word' id='word_1_629' title='bbox 3549 3865 3656 3936; x_wconf 89' lang='grc' dir='ltr'><strong>γάρ</strong></span> 
     </span>
    </p>
   </div>
   <div class='ocr_carea' id='block_1_80' title="bbox 2081 3955 3652 4032">
    <p class='ocr_par' dir='ltr' id='par_1_80' title="bbox 2081 3955 3652 4032">
     <span class='ocr_line' id='line_1_81' title="bbox 2081 3955 3652 4032; baseline -0.006 -17"><span class='ocrx_word' id='word_1_630' title='bbox 2081 3963 2198 4032; x_wconf 84' lang='grc' dir='ltr'>μεθ’</span> <span class='ocrx_word' id='word_1_631' title='bbox 2226 3960 2383 4032; x_wconf 82' lang='grc' dir='ltr'>ἡμῶν</span> <span class='ocrx_word' id='word_1_632' title='bbox 2411 3959 2544 4022; x_wconf 85' lang='grc' dir='ltr'>Θεὸς</span> <span class='ocrx_word' id='word_1_633' title='bbox 2589 3957 2666 4010; x_wconf 84' lang='grc' dir='ltr'><strong>ὢν</strong></span> <span class='ocrx_word' id='word_1_634' title='bbox 2711 3957 2892 4027; x_wconf 85' lang='grc' dir='ltr'>φύσει,</span> <span class='ocrx_word' id='word_1_635' title='bbox 2924 3957 3022 4010; x_wconf 69' lang='grc' dir='ltr'><strong>καὶ</strong></span> <span class='ocrx_word' id='word_1_636' title='bbox 3060 3957 3200 4027; x_wconf 83' lang='grc' dir='ltr'>ὑπὲρ</span> <span class='ocrx_word' id='word_1_637' title='bbox 3232 3957 3378 4026; x_wconf 80' lang='grc' dir='ltr'>ἡμᾶς</span> <span class='ocrx_word' id='word_1_638' title='bbox 3404 3958 3432 4009; x_wconf 87' lang='grc' dir='ltr'>ὁ</span> <span class='ocrx_word' id='word_1_639' title='bbox 3459 3955 3652 4023; x_wconf 85' lang='grc' dir='ltr'>Λόγος.</span> 
     </span>
    </p>
   </div>
   <div class='ocr_carea' id='block_1_81' title="bbox 2077 4045 3657 4123">
    <p class='ocr_par' dir='ltr' id='par_1_81' title="bbox 2077 4045 3657 4123">
     <span class='ocr_line' id='line_1_82' title="bbox 2077 4045 3657 4123; baseline -0.005 -18"><span class='ocrx_word' id='word_1_640' title='bbox 2077 4049 2202 4123; x_wconf 70' lang='lat' dir='ltr'><strong>&#39;Ap‘</strong></span> <span class='ocrx_word' id='word_1_641' title='bbox 2223 4047 2314 4105; x_wconf 78' lang='grc' dir='ltr'><strong>οὖν</strong></span> <span class='ocrx_word' id='word_1_642' title='bbox 2340 4045 2420 4113; x_wconf 76' lang='grc' dir='ltr'>οἷς</span> <span class='ocrx_word' id='word_1_643' title='bbox 2444 4049 2684 4113; x_wconf 80' lang='grc' dir='ltr'>δοξάζειν</span> <span class='ocrx_word' id='word_1_644' title='bbox 2701 4047 2972 4117; x_wconf 86' lang='grc' dir='ltr'>ἐγνώκασι</span> <span class='ocrx_word' id='word_1_645' title='bbox 3000 4047 3256 4100; x_wconf 86' lang='grc' dir='ltr'>τάναντία</span> <span class='ocrx_word' id='word_1_646' title='bbox 3281 4046 3479 4116; x_wconf 83' lang='grc' dir='ltr'>φασίν;</span> <span class='ocrx_word' id='word_1_647' title='bbox 3511 4046 3657 4115; x_wconf 86' lang='grc' dir='ltr'><strong>Ἑρεί</strong></span> 
     </span>
    </p>
   </div>
   <div class='ocr_carea' id='block_1_82' title="bbox 2076 4137 3651 4214">
    <p class='ocr_par' dir='ltr' id='par_1_82' title="bbox 2076 4137 3651 4214">
     <span class='ocr_line' id='line_1_83' title="bbox 2076 4137 3651 4214; baseline -0.005 -17"><span class='ocrx_word' id='word_1_648' title='bbox 2076 4145 2207 4214; x_wconf 84' lang='grc' dir='ltr'>γὰρ,</span> <span class='ocrx_word' id='word_1_649' title='bbox 2239 4137 2414 4212; x_wconf 79' lang='grc' dir='ltr'>οἶμαι,</span> <span class='ocrx_word' id='word_1_650' title='bbox 2444 4143 2527 4204; x_wconf 73' lang='grc' dir='ltr'><strong>τὶς</strong></span> <span class='ocrx_word' id='word_1_651' title='bbox 2553 4139 2660 4194; x_wconf 86' lang='grc' dir='ltr'><strong>τῶν</strong></span> <span class='ocrx_word' id='word_1_652' title='bbox 2693 4140 2760 4192; x_wconf 83' lang='grc' dir='ltr'>τὰ</span> <span class='ocrx_word' id='word_1_653' title='bbox 2793 4140 2932 4194; x_wconf 79' lang='grc' dir='ltr'>αὑτά</span> <span class='ocrx_word' id='word_1_654' title='bbox 2967 4156 3048 4192; x_wconf 89' lang='grc' dir='ltr'><strong>σοι</strong></span> <span class='ocrx_word' id='word_1_655' title='bbox 3077 4140 3292 4211; x_wconf 82' lang='grc' dir='ltr'>φρονεῖν</span> <span class='ocrx_word' id='word_1_656' title='bbox 3321 4137 3612 4208; x_wconf 78' lang='grc' dir='ltr'>ᾑρημένων</span> <span class='ocrx_word' id='word_1_657' title='bbox 3637 4152 3651 4168; x_wconf 89' lang='grc'><strong>·</strong></span> 
     </span>
    </p>
   </div>
   <div class='ocr_carea' id='block_1_83' title="bbox 2078 4225 3656 4306">
    <p class='ocr_par' dir='ltr' id='par_1_83' title="bbox 2078 4225 3656 4306">
     <span class='ocr_line' id='line_1_84' title="bbox 2078 4225 3656 4306; baseline -0.007 -17"><span class='ocrx_word' id='word_1_658' title='bbox 2078 4237 2141 4289; x_wconf 81' lang='lat' dir='ltr'><strong>El</strong></span> <span class='ocrx_word' id='word_1_659' title='bbox 2189 4234 2262 4306; x_wconf 86' lang='grc' dir='ltr'>μὴ</span> <span class='ocrx_word' id='word_1_660' title='bbox 2281 4234 2377 4304; x_wconf 84' lang='grc' dir='ltr'>τὴν</span> <span class='ocrx_word' id='word_1_661' title='bbox 2405 4233 2497 4286; x_wconf 84' lang='grc' dir='ltr'><strong>τοῦ</strong></span> <span class='ocrx_word' id='word_1_662' title='bbox 2510 4234 2679 4300; x_wconf 87' lang='grc' dir='ltr'>Λόγου</span> <span class='ocrx_word' id='word_1_663' title='bbox 2707 4232 2866 4300; x_wconf 89' lang='grc' dir='ltr'>φύσιν</span> <span class='ocrx_word' id='word_1_664' title='bbox 2888 4231 3132 4301; x_wconf 85' lang='grc' dir='ltr'>γέννημα</span> <span class='ocrx_word' id='word_1_665' title='bbox 3149 4229 3346 4301; x_wconf 83' lang='grc' dir='ltr'>σαρκὸς</span> <span class='ocrx_word' id='word_1_666' title='bbox 3361 4225 3501 4281; x_wconf 83' lang='grc' dir='ltr'>εἶναι</span> <span class='ocrx_word' id='word_1_667' title='bbox 3527 4228 3656 4298; x_wconf 77' lang='grc' dir='ltr'>φὴς,</span> 
     </span>
    </p>
   </div>
   <div class='ocr_carea' id='block_1_84' title="bbox 2075 4320 3655 4390">
    <p class='ocr_par' dir='ltr' id='par_1_84' title="bbox 2075 4320 3655 4390">
     <span class='ocr_line' id='line_1_85' title="bbox 2075 4320 3655 4390; baseline -0.005 -10"><span class='ocrx_word' id='word_1_668' title='bbox 2075 4328 2170 4380; x_wconf 78' lang='grc' dir='ltr'>καὶ</span> <span class='ocrx_word' id='word_1_669' title='bbox 2206 4326 2314 4378; x_wconf 86' lang='grc' dir='ltr'><strong>τῶν</strong></span> <span class='ocrx_word' id='word_1_670' title='bbox 2353 4327 2432 4387; x_wconf 83' lang='grc' dir='ltr'><strong>είς</strong></span> <span class='ocrx_word' id='word_1_671' title='bbox 2464 4324 2620 4377; x_wconf 89' lang='grc' dir='ltr'>τοῦτο</span> <span class='ocrx_word' id='word_1_672' title='bbox 2660 4323 2854 4376; x_wconf 83' lang='grc' dir='ltr'>σαυτὸν</span> <span class='ocrx_word' id='word_1_673' title='bbox 2884 4322 3247 4385; x_wconf 84' lang='grc' dir='ltr'>ἀπαλλάττεις</span> <span class='ocrx_word' id='word_1_674' title='bbox 3289 4320 3655 4390; x_wconf 78' lang='grc' dir='ltr'>αἰτιαμάτων,</span> 
     </span>
    </p>
   </div>
   <div class='ocr_carea' id='block_1_85' title="bbox 403 4399 1972 4488">
    <p class='ocr_par' dir='ltr' id='par_1_85' title="bbox 403 4403 1966 4488">
     <span class='ocr_line' id='line_1_86' title="bbox 403 4403 1966 4488; baseline 0.013 -32"><span class='ocrx_word' id='word_1_675' title='bbox 403 4403 633 4460; x_wconf 87' lang='lat' dir='ltr'><strong>crimine</strong></span> <span class='ocrx_word' id='word_1_676' title='bbox 669 4405 870 4464; x_wconf 85' lang='lat' dir='ltr'><strong>liberas</strong></span> <span class='ocrx_word' id='word_1_677' title='bbox 894 4449 908 4474; x_wconf 91' lang='lat'><strong>,</strong></span> <span class='ocrx_word' id='word_1_678' title='bbox 937 4413 1207 4479; x_wconf 88' lang='lat' dir='ltr'><strong>quomodo</strong></span> <span class='ocrx_word' id='word_1_679' title='bbox 1233 4414 1396 4483; x_wconf 87' lang='lat' dir='ltr'><strong>igitur</strong></span> <span class='ocrx_word' id='word_1_680' title='bbox 1422 4426 1664 4471; x_wconf 89' lang='lat' dir='ltr'><strong>sanctam</strong></span> <span class='ocrx_word' id='word_1_681' title='bbox 1691 4419 1966 4488; x_wconf 86' lang='lat' dir='ltr'><strong>Virginem</strong></span> 
     </span>
    </p>
   </div>
   <div class='ocr_carea' id='block_1_86' title="bbox 2080 4399 3656 4488">
    <p class='ocr_par' dir='ltr' id='par_1_86' title="bbox 2080 4412 3656 4488">
     <span class='ocr_line' id='line_1_87' title="bbox 2080 4412 3656 4488; baseline -0.003 -18"><span class='ocrx_word' id='word_1_682' title='bbox 2080 4418 2192 4480; x_wconf 86' lang='grc' dir='ltr'><strong>πῶς</strong></span> <span class='ocrx_word' id='word_1_683' title='bbox 2238 4417 2300 4488; x_wconf 84' lang='grc' dir='ltr'>δὴ</span> <span class='ocrx_word' id='word_1_684' title='bbox 2349 4417 2456 4486; x_wconf 84' lang='grc' dir='ltr'><strong>ἄρα</strong></span> <span class='ocrx_word' id='word_1_685' title='bbox 2493 4415 2624 4468; x_wconf 79' lang='grc' dir='ltr'>Θεὸν</span> <span class='ocrx_word' id='word_1_686' title='bbox 2655 4413 3302 4488; x_wconf 25' lang='grc' dir='ltr'>άποκυῆσαιλδιαϐεϐαιοῖ</span> <span class='ocrx_word' id='word_1_687' title='bbox 3350 4413 3446 4483; x_wconf 81' lang='grc' dir='ltr'><strong>τὴν</strong></span> <span class='ocrx_word' id='word_1_688' title='bbox 3493 4412 3656 4480; x_wconf 85' lang='grc' dir='ltr'>ἁγίαν</span> 
     </span>
    </p>
   </div>
   <div class='ocr_carea' id='block_1_87' title="bbox 403 4499 1968 4578">
    <p class='ocr_par' dir='ltr' id='par_1_87' title="bbox 403 4499 1968 4578">
     <span class='ocr_line' id='line_1_88' title="bbox 403 4499 1968 4578; baseline 0.011 -30"><span class='ocrx_word' id='word_1_689' title='bbox 403 4499 681 4578; x_wconf 73' lang='lat' dir='ltr'><strong>peperisse</strong></span> <span class='ocrx_word' id='word_1_690' title='bbox 713 4499 882 4554; x_wconf 89' lang='lat' dir='ltr'><strong>Deum</strong></span> <span class='ocrx_word' id='word_1_691' title='bbox 911 4502 1112 4556; x_wconf 91' lang='lat' dir='ltr'><strong>asseris</strong></span> <span class='ocrx_word' id='word_1_692' title='bbox 1136 4503 1159 4561; x_wconf 72' lang='grc' dir='ltr'><em>Ἰ</em></span> <span class='ocrx_word' id='word_1_693' title='bbox 1195 4504 1301 4559; x_wconf 89' lang='lat' dir='ltr'><strong>Sed</strong></span> <span class='ocrx_word' id='word_1_694' title='bbox 1327 4506 1373 4560; x_wconf 84' lang='lat' dir='ltr'><strong>is</strong></span> <span class='ocrx_word' id='word_1_695' title='bbox 1399 4521 1428 4559; x_wconf 90' lang='lat' dir='ltr'><strong>a</strong></span> <span class='ocrx_word' id='word_1_696' title='bbox 1457 4508 1610 4562; x_wconf 91' lang='lat' dir='ltr'><strong>nobis</strong></span> <span class='ocrx_word' id='word_1_697' title='bbox 1631 4523 1661 4562; x_wconf 91' lang='lat' dir='ltr'><strong>e</strong></span> <span class='ocrx_word' id='word_1_698' title='bbox 1691 4511 1968 4565; x_wconf 88' lang='lat' dir='ltr'><strong>contrario</strong></span> 
     </span>
    </p>
   </div>
   <div class='ocr_carea' id='block_1_88' title="bbox 405 4590 1969 4656">
    <p class='ocr_par' dir='ltr' id='par_1_88' title="bbox 405 4590 1969 4656">
     <span class='ocr_line' id='line_1_89' title="bbox 405 4590 1969 4656; baseline 0.01 -16"><span class='ocrx_word' id='word_1_699' title='bbox 405 4590 588 4645; x_wconf 87' lang='lat' dir='ltr'><strong>audiet</strong></span> <span class='ocrx_word' id='word_1_700' title='bbox 631 4611 645 4646; x_wconf 91' lang='lat'><strong>:</strong></span> <span class='ocrx_word' id='word_1_701' title='bbox 690 4592 920 4649; x_wconf 89' lang='lat' dir='ltr'><strong>Carnem</strong></span> <span class='ocrx_word' id='word_1_702' title='bbox 958 4593 1156 4650; x_wconf 79' lang='lat' dir='ltr'><strong>factum</strong></span> <span class='ocrx_word' id='word_1_703' title='bbox 1205 4611 1324 4653; x_wconf 81' lang='lat' dir='ltr'><strong>esse</strong></span> <span class='ocrx_word' id='word_1_704' title='bbox 1370 4598 1501 4653; x_wconf 90' lang='lat' dir='ltr'><strong>illud</strong></span> <span class='ocrx_word' id='word_1_705' title='bbox 1533 4614 1600 4654; x_wconf 77' lang='lat' dir='ltr'><strong>ex</strong></span> <span class='ocrx_word' id='word_1_706' title='bbox 1652 4599 1765 4655; x_wconf 90' lang='lat' dir='ltr'><strong>Deo</strong></span> <span class='ocrx_word' id='word_1_707' title='bbox 1808 4601 1969 4656; x_wconf 83' lang='lat' dir='ltr'><strong>Patre</strong></span> 
     </span>
    </p>
   </div>
   <div class='ocr_carea' id='block_1_89' title="bbox 406 4679 1969 4758">
    <p class='ocr_par' dir='ltr' id='par_1_89' title="bbox 406 4679 1969 4758">
     <span class='ocr_line' id='line_1_90' title="bbox 406 4679 1969 4758; baseline 0.008 -27"><span class='ocrx_word' id='word_1_708' title='bbox 406 4679 643 4734; x_wconf 88' lang='lat' dir='ltr'><strong>Verbum</strong></span> <span class='ocrx_word' id='word_1_709' title='bbox 675 4684 752 4736; x_wconf 89' lang='lat' dir='ltr'><strong>ait</strong></span> <span class='ocrx_word' id='word_1_710' title='bbox 782 4684 1062 4753; x_wconf 83' lang='lat' dir='ltr'><strong>Scriptura</strong></span> <span class='ocrx_word' id='word_1_711' title='bbox 1085 4687 1344 4744; x_wconf 89' lang='lat' dir='ltr'><strong>divinitus</strong></span> <span class='ocrx_word' id='word_1_712' title='bbox 1393 4691 1679 4758; x_wconf 89' lang='lat' dir='ltr'><strong>inspirata,</strong></span> <span class='ocrx_word' id='word_1_713' title='bbox 1731 4692 1834 4748; x_wconf 91' lang='lat' dir='ltr'><strong>hoc</strong></span> <span class='ocrx_word' id='word_1_714' title='bbox 1865 4702 1969 4756; x_wconf 89' lang='lat' dir='ltr'><strong>est,</strong></span> 
     </span>
    </p>
   </div>
   <div class='ocr_carea' id='block_1_90' title="bbox 405 4770 1973 4852">
    <p class='ocr_par' dir='ltr' id='par_1_90' title="bbox 405 4770 1973 4852">
     <span class='ocr_line' id='line_1_91' title="bbox 405 4770 1973 4852; baseline 0.008 -30"><span class='ocrx_word' id='word_1_715' title='bbox 405 4770 558 4823; x_wconf 87' lang='lat' dir='ltr'><strong>carni</strong></span> <span class='ocrx_word' id='word_1_716' title='bbox 587 4771 705 4826; x_wconf 88' lang='lat' dir='ltr'><strong>sine</strong></span> <span class='ocrx_word' id='word_1_717' title='bbox 733 4772 1052 4831; x_wconf 79' lang='lat' dir='ltr'><strong>confusione</strong></span> <span class='ocrx_word' id='word_1_718' title='bbox 1089 4787 1143 4832; x_wconf 92' lang='lat' dir='ltr'><strong>et</strong></span> <span class='ocrx_word' id='word_1_719' title='bbox 1164 4782 1457 4837; x_wconf 90' lang='lat' dir='ltr'><strong>secundum</strong></span> <span class='ocrx_word' id='word_1_720' title='bbox 1487 4783 1820 4852; x_wconf 86' lang='lat' dir='ltr'><strong>hypostasim</strong></span> <span class='ocrx_word' id='word_1_721' title='bbox 1853 4786 1973 4838; x_wconf 87' lang='lat' dir='ltr'><strong>uni-</strong></span> 
     </span>
    </p>
   </div>
   <div class='ocr_carea' id='block_1_91' title="bbox 406 4867 1970 4934">
    <p class='ocr_par' dir='ltr' id='par_1_91' title="bbox 406 4867 1970 4934">
     <span class='ocr_line' id='line_1_92' title="bbox 406 4867 1970 4934; baseline 0.01 -20"><span class='ocrx_word' id='word_1_722' title='bbox 406 4871 517 4914; x_wconf 93' lang='lat' dir='ltr'><strong>tum</strong></span> <span class='ocrx_word' id='word_1_723' title='bbox 553 4881 567 4918; x_wconf 91' lang='lat'><strong>:</strong></span> <span class='ocrx_word' id='word_1_724' title='bbox 610 4878 784 4934; x_wconf 83' lang='lat' dir='ltr'><strong>neque</strong></span> <span class='ocrx_word' id='word_1_725' title='bbox 806 4867 948 4921; x_wconf 89' lang='lat' dir='ltr'><strong>enim</strong></span> <span class='ocrx_word' id='word_1_726' title='bbox 979 4868 1209 4924; x_wconf 89' lang='lat' dir='ltr'><strong>alienum</strong></span> <span class='ocrx_word' id='word_1_727' title='bbox 1246 4872 1314 4926; x_wconf 85' lang='lat' dir='ltr'><strong>ab</strong></span> <span class='ocrx_word' id='word_1_728' title='bbox 1361 4888 1426 4929; x_wconf 93' lang='lat' dir='ltr'><strong>eo</strong></span> <span class='ocrx_word' id='word_1_729' title='bbox 1473 4886 1591 4929; x_wconf 90' lang='lat' dir='ltr'><strong>erat</strong></span> <span class='ocrx_word' id='word_1_730' title='bbox 1641 4876 1848 4930; x_wconf 89' lang='lat' dir='ltr'><strong>unitum</strong></span> <span class='ocrx_word' id='word_1_731' title='bbox 1897 4877 1970 4930; x_wconf 91' lang='lat' dir='ltr'><strong>illi</strong></span> 
     </span>
    </p>
   </div>
   <div class='ocr_carea' id='block_1_92' title="bbox 404 4953 1972 5036">
    <p class='ocr_par' dir='ltr' id='par_1_92' title="bbox 404 4953 1972 5036">
     <span class='ocr_line' id='line_1_93' title="bbox 404 4953 1972 5036; baseline 0.008 -29"><span class='ocrx_word' id='word_1_732' title='bbox 404 4968 619 5024; x_wconf 89' lang='lat' dir='ltr'><strong>corpus,</strong></span> <span class='ocrx_word' id='word_1_733' title='bbox 650 4953 708 5012; x_wconf 84' lang='lat' dir='ltr'><strong>et</strong></span> <span class='ocrx_word' id='word_1_734' title='bbox 744 4967 926 5013; x_wconf 89' lang='lat' dir='ltr'><strong>natum</strong></span> <span class='ocrx_word' id='word_1_735' title='bbox 967 4975 1032 5016; x_wconf 83' lang='lat' dir='ltr'><strong>ex</strong></span> <span class='ocrx_word' id='word_1_736' title='bbox 1069 4962 1294 5018; x_wconf 86' lang='lat' dir='ltr'><strong>muliere</strong></span> <span class='ocrx_word' id='word_1_737' title='bbox 1321 5002 1337 5029; x_wconf 91' lang='lat'><strong>,</strong></span> <span class='ocrx_word' id='word_1_738' title='bbox 1380 4965 1473 5020; x_wconf 88' lang='lat' dir='ltr'><strong>sed</strong></span> <span class='ocrx_word' id='word_1_739' title='bbox 1495 4976 1554 5020; x_wconf 92' lang='lat' dir='ltr'><strong>ut</strong></span> <span class='ocrx_word' id='word_1_740' title='bbox 1589 4981 1745 5021; x_wconf 89' lang='lat' dir='ltr'><strong>suum</strong></span> <span class='ocrx_word' id='word_1_741' title='bbox 1777 4967 1972 5036; x_wconf 86' lang='lat' dir='ltr'><strong>cuique</strong></span> 
     </span>
    </p>
   </div>
   <div class='ocr_carea' id='block_1_93' title="bbox 406 5051 1972 5124">
    <p class='ocr_par' dir='ltr' id='par_1_93' title="bbox 406 5051 1972 5124">
     <span class='ocr_line' id='line_1_94' title="bbox 406 5051 1972 5124; baseline 0.008 -26"><span class='ocrx_word' id='word_1_742' title='bbox 406 5055 646 5101; x_wconf 89' lang='lat' dir='ltr'><strong>nostrum</strong></span> <span class='ocrx_word' id='word_1_743' title='bbox 680 5051 957 5118; x_wconf 84' lang='lat' dir='ltr'><strong>proprium</strong></span> <span class='ocrx_word' id='word_1_744' title='bbox 988 5062 1072 5107; x_wconf 87' lang='lat' dir='ltr'><strong>est</strong></span> <span class='ocrx_word' id='word_1_745' title='bbox 1107 5068 1322 5124; x_wconf 90' lang='lat' dir='ltr'><strong>corpus,</strong></span> <span class='ocrx_word' id='word_1_746' title='bbox 1377 5056 1568 5112; x_wconf 81' lang='lat' dir='ltr'><strong>eodem</strong></span> <span class='ocrx_word' id='word_1_747' title='bbox 1618 5060 1776 5112; x_wconf 91' lang='lat' dir='ltr'><strong>modo</strong></span> <span class='ocrx_word' id='word_1_748' title='bbox 1805 5059 1972 5113; x_wconf 84' lang='lat' dir='ltr'><strong>etiam</strong></span> 
     </span>
    </p>
   </div>
   <div class='ocr_carea' id='block_1_94' title="bbox 401 5136 1972 5214">
    <p class='ocr_par' dir='ltr' id='par_1_94' title="bbox 401 5136 1972 5214">
     <span class='ocr_line' id='line_1_95' title="bbox 401 5136 1972 5214; baseline 0.007 -22"><span class='ocrx_word' id='word_1_749' title='bbox 401 5136 678 5209; x_wconf 84' lang='lat' dir='ltr'><strong>Uuigeniti</strong></span> <span class='ocrx_word' id='word_1_750' title='bbox 708 5157 907 5211; x_wconf 84' lang='lat' dir='ltr'><strong>corpus</strong></span> <span class='ocrx_word' id='word_1_751' title='bbox 946 5145 1224 5214; x_wconf 89' lang='lat' dir='ltr'><strong>proprium</strong></span> <span class='ocrx_word' id='word_1_752' title='bbox 1271 5148 1346 5202; x_wconf 90' lang='lat' dir='ltr'><strong>illi</strong></span> <span class='ocrx_word' id='word_1_753' title='bbox 1387 5157 1526 5212; x_wconf 89' lang='lat' dir='ltr'><strong>erat,</strong></span> <span class='ocrx_word' id='word_1_754' title='bbox 1563 5159 1619 5203; x_wconf 92' lang='lat' dir='ltr'><strong>et</strong></span> <span class='ocrx_word' id='word_1_755' title='bbox 1668 5166 1772 5204; x_wconf 91' lang='lat' dir='ltr'><strong>non</strong></span> <span class='ocrx_word' id='word_1_756' title='bbox 1833 5151 1972 5202; x_wconf 77' lang='lat' dir='ltr'><strong>alte.-</strong></span> 
     </span>
    </p>
   </div>
   <div class='ocr_carea' id='block_1_95' title="bbox 409 5228 1971 5303">
    <p class='ocr_par' dir='ltr' id='par_1_95' title="bbox 409 5228 1971 5303">
     <span class='ocr_line' id='line_1_96' title="bbox 409 5228 1971 5303; baseline 0.01 -23"><span class='ocrx_word' id='word_1_757' title='bbox 409 5228 520 5283; x_wconf 88' lang='lat' dir='ltr'><strong>rius</strong></span> <span class='ocrx_word' id='word_1_758' title='bbox 553 5247 565 5286; x_wconf 86' lang='lat'><strong>:</strong></span> <span class='ocrx_word' id='word_1_759' title='bbox 599 5231 679 5286; x_wconf 92' lang='lat' dir='ltr'><strong>sic</strong></span> <span class='ocrx_word' id='word_1_760' title='bbox 716 5249 946 5303; x_wconf 84' lang='lat' dir='ltr'><strong>namque</strong></span> <span class='ocrx_word' id='word_1_761' title='bbox 978 5234 1152 5291; x_wconf 77' lang='lat' dir='ltr'><strong>factus</strong></span> <span class='ocrx_word' id='word_1_762' title='bbox 1189 5246 1271 5292; x_wconf 90' lang='lat' dir='ltr'><strong>est</strong></span> <span class='ocrx_word' id='word_1_763' title='bbox 1315 5240 1476 5294; x_wconf 88' lang='lat' dir='ltr'><strong>etiam</strong></span> <span class='ocrx_word' id='word_1_764' title='bbox 1515 5241 1810 5301; x_wconf 86' lang='lat' dir='ltr'><strong>secundum</strong></span> <span class='ocrx_word' id='word_1_765' title='bbox 1843 5258 1971 5297; x_wconf 84' lang='lat' dir='ltr'><strong>car-</strong></span> 
     </span>
    </p>
   </div>
   <div class='ocr_carea' id='block_1_96' title="bbox 404 5323 1964 5400">
    <p class='ocr_par' dir='ltr' id='par_1_96' title="bbox 404 5323 1964 5400">
     <span class='ocr_line' id='line_1_97' title="bbox 404 5323 1964 5400; baseline 0.009 -27"><span class='ocrx_word' id='word_1_766' title='bbox 404 5338 548 5378; x_wconf 86' lang='lat' dir='ltr'><strong>nem.</strong></span> <span class='ocrx_word' id='word_1_767' title='bbox 588 5323 854 5382; x_wconf 75' lang='lat' dir='ltr'><strong>Practerea</strong></span> <span class='ocrx_word' id='word_1_768' title='bbox 883 5329 970 5383; x_wconf 91' lang='lat' dir='ltr'><strong>dic</strong></span> <span class='ocrx_word' id='word_1_769' title='bbox 996 5329 1128 5384; x_wconf 90' lang='lat' dir='ltr'><strong>mihi</strong></span> <span class='ocrx_word' id='word_1_770' title='bbox 1159 5333 1428 5400; x_wconf 92' lang='lat' dir='ltr'><strong>quomodo</strong></span> <span class='ocrx_word' id='word_1_771' title='bbox 1459 5332 1658 5388; x_wconf 80' lang='lat' dir='ltr'><strong>factum</strong></span> <span class='ocrx_word' id='word_1_772' title='bbox 1707 5345 1790 5390; x_wconf 90' lang='lat' dir='ltr'><strong>est</strong></span> <span class='ocrx_word' id='word_1_773' title='bbox 1815 5351 1964 5400; x_wconf 87' lang='lat' dir='ltr'><strong>eam,</strong></span> 
     </span>
    </p>
   </div>
   <div class='ocr_carea' id='block_1_97' title="bbox 404 5413 1976 5496">
    <p class='ocr_par' dir='ltr' id='par_1_97' title="bbox 404 5413 1976 5496">
     <span class='ocr_line' id='line_1_98' title="bbox 404 5413 1976 5496; baseline 0.011 -32"><span class='ocrx_word' id='word_1_774' title='bbox 404 5413 447 5464; x_wconf 79' lang='lat' dir='ltr'><strong>si</strong></span> <span class='ocrx_word' id='word_1_775' title='bbox 483 5418 758 5482; x_wconf 88' lang='lat' dir='ltr'><strong>generatio</strong></span> <span class='ocrx_word' id='word_1_776' title='bbox 785 5433 849 5472; x_wconf 79' lang='lat' dir='ltr'><strong>ex</strong></span> <span class='ocrx_word' id='word_1_777' title='bbox 877 5422 1102 5476; x_wconf 90' lang='lat' dir='ltr'><strong>muliere</strong></span> <span class='ocrx_word' id='word_1_778' title='bbox 1138 5438 1243 5478; x_wconf 91' lang='lat' dir='ltr'><strong>non</strong></span> <span class='ocrx_word' id='word_1_779' title='bbox 1280 5425 1350 5478; x_wconf 89' lang='lat' dir='ltr'><strong>sit</strong></span> <span class='ocrx_word' id='word_1_780' title='bbox 1401 5425 1696 5496; x_wconf 88' lang='lat' dir='ltr'><strong>adjuncta;</strong></span> <span class='ocrx_word' id='word_1_781' title='bbox 1728 5443 1849 5482; x_wconf 91' lang='lat' dir='ltr'><strong>cum</strong></span> <span class='ocrx_word' id='word_1_782' title='bbox 1878 5428 1976 5482; x_wconf 87' lang='lat' dir='ltr'><strong>hu-</strong></span> 
     </span>
    </p>
   </div>
   <div class='ocr_carea' id='block_1_98' title="bbox 405 5512 1975 5586">
    <p class='ocr_par' dir='ltr' id='par_1_98' title="bbox 405 5512 1975 5586">
     <span class='ocr_line' id='line_1_99' title="bbox 405 5512 1975 5586; baseline 0.011 -27"><span class='ocrx_word' id='word_1_783' title='bbox 405 5521 579 5559; x_wconf 72' lang='lat' dir='ltr'><strong>mana:</strong></span> <span class='ocrx_word' id='word_1_784' title='bbox 613 5519 820 5565; x_wconf 82' lang='lat' dir='ltr'><strong>naturae</strong></span> <span class='ocrx_word' id='word_1_785' title='bbox 856 5512 1001 5583; x_wconf 76' lang='lat' dir='ltr'><strong>leges</strong></span> <span class='ocrx_word' id='word_1_786' title='bbox 1040 5515 1089 5570; x_wconf 90' lang='lat' dir='ltr'><strong>id</strong></span> <span class='ocrx_word' id='word_1_787' title='bbox 1133 5517 1412 5586; x_wconf 85' lang='lat' dir='ltr'><strong>requirant</strong></span> <span class='ocrx_word' id='word_1_788' title='bbox 1446 5560 1461 5578; x_wconf 56' lang='grc' dir='ltr'><strong>η</strong></span> <span class='ocrx_word' id='word_1_789' title='bbox 1508 5529 1564 5576; x_wconf 90' lang='lat' dir='ltr'><strong>et</strong></span> <span class='ocrx_word' id='word_1_790' title='bbox 1600 5521 1834 5577; x_wconf 87' lang='lat' dir='ltr'><strong>carnalis</strong></span> <span class='ocrx_word' id='word_1_791' title='bbox 1881 5536 1975 5576; x_wconf 82' lang='lat' dir='ltr'><strong>ex-</strong></span> 
     </span>
    </p>
   </div>
   <div class='ocr_carea' id='block_1_99' title="bbox 807 5611 838 5631">
    <p class='ocr_par' dir='ltr' id='par_1_99' title="bbox 807 5611 838 5631">
     <span class='ocr_line' id='line_1_100' title="bbox 807 5611 838 5631; baseline 0 0"><span class='ocrx_word' id='word_1_792' title='bbox 807 5611 838 5631; x_wconf 62' lang='grc' dir='ltr'><strong><em>υ</em></strong></span> 
     </span>
    </p>
   </div>
   <div class='ocr_carea' id='block_1_100' title="bbox 474 5681 850 5749">
    <p class='ocr_par' dir='ltr' id='par_1_100' title="bbox 474 5681 850 5749">
     <span class='ocr_line' id='line_1_101' title="bbox 474 5681 850 5749; baseline 0 -10"><span class='ocrx_word' id='word_1_793' title='bbox 474 5682 515 5713; x_wconf 84' lang='grc'><em>³⁸</em></span> <span class='ocrx_word' id='word_1_794' title='bbox 548 5681 677 5739; x_wconf 80' lang='lat' dir='ltr'><strong>Luc.</strong></span> <span class='ocrx_word' id='word_1_795' title='bbox 720 5700 757 5749; x_wconf 84' lang='grc' dir='ltr'><strong>ι,</strong></span> <span class='ocrx_word' id='word_1_796' title='bbox 795 5687 850 5739; x_wconf 78' lang='lat'><strong>2.</strong></span> 
     </span>
    </p>
   </div>
   <div class='ocr_carea' id='block_1_101' title="bbox 2074 4485 3652 4580">
    <p class='ocr_par' dir='ltr' id='par_1_101' title="bbox 2074 4485 3652 4580">
     <span class='ocr_line' id='line_1_102' title="bbox 2074 4485 3652 4580; baseline -0.004 -17"><span class='ocrx_word' id='word_1_797' title='bbox 2074 4485 2346 4580; x_wconf 83' lang='grc' dir='ltr'>Παρθένον</span> <span class='ocrx_word' id='word_1_798' title='bbox 2367 4485 2832 4574; x_wconf 56' lang='grc' dir='ltr'>,Ἀντακούσεται</span> <span class='ocrx_word' id='word_1_799' title='bbox 2859 4506 2916 4559; x_wconf 84' lang='grc' dir='ltr'><strong>δὲ</strong></span> <span class='ocrx_word' id='word_1_800' title='bbox 2949 4485 3084 4576; x_wconf 78' lang='grc' dir='ltr'>πρὸς</span> <span class='ocrx_word' id='word_1_801' title='bbox 3113 4506 3268 4575; x_wconf 82' lang='grc' dir='ltr'>ἡμῶν</span> <span class='ocrx_word' id='word_1_802' title='bbox 3295 4522 3307 4533; x_wconf 89' lang='grc'><strong>·</strong></span> <span class='ocrx_word' id='word_1_803' title='bbox 3344 4505 3534 4574; x_wconf 85' lang='grc' dir='ltr'>Σάρκα</span> <span class='ocrx_word' id='word_1_804' title='bbox 3558 4520 3652 4570; x_wconf 82' lang='grc' dir='ltr'>γε·</span> 
     </span>
    </p>
   </div>
   <div class='ocr_carea' id='block_1_102' title="bbox 2072 4593 3653 4671">
    <p class='ocr_par' dir='ltr' id='par_1_102' title="bbox 2072 4593 3653 4671">
     <span class='ocr_line' id='line_1_103' title="bbox 2072 4593 3653 4671; baseline -0.008 -15"><span class='ocrx_word' id='word_1_805' title='bbox 2072 4602 2258 4656; x_wconf 85' lang='grc' dir='ltr'>νέσθαι</span> <span class='ocrx_word' id='word_1_806' title='bbox 2288 4602 2452 4670; x_wconf 66' lang='grc' dir='ltr'>φησὶν</span> <span class='ocrx_word' id='word_1_807' title='bbox 2478 4602 2511 4671; x_wconf 86' lang='grc' dir='ltr'>ἠ</span> <span class='ocrx_word' id='word_1_808' title='bbox 2539 4598 2892 4660; x_wconf 83' lang='grc' dir='ltr'>θεόπνευστος</span> <span class='ocrx_word' id='word_1_809' title='bbox 2922 4595 3114 4666; x_wconf 73' lang='grc' dir='ltr'>Γραφὴ</span> <span class='ocrx_word' id='word_1_810' title='bbox 3140 4596 3230 4648; x_wconf 83' lang='grc' dir='ltr'><strong>τὸν</strong></span> <span class='ocrx_word' id='word_1_811' title='bbox 3267 4597 3330 4648; x_wconf 88' lang='grc' dir='ltr'><strong>ἐκ</strong></span> <span class='ocrx_word' id='word_1_812' title='bbox 3364 4593 3501 4646; x_wconf 87' lang='grc' dir='ltr'>Θεοῦ</span> <span class='ocrx_word' id='word_1_813' title='bbox 3543 4594 3653 4645; x_wconf 87' lang='grc' dir='ltr'><strong>Πα-</strong></span> 
     </span>
    </p>
   </div>
   <div class='ocr_carea' id='block_1_103' title="bbox 2077 4683 3653 4766">
    <p class='ocr_par' dir='ltr' id='par_1_103' title="bbox 2077 4683 3653 4766">
     <span class='ocr_line' id='line_1_104' title="bbox 2077 4683 3653 4766; baseline -0.009 -17"><span class='ocrx_word' id='word_1_814' title='bbox 2077 4695 2202 4766; x_wconf 82' lang='grc' dir='ltr'>τρὸς</span> <span class='ocrx_word' id='word_1_815' title='bbox 2229 4692 2422 4760; x_wconf 82' lang='grc' dir='ltr'>Λόγον,</span> <span class='ocrx_word' id='word_1_816' title='bbox 2452 4691 2745 4754; x_wconf 85' lang='grc' dir='ltr'>τουτέστιν,</span> <span class='ocrx_word' id='word_1_817' title='bbox 2774 4688 3095 4758; x_wconf 86' lang='grc' dir='ltr'>ἀσυγχύτως</span> <span class='ocrx_word' id='word_1_818' title='bbox 3138 4703 3194 4738; x_wconf 88' lang='grc' dir='ltr'><strong>τε</strong></span> <span class='ocrx_word' id='word_1_819' title='bbox 3240 4686 3336 4738; x_wconf 70' lang='grc' dir='ltr'>καὶ</span> <span class='ocrx_word' id='word_1_820' title='bbox 3366 4685 3489 4739; x_wconf 78' lang='grc' dir='ltr'>καθ’</span> <span class='ocrx_word' id='word_1_821' title='bbox 3522 4683 3653 4737; x_wconf 80' lang='grc' dir='ltr'>ὑπό-</span> 
     </span>
    </p>
   </div>
   <div class='ocr_carea' id='block_1_104' title="bbox 2079 4771 3652 4852">
    <p class='ocr_par' dir='ltr' id='par_1_104' title="bbox 2079 4771 3652 4852">
     <span class='ocr_line' id='line_1_105' title="bbox 2079 4771 3652 4852; baseline -0.008 -15"><span class='ocrx_word' id='word_1_822' title='bbox 2079 4801 2266 4837; x_wconf 88' lang='grc' dir='ltr'>στασιν</span> <span class='ocrx_word' id='word_1_823' title='bbox 2300 4782 2559 4852; x_wconf 81' lang='grc' dir='ltr'>ἐνωθῆναι</span> <span class='ocrx_word' id='word_1_824' title='bbox 2595 4780 2792 4850; x_wconf 85' lang='grc' dir='ltr'>σαρκί·</span> <span class='ocrx_word' id='word_1_825' title='bbox 2845 4779 2902 4832; x_wconf 82' lang='grc' dir='ltr'>οὐ</span> <span class='ocrx_word' id='word_1_826' title='bbox 2938 4777 3046 4847; x_wconf 80' lang='grc' dir='ltr'><strong>γὰρ</strong></span> <span class='ocrx_word' id='word_1_827' title='bbox 3082 4773 3148 4847; x_wconf 83' lang='grc' dir='ltr'>ἦν</span> <span class='ocrx_word' id='word_1_828' title='bbox 3179 4775 3457 4845; x_wconf 81' lang='grc' dir='ltr'>ἀλλότριον</span> <span class='ocrx_word' id='word_1_829' title='bbox 3489 4771 3652 4828; x_wconf 78' lang='grc' dir='ltr'>αὐτοῦ</span> 
     </span>
    </p>
   </div>
   <div class='ocr_carea' id='block_1_105' title="bbox 2076 4867 3652 4944">
    <p class='ocr_par' dir='ltr' id='par_1_105' title="bbox 2076 4867 3652 4944">
     <span class='ocr_line' id='line_1_106' title="bbox 2076 4867 3652 4944; baseline -0.005 -16"><span class='ocrx_word' id='word_1_830' title='bbox 2076 4877 2138 4928; x_wconf 77' lang='grc' dir='ltr'>τὸ</span> <span class='ocrx_word' id='word_1_831' title='bbox 2163 4875 2360 4929; x_wconf 88' lang='grc' dir='ltr'>ἐνωθέν</span> <span class='ocrx_word' id='word_1_832' title='bbox 2383 4874 2532 4944; x_wconf 84' lang='grc' dir='ltr'>αὐτῴ</span> <span class='ocrx_word' id='word_1_833' title='bbox 2559 4873 2738 4942; x_wconf 89' lang='grc' dir='ltr'>σῶμα,</span> <span class='ocrx_word' id='word_1_834' title='bbox 2757 4873 2851 4924; x_wconf 74' lang='grc' dir='ltr'><strong>καὶ</strong></span> <span class='ocrx_word' id='word_1_835' title='bbox 2872 4869 3267 4939; x_wconf 84' lang='grc' dir='ltr'>γεγεννημένον</span> <span class='ocrx_word' id='word_1_836' title='bbox 3291 4871 3353 4920; x_wconf 83' lang='grc' dir='ltr'><strong>ἐκ</strong></span> <span class='ocrx_word' id='word_1_837' title='bbox 3374 4867 3652 4935; x_wconf 73' lang='grc' dir='ltr'>γυναικὸς,</span> 
     </span>
    </p>
   </div>
   <div class='ocr_carea' id='block_1_106' title="bbox 2076 4956 3653 5034">
    <p class='ocr_par' dir='ltr' id='par_1_106' title="bbox 2076 4956 3653 5034">
     <span class='ocr_line' id='line_1_107' title="bbox 2076 4956 3653 5034; baseline -0.007 -15"><span class='ocrx_word' id='word_1_838' title='bbox 2076 4966 2191 5019; x_wconf 88' lang='grc' dir='ltr'>ἀλλ’</span> <span class='ocrx_word' id='word_1_839' title='bbox 2222 4966 2410 5034; x_wconf 83' lang='grc' dir='ltr'>ῶσπερ</span> <span class='ocrx_word' id='word_1_840' title='bbox 2457 4964 2585 5018; x_wconf 83' lang='grc' dir='ltr'>ίδιον</span> <span class='ocrx_word' id='word_1_841' title='bbox 2631 4962 2740 5016; x_wconf 85' lang='grc' dir='ltr'><strong>τῶν</strong></span> <span class='ocrx_word' id='word_1_842' title='bbox 2784 4960 2904 5015; x_wconf 83' lang='grc' dir='ltr'>καθ’</span> <span class='ocrx_word' id='word_1_843' title='bbox 2933 4963 3081 5030; x_wconf 75' lang='grc' dir='ltr'>ἡμᾶς</span> <span class='ocrx_word' id='word_1_844' title='bbox 3119 4961 3333 5030; x_wconf 80' lang='grc' dir='ltr'>ἑκάστῳ</span> <span class='ocrx_word' id='word_1_845' title='bbox 3372 4959 3432 5010; x_wconf 78' lang='grc' dir='ltr'>τὸ</span> <span class='ocrx_word' id='word_1_846' title='bbox 3465 4956 3653 5021; x_wconf 85' lang='grc' dir='ltr'>αὑτοῦ,</span> 
     </span>
    </p>
   </div>
   <div class='ocr_carea' id='block_1_107' title="bbox 2073 5047 3655 5124">
    <p class='ocr_par' dir='ltr' id='par_1_107' title="bbox 2073 5047 3655 5124">
     <span class='ocr_line' id='line_1_108' title="bbox 2073 5047 3655 5124; baseline -0.006 -13"><span class='ocrx_word' id='word_1_847' title='bbox 2073 5057 2214 5112; x_wconf 78' lang='grc' dir='ltr'>κατὰ</span> <span class='ocrx_word' id='word_1_848' title='bbox 2241 5047 2332 5111; x_wconf 72' lang='grc' dir='ltr'><strong>τὸν</strong></span> <span class='ocrx_word' id='word_1_849' title='bbox 2366 5057 2528 5109; x_wconf 81' lang='grc' dir='ltr'>αὑτὸν</span> <span class='ocrx_word' id='word_1_850' title='bbox 2559 5055 2773 5108; x_wconf 82' lang='grc' dir='ltr'>τουτονὶ</span> <span class='ocrx_word' id='word_1_851' title='bbox 2795 5054 3014 5124; x_wconf 66' lang='grc' dir='ltr'>τρόπον,</span> <span class='ocrx_word' id='word_1_852' title='bbox 3056 5054 3147 5105; x_wconf 67' lang='grc' dir='ltr'><strong>καὶ</strong></span> <span class='ocrx_word' id='word_1_853' title='bbox 3183 5053 3278 5105; x_wconf 89' lang='grc' dir='ltr'><strong>τοῦ</strong></span> <span class='ocrx_word' id='word_1_854' title='bbox 3315 5048 3655 5118; x_wconf 83' lang='grc' dir='ltr'>Μονογενοῦς</span> 
     </span>
    </p>
   </div>
   <div class='ocr_carea' id='block_1_108' title="bbox 2074 5142 3656 5221">
    <p class='ocr_par' dir='ltr' id='par_1_108' title="bbox 2074 5142 3656 5221">
     <span class='ocr_line' id='line_1_109' title="bbox 2074 5142 3656 5221; baseline -0.006 -19"><span class='ocrx_word' id='word_1_855' title='bbox 2074 5150 2203 5204; x_wconf 72' lang='grc' dir='ltr'>ἴδιον</span> <span class='ocrx_word' id='word_1_856' title='bbox 2237 5146 2324 5221; x_wconf 85' lang='grc' dir='ltr'>ἦν,</span> <span class='ocrx_word' id='word_1_857' title='bbox 2355 5150 2447 5202; x_wconf 73' lang='grc' dir='ltr'><strong>καὶ</strong></span> <span class='ocrx_word' id='word_1_858' title='bbox 2470 5148 2567 5216; x_wconf 76' lang='grc' dir='ltr'><strong>οὐχ</strong></span> <span class='ocrx_word' id='word_1_859' title='bbox 2597 5147 2783 5215; x_wconf 88' lang='grc' dir='ltr'>ἐτέρου</span> <span class='ocrx_word' id='word_1_860' title='bbox 2816 5143 2877 5196; x_wconf 83' lang='grc' dir='ltr'><strong>τὸ</strong></span> <span class='ocrx_word' id='word_1_861' title='bbox 2912 5144 3096 5213; x_wconf 80' lang='grc' dir='ltr'>σῶμα·</span> <span class='ocrx_word' id='word_1_862' title='bbox 3124 5144 3266 5196; x_wconf 68' lang='grc' dir='ltr'>οὕτω</span> <span class='ocrx_word' id='word_1_863' title='bbox 3296 5142 3404 5212; x_wconf 88' lang='grc' dir='ltr'><strong>γὰρ</strong></span> <span class='ocrx_word' id='word_1_864' title='bbox 3437 5142 3531 5194; x_wconf 74' lang='grc' dir='ltr'>καὶ</span> <span class='ocrx_word' id='word_1_865' title='bbox 3561 5156 3656 5207; x_wconf 85' lang='grc' dir='ltr'>γε·</span> 
     </span>
    </p>
   </div>
   <div class='ocr_carea' id='block_1_109' title="bbox 2071 5229 3653 5311">
    <p class='ocr_par' dir='ltr' id='par_1_109' title="bbox 2071 5229 3653 5311">
     <span class='ocr_line' id='line_1_110' title="bbox 2071 5229 3653 5311; baseline -0.008 -18"><span class='ocrx_word' id='word_1_866' title='bbox 2071 5241 2326 5311; x_wconf 89' lang='grc' dir='ltr'>γέννηται</span> <span class='ocrx_word' id='word_1_867' title='bbox 2364 5237 2506 5291; x_wconf 86' lang='grc' dir='ltr'><strong>κατὰ</strong></span> <span class='ocrx_word' id='word_1_868' title='bbox 2533 5236 2729 5306; x_wconf 80' lang='grc' dir='ltr'>σάρκα.</span> <span class='ocrx_word' id='word_1_869' title='bbox 2757 5229 2889 5286; x_wconf 81' lang='grc' dir='ltr'>Εἶτα</span> <span class='ocrx_word' id='word_1_870' title='bbox 2911 5233 3026 5296; x_wconf 87' lang='grc' dir='ltr'><strong>πῶς</strong></span> <span class='ocrx_word' id='word_1_871' title='bbox 3057 5232 3143 5297; x_wconf 75' lang='grc' dir='ltr'><strong>ἂν,</strong></span> <span class='ocrx_word' id='word_1_872' title='bbox 3173 5233 3292 5285; x_wconf 81' lang='grc' dir='ltr'>εἰπέ</span> <span class='ocrx_word' id='word_1_873' title='bbox 3327 5249 3436 5301; x_wconf 91' lang='grc' dir='ltr'>μοι,</span> <span class='ocrx_word' id='word_1_874' title='bbox 3459 5230 3653 5298; x_wconf 84' lang='grc' dir='ltr'>γέγονε</span> 
     </span>
    </p>
   </div>
   <div class='ocr_carea' id='block_1_110' title="bbox 2075 5320 3652 5401">
    <p class='ocr_par' dir='ltr' id='par_1_110' title="bbox 2075 5320 3652 5401">
     <span class='ocr_line' id='line_1_111' title="bbox 2075 5320 3652 5401; baseline -0.009 -16"><span class='ocrx_word' id='word_1_875' title='bbox 2075 5331 2230 5401; x_wconf 76' lang='grc' dir='ltr'>σὰρξ,</span> <span class='ocrx_word' id='word_1_876' title='bbox 2253 5331 2312 5383; x_wconf 87' lang='grc' dir='ltr'><strong>ού</strong></span> <span class='ocrx_word' id='word_1_877' title='bbox 2349 5324 2796 5398; x_wconf 84' lang='grc' dir='ltr'>παρειλημμένης</span> <span class='ocrx_word' id='word_1_878' title='bbox 2823 5324 3125 5394; x_wconf 84' lang='grc' dir='ltr'>γεννήσεως</span> <span class='ocrx_word' id='word_1_879' title='bbox 3152 5323 3250 5390; x_wconf 81' lang='grc' dir='ltr'><strong>τῆς</strong></span> <span class='ocrx_word' id='word_1_880' title='bbox 3280 5323 3342 5374; x_wconf 82' lang='grc' dir='ltr'><strong>ἐκ</strong></span> <span class='ocrx_word' id='word_1_881' title='bbox 3369 5320 3652 5388; x_wconf 75' lang='grc' dir='ltr'>γυναικὸς,</span> 
     </span>
    </p>
   </div>
   <div class='ocr_carea' id='block_1_111' title="bbox 2072 5411 3653 5492">
    <p class='ocr_par' dir='ltr' id='par_1_111' title="bbox 2072 5411 3653 5492">
     <span class='ocr_line' id='line_1_112' title="bbox 2072 5411 3653 5492; baseline -0.008 -17"><span class='ocrx_word' id='word_1_882' title='bbox 2072 5423 2180 5476; x_wconf 84' lang='grc' dir='ltr'><strong>τῶν</strong></span> <span class='ocrx_word' id='word_1_883' title='bbox 2213 5424 2312 5492; x_wconf 83' lang='grc' dir='ltr'>τῆς</span> <span class='ocrx_word' id='word_1_884' title='bbox 2349 5417 2763 5489; x_wconf 84' lang='grc' dir='ltr'>ἀνθρωπότητος</span> <span class='ocrx_word' id='word_1_885' title='bbox 2805 5416 2982 5486; x_wconf 82' lang='grc' dir='ltr'>νόμων</span> <span class='ocrx_word' id='word_1_886' title='bbox 3021 5416 3101 5477; x_wconf 86' lang='grc' dir='ltr'>εἰς</span> <span class='ocrx_word' id='word_1_887' title='bbox 3131 5413 3290 5466; x_wconf 88' lang='grc' dir='ltr'>τοῦτο</span> <span class='ocrx_word' id='word_1_888' title='bbox 3318 5411 3653 5475; x_wconf 82' lang='grc' dir='ltr'>καλούντων,</span> 
     </span>
    </p>
   </div>
   <div class='ocr_carea' id='block_1_112' title="bbox 2074 5504 3654 5584">
    <p class='ocr_par' dir='ltr' id='par_1_112' title="bbox 2074 5504 3654 5584">
     <span class='ocr_line' id='line_1_113' title="bbox 2074 5504 3654 5584; baseline -0.009 -14"><span class='ocrx_word' id='word_1_889' title='bbox 2074 5515 2170 5570; x_wconf 71' lang='grc' dir='ltr'><strong>καὶ</strong></span> <span class='ocrx_word' id='word_1_890' title='bbox 2215 5513 2317 5584; x_wconf 81' lang='grc' dir='ltr'><strong>τῆς</strong></span> <span class='ocrx_word' id='word_1_891' title='bbox 2348 5511 2613 5581; x_wconf 87' lang='grc' dir='ltr'>σαρκικῆς</span> <span class='ocrx_word' id='word_1_892' title='bbox 2652 5507 2937 5580; x_wconf 81' lang='grc' dir='ltr'>ὑπάρξεως</span> <span class='ocrx_word' id='word_1_893' title='bbox 2975 5505 3071 5577; x_wconf 80' lang='grc' dir='ltr'><strong>τὴν</strong></span> <span class='ocrx_word' id='word_1_894' title='bbox 3103 5504 3277 5576; x_wconf 80' lang='grc' dir='ltr'>ἀρχὴν</span> <span class='ocrx_word' id='word_1_895' title='bbox 3315 5504 3413 5574; x_wconf 82' lang='grc' dir='ltr'>οὐχ</span> <span class='ocrx_word' id='word_1_896' title='bbox 3457 5504 3654 5574; x_wconf 82' lang='grc' dir='ltr'>ἑτέραν</span> 
     </span>
    </p>
   </div>
  </div>
