3926 6126
331 268 397 324 21
1433 266 1804 326 Αῡνειιδυε
1841 265 2246 324 NESTORIUM
2292 266 2418 322 LIB.
2458 265 2496 320 ις
3518 269 3587 322 9.2

333 386 479 457 ἒχειν
507 384 807 456 δυναμένης
832 384 932 457 τὴν
956 385 1105 452 ὁδόν;
1139 385 1212 441 Οὐ
1242 388 1351 458 γάρ
1372 404 1473 440 που
1495 391 1615 451 ταῖς
1649 386 1917 458 Ἑλλήνων

2030 386 2268 441 sistentia
2299 386 2366 439 ab
2397 383 2553 438 initio
2584 397 2689 436 non
2734 382 2893 435 aliam
2941 381 3081 435 viam
3126 382 3331 437 habere
3366 382 3588 453 possit?

330 473 646 545 τερθρείαις
696 475 1157 548 προσεσχηκότες,
1205 479 1268 532 ὲκ
1316 478 1474 550 δρυὸς
1517 480 1549 551 ἢ
1602 482 1806 552 πέτρας
1851 481 1921 536 τὰ

334 562 637 637 ἀνθρώπων
665 564 946 620 τίκτεσθαι
979 566 1210 639 σώματα
1244 569 1339 623 καὶ
1377 570 1537 641 ἡμεῖς
1579 571 1733 624 αὐτοὶ
1778 571 1919 642 ῥαψ-

333 656 633 727 ῳδήσομεν·
653 656 851 728 νόμους
872 658 929 712 δὲ
953 660 1080 724 τοὺς
1102 660 1224 715 καθ’
1247 662 1394 733 ἡμᾶς
1414 664 1447 732 ἡ
1473 661 1632 730 φύσις
1658 662 1917 734 ὡρίσατο,

338 747 539 818 μᾶλλον
578 746 636 801 δὲ
679 748 779 819 τῆς
820 748 1037 818 φύσεως
1072 752 1481 825 όΔημιουργός.
1524 753 1779 807 Τίκτεται
1813 753 1920 823 γὰρ

335 839 525 911 ὥσπερ
544 840 637 909 ἀφ’
662 840 895 895 ἑκάστου
920 842 1031 895 τῶν
1050 844 1217 897 ὄντων
1243 844 1303 898 τὸ
1343 834 1621 913 συγγενὲς,
1654 843 1796 899 οὕτω
1828 845 1922 899 καὶ

336 927 397 993 ἐξ
438 928 594 1000 ἡμῶν
627 930 808 984 αὐτῶν
830 949 844 963 ·
881 932 977 985 καὶ
1005 933 1106 987 οὐκ
1137 934 1203 988 ἂν
1253 935 1452 1005 ἑτέρως
1485 935 1596 1005 έχοι
1628 936 1688 990 τὸ
1730 936 1920 1006 χρῆμά

332 1018 534 1073 ποθεν·
579 1020 870 1088 ἀνέφικτον
919 1022 1020 1092 μὲν
1063 1022 1172 1093 γὰρ
1216 1003 1687 1088 ωντελῶςήούδὲν
1728 1003 1943 1079 διῖἂῶ

333 1110 509 1164 ἕλοιτο
544 1111 842 1182 κατορθοῦν
868 1116 934 1184 τῇ
968 1112 1087 1184 θείᾳ
1115 1131 1176 1167 τε
1208 1116 1303 1169 καὶ
1336 1115 1632 1187 ἀπορρήτῳ
1669 1116 1918 1186 δυνάμει,

336 1199 557 1271 ἔρχεται
578 1201 635 1254 δὲ
668 1202 755 1256 διὰ
779 1202 887 1257 τῶν
910 1203 1134 1258 είκότων
1156 1208 1222 1276 τῇ
1252 1205 1360 1259 τῶν
1389 1206 1557 1260 ὄντων
1589 1207 1771 1277 φύσει,
1796 1209 1921 1270 τοὺς

338 1291 470 1361 παρ’
498 1292 669 1362 αὐτῆς
696 1292 1044 1364 τεθειμένους
1068 1297 1172 1349 οὐκ
1197 1295 1542 1367 ἀτιμάζουσα
1570 1298 1767 1368 νόμους
1787 1315 1800 1330 ο
1827 1300 1923 1352 καὶ

334 1375 407 1451 ἦν
431 1381 530 1433 οὐκ
555 1381 841 1450 ἀνέφικτον
866 1382 945 1454 τῷ
971 1384 1151 1438 πάντα
1178 1385 1412 1456 ἰσχύοντι
1441 1386 1620 1458 Λόγῳ,
1640 1389 1922 1460 κεκρικότι

338 1471 442 1542 μὲν
475 1471 542 1525 δι’
572 1472 721 1543 ἡμᾶς
767 1472 1019 1542 γενέσθαι
1053 1474 1175 1529 καθ’
1203 1477 1372 1547 ἡμᾶς,
1405 1478 1830 1549 παραιτουμένῳ
1859 1495 1923 1546 γε

341 1563 451 1633 μὴν
498 1562 750 1633 γέννησιν
794 1564 893 1635 τὴν
944 1566 1009 1618 ὲκ
1057 1566 1337 1634 γυναικὸς,
1363 1565 1559 1632 ἔξωθεν
1604 1567 1785 1638 ἑαυτῷ
1830 1569 1924 1622 καὶ

342 1653 453 1723 ἰδίᾳ
480 1653 705 1724 δυνάμει
738 1654 1180 1727 πλαστουργῆσαι
1214 1656 1273 1711 τὸ
1304 1656 1493 1729 σῶμα,
1509 1656 1761 1726 καθάπερ
1781 1659 1919 1729 ἀμέ-

336 1720 439 1795 λει-
458 1720 711 1811 γενέσθαι
744 1744 922 1815 φαμὲν
948 1720 1043 1799 καί
1071 1720 1166 1799 sui
1204 1746 1298 1800 τοῦ
1327 1720 1672 1820 προπάτορος
1707 1720 1876 1818 ’Ᾱδὲιμ
1902 1764 1915 1776 ·
1951 1720 1993 1776 Β

343 1833 578 1886 ιἝλαόε
606 1834 734 1905 γὰρ,
770 1836 955 1907 φησιν,
982 1839 1011 1890 ό
1039 1837 1171 1903 Θεὸς
1207 1836 1335 1909 χοῦν
1376 1838 1485 1892 ἀπὸ
1517 1838 1614 1906 τῆς
1659 1839 1784 1909 γῆς,
1826 1839 1921 1892 καὶ

336 1924 541 1978 ἔπλασε
587 1927 680 1979 τὸν
728 1927 1034 2000 ἄνθρωπον.
1062 1948 1081 1981 ι
1113 1931 1333 2003 Ἐπειδὴ
1378 1930 1434 1984 δὲ
1480 1932 1751 2003 πρόφασις
1781 1932 1921 2002 αὕτη

334 2020 450 2082 τοῖς
476 2018 729 2084 ἀπίστοις
753 2015 841 2091 ἦν,
875 2025 1231 2090 συκοφαντεῖν
1258 2021 1505 2076 ἐθέλουσι
1527 2023 1627 2093 τῆς
1655 2023 1925 2096 ὲνανθρω-

254 2158 265 2167 .
336 2111 561 2182 πήσεως
606 2111 669 2164 τὸ
719 2114 1039 2183 μυστήριον,
1071 2113 1165 2168 καὶ
1198 2113 1305 2185 πρό
1336 2130 1401 2182 γε
1430 2112 1538 2166 τῶν
1581 2114 1780 2174 ἄλλων,
1812 2117 1924 2178 τοῖς

335 2201 578 2266 ἀνοσίοις
625 2202 963 2273 Μανιχαίοις,
991 2202 1084 2267 οὓς
1128 2204 1241 2258 ἄνω
1283 2221 1344 2257 τε
1389 2204 1483 2258 καὶ
1518 2205 1669 2259 κάτω
1697 2204 1925 2261 δεδιέναι

337 2292 470 2365 φὴς,
506 2294 585 2365 μὴ
629 2295 738 2366 ἄρα
782 2312 884 2350 που
931 2298 1045 2360 τοῖς
1078 2296 1340 2351 Θεοτόκον
1385 2296 1602 2366 λέγουσι
1631 2297 1732 2369 τὴν
1761 2296 1927 2366 ἁγίαν

336 2384 620 2455 Παρθένον
661 2387 1087 2458 έπιπηδήσειανι,
1136 2389 1211 2451 ὼς
1256 2389 1317 2443 ὲν
1360 2388 1553 2456 μόναις
1598 2387 1927 2457 φαντασίαις

336 2471 808 2545 διαϐεϐαιούμενοι
838 2475 1220 2544 γενέσθαιτοῦ
1266 2477 1443 2545 Λόγου
1482 2477 1582 2549 τὴν
1623 2476 1922 2550 σάρκωσιν,

340 2562 665 2635 κεχώρηκεν
696 2565 1016 2634 ἀναγκαίως
1060 2566 1150 2621 διὰ
1187 2567 1297 2622 τῶν
1324 2567 1674 2642 ἀνθρωπίνης
1705 2569 1924 2639 φύσεως

339 2652 524 2724 νόμων
542 2669 562 2698 .·
601 2654 697 2708 καὶ
735 2656 968 2728 ἐπείπερ
991 2652 1061 2727 ἦν
1090 2658 1119 2708 ὁ
1145 2657 1346 2721 σκοπὸς
1374 2658 1547 2730 αὐτῷ,
1574 2660 1927 2732 πληροφορῆ-

342 2761 438 2799 σαι
474 2745 819 2815 σύμπαντας,
857 2747 939 2799 ὅτι
984 2747 1212 2815 γέγονεν
1238 2748 1522 2819 ἄνθρωπος
1555 2750 1793 2821 ἀληθῶς,
1824 2752 1929 2804 έπ-

343 2835 576 2889 ελάὁετο
592 2835 904 2907 σπέρματος
937 2838 1218 2909 Ἀὅραάμ’
1254 2842 1347 2895 καὶ
1379 2842 1771 2913 μεσιτευούσης
1793 2840 1929 2913 πρὸς

343 2926 508 2981 τοῦτο
554 2927 688 2981 αὐτὸ
733 2928 832 2997 τῆς
876 2930 1158 3002 μακαρίας
1198 2931 1500 3003 Παρθένου,
1528 2933 1928 3005 παραπλησίως

2021 476 2136 532 Νοιι
2185 477 2328 532 enim
2383 474 2663 543 gentilium
2711 472 2922 527 scilicet
2982 473 3139 542 nugis
3197 472 3539 529 adhmrentes
3571 515 3585 537 .

2020 583 2086 624 ex
2113 583 2315 638 quercu
2370 575 2464 620 aut
2500 580 2564 619 ex
2624 574 2774 633 petra
2831 564 3113 616 hominum
3166 578 3394 631 corpora
3445 564 3590 633 gigni

2020 674 2117 714 nos
2153 673 2364 729 quoque
2394 656 2753 711 fabulabimur
2806 656 2948 709 :seil
3000 653 3147 725 leges
3203 663 3420 709 nostras
3475 655 3592 721 ipsa

2024 761 2240 811 natura.
2294 749 2404 804 imo
2438 763 2566 803 vero
2623 749 2735 816 ipse
2780 745 2973 816 Opifex
3020 755 3228 801 naturai
3286 746 3590 800 constituit.

2029 839 2103 897 Ut
2130 842 2273 895 enim
2304 856 2369 896 ex
2421 853 2741 909 unaquaque
2781 854 2837 893 re
2878 838 3020 907 quod
3070 848 3362 910 cognatum
3396 845 3480 890 est
3512 835 3595 904 gi-

2022 930 2221 999 gnilur,
2252 931 2322 983 ita
2351 929 2513 984 etiam
2550 945 2613 983 ex
2643 931 2796 984 nobis
2821 930 2951 998 ipsis
2995 948 3007 984 :
3039 944 3216 999 neque
3247 928 3405 982 aliter
3454 927 3505 981 id
3538 941 3595 981 se

2023 1022 2223 1077 habere
2241 1029 2420 1091 potest
2447 1021 2557 1076 ullo
2596 1022 2774 1075 modo.
2810 1021 3070 1087 Quamvis
3099 1022 3243 1076 enim
3293 1021 3491 1075 divinze
3515 1020 3591 1072 illi

2021 1124 2076 1168 et
2107 1112 2642 1182 ineli‘abilipotentiae
2695 1114 2917 1167 cinniuo
2963 1113 3099 1168 nihil
3148 1112 3484 1181 impossibile
3518 1112 3592 1165 sit

2022 1221 2087 1262 ex
2115 1205 2199 1260 his
2220 1219 2341 1275 qua:
2385 1206 2513 1260 velit
2551 1203 2786 1269 ellicerc.
2834 1215 3012 1262 tamen
3051 1220 3117 1260 ne
3148 1207 3295 1275 leges
3327 1221 3355 1259 a
3408 1220 3468 1261 se
3497 1218 3594 1274 po-

2023 1297 2157 1353 sitas
2188 1307 2525 1363 contemnat,
2548 1313 2646 1368 per
2674 1313 2736 1353 ea
2762 1299 2936 1368 pergit
2968 1312 3087 1367 qua:
3122 1312 3243 1353 cum
3276 1311 3463 1352 rerum
3493 1309 3592 1349 na—

2025 1398 2145 1444 tura
2175 1388 2504 1445 conveniunt
2541 1408 2554 1444 :
2592 1397 2817 1460 eratque
2852 1404 2956 1443 non
3016 1387 3351 1457 impossibile
3411 1386 3595 1442 omni-

2024 1481 2227 1551 potenti
2259 1481 2334 1536 illi
2364 1480 2564 1546 Verbo,
2583 1481 2641 1552 8
2662 1482 2751 1536 ubi
2778 1481 3063 1537 statuisset
3096 1488 3319 1550 propter
3351 1494 3448 1534 nos
3474 1477 3593 1532 ﬁeri

2025 1574 2321 1630 secundum
2369 1588 2487 1638 nos,
2525 1573 2570 1627 si
2611 1573 3018 1643 generationem
3067 1585 3133 1625 ex
3176 1570 3401 1625 muliere
3445 1568 3597 1623 refo-

2026 1674 2195 1735 geret,
2233 1665 2335 1721 sibi
2374 1664 2715 1719 extrinsecus
2762 1678 2826 1718 ac
2874 1661 3092 1732 propria
3151 1661 3353 1715 virtute
3402 1672 3600 1727 corpus

2022 1754 2275 1816 formare,
2300 1762 2357 1810 ut
2381 1754 2566 1825 procul
2610 1753 2772 1810 dubio
2826 1753 2879 1807 in
2911 1753 3081 1807 Adam
3131 1752 3306 1821 primo
3377 1758 3600 1818 parente

2023 1846 2221 1901 factum
2254 1846 2486 1902 dicimus
2522 1865 2534 1899 :
2581 1863 2601 1896 ι
2643 1844 2869 1914 Accepit
2909 1844 3053 1899 enim
3098 1844 3238 1896 Deus
3289 1840 3599 1910 pulverem,

2025 1937 2220 2008 inquit,
2276 1937 2342 1991 de
2386 1946 2554 2001 terra,
2593 1943 2647 1991 et
2679 1934 2930 1991 formavit
2975 1933 3247 1991 hominem
3294 1932 3336 1964 ³⁸
3380 1948 3394 1984 :
3442 1952 3458 1983 ι
3508 1930 3601 1986 sed

2026 2029 2149 2098 quia
2192 2030 2244 2084 id
2288 2029 2511 2098 perﬁdis
2560 2028 2871 2085 hominibus
2914 2026 3236 2082 calumniari
3294 2024 3600 2081 volentibus

2027 2121 2427 2176 incarnationis
2466 2119 2783 2193 mysterium
2810 2158 2825 2184 ,
2868 2132 2966 2188 pro
3014 2118 3307 2174 occasione
3361 2114 3599 2168 futurum

2026 2220 2165 2277 erat,
2206 2221 2260 2267 et
2285 2220 2412 2266 ante
2441 2220 2669 2265 caeteros
2700 2210 2878 2280 impiis
2914 2207 3225 2263 Manichaeis
3251 2246 3269 2271 ,
3296 2220 3432 2277 quos
3468 2204 3597 2259 sub-

2027 2304 2150 2358 inde
2183 2310 2235 2358 te
2265 2313 2505 2356 metuere
2539 2301 2695 2370 dicis,
2737 2314 2805 2355 ne
2848 2300 2900 2353 in
2934 2313 3028 2354 eos
3062 2297 3277 2351 scilicet
3324 2294 3415 2366 qui
3468 2308 3597 2347 san-

2026 2404 2166 2451 ctam
2212 2392 2486 2463 Virginem
2542 2390 2633 2446 Dei
2687 2389 3003 2461 genitricem
3051 2388 3257 2451 dicunt,
3308 2383 3595 2447 insiliant,

2027 2484 2181 2554 quasi
2216 2490 2463 2540 asserant
2491 2481 2653 2537 Verbi
2691 2480 3121 2536 incarnationem
3172 2479 3225 2532 iu
3270 2477 3382 2553 sola
3416 2474 3594 2545 specie

2029 2576 2245 2643 iactam,
2286 2576 2405 2633 ideo
2438 2573 2806 2630 necessarium
2847 2571 2950 2627 l'uit
2989 2579 3047 2625 ut
3086 2583 3181 2639 per
3218 2569 3469 2624 humanae
3510 2581 3598 2619 ua-

2031 2677 2162 2724 tura:
2185 2666 2330 2737 leges
2354 2674 2640 2735 pergeret:
2671 2673 2726 2720 et
2749 2664 2875 2735 quia
2898 2661 2952 2718 id
2973 2661 3046 2716 illi
3078 2659 3414 2731 propositum
3450 2665 3593 2719 erat,

2030 2771 2088 2815 ιιι
2120 2775 2181 2815 se
2214 2773 2339 2814 vere
2374 2758 2645 2814 hominem
2678 2754 2878 2811 factum
2896 2753 3148 2808 omnibus
3173 2752 3599 2811 demonstraret.

2031 2848 2387 2919 apprehendit
2416 2861 2598 2902 semen
2656 2843 2933 2899 Abraham
2966 2843 3031 2906 ",
3081 2850 3135 2896 et
3171 2840 3234 2893 ad
3272 2854 3390 2893 eam
3426 2838 3600 2906 ipsam

2031 2956 2146 2996 rem
2195 2939 2356 2996 beata
2393 2936 2612 3007 Virgine
2653 2935 2831 2991 media
2884 2931 3313 2992 interveniente,
3354 2924 3605 2979 similiter

343 3018 478 3088 ἡμῖν
529 3017 790 3089 μετέσχεν
830 3020 1062 3090 αἵματος
1104 3022 1201 3075 καὶ
1243 3020 1582 3095 σαρκός.’Ἤν
1615 3024 1724 3096 γὰρ
1754 3024 1927 3089 οὕτως

2031 3049 2093 3088 ac
2124 3046 2224 3088 nos
2255 3030 2597 3101 participavit
2621 3042 2789 3083 carne
2819 3035 2873 3081 et
2907 3023 3170 3093 sanguine
3197 3038 3211 3085 ;
3247 3033 3422 3089 neque
3456 3018 3600 3070 enim

344 3107 443 3161 καὶ
480 3107 579 3178 οὐχ
617 3108 818 3180 ἑτέρως
847 3110 967 3181 μεθ’
992 3111 1153 3182 ἡμῶν
1183 3112 1436 3182 γενέσθαι
1465 3114 1619 3168 Θεόν.
1659 3114 1928 3185 Χρειωδε-

348 3198 521 3269 στάτη
561 3200 620 3252 δὲ
664 3200 759 3253 καὶ
790 3202 992 3272 ἑτέρως
1022 3205 1136 3267 τοῖς
1166 3204 1259 3257 ἐπὶ
1285 3204 1382 3273 τῆς
1425 3207 1525 3276 γῆς
1552 3208 1587 3276 ἡ
1622 3206 1717 3259 τοῦ
1750 3206 1928 3274 Λόγου

352 3292 646 3364 σάρκωσις,
683 3294 847 3364 ἤγουν
876 3294 1290 3368 ὲνανθρὼπησις
1321 3292 1409 3368 ἦν.
1442 3298 1506 3351 El
1553 3298 1628 3369 μὴ
1671 3297 1780 3369 γὰρ
1834 3314 1929 3365 γε-

344 3384 606 3455 γέννηται
653 3384 775 3438 καθ’
800 3387 949 3456 ἡμᾶς
980 3386 1121 3439 κατὰ
1172 3388 1372 3459 σάρκα,
1408 3388 1456 3441 εί
1498 3386 1574 3458 μὴ
1614 3388 1722 3441 τῶν
1752 3389 1931 3442 αὐτῶν

346 3471 482 3539 ⁴ἡμῖν
530 3472 763 3542 μετέσχε
809 3473 1232 3545 παραπλησίως,
1265 3476 1368 3529 οὐκ
1412 3475 1479 3531 ἂν
1508 3476 1607 3548 τὴν
1639 3477 1929 3549 ἀνθρώπου

346 3558 513 3629 φύσιν
541 3561 649 3614 τῶν
677 3564 736 3615 ὲν
768 3563 941 3634 Ἀδὰμ
969 3565 1280 3637 ἀπήλλαξεν
1304 3567 1473 3639 ὲγκλη
1483 3568 1695 3639 μάτων,
1722 3568 1835 3623 οὐδ’
1865 3568 1931 3622 ἂν

343 3649 459 3703 τῶν
481 3653 768 3723 ἡμετέρων
800 3656 1069 3726 σωμάτων
1098 3658 1409 3729 ἀπεσόόησε
1438 3664 1537 3730 τὴν
1565 3660 1792 3732 φθορὰν,
1810 3661 1932 3714 οὐδ’

345 3739 417 3795 ἂν
448 3743 708 3814 κατέληξε
740 3744 841 3815 τῆς
873 3747 1013 3818 ἀρᾶς
1054 3750 1086 3819 ἡ
1129 3749 1379 3820 δύναμις,
1404 3752 1471 3821 ἢν
1502 3750 1596 3803 ἐπὶ
1636 3754 1701 3823 τῇ
1741 3752 1930 3824 πρώτῃ

344 3835 568 3900 γυναικὶ
608 3835 864 3902 γενέσθαι
902 3839 1114 3909 φαμέν’
1149 3841 1366 3912 εἴρηται
1399 3843 1510 3914 γὰρ
1554 3843 1689 3913 πρὸς
1719 3844 1889 3912 αὐτὴν
1914 3860 1926 3873 ·

354 3943 376 3976 σ
399 3924 487 3977 Ἐν
510 3925 711 3989 λύπαις
735 3927 868 3999 τέξῃ
897 3928 1083 3984 τέκνα.
1118 3950 1137 3982 ι
1172 3932 1337 3986 Ἀλλὰ
1360 3933 1624 4002 νενόσηκε
1659 3933 1759 4002 μὲν
1784 3935 1817 4004 ἡ
1843 3935 1934 3988 ἀν-

345 4015 572 4087 θρώπου
600 4017 763 4087 φύσις
806 4020 868 4072 τὸ
906 4021 1128 4085 ἀπειθὲς
1162 4024 1219 4076 ὲν
1255 4023 1457 4093 Ἀδάμ·
1500 4023 1688 4091 γέγονε
1719 4024 1812 4078 νῦν
1843 4027 1933 4081 εὒο

339 4106 574 4176 δόκιμος
619 4108 677 4159 ὲν
709 4109 931 4179 Χριστῷ
960 4110 1048 4163 διὰ
1080 4111 1178 4178 τῆς
1225 4114 1306 4175 εἰς
1336 4112 1485 4166 ἅπαν
1519 4114 1759 4187 ὑπακοῆς
1780 4134 1794 4147 ⁸
1841 4118 1932 4185 γέ-

342 4214 599 4270 γραπται
628 4198 758 4269 γὰρ,
789 4202 875 4253 ὅτι
896 4200 1141 4272 «Ὥσπερ
1167 4203 1255 4257 διὰ
1273 4206 1370 4274 τῆς
1391 4208 1673 4278 παρακοῆς
1690 4207 1785 4262 τοῦ
1813 4209 1932 4274 ἑνὸς

342 4287 659 4359 ἀνθρώπου,
697 4288 1015 4360 ἁμαρτωλοὶ
1043 4292 1450 4364 κατεστάθησαν
1479 4298 1527 4349 oi
1558 4296 1764 4363 πολλοὶ,
1786 4299 1933 4354 οὕτω

2032 3125 2190 3180 aliter
2225 3121 2710 3179 licebatnobiscuni
2737 3118 2850 3172 fieri
2889 3116 3075 3171 Deum.
3098 3111 3396 3168 Utilissima
3424 3119 3603 3172 autem

2030 3225 2086 3271 et
2120 3215 2226 3269 alia
2254 3227 2471 3284 quoque
2500 3210 2711 3266 ratione
2743 3208 2828 3264 his
2861 3206 2953 3277 qui
2989 3213 3277 3261 versamur
3309 3202 3361 3257 in
3398 3200 3557 3255 terris
3588 3236 3602 3260 ,

2033 3306 2195 3362 Verbi
2214 3304 2517 3360 incarnatio
2537 3302 2653 3357 sive
2669 3299 2987 3355 humanatio
3012 3297 3133 3352 fuit.
3156 3293 3426 3351 Nisienim
3457 3291 3607 3347 simi-

2036 3397 2162 3452 liter
2187 3404 2349 3463 atque
2372 3409 2469 3450 nos
2488 3393 2783 3448 secundum
2806 3405 3023 3446 carnem
3062 3387 3252 3442 luisset
3287 3394 3470 3448 natus,
3497 3383 3601 3437 nisi

2038 3486 2288 3542 similiter
2336 3484 2713 3556 participasset
2751 3481 2941 3536 iisdem
2974 3520 2990 3545 ,
3039 3492 3313 3547 nunquam
3370 3473 3605 3530 hominis

2033 3587 2282 3634 naturam
2321 3573 2637 3631 criminibus
2658 3574 2711 3627 in
2741 3571 2910 3627 Adam
2940 3570 3236 3626 contractis
3261 3566 3602 3629 absolvisset,

2033 3682 2209 3737 neque
2235 3682 2265 3720 a
2295 3665 2497 3722 nostris
2521 3662 2838 3736 corporibus
2873 3659 3272 3729 corruptionem
3303 3655 3603 3725 repulisset,

2032 3758 2209 3829 hcque
2242 3757 2637 3813 maledictionis
2666 3755 2810 3810 illius
2850 3759 3096 3823 potestas
3123 3749 3412 3812 desiisset,
3442 3760 3602 3814 quam

2033 3847 2222 3918 prima:
2268 3843 2482 3900 feminae
2521 3844 2723 3897 illatam
2757 3841 2988 3897 dicimus
3014 3878 3029 3905 ,
3066 3840 3152 3893 cui
3226 3838 3426 3892 dictum
3473 3844 3555 3889 est
3586 3849 3600 3886 :

2042 3956 2059 3989 ι
2102 3937 2156 3991 In
2188 3936 2408 3991 tristitia
2451 3936 2627 4003 paries
2659 3933 2797 3988 ﬁlios
2822 3933 2888 3986 ³³.
2941 3950 2958 3982 ι
2992 3930 3097 3985 Sed
3146 3927 3381 3983 hominis
3412 3933 3604 3978 natura
3703 3969 3706 3972 .

2038 4025 2092 4079 in
2143 4024 2313 4076 Adam
2374 4022 2751 4076 inobedientite
2799 4020 2988 4074 morbo
3026 4016 3327 4079 laboravit,
3366 4027 3507 4066 nunc
3554 4013 3605 4065 in

2035 4117 2253 4172 Christo
2279 4122 2431 4183 grata
2465 4113 2605 4166 facta
2635 4122 2717 4165 est
2771 4124 2867 4178 per
2914 4108 3060 4161 illam
3104 4106 3274 4174 ipsius
3323 4105 3390 4156 ad
3428 4101 3606 4156 omnia

2035 4208 2418 4264 obedientiam.
2463 4202 2734 4271 Scriptum
2758 4208 2839 4255 est
2862 4197 3047 4255 enim:
3088 4215 3105 4247 ι
3157 4194 3310 4249 Sicut
3349 4205 3445 4260 per
3491 4189 3607 4243 ino-

2036 4299 2359 4356 bedientiam
2416 4294 2574 4350 unius
2627 4291 2863 4348 bominis
2933 4298 3248 4361 peccatores
3326 4283 3605 4341 constituti

342 4379 442 4434 διὰ
467 4381 566 4452 τῆς
597 4381 844 4452 ὑπακοῆς
876 4382 996 4445 ἑνὸς
1026 4383 1335 4457 ἀνθρώπου,
1366 4389 1564 4449 δίκαιοι
1590 4390 1927 4463 κατασταθή-

2036 4399 2162 4449 sunt
2190 4389 2342 4445 multi
2366 4429 2382 4455 ,
2415 4389 2488 4443 ita
2530 4402 2626 4457 per
2641 4383 3005 4441 obedientiam
3035 4377 3446 4434 uniushozninis
3477 4375 3605 4445 justi

349 4487 541 4525 σονται
567 4474 615 4526 οἱ
642 4473 879 4528 πολλοί.»
897 4474 1173 4530 Πέπονθεν
1194 4479 1252 4532 ὲν
1278 4479 1448 4550 Ἀδὰμ
1476 4481 1557 4545 τὸ,
1590 4500 1610 4533 ι
1640 4480 1712 4552 Γῆ
1745 4477 1816 4547 εί,
1836 4484 1931 4537 καὶ

348 4563 440 4627 εἰς
466 4561 569 4633 γῆν
604 4563 906 4637 ἀπελεύσῃ·
941 4585 961 4619 ι
1000 4567 1376 4638 πεπλούτηκεν
1403 4571 1461 4623 ὲν
1483 4573 1702 4644 Χριστῷ
1736 4573 1797 4625 τὸ
1835 4590 1932 4628 κα-

346 4670 444 4708 τα.
548 4693 563 4708 .
600 4653 851 4710 δύνασθαι
881 4656 895 4727 [
906 4658 993 4710 ἵσ.
1017 4660 1426 4734 καταπατῆσαι]
1447 4662 1557 4716 τῶν
1581 4663 1675 4717 τοῦ
1699 4663 1930 4719 θανάτου

346 4743 588 4816 βρόχων,
618 4746 711 4798 καὶ
757 4748 917 4801 οἱονεὶ
965 4751 1350 4820 κατορχεῖσθαι
1381 4753 1605 4824 φθορᾶς,
1634 4756 1813 4813 έκεῖνο
1845 4754 1932 4807 λέ-

346 4851 525 4904 γουσα
551 4833 610 4887 τὺ
636 4839 999 4908 προφητικόν·
1032 4858 1051 4891 ι
1085 4841 1195 4895 Ποῦ
1227 4843 1260 4912 ή
1282 4841 1407 4912 νίκη
1440 4860 1554 4908 σου,
1575 4844 1806 4911 θάνατε;
1832 4842 1932 4895 ποῦ

344 4928 413 4980 τὸ
443 4926 664 4996 κέντρον
700 4944 817 4991 σου,
853 4929 988 5000 ᾇδη;
1024 4949 1042 4981 ι
1079 4931 1305 4999 Γέγονεν
1332 4934 1627 5004 ἐπάρατος,
1658 4935 1736 4999 ὡς
1776 4935 1933 5004 ἔφην,

344 5016 467 5072 ἀλλ’
488 5016 731 5090 ἦργησεν
761 5022 819 5072 ὲν
847 5020 1067 5092 Χριστῷ
1100 5024 1193 5077 καὶ
1221 5024 1400 5079 τοῦτο.
1428 5027 1540 5080 Καὶ
1567 5025 1699 5094 γοῦν
1722 5026 1936 5098 εἴρηταί

232 5122 239 5129 ’
346 5125 457 5161 που
510 5109 647 5179 πρὸς
695 5110 795 5179 τὴν
845 5111 1005 5178 ἁγίαν
1049 5114 1346 5186 Παρθένον,
1383 5118 1835 5188 προφητευούσης
1875 5119 1934 5172 ἐν

348 5197 633 5269 Πνεύματι
652 5199 753 5269 τῆς
780 5200 1059 5257 Ἐλισάϐετ
1080 5222 1092 5235 ·
1117 5227 1134 5259 ι
1161 5208 1515 5280 Εὐλογημένη
1541 5211 1603 5264 σὺ
1620 5212 1676 5263 έν
1700 5209 1935 5278 γυναιξὶ,

349 5292 451 5345 καὶ
473 5291 838 5362 εὐλογημένος
867 5293 896 5345 ό
924 5297 1134 5366 καρπὸς
1156 5300 1255 5371 τῆς
1275 5302 1484 5363 κοιλίας
1511 5320 1624 5356 σου.
1658 5321 1676 5354 ι
1705 5302 1936 5354 Βεόασί-

349 5382 549 5436 λευκεν
569 5382 728 5454 ἡμῶν
754 5385 788 5456 ἡ
813 5385 1074 5457 ἁμαρτία,
1096 5389 1190 5444 καὶ
1217 5392 1245 5445 ό
1269 5392 1365 5463 τῆς
1402 5395 1677 5466 ἁμαρτίας
1712 5393 1938 5464 εὑρετὴς

2039 4484 2433 4538 constituentur
2472 4477 2702 4532 multi“.
2743 4496 2760 4528 ι
2797 4474 3076 4543 Subjacuit
3107 4474 3157 4526 in
3186 4471 3352 4523 Adam
3384 4469 3458 4521 illi
3495 4483 3606 4521 ma-

2040 4575 2282 4630 ledicto:
2325 4595 2341 4624 ι
2379 4571 2548 4625 Terra
2589 4584 2648 4623 es
2674 4610 2688 4631 ,
2727 4577 2781 4621 et
2817 4567 2869 4620 in
2931 4574 3130 4618 terram
3188 4560 3289 4612 ibis
3330 4558 3372 4588 ³⁵
3408 4573 3423 4621 ;
3460 4575 3479 4608 ι
3520 4572 3609 4611 ac-

2039 4664 2260 4734 quisivit
2295 4662 2346 4715 in
2375 4660 2595 4714 Christo
2627 4665 2685 4710 ut
2711 4653 2920 4710 calcare
2944 4650 3113 4722 possit
3143 4650 3333 4703 mortis
3361 4645 3605 4717 laqueos.

2038 4766 2092 4811 et
2126 4750 2524 4825 quodammodo
2550 4751 2808 4801 adversus
2835 4755 3064 4801 mortem
3099 4741 3421 4811 tripudiare,
3479 4741 3606 4793 illud

2036 4845 2411 4920 propheticum
2445 4841 2627 4896 dicens
2662 4857 2674 4894 :
2705 4857 2723 4890 ‹
2760 4835 2859 4891 Ubi
2882 4846 2986 4901 est,
3014 4850 3181 4899 mors,
3216 4834 3436 4887 victoria
3482 4832 3610 4886 tua?

2041 4940 2130 4993 ubi
2161 4936 2414 4992 stimulus
2432 4943 2579 4996 tuus,
2613 4928 2907 4984 inferne“?
2933 4948 2952 4980 ι
2989 4926 3150 4982 Facta
3177 4935 3259 4979 est
3302 4924 3602 4986 maledicta,

2040 5036 2098 5084 ut
2134 5027 2284 5083 dixi:
2325 5025 2420 5080 sed
2462 5023 2513 5078 id
2542 5035 2756 5092 quoque
2784 5027 3102 5073 evacuatum
3144 5024 3227 5072 est
3274 5015 3325 5067 in
3369 5014 3604 5071 Christo.

2038 5118 2222 5188 Itaque
2261 5117 2460 5171 dictum
2498 5123 2581 5167 est
2615 5115 2682 5166 ad
2712 5120 2958 5166 sanctam
2992 5107 3290 5177 Virginem,
3353 5105 3465 5170 ipsa
3502 5102 3611 5155 Eli-

2039 5211 2230 5266 sabeth
2264 5209 2317 5263 in
2354 5206 2557 5277 Spiritu
2609 5203 2993 5273 prophetante,
3033 5218 3051 5251 ι
3114 5196 3405 5250 Benedicta
3454 5204 3505 5247 ιιι
3556 5194 3605 5245 in

2042 5300 2360 5356 mulieribus
2386 5340 2399 5364 .
2449 5307 2502 5353 et
2532 5295 2848 5352 benedictus
2877 5290 3083 5344 fructus
3119 5286 3327 5340 ventris
3379 5284 3455 5337 tui
3484 5284 3548 5335 ³⁷.
3585 5301 3602 5331 ι

2046 5392 2308 5462 Regnavit
2361 5390 2413 5443 in
2469 5389 2624 5443 nobis
2668 5392 2949 5455 peccatum
2985 5418 2999 5445 ,
3052 5387 3103 5433 et
3152 5377 3397 5431 inventor
3430 5375 3514 5429 ille
3554 5385 3605 5426 et

430 5580 474 5612 ³¹
501 5579 639 5656 G_e_n.
672 5594 735 5656 ιιΣ
764 5581 814 5656 ξι.
890 5581 932 5612 ³¹
963 5579 1124 5656 Hebr.
1158 5602 1216 5654 ιι,
1257 5588 1341 5649 13.
1422 5591 1623 5649 “Gen.
1662 5607 1741 5656 ιιι,
1777 5591 1861 5645 l6.
1925 5609 1927 5619 λ

2030 5603 2147 5643 .om.
2188 5587 2345 5655 v,19.
2426 5584 2621 5640 a"Gen.
2658 5596 2738 5646 ιιι,
2776 5575 2857 5630 10.
2937 5573 2980 5604 ³⁸
3015 5571 3178 5627 lCor.
3209 5587 3297 5635 xv,
3328 5569 3419 5635 55;
3446 5568 3603 5633 Osce,

355 5666 477 5716 xm,
526 5650 613 5704 l4.
694 5648 735 5680 ³⁷
767 5649 894 5707 Luc.
921 5666 959 5718 ι,
993 5651 1081 5705 42.
