3926 6126
422 302 492 357 23
1392 299 1448 354 S.
1487 298 1760 354 CYRILLI
1801 297 2277 355 ALEXANDRINI
2314 299 2635 358 ABCHIEP.
3605 301 3680 355 τι

423 429 579 491 pater
609 419 817 491 peccati
843 420 1104 476 adversus
1144 435 1335 476 omnes
1378 420 1470 489 qui
1501 436 1598 490 per
1644 422 1831 478 orbem
1875 430 1979 477 ter-

2093 421 2186 475 καὶ
2213 422 2393 497 πατὴρ
2411 462 2426 486 ,
2453 422 2562 476 τῶν
2589 421 2692 476 ἀνά
2725 423 2905 478 πᾶσαν
2933 421 3032 492 τὴν
3063 419 3155 473 ὑπ’
3184 417 3411 489 οὐρανὸν
3446 434 3684 472 κατεσοο

425 527 613 567 rarum
641 520 820 577 erant,
878 526 940 567 se
993 511 1224 581 superbe
1244 511 1537 587 “iactabat,
1587 511 1645 585 θ
1688 512 1979 566 divinarutr

2097 512 2377 583 ϐαρεύετο,
2407 513 2515 565 τῶν
2546 514 2703 567 θείων
2730 514 2913 583 νόμων
2935 511 3033 582 τὴν
3065 510 3375 581 παράϐασιν
3399 507 3677 577 ὲγκαλῶνο

424 600 606 670 legum
635 601 741 655 illis
788 600 1133 656 violationem
1180 599 1442 671 objiciens
1492 618 1507 654 :
1555 599 1652 655 sed
1708 600 1979 654 hominum

2094 602 2208 656 ἀλλ’
2236 605 2294 655 ὲν
2323 602 2542 673 Χριστῷ
2574 604 2671 675 τὴν
2700 604 2985 674 ἀνθρώπου
3020 601 3200 671 φύσιν,
3238 600 3314 663 ὡς
3356 601 3414 653 ὲν
3449 600 3674 670 ἀπαρκῇ

423 702 671 747 naturam
727 692 780 747 in
833 692 1072 755 Christo,
1105 699 1356 761 tanquam
1405 691 1459 745 in
1506 691 1730 746 secundi
1776 692 1992 761 generis

423 783 700 854 primitiis,
733 784 982 839 ﬁduciam
1005 783 1070 836 ad
1089 780 1254 836 Deum
1285 781 1485 837 habere
1512 782 1756 838 videmus
1807 799 1821 833 ε
1855 783 1995 838 dixit

421 874 565 929 enim
594 884 818 944 aperte:
848 893 868 926 ι
899 873 1057 929 Venit
1101 872 1352 942 princeps
1380 873 1563 928 mundi
1615 873 1798 944 hujus,
1846 884 1900 929 et
1937 874 1991 929 in

421 980 508 1020 me
540 965 671 1019 nihil
697 964 932 1021 inveniet
958 965 1022 1018 ⁸⁸.
1058 983 1078 1017 ι
1884 954 1889 963 ’

494 1055 632 1121 Sed,
663 1056 708 1109 0
748 1057 1006 1127 ρινωοιοιθ
1056 1058 1162 1123 vir,
1201 1072 1308 1113 non
1374 1056 1474 1111 abs
1523 1070 1580 1110 re
1630 1055 1886 1121 dixerim,
1939 1057 1985 1113 si

424 1163 529 1203 non
579 1158 639 1203 ut
692 1164 791 1204 nos
851 1151 1026 1204 factus
1076 1159 1160 1204 est
1221 1150 1312 1205 ille
1356 1146 1684 1219 Unigenitus
1740 1190 1756 1215 ,
1814 1164 1990 1219 neque

422 1248 481 1293 ut
538 1254 638 1293 nos
695 1238 810 1295 ﬁeri
864 1239 970 1295 alio
1023 1243 1182 1295 modo
1230 1254 1392 1309 quam
1445 1254 1541 1307 per
1583 1239 1988 1309 generationem

419 1326 694 1383 carnalem
742 1343 811 1383 ex
869 1328 1066 1383 femina
1126 1329 1346 1398 potuit,
1402 1343 1676 1396 nunquam
1753 1343 1852 1384 nos
1917 1328 1985 1383 il-

418 1417 522 1472 lius
555 1420 715 1473 rebus
746 1418 939 1474 divites
992 1419 1109 1473 ﬁeri
1149 1420 1442 1487 potuimus.
1493 1416 1564 1472 Ut
1603 1419 1751 1472 enim
1796 1418 1988 1475 scribit

418 1504 610 1560 beatus
642 1504 861 1574 Paulus,
889 1507 979 1562 ille
1000 1506 1315 1562 Emmanuel
1338 1522 1442 1562 non
1475 1522 1506 1562 e
1555 1515 1696 1561 terra
1732 1508 1799 1562 ad
1836 1510 1985 1579 prio-

419 1594 495 1649 ris
526 1595 670 1652 illius
714 1597 1041 1667 exemplum,
1088 1599 1181 1653 sed
1243 1612 1274 1651 e
1321 1597 1459 1653 caelo
1514 1597 1783 1653 secundus
1829 1599 1985 1655 nobis

2092 692 2186 746 τοῦ
2210 694 2395 761 γένους
2422 694 2669 765 δευτέρᾳ,
2696 694 3009 766 παρρησίαν
3035 692 3265 764 ἔχουσαν
3289 690 3503 761 ὁρῶμεν
3537 690 3679 760 πρὸς

2090 782 2222 837 Θεόν
2239 800 2251 814 ·
2271 783 2372 854 ἔφη
2394 783 2501 853 γάρ
2522 784 2794 855 ἐναργῶςο
2830 801 2849 834 ι
2873 784 3134 853 Ἔρχεται
3158 784 3186 835 6
3215 782 3400 852 ἄρχων
3443 779 3540 834 τοῦ
3582 780 3677 833 κό-

2094 895 2230 949 σμου
2263 879 2474 944 τούτου,
2511 878 2602 931 καὶ
2639 878 2696 933 ὲν
2726 877 2851 948 ἐμοὶ
2882 876 3104 947 εὑρήσει
3131 874 3302 928 οὐδέν.
3329 893 3348 924 ι

2161 1050 2396 1117 Ἀλλ’,Ὦ
2412 1051 2842 1122 βέλτιστε,φαίην
2858 1051 2924 1105 ἂν
2936 1051 3179 1113 εἰκότως,
3194 1048 3242 1101 εἰ
3259 1046 3333 1118 μὴ
3346 1046 3535 1116 γέγονε
3549 1045 3670 1100 καθ’

2091 1144 2234 1213 ἡμᾶς
2258 1145 2285 1196 6
2315 1143 2641 1212 Μονογενὴς,
2683 1142 2872 1212 γέγονε
2896 1141 2954 1194 δὲ
2989 1139 3275 1209 καθ’ήμᾶς
3311 1139 3410 1208 οὐχ
3446 1138 3665 1208 ἑτέρως,

2092 1234 2227 1304 πλὴν
2250 1234 2329 1287 ὅτι
2357 1234 2442 1287 διὰ
2460 1236 2762 1305 γεννήσεως
2789 1230 3059 1303 σαρκικῆς
3074 1230 3172 1300 τῆς
3189 1231 3253 1283 εκ
3268 1228 3546 1297 γυναικὸς,
3570 1229 3670 1282 οὑκ

2089 1324 2197 1395 ἂνή
2207 1326 2324 1394 μεῖς
2336 1324 2403 1378 τά
2420 1325 2584 1380 αὑτοῦ
2600 1324 2952 1393 πεπλουτήκα
2960 1339 3073 1393 μεν.
3094 1322 3183 1384 Ὠς
3195 1320 3301 1390 γὰρ
3317 1321 3345 1372 6
3362 1318 3668 1386 σοφώτατος

2087 1416 2285 1485 γράφει
2322 1414 2548 1478 Παῦλος,
2575 1414 2823 1484 δεύτερος
2852 1416 2984 1484 ἡμῖν
3013 1412 3185 1482 Ἀδάμ
3208 1412 3306 1464 οὑκ
3333 1411 3441 1464 ἀπό
3488 1427 3551 1479 γε
3571 1410 3670 1480 τῆς

2086 1508 2187 1577 γῆς
2235 1506 2375 1560 κατά
2416 1506 2506 1560 τὸν
2554 1506 2788 1576 πρῶτον,
2844 1504 2958 1557 ἀλλ’
2987 1503 3044 1570 ἐξ
3086 1501 3317 1572 ούρανοῦ
3351 1502 3614 1572 πέφηνεν,
3640 1503 3669 1554 6

2098 1596 2460 1667 Ἐμμανουήλ.
2479 1596 2535 1649 ’0
2569 1596 2675 1666 γάρ
2707 1594 2912 1650 ἄνωθέν
2929 1611 2986 1648 τε
3014 1594 3108 1647 καὶ
3140 1596 3205 1647 ὲκ
3241 1592 3452 1661 Πατρὸς
3474 1592 3664 1659 Λόγος,

420 1688 589 1740 Adam
638 1688 888 1761 apparuit
912 1687 980 1741 ".
1015 1687 1146 1742 Nam
1182 1688 1310 1743 illud
1349 1703 1584 1756 superne
1637 1696 1692 1743 et
1722 1702 1786 1743 ex
1822 1687 1979 1744 Patre

2088 1689 2184 1741 οὐκ
2216 1691 2294 1752 εἰς
2323 1688 2420 1759 τὴν
2460 1688 2610 1741 τοῦδέ
2644 1704 2805 1751 τινος,
2835 1684 2959 1738 οὔτε
2991 1686 3096 1756 μὴν
3128 1687 3210 1748 εἰς
3252 1684 3540 1756 ἀλλοτρίαν
3569 1699 3668 1737 κα-

419 1774 657 1831 Verhum
693 1793 798 1832 non
827 1778 878 1831 in
912 1776 1208 1848 cujuSpiam
1237 1793 1478 1845 carnem,
1531 1792 1706 1847 neque
1752 1780 1803 1833 in
1854 1780 1985 1836 alie-

418 1880 543 1919 nam
585 1867 754 1931 venit,
797 1875 857 1921 ut
883 1862 997 1937 jam
1028 1870 1275 1938 superius
1314 1869 1459 1933 dixi,
1497 1883 1670 1937 neque
1721 1869 1771 1923 in
1820 1885 1983 1924 unum

416 1955 650 2025 aliquem
684 1958 853 2013 nostri
882 1958 1111 2013 similem
1129 1958 1408 2013 descendit
1435 1968 1491 2014 ut
1516 1958 1569 2014 in
1601 1973 1666 2014 eo
1695 1959 1981 2027 habitaret,

415 2057 475 2101 ut
516 2050 700 2117 procul
734 2049 896 2105 dubio
948 2049 1049 2106 fuit
1081 2051 1133 2105 in
1181 2051 1501 2122 prophetis:
1543 2048 1636 2106 sed
1685 2066 1804 2105 rum
1838 2067 1985 2107 sum-

412 2149 561 2210 ptum
585 2154 649 2195 ex
681 2141 902 2199 muliere
925 2157 1119 2212 corpus
1164 2157 1320 2197 suum
1364 2141 1598 2207 fecisset,
1636 2154 1690 2198 et
1719 2158 1781 2199 ex
1813 2158 1873 2198 ea
1898 2159 1983 2199 se-

412 2232 645 2285 cundum
669 2246 882 2287 carnem
911 2242 1055 2288 esset
1074 2232 1306 2304 genitus,
1326 2233 1562 2287 hominis
1578 2233 1981 2303 generationem

411 2335 510 2390 per
530 2336 589 2377 se
617 2323 1009 2393 recapitulavit,
1038 2324 1321 2380 nobiscum
1344 2322 1519 2379 factus
1544 2326 1843 2378 secundum
1870 2338 1985 2378 car-

408 2427 556 2478 nem,
579 2414 667 2483 qui
688 2416 1001 2470 anteomnia
1024 2415 1219 2471 saecula
1242 2417 1521 2470 exstiterat
1544 2430 1610 2470 ex
1638 2414 1816 2470 Patre.
1837 2414 1985 2472 lianc

414 2501 572 2556 nobis
603 2501 724 2556 lldei
760 2501 1153 2557 confessionem
1184 2515 1353 2556 sacrae
1380 2500 1596 2556 Littera:
1626 2501 1980 2555 tradiderunt.

409 2591 482 2645 At
512 2602 567 2645 tu
604 2600 841 2647 metuere
866 2600 917 2646 te
949 2590 1191 2656 simulas,
1219 2590 1421 2661 nequis
1438 2605 1468 2646 e
1484 2591 1638 2647 nobis
1658 2591 1982 2662 suSpicetnr,

409 2681 537 2737 illud
555 2696 622 2737 ex
641 2682 748 2738 Deo
761 2682 999 2752 genitum
1015 2681 1247 2738 Verbum
1264 2697 1293 2736 a
1311 2697 1473 2737 carne
1494 2693 1703 2737 terrena
1716 2683 1983 2738 essisten-

409 2774 500 2828 tize
534 2773 743 2829 initium
770 2773 1064 2841 habuisse;
1098 2788 1163 2829 ac
1185 2772 1424 2829 funditus
1450 2772 1591 2829 tollis
1618 2774 1979 2843 dispensatio-

412 2865 496 2921 nis
513 2864 563 2919 in
589 2880 753 2919 carne
774 2865 1111 2935 mysterium,
1139 2880 1260 2920 cum
1289 2874 1532 2922 sanctam
1560 2858 1835 2937 Virginem
1858 2879 1981 2923 esse

411 2971 440 3009 a
470 2956 623 3012 nobis
648 2956 741 3011 Dei
785 2957 1097 3025 genitricem
1144 2956 1514 3027 appellandam
1546 2971 1710 3027 negas
1742 2972 1755 3008 :
1792 2968 1848 3013 et
1889 2973 1982 3012 eos

407 3048 495 3118 qui
527 3047 675 3103 illam
711 3046 805 3103 Dei
837 3048 1155 3117 genitricem
1185 3055 1397 3113 vocant,
1430 3055 1681 3116 tanquam
1711 3047 1777 3103 ad
1812 3048 1982 3102 inevi-

406 3136 623 3193 tabilem
653 3152 716 3192 ac
732 3136 1093 3192 necessariam
1115 3134 1512 3191 confessionem
1535 3136 1776 3204 deducis,
1798 3145 1860 3193 ut
1876 3138 1981 3193 illis

405 3228 704 3298 putandum
763 3226 834 3281 sit
871 3224 1106 3280 Verbum
1138 3226 1316 3281 carnis
1340 3240 1460 3281 esse
1487 3224 1738 3282 fructum.
1773 3227 1881 3283 Sed
1928 3229 1979 3283 id

406 3332 567 3373 secus
596 3325 701 3383 est,
734 3317 999 3388 longeque
1029 3316 1187 3371 aliter
1220 3316 1403 3373 habet.
1460 3317 1594 3373 Nam
1646 3319 1733 3373 ille
1775 3334 1843 3373 ex
1871 3320 1980 3375 Deo

405 3409 568 3465 Patre
595 3408 785 3475 Filius,
818 3409 909 3480 qui
946 3421 1107 3479 supra
1136 3421 1296 3463 omne
1343 3418 1552 3479 tempus
1600 3409 1808 3464 initium
1833 3412 1981 3466 exsi-

407 3500 581 3554 stcndi
614 3501 799 3566 habet,
823 3514 944 3554 cum
971 3500 1034 3554 sit
1060 3499 1378 3555 saeculorum
1405 3500 1684 3565 Conditor,
1715 3501 1767 3556 in
1795 3511 1978 3557 estre-

406 3592 511 3647 mis
561 3591 741 3647 sacculi
772 3592 1105 3661 temporibus
1128 3592 1252 3662 quia
1285 3591 1459 3647 factus
1494 3602 1576 3648 est
1604 3606 1754 3658 caro,
1785 3607 1980 3650 secun-

407 3685 535 3740 dum
563 3699 781 3741 carnem
813 3684 988 3740 factus
1018 3699 1140 3740 esse
1166 3684 1383 3740 dicitur.
1431 3682 1565 3739 Nam
1614 3686 1659 3740 si
1698 3685 1976 3755 proprium

406 3776 529 3844 ejus
547 3790 741 3846 corpus
757 3774 1092 3845 intelligitur,
1123 3774 1389 3845 quomodo
1411 3791 1513 3828 non
1534 3790 1753 3845 prorsus
1774 3777 1976 3846 proprii

406 3867 651 3937 corporis
686 3866 1022 3921 nativitatem
1059 3866 1160 3921 sibi
1191 3874 1446 3934 tanquam
1475 3880 1627 3920 suam
1672 3867 1967 3923 vindicabit

406 3967 460 4012 rt
495 3956 873 4013 asseret?Sed
903 3957 1041 4012 hanc
1088 3955 1366 4011 hominum
1418 3957 1489 4019 ita
1522 3958 1856 4012 eredcntium
1895 3975 1979 4014 re-

404 4058 549 4103 ctam
578 4063 899 4118 sacramque
927 4046 1085 4103 lldem
1114 4046 1277 4103 etiam
1302 4045 1418 4116 ipse
1448 4048 1759 4118 probasses,
1788 4050 1832 4104 si
1878 4049 1974 4105 tibi

402 4138 508 4208 ipsi
540 4137 872 4207 persuadere
906 4137 1193 4203 voluisses,
1219 4146 1278 4192 ut
1309 4138 1580 4208 cogitares
1615 4148 1779 4208 atque
1807 4141 1977 4196 conﬁ-

404 4230 601 4285 tereris
633 4245 761 4284 vere
786 4229 955 4283 Deum
982 4244 1103 4284 esse
1126 4229 1422 4294 Christum,
1453 4244 1727 4299 unumque
1768 4246 1832 4285 ac
1880 4246 1974 4285 so-

400 4321 517 4375 lum
551 4335 673 4376 esse
712 4321 807 4374 Dei
843 4328 896 4375 et
922 4319 1120 4383 Patris,
1152 4334 1257 4373 non
1306 4320 1536 4374 divisum
1593 4322 1645 4374 iu
1694 4322 1968 4377 hominem

2089 1782 2457 1851 ταπεφοίτηκε
2506 1781 2703 1852 σάρκα,
2750 1780 2998 1851 καθάπερ
3026 1780 3125 1850 ἧδη
3158 1781 3435 1849 προεῖπον,
3462 1778 3570 1831 οὐδ’
3600 1772 3666 1831 αὖ

2090 1871 2175 1940 ἐφ’
2198 1870 2292 1923 ἕνα
2319 1870 2441 1924 τινά
2474 1869 2583 1923 τῶν
2612 1869 2734 1923 καθ’
2762 1872 2909 1941 ἡμᾶς
2936 1868 3334 1939 καταϐέϐηκεν,
3362 1872 3439 1931 ὡς
3463 1870 3674 1938 ἐνοική-

2092 1979 2200 2015 σων
2243 1959 2410 2031 αὐτῷ,
2442 1960 2692 2032 καθάπερ
2731 1962 2921 2032 ἀμέλει
2973 1963 3067 2015 καὶ
3107 1964 3163 2014 ὲν
3205 1961 3512 2032 προφήταις
3556 1955 3628 2032 ἦν
3652 1977 3670 1992 ο

2088 2051 2203 2108 ἀλλ’
2240 2051 2369 2105 ἴδιον
2416 2052 2783 2123 ποιησάμενος
2837 2050 2994 2122 σῶμα
3043 2051 3105 2105 τὸ
3146 2054 3209 2105 ὲκ
3249 2049 3531 2121 γυναικὸς,
3567 2050 3671 2104 καὶ

2088 2141 2368 2213 γεννηθεὶς
2396 2142 2454 2206 ἐξ
2484 2143 2655 2214 αὑτῆς
2688 2143 2829 2196 κατά
2858 2142 3054 2212 σάρκα,
3095 2141 3196 2211 τὴν
3227 2140 3514 2211 ἀνθρώπου
3541 2140 3670 2209 γέν-

2088 2250 2244 2304 νησιν
2291 2232 2748 2300 ἀνεκειραλαιοῦτο
2798 2232 2864 2285 δι’
2893 2231 3107 2294 ἑαυτοῦ,
3159 2229 3279 2300 μεθ’
3308 2229 3466 2301 ἡμῶν
3525 2229 3671 2283 κατὰ

2091 2322 2269 2393 σάρκα
2297 2322 2609 2393 γενόμενος,
2642 2324 2669 2375 6
2711 2320 2817 2391 πρὸ
2857 2320 3057 2383 παντὸς
3098 2318 3292 2382 αἰῶνος
3324 2320 3388 2372 ὲκ
3430 2317 3666 2390 Πατρός.

2089 2412 2304 2484 Ταύτην
2355 2414 2488 2483 ἡμῖν
2534 2412 2634 2481 τῆς
2685 2412 2921 2473 πίστεως
2964 2409 3059 2480 τὴν
3102 2407 3392 2479 ὁμολογίαν
3427 2407 3484 2461 αἱ
3528 2406 3667 2460 θεῖαι

2089 2502 2391 2577 παρέδοσαν
2423 2503 2654 2574 Γραφαί.
2688 2503 2760 2556 Σὺ
2784 2501 2840 2554 δὲ
2865 2500 3093 2554 δεδιέναι
3125 2501 3222 2571 μὲν
3247 2501 3541 2571 προσποιῇ,
3587 2497 3664 2569 μή

2087 2595 2195 2667 ἄρα
2222 2612 2307 2658 τις
2344 2594 2452 2648 τῶν
2494 2593 2614 2648 καθ’
2639 2595 2785 2665 ἡμᾶς
2824 2592 3205 2657 ὑποπτεύσειε,
3245 2591 3345 2661 τῆς
3377 2589 3667 2660 ὑπάρξεως

2086 2684 2185 2757 τὴν
2209 2684 2382 2757 ἀρχὴν
2414 2684 2527 2739 ἀπὸ
2559 2685 2753 2755 γηῖνης
2782 2684 2981 2754 σαρκὸς
3004 2682 3293 2753 ἐσχηκέναι
3318 2680 3408 2733 τὸν
3434 2682 3498 2733 ἐκ
3527 2678 3667 2732 Θεοῦ

2089 2777 2264 2846 φύντα
2285 2776 2487 2845 Λόγονο
2535 2776 2779 2847 ἀναιρεῖς
2802 2774 2858 2828 δὲ
2891 2774 3122 2828 εἱσάπαν
3149 2772 3248 2841 τῆς
3283 2770 3422 2843 μετά
3461 2770 3665 2841 σαρκὸς

2088 2867 2401 2938 οἰκονομίας
2431 2866 2492 2920 τὸ
2523 2869 2837 2937 μυστήριον,
2867 2866 2941 2937 μὴ
2967 2868 3164 2936 χρῆναι
3198 2865 3372 2933 λέγων
3398 2862 3661 2934 ὀνομάζε-

2091 2956 2217 3010 σθαι
2248 2955 2383 3027 πρὸς
2405 2955 2562 3026 ήμῶν
2578 2954 2837 3008 Θεοτόκον
2860 2956 2961 3025 τὴν
2985 2954 3142 3023 ἁγίαν
3175 2952 3449 3023 Παρθένον
3469 2968 3482 2981 ·
3517 2967 3666 3021 περι-

2088 3049 2307 3121 τρέπεις
2351 3048 2408 3101 δὲ
2439 3046 2628 3118 ὥσπερ
2675 3048 2753 3111 εις
2802 3046 3044 3115 ἄφυκτόν
3098 3062 3179 3108 τε,
3220 3044 3312 3098 καὶ
3354 3042 3660 3111 ἀναγκαίαν

2086 3132 2376 3209 δμολογίαν
2415 3138 2542 3201 τοὺς
2570 3124 2829 3191 Θεοτόκον
2873 3135 3130 3204 λέγοντας
3180 3134 3380 3205 αὐτὴν,
3412 3131 3506 3186 τοῦ
3549 3133 3659 3185 δεῖν

2086 3231 2290 3285 οἴεσθαι
2331 3230 2530 3303 σαρκὸς
2562 3229 2808 3299 γενέσθαι
2830 3228 3041 3299 καρπὸν
3074 3228 3164 3281 τὸν
3197 3228 3260 3280 ὲκ
3297 3224 3433 3279 Θεοῦ
3463 3225 3654 3292 Λόγον.

2101 3322 2237 3375 Ἀλλ’
2262 3322 2361 3391 οὑχ
2404 3315 2505 3375 ὧδε
2550 3320 2691 3373 τοῦτ’
2726 3319 2868 3389 ἔχει·
2899 3317 3093 3372 πολλοῦ
3125 3335 3188 3387 γε
3227 3317 3320 3370 καὶ
3350 3316 3447 3369 δεῖ.
3464 3316 3523 3368 Ὀ
3553 3316 3660 3385 γάρ

2085 3414 2151 3467 ἐκ
2179 3410 2313 3465 Θεοῦ
2344 3411 2555 3482 Πατρὺς
2580 3411 2678 3482 τὴν
2720 3408 2953 3480 ὕπαρξιν
2994 3407 3132 3478 έχων
3177 3407 3273 3477 τὴν
3321 3405 3521 3468 παντὸς
3561 3407 3661 3458 έπ-

2086 3504 2271 3557 έκεινα
2300 3503 2514 3574 χρόνον,
2541 3502 2637 3557 καὶ
2667 3501 2775 3572 γάρ
2803 3503 2919 3553 ἐστι
2941 3498 3046 3552 τῶν
3074 3496 3283 3552 αἰώνων
3300 3495 3660 3567 Δημιουργὸς,

2086 3597 2143 3648 ὲν
2175 3578 2421 3664 ἐσχάτοις
2452 3592 2544 3647 τοῦ
2568 3592 2764 3656 αἰῶνος
2788 3593 2999 3663 καιροῖς
3020 3589 3140 3643 έπεί
3170 3606 3252 3643 τοι
3277 3588 3468 3656 γέγονε
3499 3586 3657 3659 σάρξ,

2086 3684 2442 3755 γεγεννῆσθαι
2466 3685 2681 3753 λέγεται
2704 3683 2845 3736 κατά
2881 3682 3078 3752 σάρκα.
3107 3682 3168 3734 El
3202 3680 3309 3750 γὰρ
3339 3679 3469 3733 ῖδιον
3491 3676 3656 3731 αὑτοῦ

2084 3776 2146 3829 τὸ
2185 3775 2343 3845 σῶμα
2376 3776 2595 3836 νοεῖται,
2621 3772 2737 3836 πῶς
2768 3772 2829 3825 οὐ
2858 3774 3035 3842 πάντη
3063 3788 3121 3824 τε
3168 3770 3262 3823 καὶ
3318 3770 3539 3832 πάντως
3562 3768 3658 3839 τὴν

2084 3865 2176 3920 τοῦ
2220 3866 2348 3919 ἰδίου
2384 3864 2635 3935 σώματος
2666 3863 2920 3934 γέννησιν
2955 3860 3334 3924 οἱκειὼσεταις
3385 3860 3528 3913 Ἀλλ’
3559 3861 3658 3912 ἒπ-

2082 3956 2279 4028 ῄνεσας
2302 3955 2368 4009 ἂν
2393 3956 2486 4009 καὶ
2508 3954 2668 4017 αὐτὸς
2693 3954 2790 4026 τὴν
2820 3953 2927 4006 τῶν
2950 3952 3091 4005 οὕτω
3117 3951 3448 4015 δοξαζόντων
3495 3949 3658 4019 ὀρθὴν

2060 4049 2177 4105 ,καὶ
2204 4046 2465 4117 ἀϐέϐηλον
2491 4045 2692 4109 πίστιν,
2746 4046 2793 4097 εἰ
2837 4045 2891 4096 δὲ
2926 4049 3127 4097 παυτδν
3177 4041 3300 4113 [τσ.
3329 4042 3393 4111 δὴ
3422 4038 3656 4112 σαυτὸν]
3684 4076 3693 4085 .

2083 4137 2395 4192 ἀναπείθειν
2436 4136 2625 4207 ήθελες
2654 4134 3068 4204 διαλογίζεσθαι,
3096 4133 3189 4186 καὶ
3232 4131 3537 4203 ὁμολογεῖν,
3571 4131 3655 4183 ὅτι

2082 4232 2213 4295 Θεὸς
2245 4229 2457 4299 ἀληθῶς
2489 4231 2633 4282 ἐστιν
2670 4232 2698 4282 6
2734 4227 2988 4298 Χριστὸς,
3018 4221 3095 4289 εἷς
3136 4241 3193 4277 τε
3254 4224 3350 4276 καὶ
3383 4222 3541 4291 μόνος
3579 4220 3657 4273 ὢν

2081 4324 2173 4377 τοῦ
2205 4321 2336 4376 Θεοῦ
2384 4322 2477 4377 καὶ
2521 4319 2754 4392 Πατρδς,
2788 4320 2846 4372 οὐ
2877 4318 3203 4391 διῃρημένος
3245 4316 3324 4379 εἰς
3368 4312 3655 4379 ἄνθρωπον

404 4412 657 4474 seorsim,
683 4418 738 4466 et
768 4410 825 4465 in
861 4410 1027 4464 Deum
1064 4410 1337 4474 similiter,
1365 4410 1460 4465 sed
1482 4413 1729 4467 emudem
1757 4428 1877 4469 esse
1914 4426 1968 4469 et

2088 4414 2286 4477 ῐδικῶς,
2316 4413 2410 4466 καὶ
2451 4411 2650 4482 ὁμοίως
2688 4412 2766 4473 εἰς
2795 4409 2947 4473 Θεὸν,
2978 4408 3093 4462 ἀλλ’
3122 4408 3151 4459 6
3182 4406 3342 4467 αὑτὸς
3372 4403 3653 4473 ὑπάρχων,

402 4517 472 4559 es
513 4503 622 4558 Deo
650 4500 813 4559 Patre
870 4501 1142 4566 Verbum,
1192 4512 1247 4555 et
1291 4515 1356 4554 ex
1419 4501 1645 4557 muliere
1693 4504 1965 4559 hominem

402 4595 578 4651 nostri
609 4593 865 4656 similem,
897 4606 1112 4661 unaque
1151 4589 1321 4665 Deum
1379 4606 1723 4661 permanere.
1781 4592 1887 4649 Sed
1923 4607 1973 4650 te

401 4685 727 4742 calumniari
775 4685 922 4739 illam
972 4684 1133 4740 Verbi
1183 4685 1587 4754 generationem
1636 4685 1740 4755 ιο
1768 4700 1970 4740 secun—

403 4781 533 4834 dum
553 4793 796 4841 carnem,
824 4792 944 4832 cum
976 4777 1172 4847 ubique
1200 4780 1335 4832 duos
1361 4790 1577 4832 asseras
1602 4778 1764 4846 filios,
1800 4786 1859 4833 et
1886 4778 1970 4832 tli-

401 4874 561 4930 vidas
585 4886 749 4925 unum
775 4868 1057 4925 Dominum
1103 4867 1289 4924 Jesum
1336 4867 1610 4923 Christum
1632 4908 1648 4934 ,
1673 4884 1779 4923 non
1813 4869 1970 4934 meis,

401 4965 497 5023 sed
533 4964 638 5019 tuis
660 4963 838 5018 verbis
867 4960 1204 5030 perspicuum
1233 4959 1345 5014 fiet.

473 5054 718 5112 Nss'ron.
755 5051 917 5126 [Vide
945 5051 1075 5121 quid
1114 5059 1497 5119 consequatur,
1547 5048 1817 5103 hteretice.
1853 5047 1969 5103 Non

404 5146 623 5202 invideo
656 5145 797 5198 hanc
845 5155 1031 5195 vocem
1055 5140 1257 5195 Christi
1308 5138 1557 5208 genitrici
1587 5136 1837 5209 Virgini,
1879 5140 1974 5194 sed

405 5233 532 5289 novi
549 5230 911 5288 venerandam
942 5243 1062 5285 esse
1089 5242 1209 5297 quae
1230 5226 1400 5281 Deum
1422 5227 1639 5297 excepit
1658 5267 1673 5292 ,
1695 5243 1791 5297 per
1809 5242 1971 5297 quam

411 5323 727 5395 pertransiit
775 5323 865 5377 ille
906 5321 1282 5376 universorum
1326 5317 1607 5383 Dominus,
1660 5333 1755 5387 per
1808 5334 1973 5388 quam

406 5413 608 5469 ell'ulsit
638 5413 717 5467 sol
739 5412 982 5483 iustitiae.
1003 5409 1241 5465 Rursum
1267 5419 1580 5479 suspectum
1616 5410 1787 5465 habeo
1819 5411 1968 5465 hunc

407 5506 675 5576 plausum.
724 5503 1002 5570 Quomodo
1051 5503 1280 5558 verbum
1330 5502 1458 5557 illud
1514 5503 1841 5571 pertransiit,
1888 5503 1969 5557 in-

484 5678 701 5739 ”Joan.
730 5697 839 5748 xiv,
868 5679 957 5737 30.
1040 5681 1082 5713 ”
1119 5677 1137 5733 l
1168 5679 1295 5735 Cor.
1326 5694 1413 5746 xv,
1456 5678 1545 5733 l7.

2083 4506 2176 4560 καὶ
2201 4508 2265 4559 ὲκ
2290 4503 2422 4557 Θεοῦ
2454 4502 2664 4573 Πατρὸς
2701 4501 2892 4569 Λόγος,
2926 4500 3019 4553 καλ⁵
3062 4500 3127 4552 ὲκ
3160 4495 3415 4565 γυναικὸς
3446 4494 3654 4564 ἀνθρω-

2080 4614 2181 4660 πος
2220 4595 2341 4649 καθ’
2370 4596 2534 4665 ἡμᾶς,
2570 4593 2707 4664 μετὰ
2738 4592 2831 4645 τοῦ
2873 4592 3053 4661 μεῖναι
3096 4587 3380 4650 Θεός.”οτι
3410 4585 3467 4637 δὲ
3499 4600 3654 4637 συκο-

2081 4690 2298 4759 φαντεῖς
2313 4686 2405 4740 τοῦ
2424 4687 2596 4755 Λόγου
2614 4686 2712 4757 τὴν
2738 4684 2877 4739 κατὰ
2910 4683 3086 4750 σάρκα
3105 4679 3378 4749 γέννησιν,
3396 4677 3490 4731 δύο
3516 4692 3649 4746 πρεο

2080 4778 2287 4832 σϐεύων
2309 4778 2455 4840 υἱοὺς
2483 4777 2749 4845 πανταχῇ,
2770 4774 2863 4827 καὶ
2887 4772 3184 4842 διατέμνων
3212 4770 3305 4822 τὸν
3330 4768 3426 4821 ἕνα
3452 4768 3651 4837 Κύριον

2092 4868 2297 4939 Ἰησοῦν
2319 4866 2572 4938 Χριστὸν,
2600 4867 2660 4919 οὐ
2685 4864 2771 4919 διά
2808 4863 2914 4918 τῶν
2941 4862 3111 4933 ὲμῶν,
3139 4859 3272 4914 ἀλλά
3295 4859 3383 4913 διὰ
3409 4858 3517 4912 τῶν
3547 4857 3651 4910 σῶν

2079 4957 2423 5028 δειχθήσεται
2461 4955 2650 5026 λόγων.
3282 5007 3285 5010 ι

2152 5048 2346 5120 [Βλέπε
2379 5047 2440 5100 τὸ
2469 5042 3077 5116 συμϐαῖνον,αῑρετικέ·
3108 5044 3168 5095 οὑ
3200 5040 3381 5111 φθονῶ
3410 5042 3509 5110 τῆς
3542 5055 3652 5107 φω-
3744 5110 3749 5119 ι

2075 5139 2171 5209 νῆς
2221 5142 2288 5209 τῇ
2321 5137 2669 5208 Χριστοτόκῳ
2710 5135 2993 5206 Παρθένῳ,
3040 5132 3155 5186 ἀλλ’
3185 5128 3301 5185 οἶδα
3349 5128 3653 5198 σεϐασμίαν

2072 5233 2173 5301 τὴν
2217 5229 2515 5301 δεξαμένην
2560 5227 2714 5291 Θεὸν,
2749 5221 2907 5297 δι’ἦς
2955 5225 3232 5297 παρῆλθεν
3281 5226 3309 5277 6
3363 5222 3471 5275 τῶν
3519 5221 3653 5273 ὅλων

2072 5321 2371 5391 Δεσπότης,
2404 5321 2471 5374 δι’
2497 5316 2565 5392 ἦς
2590 5318 2901 5389 ἀνέλαμψεν
2928 5320 2955 5371 6
2983 5319 3084 5389 τῆς
3109 5315 3454 5385 δικαιοσύνης
3480 5313 3648 5383 ἥλιος.

2071 5413 2240 5467 Πάλιν
2284 5411 2575 5465 ὑποπτεύω
2624 5409 2715 5463 τὸν
2766 5409 2957 5480 κρότον
2992 5426 3005 5438 ·
3058 5408 3175 5470 πῶς
3224 5407 3281 5459 τὸ
3342 5401 3640 5473 παρῆλθε)

2069 5503 2355 5576 ἑνοήσατες
2387 5503 2485 5557 οὑκ
2526 5501 2739 5572 εἴρηταί
2774 5518 2865 5572 μοι
2908 5501 2988 5568 τὸ,
3026 5497 3357 5568 παρῆλθεν,
3387 5494 3512 5550 ἀντὶ¹
3533 5490 3647 5558 τοῦ,
