3926 6126
263 267 336 330 25
1364 283 1732 341 ADVERSUS
1770 285 2174 345 NESTOlllUM
2217 291 2344 348 LIB.
2389 290 2430 350 Ι.
3445 307 3517 363 '36

263 392 563 464 ἐγεννήθη
581 409 592 422 ⁸
624 393 685 447 ού
719 393 828 465 γὰρ
858 394 1003 450 οῦτω
1029 399 1238 469 ταχέως
1262 400 1691 474 ἐπιλανθάνομαι
1734 405 1834 458 τῶν

1951 407 2232 465 tellexistis
2252 411 2277 463 ?
2320 409 2433 465 Non
2460 409 2593 476 dixi,
2625 413 2956 481 pertransiit,
2992 428 3092 484 pro
3116 428 3182 469 eo
3213 414 3358 485 quod
3390 428 3470 471 est
3496 460 3512 485 ,

269 489 448 543 ίδίωνο
489 488 554 542 τὸ
602 489 893 559 παρελθεῖν
937 491 1030 545 τὸν
1081 492 1214 546 Θεὸν
1261 494 1327 549 ἐκ
1353 496 1452 566 τῆς
1478 498 1840 568 Χριστοτόκου

265 576 548 649 Παρθένου
583 578 736 649 παρὰ
776 582 874 649 τῆς
908 578 1059 645 θείας
1086 582 1371 654 ἐδιδάχθην
1408 586 1650 657 Γραφῆς,
1683 589 1744 642 τὸ
1786 590 1842 643 δὲ

265 668 592 738 γεννηθῆναι
621 667 756 721 Θεὸν
786 668 847 734 ἐξ
877 669 1069 736 αὐτῆς,
1098 672 1336 742 οὐδαμοῦ
1368 668 1697 748 ἐδιδάχθην.]
1732 678 1843 731 Καὶ

267 757 389 828 μεθ’
419 757 614 828 ἐτερα·
650 756 923 830 [Οὐδαμοῦ
950 759 1130 813 τοίνυν
1159 763 1191 831 ή
1226 761 1348 816 θεία
1390 765 1581 835 Γραφὴ
1614 766 1747 820 Θεὸν
1778 768 1843 820 ἐκ

262 847 360 916 τῆς
391 848 760 917 Χριστοτόκου
818 849 967 916 λέγει
1010 852 1392 923 γεγεννῆσθαι,
1437 856 1572 909 ἀλλά
1611 857 1840 926 Ἰησοῦν,

261 937 520 1007 Χριστὸν,
552 940 701 1002 Υἱὸν,
735 939 990 1012 Κύριον.]
1041 943 1389 1014 Προσεπάγει
1413 946 1469 1000 δὲ
1499 946 1728 1012 τούτοις,
1759 951 1842 1003 ὃτι

266 1029 342 1098 μὴ
372 1030 505 1093 Θεὸς
536 1030 774 1102 άληθῶς,
807 1034 1066 1108 θεοφόρος
1092 1037 1149 1089 δὲ
1184 1037 1388 1105 μᾶλλον
1413 1038 1697 1108 ἄνθρωπος
1724 1036 1791 1110 ἦν
1814 1042 1843 1095 ὁ

262 1117 519 1186 Χριστὸς,
552 1119 630 1184 ὡς
661 1122 793 1188 γοῦν
818 1123 1011 1190 οἴεται,
1049 1126 1408 1189 καταδεικνὺς
1430 1126 1526 1197 τὴν
1555 1126 1650 1179 τοῦ
1676 1128 1843 1195 άγγιέ⁶

263 1207 356 1263 λου
396 1212 580 1282 φωνὴν
608 1213 688 1283 τῷ
710 1217 962 1286 μακαρίῳ
989 1217 1242 1284 λέγοντος
1256 1219 1475 1289 Ἰωσήφ·
1500 1237 1518 1269 ι
1544 1218 1840 1288 Ἐγερθεὶς,

261 1299 551 1369 παράλαϐε
571 1303 635 1355 τὸ
662 1304 870 1357 παιδίον
893 1322 938 1358 Ἰ
971 1308 1170 1360 εἰδέναι
1208 1308 1264 1360 δέ
1296 1325 1437 1378 φησι
1466 1308 1559 1363 καὶ
1586 1309 1710 1372 τοὺς
1747 1310 1844 1379 ἀγ-

262 1391 476 1459 γέλους,
505 1394 684 1448 καίτοι
712 1397 1058 1468 σοφωτέρους
1100 1398 1260 1463 ὄντας
1306 1399 1483 1470 ἡμῶν,
1518 1401 1599 1454 ὅτι
1632 1402 1843 1456 παιδίον

259 1477 353 1553 ἦν.

863 1600 1117 1658 ΚΕΦΔΛ.
1162 1605 1234 1659 B'.

336 1710 623 1780 Αίρετικὸν
657 1712 754 1783 μὲν
788 1708 880 1766 οὖν
921 1716 979 1767 ἐν
1018 1716 1230 1780 τούτοις
1259 1717 1524 1772 ἀποκαλεῖ
1552 1721 1643 1775 τὸν
1671 1722 1838 1795 ὀρθὴν
1868 1754 1912 1810 Β

264 1798 458 1869 ἔχοντα
500 1801 594 1855 καὶ
635 1802 1093 1877 τεθαυμασμένην
1134 1808 1226 1861 ἐπὶ
1258 1809 1477 1881 Χριστῷ
1506 1812 1603 1882 τὴν
1633 1814 1837 1887 πίστιν,

262 1890 359 1942 καὶ
384 1891 616 1963 ἐπείπερ
645 1894 763 1947 ἐστὶ
791 1895 923 1959 Θεὸς
953 1896 1189 1967 ἀληθῶς,
1220 1899 1479 1954 Θεοτόκον
1508 1902 1839 1972 ὀνομάζοντα

260 1982 360 2054 τὴν
407 1984 672 2038 τεκοῦσαν
726 1986 907 2042 αὐτόν.
948 1989 1162 2042 Γὲνοιτο
1207 1990 1251 2043 δ’
1287 1991 1353 2045 ἂν
1401 1993 1576 2047 οὐδενὶ
1618 1994 1727 2049 τῶν
1778 1994 1837 2052 εὖ

260 2075 609 2145 φρονούντων
634 2079 953 2148 ἀμφίλογον,
980 2081 1061 2134 ὅτι
1091 2084 1202 2146 τοῖς
1231 2083 1370 2153 ὀρθά
1392 2087 1609 2154 φρονεῖν
1632 2088 1840 2159 ᾑρημέ-

256 2183 371 2230 νοις
407 2167 499 2219 τὸν
539 2168 647 2221 τῶν
690 2169 952 2240 αἱρέσεων
990 2172 1179 2242 μῶμον
1223 2174 1497 2238 ἀνάπτων,
1525 2176 1686 2240 αὐτὸς
1732 2178 1840 2232 τῶν

260 2257 411 2311 ἰδίων
435 2257 683 2330 καθοριεῖ
710 2260 883 2329 λόγων
908 2263 968 2315 τὸ
1000 2264 1233 2327 ἀκαλλές
1252 2282 1266 2295 ·
1306 2264 1467 2334 μόνον
1505 2266 1560 2320 δὲ
1592 2269 1714 2339 οὐχὶ
1744 2271 1839 2323 καὶ⁵

255 2347 662 2420 διωμολόγηκεν
694 2352 962 2423 ἐναργῶς,
991 2355 1065 2417 ὡς
1091 2354 1197 2420 ἔξω
1221 2373 1323 2408 που
1349 2357 1452 2427 τῆς
1480 2361 1559 2422 είς
1586 2360 1714 2414 εύθὺ
1742 2361 1837 2431 φέ-

258 2456 414 2510 ρεται
446 2440 658 2510 τρίϐου,
689 2442 785 2495 καλ⁹
813 2445 1021 2514 τροπὰς
1054 2445 1128 2515 (1)
1165 2450 1398 2501 ποιεῖται
1424 2449 1520 2512 τὰς
1546 2450 1838 2524 διεστραμ-

258 2528 449 2596 μένας.
483 2527 619 2584 Εἶτα
666 2532 783 2595 πῶς
823 2535 885 2586 ού
916 2535 1149 2603 φθονεῖς,
1178 2538 1300 2590 είπὲ
1331 2556 1443 2609 μοι,
1476 2539 1576 2608 τῆς
1620 2544 1833 2597 τοιᾶσδε

256 2620 442 2690 φωνῆς
466 2624 532 2693 τῇ
556 2623 687 2694 ἁγίᾳ
708 2625 971 2696 Παρθένῳ
990 2666 1004 2689 ,
1028 2628 1210 2681 καίτοι
1236 2632 1333 2700 τῆς
1357 2630 1508 2694 θείας
1530 2636 1835 2705 γεννήσεως

254 2710 501 2781 ἀναιρῶν
537 2712 596 2765 τὸ
628 2713 845 2784 ἀξίωμα
866 2755 881 2779 ,
916 2719 1011 2770 καὶ
1044 2719 1308 2775 Θεοτόκον
1349 2723 1449 2776 οὐκ
1487 2720 1626 2777 εἶναι
1656 2725 1832 2795 λέγων

254 2801 472 2872 αὖτήν;
504 2804 999 2876 Κατακιόδηλεύων
1031 2809 1086 2862 δέ
1119 2810 1218 2881 τὴν
1251 2810 1412 2878 λέξιν,
1446 2813 1537 2868 καὶ
1588 2815 1834 2888 βλασφη-

258 2896 395 2967 μίας
428 2896 721 2968 ἐπίμεστον
754 2894 894 2953 εἶναι
926 2900 1422 2973 διαϐεϐαιούμενος,
1477 2905 1597 2961 τίνα
1634 2910 1832 2981 τρόπον

256 2987 419 3056 ἐφίης
454 2992 564 3052 τοῖς
594 2990 873 3045 ἐθέλουσιν
902 2993 1200 3065 ἀπονέμειν
1230 2998 1400 3067 αὐτὴν
1433 3000 1496 3069 τῇ
1526 2999 1657 3071 ἁγίᾳ
1684 3001 1832 3072 Παρ-

1943 498 2150 565 genitus
2194 506 2315 552 est:
2348 514 2450 554 non
2491 501 2636 555 enim
2701 502 2774 557 ita
2833 501 2992 559 t‘acile
3043 519 3177 559 meae
3223 508 3509 561 sententia:

1943 587 2252 641 obliviscor.
2292 587 2659 647 Pertransisse
2703 590 2871 646 Deum
2910 609 2973 648 ex
3018 593 3219 647 Christi
3253 597 3515 664 genitriee

1947 670 2164 739 Virgine
2190 688 2219 726 a
2248 676 2417 730 sacris
2451 676 2675 733 Litteris
2712 679 2877 733 didici
2914 720 2930 745 ,
2970 683 3064 736 sed
3097 682 3261 736 Deum
3300 698 3362 736 ex
3402 685 3510 752 ipsa

1943 764 2185 830 genitum
2220 780 2484 833 nusquam
2534 768 2744 841 didici.]
2781 768 2846 822 Et
2872 780 2989 840 post
3018 772 3121 825 alia
3154 788 3168 824 :
3212 772 3513 844 [Nusquam

1943 867 2074 923 ergo
2112 856 2307 910 divina:
2339 856 2569 913 Littera:
2601 861 2768 915 Deum
2799 877 2863 913 ex
2894 863 3092 917 Christi
3122 864 3385 930 genitrice
3415 880 3512 931 ge-

1943 947 2114 1000 nitum
2142 948 2347 1013 dicunt,
2382 950 2475 1005 sed
2516 949 2724 1016 Jesum,
2750 954 3051 1018 Christum,
3081 956 3295 1017 Filium,
3329 955 3512 1009 Domi-

1944 1034 2120 1105 Μαι]
2156 1037 2235 1089 Ad
2269 1037 2382 1091 haec
2413 1039 2632 1100 subiicit
2660 1040 2933 1094 Christum
2968 1058 3072 1095 non
3110 1044 3272 1095 Deum
3304 1059 3513 1106 verum,

1943 1124 2035 1178 sed
2064 1124 2333 1180 Deiferum
2362 1129 2538 1196 potius
2570 1130 2838 1183 hominem
2862 1132 3047 1196 fuisse,
3085 1142 3137 1184 ut
3194 1132 3309 1202 ipse
3334 1143 3508 1202 putat,

1942 1215 2222 1284 proferens
2249 1217 2392 1271 illam
2415 1219 2586 1288 angeli
2616 1222 2982 1276 voeem’heato
3005 1222 3202 1289 Joseph
3234 1225 3504 1279 dicentis:

1947 1321 1968 1356 ι
2007 1305 2199 1375 Surge,
2234 1317 2288 1361 et
2320 1311 2506 1378 accipe
2534 1326 2757 1379 puerum
2782 1312 2829 1344 “
2864 1330 2912 1365 ε»
2951 1315 3276 1383 atqueipsos
3300 1330 3515 1384 quoque

1941 1397 2180 1467 angelos,
2213 1401 2303 1469 qui
2344 1403 2498 1457 nobis
2555 1405 2738 1471 procul
2786 1406 2946 1460 dubio
2981 1416 3106 1462 sunt
3131 1410 3512 1480 sapientiores,

1942 1488 2163 1543 scivisse
2198 1490 2271 1544 ait
2299 1506 2524 1560 puerum
2557 1491 2740 1547 fuisse.

2619 1604 2768 1660 CAP.
2805 1606 2866 1663 ll.

2012 1710 2332 1769 Hmreticum
2370 1716 2421 1770 in
2458 1716 2542 1771 his
2590 1729 2746 1773 vocat
2769 1734 2889 1774 eum
2922 1721 3012 1789 qui
3052 1730 3253 1775 rectam
3282 1738 3347 1779 ac
3379 1741 3510 1796 pro-

1942 1802 2063 1859 bam
2088 1805 2154 1859 de
2184 1806 2401 1863 Christo
2433 1808 2591 1863 tidem
2622 1810 2804 1873 habet,
2839 1821 2891 1865 et
2916 1813 3041 1882 quia
3072 1828 3203 1867 vere
3231 1814 3372 1870 Deus
3402 1826 3508 1880 est,

1941 1911 2061 1965 quae
2091 1898 2237 1952 illum
2267 1903 2471 1970 peperit
2502 1901 2591 1955 Dei
2637 1903 2952 1973 genitricem
2995 1906 3248 1974 appellat.
3290 1906 3503 1961 Nemini

1940 1996 2120 2039 autem
2173 1989 2404 2057 sapienti
2471 1989 2697 2044 dubium
2761 2001 2866 2055 est,
2914 1993 3005 2062 qui
3060 2008 3207 2049 recte
3265 1996 3509 2051 sentien-

1943 2076 2086 2132 tibus
2121 2079 2344 2135 hzeresis
2370 2082 2633 2136 maculam
2662 2088 2920 2153 aspergit,
2956 2101 3084 2141 eum
3116 2103 3213 2142 sua
3252 2088 3415 2143 verba
3450 2096 3508 2144 ut

1940 2182 2222 2237 perperam
2261 2170 2401 2224 dicta
2455 2172 2755 2239 damnare,
2792 2184 3117 2245 tantumque
3166 2194 3270 2231 non
3321 2190 3510 2248 aperte

1939 2258 2095 2313 fateri
2119 2275 2177 2313 se
2205 2271 2355 2315 extra
2386 2273 2587 2316 rectam
2616 2266 2865 2319 semitam
2898 2266 3050 2330 ferri,
3112 2279 3165 2322 et
3214 2284 3500 2332 perversas

1937 2361 2129 2416 parare
2158 2350 2260 2403 sibi
2297 2350 2426 2405 vias.
2469 2350 2589 2405 Jam
2620 2369 2769 2416 vero,
2795 2356 2878 2407 die
2913 2356 3064 2421 mihi,
3089 2357 3339 2422 obsecro,
3368 2373 3506 2428 quo-

1938 2447 2096 2493 modo
2152 2442 2288 2496 hanc
2345 2459 2527 2499 vocem
2576 2458 2780 2500 sancta:
2834 2447 3039 2516 Virgini
3079 2465 3183 2502 non
3241 2450 3506 2515 invideas,

1936 2546 2054 2586 cum
2091 2534 2159 2586 ab
2186 2549 2246 2587 ea
2279 2535 2474 2589 divina:
2525 2538 2897 2604 generationis
2943 2540 3262 2608 dignitatem
3310 2541 3507 2605 tollas,

1934 2632 1987 2675 et
2019 2623 2187 2691 ipsam
2216 2640 2335 2679 esse
2359 2627 2447 2679 Dei
2480 2629 2796 2697 genitricem
2825 2632 3030 2699 neges?
3060 2633 3188 2686 Cum
3217 2647 3350 2685 vero
3379 2647 3500 2686 eam

1934 2724 2115 2765 vocem
2149 2713 2439 2780 improbos,
2465 2726 2520 2768 et
2557 2717 2767 2783 plenam
2802 2734 2923 2773 esse
2968 2720 3320 2789 blasphemia:
3350 2736 3504 2775 asse-

1934 2817 2045 2863 ras,
2079 2805 2348 2870 quomodo
2384 2807 2688 2860 volentibus
2728 2821 2847 2859 eam
2892 2820 3095 2864 sanetae
3147 2812 3351 2880 Virgini
3406 2813 3506 2865 tri-

1936 2893 2100 2947 buere
2138 2893 2407 2959 permittis
2434 2894 2458 2947 ἲ
2485 2895 2645 2963 Atqui
2680 2912 2708 2949 a
2740 2907 2789 2950 te
2824 2898 2970 2950 illam
3004 2902 3371 2955 venerandam
3405 2918 3501 2956 vo-

1935 2984 2046 3037 cari
2081 2984 2241 3038 audio
2273 3000 2286 3036 :
2334 2984 2527 3039 deinde
2558 3002 2748 3041 vocem
2801 2989 2937 3042 adeo
2982 2990 3350 3058 blasphemam
3376 3032 3392 3058 ,
3452 3004 3507 3048 ut

257 3074 397 3147 θένῳ
416 3094 430 3143 ;
451 3077 641 3132 Καίτοι
662 3080 964 3150 σεϐασμίαν
988 3083 1171 3136 ἀκούω
1196 3084 1447 3153 λέγοντος
1475 3087 1646 3158 αύτήν
1668 3106 1680 3119 ο
1714 3085 1830 3142 εἶτα

1940 3076 2033 3131 tibi
2066 3076 2184 3144 ipsi,
2227 3085 2279 3130 et
2310 3077 2525 3145 quidem
2562 3078 2683 3143 soli,
2722 3080 2952 3147 videtur,
3008 3082 3175 3152 ipsius
3202 3084 3509 3138 veneratio-

255 3167 358 3238 τὴν
405 3167 723 3241 βλάσφημον
770 3172 913 3227 οῦτω
956 3175 1160 3246 φωνὴν,
1193 3177 1336 3229 κατά
1365 3194 1427 3245 γε
1459 3177 1520 3231 τὸ
1546 3178 1695 3249 αὐτῷ
1728 3196 1829 3247 σοι,

255 3259 354 3311 καὶ
396 3261 540 3331 μόνῳ
576 3262 785 3328 δοκοῦν,
824 3264 1055 3332 πρέπειν
1101 3267 1262 3339 οίήσῃ
1308 3270 1378 3338 τῇ
1424 3268 1833 3341 σεϐασμιὼτήτι

255 3351 498 3421 κοσμοῦν
543 3351 671 3423 [τον.
701 3357 768 3425 τῇ
816 3354 1257 3428 σεϐασμιωτάτῃ,
1292 3358 1388 3411 καὶ
1433 3359 1693 3433 κοσμοῦν]
1738 3361 1833 3415 καὶ

255 3440 555 3509 στεφανοῦν
587 3442 925 3515 ύποπλάττῃ,
948 3444 1115 3515 γέρας
1135 3445 1324 3516 ὥσπερ
1347 3447 1622 3520 ἐξαίρετον
1641 3449 1832 3503 ἀνατι-

254 3531 370 3596 θεὶς
387 3534 546 3605 αὐτῇ.
579 3534 676 3602 τὴν
703 3535 843 3589 κατὰ
866 3536 957 3589 τοῦ
985 3538 1120 3591 Θεοῦ
1145 3539 1321 3605 Λόγου
1347 3540 1738 3607 συκοφαντίαν;
1767 3540 1830 3594 Εἰ

251 3624 366 3695 γάρ
402 3626 549 3679 ἐστιν
586 3626 719 3689 ὅλως
754 3627 863 3679 τῶν
888 3627 1291 3699 ἀπηχθημένων
1322 3630 1397 3700 τῷ
1417 3633 1479 3685 ἐκ
1498 3632 1633 3687 Θεοῦ
1674 3634 1832 3703 φύντι

251 3717 436 3785 Λόγῳ,
466 3717 529 3770 τὸ
559 3718 813 3789 γέννησιν
847 3719 1136 3789 ὑπομεῖναι
1171 3724 1439 3793 σαρκικήν
1461 3741 1475 3754 ·
1503 3722 1620 3778 εἶτα
1642 3725 1833 3779 Θεοτό-

252 3825 350 3863 κου
395 3808 757 3877 ὀνομάζεσθαι
798 3813 1100 3881 συγχωρεῖς
1146 3812 1242 3882 τὴν
1281 3812 1340 3865 ού
1374 3815 1638 3867 τεκοῦσαν
1674 3815 1828 3879 Θεὸν,

251 3894 343 3967 ἆρ’
363 3898 463 3951 οὐκ
494 3899 690 3970 ἀληθὲς
723 3901 898 3954 εἰπεῖν
929 3901 1005 3964 ὼς
1041 3903 1541 3974 καταπεφρόνηκας
1583 3905 1829 3974 ἐναργῶς

249 3988 361 4041 τῶν
401 3990 747 4042 Δεσποτικῶν
787 3988 1144 4059 θελημάτων;
1181 3994 1296 4045 Οὐκ
1331 3993 1397 4046 ἂν
1434 3993 1618 4063 ἀλοίης
1670 4013 1826 4068 περι-

251 4080 493 4153 υϐρίζων
526 4080 726 4150 μᾶλλον
751 4082 849 4152 τὴν
880 4082 1202 4152 σεϐασμίαν,
1224 4084 1412 4153 ἤγουν,
1436 4084 1510 4147 ὼς
1536 4085 1697 4150 αὐτὸς
1724 4088 1826 4141 οτει

248 4190 308 4227 τε
327 4174 426 4227 καὶ
452 4172 652 4240 λέγεις,
679 4176 843 4243 τιμᾷν
876 4174 1166 4244 ᾑρημένος,
1192 4174 1289 4244 τὴν
1319 4174 1393 4246 τῷ
1414 4175 1530 4245 Θεῷ
1563 4195 1825 4232 κατεστυ.

250 4264 500 4335 Τημένην
534 4262 721 4333 φωνὴν
755 4264 1046 4334 ἀπονέμων
1076 4266 1248 4335 αὐτῇς
1283 4266 1356 4317 Ού
1394 4265 1501 4335 γὰρ
1531 4266 1624 4332 οῦς
1659 4271 1822 4341 τιμᾷν

1941 3169 1993 3221 ni
2023 3170 2315 3223 convenire
2344 3170 2532 3239 putas?
2571 3169 2872 3226 llonestare
2913 3173 3059 3227 illam
3107 3184 3159 3227 et
3204 3189 3404 3228 ornare
3456 3184 3507 3229 te

1940 3259 2186 3325 simulas,
2218 3261 2342 3325 dum
2393 3258 2582 3315 falsam
2619 3263 2878 3318 adversus
2912 3266 3078 3319 Deum
3129 3265 3365 3320 Verbum
3418 3281 3507 3320 ca-

1938 3348 2196 3404 lumniam
2233 3351 2375 3405 velut
2411 3355 2737 3422 praecipuum
2771 3355 2845 3409 illi
2879 3372 3072 3413 munus
3107 3360 3259 3414 dicas
3291 3358 3316 3413 ἲ
3368 3359 3501 3415 Nam

1939 3442 1984 3497 si
2042 3457 2267 3511 prorsus
2312 3446 2701 3500 exsecrandum
2751 3458 2837 3502 est
2894 3448 3070 3504 Verbo
3106 3466 3173 3504 ex
3229 3453 3339 3506 Deo
3380 3465 3506 3508 nato

1938 3534 2210 3588 carnalem
2238 3537 2419 3591 subire
2452 3539 2900 3606 generationem;
2938 3542 3133 3596 deinde
3168 3542 3337 3608 illam,
3381 3560 3501 3613 qua:

1939 3624 2105 3678 Deum
2129 3642 2230 3679 non
2254 3627 2456 3696 genuit,
2479 3627 2565 3681 Dei
2584 3629 2899 3697 genitricem
2921 3632 3176 3699 appellari
3204 3634 3456 3688 concedis
3486 3648 3501 3686 :

1942 3716 2039 3785 ιι
2074 3732 2139 3769 an
2174 3733 2276 3771 non
2301 3732 2426 3772 vere
2456 3720 2560 3773 dici
2594 3722 2793 3788 poterit
2841 3732 2892 3776 te
2944 3722 3272 3776 Dominicam
3316 3726 3505 3778 volun-

1940 3814 2101 3860 tatem
2169 3810 2601 3878 contempsisse?
2648 3810 2836 3865 Nonne
2883 3813 3298 3880 deprehenderis
3360 3814 3501 3867 illam

1934 3900 2296 3954 venerandam
2334 3901 2527 3970 injuria
2559 3905 2730 3973 magis
2758 3902 2988 3970 allicere,
3025 3922 3210 3973 quam,
3231 3914 3287 3957 ut
3317 3915 3369 3957 tu
3402 3921 3501 3971 pu-

1938 3999 2016 4043 tas
2048 4006 2111 4044 ac
2135 3992 2288 4055 dicis,
2322 3994 2608 4049 honestate
2639 3995 2796 4056 velle,
2833 4009 2954 4046 cum
3003 4012 3221 4048 exesam
3270 3997 3377 4048 Deo
3408 4010 3501 4049 vo-

1933 4095 2048 4134 cem
2091 4078 2162 4132 illi
2201 4081 2390 4132 tribuis
2420 4080 2445 4131 ?
2493 4080 2674 4148 Neque
2711 4082 2851 4133 enim
2887 4096 3024 4149 quos
3074 4082 3336 4134 honorare
3389 4092 3496 4137 sta-

1934 4169 2153 4234 tuimus,
2200 4168 2265 4222 iis
2309 4170 2522 4222 nomina
2564 4169 2853 4239 Iargiemur
2926 4186 3023 4238 per
3065 4187 3184 4241 quae
3234 4186 3501 4240 suprema:

1931 4261 2075 4316 illius
2108 4270 2312 4313 natura:
2340 4260 2504 4325 gloria
2554 4260 2798 4319 violetur,
2844 4261 2977 4316 Nam
3021 4264 3252 4334 priumm
3301 4264 3351 4317 in
3403 4280 3500 4319 nos

250 4357 590 4424 ἐγνώκαμεν,
638 4355 849 4417 τούτοις
876 4355 1111 4425 ὀνόματα
1141 4357 1494 4427 χαριούμεθα,
1538 4358 1607 4412 τὰ
1653 4359 1718 4412 δι’
1748 4354 1821 4414 ὧν

1939 4353 2075 4422 ipsos
2126 4350 2391 4419 ejusmodi
2449 4352 2797 4421 blasphemia:
2843 4354 3066 4407 crimina
3127 4356 3500 4423 imprudenter

249 4450 287 4517 ἠ
327 4450 427 4517 τῆς
455 4447 715 4500 ἀνωτάτω
760 4448 973 4516 φύσεως
1014 4448 1249 4501 ἀδικοῖτο
1277 4448 1433 4512 δόξαο
1476 4450 1691 4520 πρῶτον
1724 4452 1822 4521 μὲν

251 4539 395 4606 σφᾶς
423 4537 616 4600 αὐτοὺς
644 4538 896 4607 τοιαύτης
931 4538 1239 4608 δυσφημίας
1283 4540 1620 4610 ἐγκλήμασιν
1660 4542 1827 4595 ἐνιένα-

247 4646 341 4694 τες
376 4629 711 4699 ἀγνοήσομεν
731 4647 744 4660 ·
779 4627 899 4682 εἶτα
932 4630 1066 4698 πρὸς
1095 4630 1324 4694 τούτοις,
1352 4632 1411 4683 οὐ
1449 4631 1684 4702 μετρίως
1714 4632 1821 4685 άδι-

1931 4444 2319 4513 conjicicmus:
2358 4444 2424 4498 ad
2464 4445 2580 4499 haec
2621 4447 2765 4499 velut
2798 4447 3015 4500 honoris
3054 4450 3235 4513 specie
3272 4465 3374 4503 non
3418 4450 3498 4506 le-

1932 4549 2049 4589 vem
2084 4535 2147 4588 iis
2180 4534 2429 4601 injuriant
2466 4534 2775 4597 inferentus,
2807 4552 2939 4602 quos
2978 4536 3195 4588 laudare
3228 4538 3491 4605 volumus,

1922 4625 1967 4680 si
2006 4624 2122 4678 illos
2153 4625 2399 4676 laudibus
2439 4623 2638 4675 tmllum
2671 4624 2929 4677 honorem
2972 4624 3321 4681 aﬂ'ereutibus
3362 4643 3493 4683 one-

249 4721 515 4790 κήσομεν.
542 4720 614 4783 ὼς
641 4721 697 4773 ἐν
725 4720 989 4790 ὑπολήψει
1015 4722 1201 4790 τιμῆς,
1232 4722 1361 4783 τοὺς
1392 4721 1820 4791 ἐπαινουμένους

1939 4719 2244 4780 'averimus,
2277 4725 2327 4768 et
2355 4717 2465 4769 Deo
2494 4716 2720 4767 invisam
2751 4715 3115 4772 laudationem
3155 4722 3497 4775 conteXueri-

246 4808 360 4869 τοῖς
402 4806 500 4859 ούκ
534 4806 814 4861 ἐπαινοῦσι
858 4809 1377 4878 κατασεμνύνοντες,
1429 4810 1522 4863 καὶ
1569 4810 1821 4881 θεομισὲς

1941 4825 2060 4863 nus.
2103 4807 2367 4861 Praeterea
2404 4805 2528 4859 illud
2552 4821 2767 4876 quoque
2804 4808 2997 4864 mirum
3035 4811 3141 4875 sit,
3188 4812 3329 4879 quod
3371 4827 3493 4867 cum

249 4895 430 4958 αὐτοῖς
462 4896 839 4964 ἐξυφαίνοντες
869 4898 929 4948 τὸ
978 4898 1270 4967 ἐγκώμιον.
1320 4898 1632 4967 Θαυμάσειε
1678 4899 1723 4951 δ’
1751 4899 1817 4953 ἄν

1939 4914 2132 4952 mrsum
2171 4898 2417 4951 deorsum
2446 4898 2730 4966 impiorum
2778 4900 3153 4955 haereticorum
3203 4903 3343 4956 dicta
3375 4918 3494 4955 car-

246 5000 330 5050 τις
368 4987 503 5059 πρὸς
538 4987 715 5055 τούτῳ
747 4987 988 5041 κάκεῖνο⁶
1017 4988 1127 5042 ἄνω
1159 5006 1219 5042 τε
1259 4989 1368 5059 γὰρ
1401 4991 1494 5041 καὶ
1518 4990 1667 5043 κάτω
1696 4992 1815 5053 ταῖς

1939 5006 2035 5054 )as,
2068 5006 2242 5059 neque
2273 4989 2377 5044 ulla
2417 4991 2626 5045 ratione
2673 4992 2779 5045 vim
2834 4992 3032 5048 habere
3069 4994 3349 5062 permittas
3374 5032 3388 5057 ,
3430 5007 3495 5046 eo

315 5128 360 5163 ιο
391 5124 582 5181 Matth.
621 5139 682 5191 ιι,
717 5124 803 5178 ts.

1513 5239 1671 5294 ΑΝΤ.
1712 5237 1799 5293 AG
1811 5240 1981 5294 ELLll
2018 5238 2244 5294 NOLE.

320 5395 397 5467 (1)
446 5392 611 5467 pulo”
638 5396 744 5464 legi
792 5406 1065 5467 oportere_
1096 5396 1318 5465 τροχιὰς
1348 5412 1362 5427 .

248 5465 530 5524 auctet-ad
564 5466 687 5518 illud
718 5467 1021 5519 Salomonis
1041 5465 1296 5518 Proverh.
1375 5479 1493 5532 cap.
1535 5480 1585 5517 tv
1624 5484 1637 5518 :
1684 5467 1809 5533 Ὀρ-

249 5534 347 5597 θὰς
373 5535 597 5603 τροχιὰς
629 5541 769 5587 ποίει
794 5538 905 5598 σοῖς
946 5535 1100 5586 ποσί’
1134 5546 1186 5589 et
1236 5535 1391 5602 paulo
1432 5544 1552 5602 post
1581 5550 1596 5586 :
1642 5535 1807 5596 Αὐτὸς

1414 5410 1540 5448 nam
1591 5397 1808 5470 respicit

1939 5413 2084 5470 meos
2114 5414 2230 5464 cap.
2270 5411 2387 5470 aut:
2439 5396 2549 5448 Καὶ
2596 5395 3031 5470 τροχιὰς-ὀρθὰς
3076 5396 3337 5470 ποιήσατε
3379 5396 3491 5470 τοῖς

1913 5468 2069 5518 ποσὶν
2103 5470 2274 5537 ὑμῶν.
2314 5465 2380 5517 Et
2401 5482 2607 5541 gressus
2635 5477 2798 5541 rectos
2827 5465 2986 5541 facile
3029 5468 3245 5533 pedibus
3282 5465 3484 5541 vestris,

1913 5546 1967 5588 et
1995 5537 2082 5590 hic
2104 5534 2218 5601 ipse
2252 5545 2443 5587 auctor
2472 5534 2525 5584 iu
2564 5535 2798 5587 secunda
2826 5538 2889 5587 ad
2917 5534 3239 5588 Successum
3278 5534 3488 5601 episeo-

245 5603 302 5677 δέ
331 5598 511 5677 ὀρθάξ
528 5604 743 5677 ποιήσει
767 5604 865 5677 τάς
925 5605 1145 5673 τροχιάς
1192 5598 1481 5677 q0u._Qtia
1502 5672 1513 5677 _
1542 5604 1810 5677 sententia

1939 5621 2039 5677 nun
2075 5598 2299 5673 epistola
2330 5603 2379 5658 in
2423 5602 2687 5673 principio
2719 5603 2886 5673 dixit,
2921 5605 3218 5677 καμπύλας
3266 5598 3490 5669 τροχιὰς

247 5671 440 5729 beatus
478 5671 672 5728 Paulus
708 5676 871 5728 etiatu
909 5671 1036 5729 usus
1081 5683 1164 5728 cst
1212 5674 1264 5727 in
1318 5672 1549 5743 Epistula
1598 5674 1663 5727 ad
1708 5671 1811 5727 lle-

1916 5674 2041 5745 ἐρχό
2051 5693 2218 5745 μενοι.
