3926 6126
411 271 479 326 27
1365 245 1370 250 ’
1430 269 1489 325 s.
1531 268 1803 326 CYltlLLl
1842 269 2307 328 ALEXANDRI‘NI
2326 272 2671 331 .AltClllEP.
3594 262 3668 327 εει

410 389 551 459 quod
606 389 889 446 veritatem
948 390 1250 445 divinorum
1300 392 1626 462 'dogmatnm
1681 393 1971 458 auferant,

2111 394 2185 448 ῶν
2215 396 2441 449 ἀνοσίων
2465 394 2758 468 αἱρετικῶν
2785 396 3135 465 ἐπιπλήττων
3165 396 3392 464 φωναῖς,
3421 394 3517 447 ml.
3544 396 3668 447 κατ’

411 494 642 549 cumque
670 495 877 548 vocem,
913 480 1165 550 Deipara,
1191 481 1371 536 multis
1398 484 1703 538 nominibus
1732 498 1976 549 accuses,

411 583 467 625 et
498 572 640 625 inter
667 579 862 625 caetera
894 580 1150 641 tanquam
1182 587 1370 640 parum
1398 587 1600 637 veram,
1631 582 1794 640 atque
1815 574 1979 629 etiam

412 661 783 729 blasphemam
812 662 1140 725 crimineris,
1177 672 1354 718 tamen
1393 662 1537 718 illam
1567 665 1868 718 concedere
1907 673 1979 730 te,

413 760 468 805 et
499 750 703 820 Virgini
738 768 840 807 non
867 753 1104 808 invidere
1139 753 1306 819 dicas,
1352 754 1395 807 si
1443 753 1526 809 eui
1575 753 1784 807 libitum
1820 753 1986 809 fuerit

416 855 534 893 eam
566 840 657 894 Dei
696 841 1009 910 genitricem
1058 856 1272 896 vocare.
1336 842 1475 899 Num
1532 858 1663 914 ergo
1718 846 1984 901 concedes

418 932 579 986 etiam
614 932 818 987 insanis
858 933 973 987 Arii
1019 936 1415 1000 sectatoribus,
1465 944 1524 989 ut
1560 936 1823 990 minorem
1863 952 1985 992 esse

418 1021 578 1077 Patre
607 1021 800 1077 Filium
832 1023 1035 1090 dicant,
1065 1036 1158 1081 aut
1185 1026 1305 1080 aliis
1335 1037 1582 1082 naturam
1613 1031 1784 1083 sancti
1812 1029 1984 1098 Spiri-

420 1120 506 1167 tus
525 1127 552 1164 a
578 1112 758 1168 divina
785 1115 1103 1171 excellentia
1141 1118 1558 1186 dejicientibus?
1593 1118 1698 1174 Sed
1732 1121 1784 1173 id
1813 1129 1989 1176 Iacere

421 1194 658 1267 cavebis,
707 1219 772 1259 ac
820 1206 864 1259 si
915 1208 1041 1275 quis
1089 1217 1277 1278 roget:
1314 1207 1430 1274 Qua
1479 1210 1545 1264 de
1596 1211 1804 1266 causa?
1841 1212 1989 1267 dices

419 1297 839 1364 prorsus:Quia
875 1316 1054 1355 vocem
1102 1302 1318 1372 impiam
1366 1320 1469 1379 non
1511 1305 1776 1361 sustineo.
1823 1305 1990 1374 igitur

422 1386 468 1441 si
503 1403 606 1441 non
638 1398 715 1443 est
749 1390 839 1444 Dei
870 1392 1126 1460 genitrix,
1156 1404 1212 1448 et
1243 1395 1314 1447 ita
1343 1394 1445 1448 dici
1473 1396 1747 1460 concedis,
1771 1397 1910 1451 scito
1939 1407 1991 1454 te

423 1476 708 1547 reliquisse
737 1481 1043 1549 veritatem,
1072 1493 1127 1539 et
1165 1500 1358 1553 parum
1400 1484 1514 1552 jam
1550 1501 1745 1542 curare
1788 1504 1856 1543 an
1902 1503 1990 1543 sa-

418 1566 573 1637 piens
594 1584 712 1625 esse
733 1571 986 1627 videaris.
1011 1573 1148 1640 Quid
1172 1576 1358 1630 enim?
1381 1577 1674 1642 Elisabetb,
1706 1588 1802 1633 aut
1830 1579 1990 1634 aliam

423 1668 619 1713 certee
651 1645 854 1735 sanctis
883 1664 1223 1729 mulieribus,
1255 1681 1360 1720 non
1393 1669 1539 1722 omni
1574 1670 1872 1723 reveremia
1906 1671 1995 1727 di-

2087 481 2277 534 οὐδένα
2321 483 2521 552 τρόπον
2550 485 2721 551 ἐφιεὶς
2765 482 2966 552 ἰσχύειν
3016 482 3204 547 αὐτὰς,
3251 484 3333 537 ὃτι
3364 481 3471 536 τῶν
3505 482 3669 536 θείων

2088 571 2374 642 δογμάτων
2406 572 2799 644 παραιροῦνται
2824 573 2901 642 (l)
2932 573 2992 627 τὸ
3017 573 3233 642 ἀληθὲς,
3258 568 3373 626 εἶτα
3400 574 3498 643 τὴν
3529 576 3670 628 Θεο·

2089 665 2265 729 τόκος
2294 664 2476 735 φωνὴν
2503 658 2603 717 οὐκ
2634 666 2691 716 ὲν
2712 664 2920 732 ὀλίγαις
2951 665 3120 727 τιθεὶς
3154 666 3376 729 αἰτίαις,
3406 666 3502 718 καὶ
3531 665 3666 735 ὁμοῦ

2089 756 2207 815 ταῖς
2237 753 2421 817 ἄλλαις
2456 754 2822 824 γραφόμενος,
2865 754 2941 817 ὡς
2968 756 3069 808 οὐκ
3092 754 3307 823 ἀληθῶς
3334 757 3429 809 καὶ
3461 754 3668 826 δύσφη-

2093 858 2213 911 μον,
2256 844 2556 912 συγχωρεῖν
2598 841 2733 911 ἔφης
2778 842 2870 894 καὶ
2904 843 2965 894 οὐ
3005 841 3219 909 φθονεῖν
3266 844 3332 912 τῇ
3377 840 3661 911 Παρθένῳ.

2090 932 2191 987 κᾶν
2220 933 2268 985 εἰ
2305 932 2477 986 ἓλοιτό
2511 950 2595 995 τις
2625 933 2800 985 εἰπεῖν
2834 932 3097 986 Θεοτόκον
3123 933 3333 1002 αὐτήν..
3357 928 3549 1003 Ἐφίης
3572 930 3664 986 οῦν

2091 1024 2199 1094 ἄρα
2229 1024 2323 1077 καὶ
2353 1026 2465 1086 τοῖς
2485 1023 2584 1094 τὴν
2621 1025 2829 1095 Ἀρείου
2869 1024 3084 1078 νοσοῦσι
3118 1025 3336 1093 μανίαν,
3362 1026 3419 1077 ὲν
3459 1024 3665 1095 μείοσιν

2093 1110 2231 1169 εἶναι
2258 1114 2437 1182 λέγειν
2466 1114 2561 1167 τοῦ
2599 1115 2811 1185 Πατρὸς
2854 1115 2946 1167 τὸν
2979 1114 3106 1168 Υίὸν
3127 1159 3139 1179 ,
3178 1114 3210 1185 ἢ
3250 1115 3384 1183 γοῦν
3426 1119 3541 1176 τοῖς
3571 1115 3666 1170 ἄλ-

2093 1207 2239 1270 λοις,
2284 1207 2334 1259 οἳ
2381 1206 2478 1274 τὴν
2520 1206 2615 1260 τοῦ
2662 1205 2818 1273 ἁγίου
2875 1205 3194 1276 Πνεύματος
3235 1206 3666 1275 κατακομίζουσι

2095 1299 2255 1367 φύσιν
2286 1299 2383 1367 τῆς
2422 1297 2756 1368 θεοπρεποῦς
2789 1298 3097 1368 ὑπεροχῆς;
3136 1297 3274 1350 Ἀλλ’
3298 1298 3398 1351 οὐκ
3429 1298 3496 1350 ἂν
3531 1297 3677 1350 ἕλοιο

2095 1390 2250 1444 τοῦτο
2277 1391 2429 1463 δρᾷν,
2460 1391 2561 1444 κᾶν
2593 1391 2646 1443 εί
2669 1408 2751 1453 τις
2792 1391 2966 1444 ἐθέλοι
2991 1391 3089 1461 τὴν
3126 1392 3304 1444 αἰτίαν
3341 1389 3666 1460 ἁναμαθεῖν,

2096 1484 2241 1553 ἐρεῖς
2268 1483 2451 1553 δήπου
2470 1483 2707 1546 πάντως·
2725 1482 2847 1537 Ὅτι
2865 1485 3047 1553 φωνῆς
3068 1484 3173 1536 οὐκί
3187 1483 3451 1554 ἀνέχομαι
3482 1482 3670 1535 δυσσεο

2098 1572 2476 1635 6οῦς.οὐκοῦν
2519 1576 2566 1627 εἰ
2603 1574 2677 1645 μή
2709 1574 2825 1626 ἐστι
2853 1573 3133 1637 Θεοτόκος,
3164 1570 3281 1627 εἶτα
3321 1573 3479 1627 τοῦτο
3516 1572 3669 1640 λέγε-

2101 1664 2226 1718 σθαι
2274 1666 2608 1734 συγχωρεῖς,
2658 1663 2765 1717 ίσθι
2803 1662 3068 1727 λελοιπὼς
3113 1664 3212 1734 τὴν
3251 1663 3531 1735 ἀλήθειαν,
3581 1662 3674 1717 καὶ

423 1762 584 1817 gnam
612 1751 806 1818 putas?
829 1752 969 1806 Num
1001 1753 1164 1823 igitur
1193 1755 1236 1809 si
1275 1757 1362 1810 cui
1402 1756 1562 1812 libeat
1603 1758 1746 1828 ipsas
1776 1774 1991 1828 quoque

2109 1753 2304 1825 τμικρὰ
2353 1751 2654 1824 φροντίζων
2700 1752 2780 1805 ἔτι
2831 1752 2925 1805 τοῦ
2975 1752 3154 1805 δοκεῖν
3203 1748 3343 1807 εἶναι
3381 1753 3563 1821 σοφός.
3598 1752 3676 1805 ’Ἡ

428 1838 521 1893 Dei
548 1841 837 1907 genitrices
873 1858 1085 1907 vocare,
1126 1845 1265 1899 banc
1302 1846 1407 1900 illis
1435 1847 1844 1918 appellationem
1888 1866 1992 1905 non

429 1931 736 1987 invidebis?
764 1934 1019 2002 Equidem
1059 1947 1190 2006 puto
1234 1947 1283 1993 te
1328 1942 1580 1993 omnibus
1618 1943 1790 1995 modis
1841 1958 1995 2010 repu-

426 2033 740 2089 gnaturum,
769 2042 832 2081 ac
855 2026 1121 2082 dicturum
1148 2044 1253 2089 non
1281 2030 1353 2084 ita
1378 2046 1436 2085 se
1462 2031 1573 2086 bace
1603 2032 1825 2086 habere.
1858 2032 1992 2088 Nam

426 2125 755 2183 pepererunt
826 2116 929 2171 illae
1002 2130 1222 2175 sanctos
1278 2120 1529 2176 homines
1588 2123 1842 2192 quidem,
1898 2125 1993 2178 sed

428 2217 586 2258 nemo
616 2218 803 2259 eorum
833 2208 1126 2261 secundum
1178 2219 1428 2264 naturam
1482 2211 1622 2266 Deus
1658 2222 1793 2266 erat.
1858 2214 1997 2282 Ergo

432 2292 589 2363 hujus
637 2296 784 2351 vocis
851 2312 1004 2352 usum
1072 2309 1166 2354 aut
1222 2300 1292 2355 ab
1371 2302 1623 2358 omnibus
1688 2303 2001 2360 mulieribus

432 2399 640 2450 amove,
673 2398 764 2441 aut
804 2389 849 2442 si
899 2390 1005 2444 soli
1042 2400 1239 2460 praeter
1283 2401 1510 2448 caeteras
1550 2393 1752 2447 habere
1802 2408 2001 2451 sanctae

433 2473 641 2542 Virgini
671 2478 964 2544 permittis,
994 2493 1155 2546 quam
1182 2478 1374 2535 afferes
1417 2480 1470 2533 in
1503 2482 1876 2549 respondendo
1915 2499 2003 2537 ra-

436 2564 679 2620 tionem?
702 2563 838 2620 Nam
881 2568 925 2622 si
959 2582 1085 2623 vere
1113 2570 1178 2625 de
1205 2585 1270 2626 ea
1303 2571 1500 2626 dicitur
1534 2573 1638 2626 hoc
1670 2574 1916 2638 verbum,
1948 2584 2004 2629 et

433 2670 564 2713 vere
594 2656 759 2713 Deum
786 2660 988 2732 genuit,
1016 2660 1188 2731 ipsum
1222 2663 1472 2717 nimirum
1504 2663 1598 2719 Dei
1627 2665 1857 2721 Verbum
1890 2681 2003 2721 car-

436 2762 560 2802 nem
612 2749 811 2805 factum
858 2752 1113 2807 conﬁtere
1171 2754 1470 2823 nobiscum,
1543 2766 1596 2811 et
1633 2766 1684 2811 te
1730 2758 1901 2828 ipsum
1937 2759 2005 2813 ab

437 2840 731 2912 impietatis
760 2842 984 2899 crimine
1018 2844 1286 2901 liberabis.
1315 2844 1409 2901 Sin
1441 2860 1619 2902 autem
1657 2849 1743 2903 illa
1782 2849 2006 2906 minime

437 2929 604 2986 Deum
631 2934 832 3002 genuit,
863 2949 969 2989 non
1005 2935 1149 2990 aliud
1177 2945 1261 2990 est
1281 2936 1593 3007 permittere
1634 2939 1905 2993 nonnullis
1949 2949 2007 2992 ut

437 3039 556 3076 eam
594 3023 683 3078 Dei
718 3027 1035 3095 genitricem
1064 3037 1278 3091 vocent,
1313 3044 1473 3098 quam
1517 3042 1637 3082 cum
1681 3030 1785 3084 illis
1832 3030 2009 3084 socie-

440 3122 603 3166 tatem
657 3115 945 3182 impietatis
986 3116 1143 3170 iuire.
1178 3117 1283 3171 Sed
1328 3129 1414 3172 est
1469 3118 1556 3171 illa
1609 3108 1701 3173 Dei
1750 3121 2006 3190 genitrix,

440 3205 566 3272 quia
591 3202 761 3259 l‘actus
785 3214 864 3260 est
908 3207 1069 3261 homo
1094 3208 1263 3262 nostri
1300 3207 1491 3264 similis
1532 3208 1619 3264 ille
1652 3211 1970 3281 Uuigenitus
1992 3251 2009 3276 ,

449 3296 553 3365 12
580 3297 727 3349 carni
755 3299 1045 3351 secundum
1081 3298 1360 3355 veritatem
1392 3301 1592 3366 unittis,
1621 3313 1675 3357 et
1698 3320 2010 3372 corpoream

443 3387 841 3457 generationem
900 3389 1082 3453 subiit,
1112 3400 1167 3445 et
1217 3400 1412 3446 nostra:
1457 3403 1664 3449 naturae
1691 3394 1834 3465 leges
1872 3397 2011 3451 baud

447 3477 703 3547 neglexit,
733 3488 790 3534 ut
818 3481 975 3548 paulo
1008 3491 1133 3536 ante
1165 3482 1298 3539 dixi.

515 3568 621 3623 Sed
650 3569 776 3639 quia‘
799 3574 937 3627 scire
962 3588 1021 3628 se
1065 3576 1140 3628 ait
1168 3578 1529 3633 venerandam
1571 3592 1692 3634 esse
1730 3595 1848 3635 eam
1875 3621 1890 3644 ,
1934 3581 2016 3634 ui-

447 3659 642 3715 mirum
673 3674 915 3717 sanctam
949 3663 1239 3737 Virginem,
1263 3670 1512 3739 agedum,
1542 3671 1894 3740 inspiciamus
1923 3672 2014 3726 de-

448 3751 576 3805 bitae
606 3752 681 3805 illi
716 3756 1026 3810 reverentia:
1059 3773 1253 3814 causas
1282 3776 1297 3813 :
1334 3759 1506 3831 [Scio,
1534 3763 1726 3833 inquit,
1755 3778 2019 3820 veneran-

449 3838 573 3892 dam
605 3854 728 3895 esse
760 3841 929 3908 illam,
972 3860 1068 3915 per
1114 3862 1273 3916 quam
1324 3849 1412 3904 ille
1467 3854 1706 3907 omnium
1761 3852 2018 3913 Dominus

447 3934 781 3998 pertransiit,
803 3949 897 4004 per
930 3951 1088 4005 quam
1115 3938 1315 3994 ellulsit
1346 3940 1433 3996 ille
1457 3942 1537 3997 sol
1558 3943 1832 4018 justitiam]
1865 3948 2013 4013 Que-

448 4024 610 4078 modo
640 4024 801 4092 igitur
830 4028 912 4081 ais
943 4029 1105 4085 Deum
1144 4032 1212 4087 ab
1242 4046 1303 4085 ea
1350 4035 1706 4101 susceptum?
1748 4039 2019 4103 quomodo

447 4113 613 4167 etiam
655 4130 751 4184 per
787 4117 929 4171 illam
969 4123 1283 4188 pertransiit
1321 4124 1409 4178 ille
1442 4126 1684 4179 omnium
1728 4128 2021 4185 Dominus?

451 4213 543 4258 aut
570 4210 839 4274 quomodo
862 4210 1061 4267 ell'ulsit
1090 4213 1174 4267 ille
1201 4216 1278 4268 sol
1304 4216 1565 4284 iustitiae?
1591 4217 1724 4272 Nam
1768 4218 1812 4273 si
1853 4219 2018 4272 Deum

455 4295 599 4353 haud
629 4298 855 4363 peperit,
885 4302 1178 4355 secundum
1213 4319 1431 4358 carnem
1462 4307 1700 4374 inquam,
1749 4310 2020 4377 quomodo

2094 1847 2204 1915 γὰρ
2228 1844 2346 1912 οὐχὶ
2377 1845 2468 1896 κσὶι
2491 1843 2588 1913 τὴν
2617 1841 2919 1905 Ἐλισάὸετ,
2945 1842 3113 1913 ἤγουν
3140 1841 3334 1913 ἑτέραν
3362 1841 3470 1892 τῶν
3501 1840 3679 1907 ἁγίων

2095 1934 2366 2005 γυναικῶν
2400 1932 2580 1995 αἰδοῦς
2630 1933 2846 2003 ἁπάσης
2890 1932 3047 1998 ἀξίαν
3081 1925 3219 1984 εἶναι
3257 1932 3396 2002 φής;
3425 1926 3553 2002 ’Ἆρ’
3578 1926 3683 1984 οὗν

2095 2027 2157 2081 οὐ
2192 2026 2512 2097 φθονήσεις,
2548 2027 2598 2078 εί
2643 2024 2704 2096 δή
2735 2042 2818 2088 τις
2860 2024 3034 2077 ἕλοιτο
3063 2023 3340 2087 θεοτόκους
3372 2022 3470 2075 καὶ
3502 2022 3692 2084 αὐτὰς-

2098 2122 2304 2185 εἰπεῖν;
2346 2118 2509 2185 Ἀλλ’,
2547 2112 2722 2188 οἶμαι,
2764 2115 2941 2183 πάντη
2974 2132 3035 2167 τε
3069 2115 3162 2168 καὶ
3200 2116 3415 2176 πάντως
3446 2114 3683 2167 ἀντανα-

2100 2213 2295 2285 στήσῃ,
2334 2211 2537 2278 λέγων·
2572 2209 2685 2279 Οὐχ
2714 2207 2857 2261 οὕτω
2904 2204 3057 2260 ταῦτ’
3089 2205 3239 2276 ἔχει’
3281 2205 3535 2258 τετόκασι
3569 2205 3681 2274 γὰρ

2099 2302 2420 2375 ἀνθρώπους
2442 2299 2829 2371 ήγιασμένους,
2853 2298 2946 2351 καὶ
2969 2293 3036 2368 ἦν
3058 2298 3114 2349 ἐν
3134 2294 3363 2357 ἐκείνοις
3385 2294 3517 2357 Θεὸς
3539 2293 3683 2347 κατά

2102 2397 2262 2467 φύσιν
2300 2393 2494 2456 οὐδείς.
2540 2389 2815 2460 Οὐκοῦνῆ
2861 2386 3117 2458 γυναικὸς
3168 2386 3386 2457 ἁπάσης
3423 2383 3683 2438 ἀωσόὸει

2101 2487 2163 2541 τὸ
2208 2486 2415 2558 χρῆμα,
2442 2485 2608 2555 ἤγουν
2637 2481 2781 2553 ἔχειν
2821 2481 2995 2551 ἐφιεὶς
3036 2479 3169 2551 μόνῃ
3208 2477 3362 2548 παρὰ
3395 2476 3573 2540 πάσας
3613 2478 3682 2547 τῇ

2103 2580 2237 2652 ἁγίᾳ
2270 2576 2553 2651 Παρθένῳ,
2588 2575 2761 2639 ποίοις
2791 2571 2900 2645 ἆρα
2932 2573 3179 2643 κεχρήσῃ
3209 2570 3390 2639 λόγοις
3425 2571 3506 2633 εἰς
3544 2570 3676 2622 art-oo

2102 2671 2320 2741 λογίαν;
2365 2671 2428 2723 El
2464 2670 2561 2739 μὲν
2595 2668 2703 2737 γὰρ
2751 2666 2948 2735 ἀληθὲς
2981 2666 3067 2718 ἐπ’
3111 2664 3248 2734 αὐτῇ
3282 2663 3350 2715 ’τὸ¹
3380 2662 3553 2734 ῥῆμα,
3587 2660 3684 2714 καὶ
3718 2738 3727 2745 ἡ

2104 2762 2237 2816 Θεὸν
2284 2760 2500 2813 τέτοκεν
2553 2756 2788 2827 ἀληθῶς,
2834 2754 2909 2817 ὡς
2960 2752 3139 2824 σάρκα
3188 2748 3450 2819 γεγονότα
3482 2747 3571 2801 τὸν
3618 2748 3683 2800 ὲκ

2105 2852 2239 2906 Θεοῦ
2261 2850 2452 2919 Λόγον,
2478 2846 2729 2918 ὁμολόγει
2752 2846 2850 2898 σὺν
2874 2845 3026 2915 ἡμῖν,
3055 2842 3148 2895 καὶ
3176 2838 3506 2905 ἀπαλλάξεις
3534 2854 3687 2891 σεαυο

2106 2943 2205 2997 τὸν
2236 2941 2345 2995 τῶν
2372 2942 2452 3003 εἰς
2488 2937 2806 2992 δυσσέόειαν
2849 2934 3243 3006 ἐγκλημάτων·
3278 2932 3326 2983 εἰ
3353 2930 3411 2983 δὲ
3453 2929 3589 2982 Θεὸν
3618 2928 3682 2980 οὗ

2108 3035 2316 3096 τέτοκε,
2345 3031 2406 3085 τὸ
2447 3032 2656 3099 ἐφεῖναι
2681 3028 2873 3096 λέγειν
2897 3033 3006 3080 τισὶ
3038 3023 3300 3079 Θεοτόκον
3333 3021 3526 3092 αὐτὴν,
3570 3037 3685 3073 κοι-

2111 3127 2301 3180 νωνεῖν
2331 3121 2567 3192 ὲστιτῆς
2593 3119 2910 3182 δυσσεϐείας
2937 3118 3139 3181 αὐτοῖς.
3179 3115 3317 3169 Ἀλλ’
3353 3113 3468 3167 ἔστι
3497 3111 3689 3167 Θεοτόο

2114 3232 2226 3279 κος,
2258 3214 2338 3267 ὅτι
2377 3213 2596 3281 γέγονεν
2636 3208 2920 3281 ἄνθρωπος
2954 3207 3078 3261 καθ’
3106 3207 3254 3276 ἡμᾶς
3283 3207 3312 3258 ὁ
3338 3200 3649 3273 Μονογενὴς
3669 3241 3685 3267 ,

2116 3306 2281 3377 σαρκὶ
2309 3304 2449 3359 κατὰ
2477 3300 2735 3373 ἀλήθειαν
2767 3298 3063 3371 ἡνωμένος,
3088 3298 3181 3351 καὶ
3216 3293 3534 3375 σωματικὴν
3559 3294 3689 3346 uno.

2118 3394 2306 3465 μείνας
2335 3393 2607 3463 γέννησιν,
2641 3392 2735 3445 καὶ
2763 3390 2886 3453 τοὺς
2917 3388 3015 3459 τῆς
3047 3387 3323 3458 ἡμετέρας
3351 3384 3565 3455 φύσεως
3589 3383 3705 3436 οὐκ

2114 3484 2387 3554 ἀτιμάσας
2418 3484 2637 3554 νόμους,
2667 3480 2921 3551 καθάπερ
2952 3478 3052 3549 ήδη
3088 3478 3370 3549 προεῖπον.

2197 3574 2414 3645 Ἐπειδὴ
2442 3573 2499 3627 δέ
2538 3590 2704 3643 φησιν
2742 3571 2936 3624 εἰδέναι
2975 3566 3275 3637 σεϐασμίαν
3309 3565 3499 3636 αὐτὴν,
3533 3564 3703 3634 δῆλον.

2115 3667 2173 3721 δὲ
2194 3668 2273 3721 ὅτι
2300 3666 2400 3733 τὴν
2428 3665 2589 3733 ἁγίαν
2620 3662 2917 3733 Παρθένον,
2946 3659 3078 3731 φέρε
3107 3658 3192 3729 δὴ,
3230 3657 3384 3729 φέρε,
3415 3654 3689 3726 καταθρή-

2120 3775 2299 3829 σωμεν
2337 3757 2434 3810 καὶ
2480 3757 2576 3827 τῆς
2608 3757 2695 3809 ἐπ’
2736 3755 2874 3824 αὐτῇ
2920 3750 3216 3821 γενομένης
3265 3748 3445 3812 αἰδοῦς
3488 3747 3684 3809 αἰτίας.

2122 3845 2275 3923 [Οἶδα
2298 3850 2429 3919 γὰρ,
2458 3847 2612 3919 φησὶ,
2649 3844 2952 3914 σεδασμίαν
2992 3840 3180 3912 αὐτὴν,
3207 3840 3276 3894 δι’
3307 3835 3376 3910 ἦς
3414 3835 3691 3909 παρῆλθεν

2117 3944 2147 3995 ὁ
2173 3941 2279 3994 τῶν
2304 3941 2440 3995 ὅλων
2468 3938 2764 4007 Δεσπότης,
2789 3937 2857 3989 δι’
2881 3930 2949 4007 ἧς
2978 3931 3292 4003 ἀνέλαμψεν
3311 3933 3339 3984 ὁ
3363 3931 3461 4001 τῆς
3491 3929 3713 3983 δικαιοσ-

2122 4034 2287 4104 σύνης
2318 4030 2550 4103 Ἥλιοςδι
2581 4031 2706 4094 Πῶς
2751 4029 2815 4101 δὴ
2858 4028 2966 4098 ἄρα
3008 4027 3114 4096 φὴς
3164 4023 3523 4093 ὑποδέχεσθαι
3562 4020 3691 4075 Θεὸν

2121 4123 2324 4194 αὐτήν;
2349 4123 2417 4174 Ἣ
2449 4123 2569 4175 τίνα
2595 4118 2839 4191 παρῆλθε
2865 4117 3064 4187 τρόπον
3090 4116 3157 4169 δι’
3180 4115 3350 4193 αὐτῆς
3374 4116 3402 4167 ὁ
3427 4112 3537 4167 τῶν
3560 4111 3693 4165 ὅλων

2123 4212 2427 4280 Δεσπότης;
2455 4209 2488 4281 ἦ
2520 4209 2613 4262 καὶ
2641 4210 2789 4271 ὅπως
2821 4205 3129 4276 ἀνέλαμψεν
3162 4205 3190 4257 ὁ
3220 4207 3320 4275 τῆς
3350 4200 3693 4269 δικαιοσύνης

2126 4302 2346 4364 ’Πλιοςς
2381 4301 2443 4353 Εἰ
2476 4299 2574 4368 μὲν
2604 4298 2712 4369 γὰρ
2735 4298 2794 4350 οὐ
2825 4297 3011 4350 τέτοκε
3040 4296 3192 4361 Θεὸν,
3219 4295 3279 4347 τὸ
3311 4291 3449 4347 κατὰ
3493 4292 3691 4360 σάρκα,

456 4385 623 4453 igitur
644 4388 855 4455 excepit
896 4389 1107 4471 Deum?
1148 4395 1414 4463 quomodo
1443 4412 1537 4465 per
1567 4397 1710 4451 illam
1748 4408 2003 4466 pcrtrans

2126 4395 2289 4462 φημὶ,
2332 4392 2448 4454 πῶς
2492 4390 2708 4454 ἐδέξατο
2742 4389 2908 4457 Θεόν;
2947 4387 3065 4449 πῶς
3106 4386 3354 4457 παρῆλθε
3391 4383 3455 4437 δι’
3487 4383 3692 4474 αὐτῆς,

454 4475 552 4531 iit?
579 4478 682 4533 Sed
718 4478 952 4535 fortasse
991 4482 1137 4538 dices
1190 4484 1317 4540 illud
1365 4496 1514 4541 tuum
1574 4496 1629 4541 et
1679 4489 1894 4558 sapiens
1935 4505 2021 4545 re-

454 4581 733 4635 sponsum,
766 4578 825 4623 ut
856 4570 972 4641 ipse
1027 4582 1206 4643 putas,
1254 4590 1320 4630 ac
1384 4575 1564 4632 dicere
1610 4593 1712 4633 non
1771 4581 2018 4635 vereris:

454 4655 624 4730 [Deus
644 4661 789 4713 enim
825 4671 942 4716 erat
975 4663 1232 4731 Verbum,
1277 4678 1477 4720 etcum
1525 4668 1740 4736 homine
1792 4670 2020 4740 conjun-

458 4758 629 4817 ctum,
658 4758 711 4803 et
747 4752 799 4804 in
850 4767 914 4807 eo
973 4754 1266 4829 habitans]
1316 4755 1421 4811 Sed
1479 4758 1602 4813 ﬁdei
1645 4760 1864 4816 traditio
1918 4762 2023 4817 tuis

457 4840 562 4896 hac
597 4842 663 4895 de
692 4857 751 4897 re
781 4842 959 4899 verbis
988 4858 1272 4915 repugnat.
1305 4848 1416 4903 Non
1441 4849 1586 4903 enim
1619 4849 1894 4906 Deiferum
1927 4854 2025 4906 lio-

457 4932 682 4996 miueui,
710 4935 807 4989 sed
840 4934 1186 4990 bumaualum
1220 4937 1385 4991 Deum
1426 4938 1652 4992 adorare
1698 4939 2020 4996 didicimus:

462 5031 520 5075 tu
549 5035 677 5075 vero
704 5022 863 5078 aliter
886 5024 1043 5079 dicis.
1073 5024 1276 5081 Deinde
1298 5029 1566 5096 quomodo
1600 5038 1650 5082 te
1681 5030 1873 5098 nugari
1917 5048 2021 5085 non

462 5114 721 5180 advertis,
754 5124 808 5170 et
834 5117 1137 5171 divinorum
1166 5120 1476 5189 dogmatqu
1506 5119 1787 5174 veritatem
1813 5121 2022 5175 adulte-

2141 4483 2277 4536 Ἀλλ’
2306 4481 2432 4545 ἴσως
2464 4484 2606 4552 ἐρεῖς
2638 4481 2698 4534 τὸ
2727 4480 2816 4534 σὸν
2841 4480 2903 4549 δὴ
2931 4478 3087 4533 τοῦτο
3117 4478 3211 4531 καὶ
3254 4477 3435 4545 σοφὸν,
3467 4475 3544 4538 ὡς
3570 4473 3695 4543 γοῦν

2128 4574 2228 4627 οἴει
2257 4590 2319 4625 τε
2347 4573 2440 4626 καὶ
2469 4571 2647 4640 λέγειν
2676 4571 3017 4642 ἀποτολμᾷς·
3050 4569 3204 4641 [Θεὸς
3225 4568 3333 4638 γὰρ
3362 4562 3429 4638 ἦν
3454 4569 3483 4620 ὁ
3508 4566 3691 4632 Λόγος.

2128 4667 2398 4738 ἀνθρώπῳ
2434 4684 2493 4719 τε
2529 4666 2890 4736 συνημμένος,
2933 4663 3028 4717 καὶ
3058 4661 3280 4716 ἐνοικῶν
3328 4657 3525 4729 αὐτῷ.]
3561 4654 3694 4708 Ἀλλ’

2127 4762 2229 4832 ἥγε
2258 4760 2357 4830 τῆς
2397 4759 2630 4821 πίστεως
2661 4757 2958 4828 παράδοσις
2985 4756 3096 4816 τοῖς
3142 4754 3222 4814 εἰς
3248 4750 3410 4804 τοῦτο
3440 4752 3553 4811 σοῖς
3579 4748 3698 4800 ἀντ⁴

2125 4851 2415 4907 αποδύεται
2440 4849 2652 4918 λόγοις*
2684 4849 2742 4902 οὺ
2783 4847 2891 4918 γὰρ
2920 4845 3176 4915 θεοφόρον
3231 4842 3543 4912 ἄνθρωπον,
3587 4835 3697 4889 ἀλλ’

2124 4942 2619 5013 ὲνανθρωπήσαντα
2648 4939 2780 4991 Θεὸν
2827 4938 3155 5009 προσκυνεῖν
3203 4930 3594 5002 δεδιδάγμεθα·
3635 4927 3699 4979 σὺ

2124 5031 2182 5084 δὲ
2211 5033 2309 5100 οὐχ
2351 5029 2495 5083 οὕτω
2525 5031 2650 5100 φής.
2679 5027 2813 5081 Εἶτα
2840 5028 2958 5090 πῶς
3000 5027 3099 5079 οὐκ
3126 5024 3355 5094 αἰσθάνῃ
3382 5021 3586 5091 ληρῶν,
3611 5015 3701 5070 καὶ

2126 5123 2226 5191 τὴν
2256 5124 2312 5174 ἐν
2342 5124 2454 5185 τοῖς
2480 5121 2645 5183 θείοις
2673 5120 2910 5188 δόγμασι
2943 5116 3385 5189 παραχαράττων
3412 5112 3698 5182 ἁλήθειανς

464 5206 629 5260 rare?
677 5205 814 5262 Nam
864 5205 1098 5263 Verbum
1138 5224 1267 5266 caro
1315 5209 1512 5265 factum
1561 5210 1734 5265 est“.
1774 5209 1893 5266 Jam
1932 5225 1995 5266 cu

2135 5212 2330 5280 Γέγονε
2368 5212 2476 5283 γὰρ
2514 5210 2646 5280 σάρξ
2672 5211 2699 5262 ὁ
2725 5210 2914 5276 Λόγος.
2952 5208 3091 5261 Ἀνθ’
3118 5209 3241 5261 ὅτου
3271 5205 3330 5258 δὲ
3359 5204 3424 5274 δὴ
3451 5203 3547 5257 καὶ
3574 5196 3709 5252 Θεὸν.

536 5323 580 5354 δί
616 5324 772 5378 Joan.
803 5339 846 5390 ι,
882 5324 967 5380 ﬂ.

1732 5433 1890 5490 ANT.
1935 5435 2211 5494 AGELLII
2252 5436 2481 5495 NOTAE.

538 5574 618 5644 (t)
650 5572 750 5628 Alii
801 5574 925 5630 libri
962 5573 1254 5645 habebant,
1283 5573 1707 5645 ’παραιτοῦνται.
1755 5573 1861 5631 Sed
1902 5572 2033 5630 illud
2068 5575 2249 5633 verius
2317 5589 2435 5632 csse
2462 5571 2806 5630 manifestum
2866 5578 2947 5629 est
2979 5570 3123 5642 quod
3164 5575 3247 5626 est
3272 5568 3615 5637 impressum.
3647 5566 3703 5615 ei

469 5660 534 5703 ex
563 5644 977 5702 correctioribus
1003 5643 1153 5701 libris
1179 5643 1478 5713 acceptum.
